  <div class='ocr_page' id='page_1' title='image "/cluster/home/n/w/nwhite01/storage/ocr_20150623/153/hvd.32044054760111/412.png"; bbox 0 0 3972 6052; ppageno 0'>
   <div class='ocr_carea' id='block_1_1' title="bbox 270 211 372 268">
    <p class='ocr_par' dir='ltr' id='par_1_1' title="bbox 270 211 372 268">
     <span class='ocr_line' id='line_1_1' title="bbox 270 211 372 268; baseline 0 -1"><span class='ocrx_word' id='word_1_1' title='bbox 270 211 372 268; x_wconf 85' lang='grc'>813</span> 
     </span>
    </p>
   </div>
   <div class='ocr_carea' id='block_1_2' title="bbox 1388 220 2443 281">
    <p class='ocr_par' dir='ltr' id='par_1_2' title="bbox 1388 220 2443 281">
     <span class='ocr_line' id='line_1_2' title="bbox 1388 220 2443 281; baseline 0.003 -3"><span class='ocrx_word' id='word_1_2' title='bbox 1388 222 1589 280; x_wconf 84' lang='lat' dir='ltr'>LIBER</span> <span class='ocrx_word' id='word_1_3' title='bbox 1626 223 1721 279; x_wconf 87' lang='lat' dir='ltr'>DE</span> <span class='ocrx_word' id='word_1_4' title='bbox 1760 220 2146 280; x_wconf 81' lang='lat' dir='ltr'>EXERCITIO</span> <span class='ocrx_word' id='word_1_5' title='bbox 2186 224 2443 281; x_wconf 72' lang='lat' dir='ltr'>CELLIE.</span> 
     </span>
    </p>
   </div>
   <div class='ocr_carea' id='block_1_3' title="bbox 3473 229 3575 283">
    <p class='ocr_par' dir='ltr' id='par_1_3' title="bbox 3473 229 3575 283">
     <span class='ocr_line' id='line_1_3' title="bbox 3473 229 3575 283; baseline 0.02 -2"><span class='ocrx_word' id='word_1_6' title='bbox 3473 229 3575 283; x_wconf 76' lang='grc'>814</span> 
     </span>
    </p>
   </div>
   <div class='ocr_carea' id='block_1_4' title="bbox 274 343 3571 423">
    <p class='ocr_par' dir='ltr' id='par_1_4' title="bbox 274 343 3571 423">
     <span class='ocr_line' id='line_1_4' title="bbox 274 343 3571 423; baseline 0.004 -28"><span class='ocrx_word' id='word_1_7' title='bbox 274 357 411 397; x_wconf 88' lang='lat' dir='ltr'>rena</span> <span class='ocrx_word' id='word_1_8' title='bbox 440 343 623 397; x_wconf 83' lang='lat' dir='ltr'>omnia</span> <span class='ocrx_word' id='word_1_9' title='bbox 654 344 809 415; x_wconf 88' lang='lat' dir='ltr'>quasi</span> <span class='ocrx_word' id='word_1_10' title='bbox 839 345 1083 415; x_wconf 68' lang='lat' dir='ltr'>quaedam</span> <span class='ocrx_word' id='word_1_11' title='bbox 1105 346 1353 416; x_wconf 85' lang='lat' dir='ltr'>corporis</span> <span class='ocrx_word' id='word_1_12' title='bbox 1383 354 1507 401; x_wconf 90' lang='lat' dir='ltr'>sunt</span> <span class='ocrx_word' id='word_1_13' title='bbox 1537 348 1871 402; x_wconf 90' lang='lat' dir='ltr'>indumenta.</span> <span class='ocrx_word' id='word_1_14' title='bbox 1904 350 1959 409; x_wconf 82' lang='grc' dir='ltr'><strong>Α</strong></span> <span class='ocrx_word' id='word_1_15' title='bbox 1979 351 2183 405; x_wconf 89' lang='lat' dir='ltr'>celsum</span> <span class='ocrx_word' id='word_1_16' title='bbox 2214 359 2266 405; x_wconf 91' lang='lat' dir='ltr'>et</span> <span class='ocrx_word' id='word_1_17' title='bbox 2298 350 2565 405; x_wconf 89' lang='lat' dir='ltr'>elevatum</span> <span class='ocrx_word' id='word_1_18' title='bbox 2596 351 2723 421; x_wconf 85' lang='lat' dir='ltr'>(Isa.</span> <span class='ocrx_word' id='word_1_19' title='bbox 2757 366 2831 417; x_wconf 74' lang='grc' dir='ltr'>γι,</span> <span class='ocrx_word' id='word_1_20' title='bbox 2896 352 2966 420; x_wconf 90' lang='grc'>1),</span> <span class='ocrx_word' id='word_1_21' title='bbox 3001 350 3180 421; x_wconf 91' lang='lat' dir='ltr'>ipsum</span> <span class='ocrx_word' id='word_1_22' title='bbox 3238 351 3293 406; x_wconf 93' lang='lat' dir='ltr'>in</span> <span class='ocrx_word' id='word_1_23' title='bbox 3340 352 3571 423; x_wconf 81' lang='lat' dir='ltr'>puritate</span> 
     </span>
    </p>
   </div>
   <div class='ocr_carea' id='block_1_5' title="bbox 274 430 3572 510">
    <p class='ocr_par' dir='ltr' id='par_1_5' title="bbox 274 430 3572 510">
     <span class='ocr_line' id='line_1_5' title="bbox 274 430 3572 510; baseline 0.003 -27"><span class='ocrx_word' id='word_1_24' title='bbox 274 430 485 486; x_wconf 87' lang='lat' dir='ltr'>Idcirco</span> <span class='ocrx_word' id='word_1_25' title='bbox 515 431 717 486; x_wconf 90' lang='lat' dir='ltr'>dormit</span> <span class='ocrx_word' id='word_1_26' title='bbox 745 434 801 487; x_wconf 92' lang='lat' dir='ltr'>in</span> <span class='ocrx_word' id='word_1_27' title='bbox 830 434 1087 489; x_wconf 80' lang='lat' dir='ltr'>suavibus</span> <span class='ocrx_word' id='word_1_28' title='bbox 1126 435 1333 506; x_wconf 82' lang='lat' dir='ltr'>Abisag</span> <span class='ocrx_word' id='word_1_29' title='bbox 1364 435 1722 506; x_wconf 81' lang='lat' dir='ltr'>amplexibus,</span> <span class='ocrx_word' id='word_1_30' title='bbox 1756 453 1877 507; x_wconf 68' lang='lat' dir='ltr'>quas</span> <span class='ocrx_word' id='word_1_31' title='bbox 1977 439 2444 510; x_wconf 71' lang='lat' dir='ltr'>contemplationis</span> <span class='ocrx_word' id='word_1_32' title='bbox 2475 439 2700 494; x_wconf 76' lang='lat' dir='ltr'>internze</span> <span class='ocrx_word' id='word_1_33' title='bbox 2721 440 2937 494; x_wconf 90' lang='lat' dir='ltr'>intuens</span> <span class='ocrx_word' id='word_1_34' title='bbox 2967 458 2980 504; x_wconf 88' lang='lat'><strong>;</strong></span> <span class='ocrx_word' id='word_1_35' title='bbox 3012 440 3377 494; x_wconf 88' lang='lat' dir='ltr'>universitatis</span> <span class='ocrx_word' id='word_1_36' title='bbox 3425 442 3572 496; x_wconf 90' lang='lat' dir='ltr'>Con-</span> 
     </span>
    </p>
   </div>
   <div class='ocr_carea' id='block_1_6' title="bbox 273 519 1874 595">
    <p class='ocr_par' dir='ltr' id='par_1_6' title="bbox 273 519 1874 595">
     <span class='ocr_line' id='line_1_6' title="bbox 273 519 1874 595; baseline 0.003 -22"><span class='ocrx_word' id='word_1_37' title='bbox 273 519 459 588; x_wconf 82' lang='lat' dir='ltr'>patris</span> <span class='ocrx_word' id='word_1_38' title='bbox 490 521 602 575; x_wconf 86' lang='lat' dir='ltr'>mei</span> <span class='ocrx_word' id='word_1_39' title='bbox 632 524 850 591; x_wconf 75' lang='lat' dir='ltr'>rugitus</span> <span class='ocrx_word' id='word_1_40' title='bbox 875 521 1277 592; x_wconf 90' lang='lat' dir='ltr'>interpretatur,</span> <span class='ocrx_word' id='word_1_41' title='bbox 1306 540 1405 593; x_wconf 90' lang='lat' dir='ltr'>per</span> <span class='ocrx_word' id='word_1_42' title='bbox 1426 539 1588 595; x_wconf 91' lang='lat' dir='ltr'>quam</span> <span class='ocrx_word' id='word_1_43' title='bbox 1618 540 1749 579; x_wconf 86' lang='lat' dir='ltr'>vera</span> <span class='ocrx_word' id='word_1_44' title='bbox 1781 541 1874 578; x_wconf 92' lang='lat' dir='ltr'>sa-</span> 
     </span>
    </p>
   </div>
   <div class='ocr_carea' id='block_1_7' title="bbox 274 606 1868 682">
    <p class='ocr_par' dir='ltr' id='par_1_7' title="bbox 274 606 1868 682">
     <span class='ocr_line' id='line_1_7' title="bbox 274 606 1868 682; baseline 0.004 -22"><span class='ocrx_word' id='word_1_45' title='bbox 274 606 475 675; x_wconf 91' lang='lat' dir='ltr'>pientia</span> <span class='ocrx_word' id='word_1_46' title='bbox 504 608 826 680; x_wconf 89' lang='lat' dir='ltr'>disignatur.</span> <span class='ocrx_word' id='word_1_47' title='bbox 863 610 991 665; x_wconf 68' lang='lat' dir='ltr'>Haec</span> <span class='ocrx_word' id='word_1_48' title='bbox 1035 619 1117 665; x_wconf 91' lang='lat' dir='ltr'>est</span> <span class='ocrx_word' id='word_1_49' title='bbox 1165 611 1571 666; x_wconf 89' lang='lat' dir='ltr'>adolescentula</span> <span class='ocrx_word' id='word_1_50' title='bbox 1602 613 1868 682; x_wconf 88' lang='lat' dir='ltr'>speciosa,</span> 
     </span>
    </p>
   </div>
   <div class='ocr_carea' id='block_1_8' title="bbox 276 696 1872 766">
    <p class='ocr_par' dir='ltr' id='par_1_8' title="bbox 276 696 1872 766">
     <span class='ocr_line' id='line_1_8' title="bbox 276 696 1872 766; baseline 0.004 -18"><span class='ocrx_word' id='word_1_51' title='bbox 276 696 500 766; x_wconf 80' lang='lat' dir='ltr'>quaesita</span> <span class='ocrx_word' id='word_1_52' title='bbox 528 696 580 749; x_wconf 93' lang='lat' dir='ltr'>in</span> <span class='ocrx_word' id='word_1_53' title='bbox 612 698 865 751; x_wconf 89' lang='lat' dir='ltr'>omnibus</span> <span class='ocrx_word' id='word_1_54' title='bbox 887 698 1082 752; x_wconf 84' lang='lat' dir='ltr'>finibus</span> <span class='ocrx_word' id='word_1_55' title='bbox 1116 700 1281 755; x_wconf 78' lang='lat' dir='ltr'>Israel</span> <span class='ocrx_word' id='word_1_56' title='bbox 1315 719 1329 765; x_wconf 87' lang='lat'><strong>;</strong></span> <span class='ocrx_word' id='word_1_57' title='bbox 1365 708 1417 755; x_wconf 91' lang='lat' dir='ltr'>et</span> <span class='ocrx_word' id='word_1_58' title='bbox 1446 700 1665 754; x_wconf 88' lang='lat' dir='ltr'>inventa</span> <span class='ocrx_word' id='word_1_59' title='bbox 1697 701 1872 754; x_wconf 86' lang='lat' dir='ltr'>addu-</span> 
     </span>
    </p>
   </div>
   <div class='ocr_carea' id='block_1_9' title="bbox 274 785 1870 858">
    <p class='ocr_par' dir='ltr' id='par_1_9' title="bbox 274 785 1870 858">
     <span class='ocr_line' id='line_1_9' title="bbox 274 785 1870 858; baseline 0.003 -20"><span class='ocrx_word' id='word_1_60' title='bbox 274 791 357 838; x_wconf 90' lang='lat' dir='ltr'>cta</span> <span class='ocrx_word' id='word_1_61' title='bbox 387 791 469 839; x_wconf 91' lang='lat' dir='ltr'>est</span> <span class='ocrx_word' id='word_1_62' title='bbox 500 785 569 839; x_wconf 91' lang='lat' dir='ltr'>ad</span> <span class='ocrx_word' id='word_1_63' title='bbox 598 802 788 857; x_wconf 80' lang='lat' dir='ltr'>regem</span> <span class='ocrx_word' id='word_1_64' title='bbox 817 828 830 855; x_wconf 95' lang='lat'>,</span> <span class='ocrx_word' id='word_1_65' title='bbox 864 804 986 858; x_wconf 67' lang='lat' dir='ltr'>quae</span> <span class='ocrx_word' id='word_1_66' title='bbox 1016 795 1119 842; x_wconf 91' lang='lat' dir='ltr'>stat</span> <span class='ocrx_word' id='word_1_67' title='bbox 1164 803 1351 843; x_wconf 90' lang='lat' dir='ltr'>coram</span> <span class='ocrx_word' id='word_1_68' title='bbox 1383 805 1447 843; x_wconf 90' lang='lat' dir='ltr'>eo</span> <span class='ocrx_word' id='word_1_69' title='bbox 1487 789 1557 843; x_wconf 91' lang='lat' dir='ltr'>ad</span> <span class='ocrx_word' id='word_1_70' title='bbox 1586 789 1870 844; x_wconf 90' lang='lat' dir='ltr'>rectitudi—</span> 
     </span>
    </p>
   </div>
   <div class='ocr_carea' id='block_1_10' title="bbox 272 873 1869 943">
    <p class='ocr_par' dir='ltr' id='par_1_10' title="bbox 272 873 1869 943">
     <span class='ocr_line' id='line_1_10' title="bbox 272 873 1869 943; baseline 0.004 -18"><span class='ocrx_word' id='word_1_71' title='bbox 272 888 418 937; x_wconf 92' lang='lat' dir='ltr'>nem,</span> <span class='ocrx_word' id='word_1_72' title='bbox 450 873 594 927; x_wconf 90' lang='lat' dir='ltr'>fovet</span> <span class='ocrx_word' id='word_1_73' title='bbox 626 890 746 928; x_wconf 92' lang='lat' dir='ltr'>eum</span> <span class='ocrx_word' id='word_1_74' title='bbox 797 875 867 929; x_wconf 90' lang='lat' dir='ltr'>ad</span> <span class='ocrx_word' id='word_1_75' title='bbox 905 875 1245 943; x_wconf 84' lang='lat' dir='ltr'>suavitatem,</span> <span class='ocrx_word' id='word_1_76' title='bbox 1295 876 1494 931; x_wconf 88' lang='lat' dir='ltr'>dormit</span> <span class='ocrx_word' id='word_1_77' title='bbox 1534 893 1655 932; x_wconf 93' lang='lat' dir='ltr'>cum</span> <span class='ocrx_word' id='word_1_78' title='bbox 1703 893 1767 931; x_wconf 92' lang='lat' dir='ltr'>eo</span> <span class='ocrx_word' id='word_1_79' title='bbox 1800 877 1869 931; x_wconf 89' lang='lat' dir='ltr'>ad</span> 
     </span>
    </p>
   </div>
   <div class='ocr_carea' id='block_1_11' title="bbox 272 959 1864 1030">
    <p class='ocr_par' dir='ltr' id='par_1_11' title="bbox 272 959 1864 1030">
     <span class='ocr_line' id='line_1_11' title="bbox 272 959 1864 1030; baseline 0.005 -19"><span class='ocrx_word' id='word_1_80' title='bbox 272 959 531 1030; x_wconf 85' lang='lat' dir='ltr'>quietem,</span> <span class='ocrx_word' id='word_1_81' title='bbox 566 961 813 1017; x_wconf 81' lang='lat' dir='ltr'>calefacit</span> <span class='ocrx_word' id='word_1_82' title='bbox 843 979 965 1017; x_wconf 90' lang='lat' dir='ltr'>eum</span> <span class='ocrx_word' id='word_1_83' title='bbox 986 963 1056 1018; x_wconf 90' lang='lat' dir='ltr'>ad</span> <span class='ocrx_word' id='word_1_84' title='bbox 1082 980 1271 1018; x_wconf 91' lang='lat' dir='ltr'>verum</span> <span class='ocrx_word' id='word_1_85' title='bbox 1304 973 1355 1019; x_wconf 90' lang='lat' dir='ltr'>et</span> <span class='ocrx_word' id='word_1_86' title='bbox 1377 977 1585 1020; x_wconf 87' lang='lat' dir='ltr'>castum</span> <span class='ocrx_word' id='word_1_87' title='bbox 1606 980 1864 1020; x_wconf 90' lang='lat' dir='ltr'>amorem.</span> 
     </span>
    </p>
   </div>
   <div class='ocr_carea' id='block_1_12' title="bbox 271 1047 1868 1116">
    <p class='ocr_par' dir='ltr' id='par_1_12' title="bbox 271 1047 1868 1116">
     <span class='ocr_line' id='line_1_12' title="bbox 271 1047 1868 1116; baseline 0.004 -14"><span class='ocrx_word' id='word_1_88' title='bbox 271 1047 406 1116; x_wconf 59' lang='lat' dir='ltr'>Qua:</span> <span class='ocrx_word' id='word_1_89' title='bbox 436 1049 510 1103; x_wconf 90' lang='lat' dir='ltr'>ita</span> <span class='ocrx_word' id='word_1_90' title='bbox 548 1050 724 1105; x_wconf 90' lang='lat' dir='ltr'>calida</span> <span class='ocrx_word' id='word_1_91' title='bbox 745 1058 827 1105; x_wconf 91' lang='lat' dir='ltr'>est</span> <span class='ocrx_word' id='word_1_92' title='bbox 855 1060 911 1105; x_wconf 90' lang='lat' dir='ltr'>ut</span> <span class='ocrx_word' id='word_1_93' title='bbox 932 1051 988 1105; x_wconf 92' lang='lat' dir='ltr'>in</span> <span class='ocrx_word' id='word_1_94' title='bbox 1009 1068 1074 1107; x_wconf 91' lang='lat' dir='ltr'>eo</span> <span class='ocrx_word' id='word_1_95' title='bbox 1105 1053 1368 1108; x_wconf 84' lang='lat' dir='ltr'>accendat</span> <span class='ocrx_word' id='word_1_96' title='bbox 1389 1053 1641 1108; x_wconf 90' lang='lat' dir='ltr'>ardorem</span> <span class='ocrx_word' id='word_1_97' title='bbox 1671 1054 1868 1108; x_wconf 70' lang='lat' dir='ltr'>divina)</span> 
     </span>
    </p>
   </div>
   <div class='ocr_carea' id='block_1_13' title="bbox 268 1136 1868 1209">
    <p class='ocr_par' dir='ltr' id='par_1_13' title="bbox 268 1136 1868 1209">
     <span class='ocr_line' id='line_1_13' title="bbox 268 1136 1868 1209; baseline 0.003 -19"><span class='ocrx_word' id='word_1_98' title='bbox 268 1136 584 1204; x_wconf 89' lang='lat' dir='ltr'>charitatis;</span> <span class='ocrx_word' id='word_1_99' title='bbox 619 1146 671 1192; x_wconf 90' lang='lat' dir='ltr'>et</span> <span class='ocrx_word' id='word_1_100' title='bbox 716 1146 829 1193; x_wconf 88' lang='lat' dir='ltr'>tam</span> <span class='ocrx_word' id='word_1_101' title='bbox 877 1148 1026 1194; x_wconf 90' lang='lat' dir='ltr'>casta</span> <span class='ocrx_word' id='word_1_102' title='bbox 1073 1148 1171 1209; x_wconf 91' lang='lat' dir='ltr'>est,</span> <span class='ocrx_word' id='word_1_103' title='bbox 1207 1149 1263 1194; x_wconf 91' lang='lat' dir='ltr'>ut</span> <span class='ocrx_word' id='word_1_104' title='bbox 1294 1157 1415 1196; x_wconf 89' lang='lat' dir='ltr'>eum</span> <span class='ocrx_word' id='word_1_105' title='bbox 1462 1156 1572 1195; x_wconf 91' lang='lat' dir='ltr'>non</span> <span class='ocrx_word' id='word_1_106' title='bbox 1621 1141 1868 1196; x_wconf 88' lang='lat' dir='ltr'>stimulet</span> 
     </span>
    </p>
   </div>
   <div class='ocr_carea' id='block_1_14' title="bbox 264 1226 1862 1297">
    <p class='ocr_par' dir='ltr' id='par_1_14' title="bbox 264 1226 1862 1297">
     <span class='ocr_line' id='line_1_14' title="bbox 264 1226 1862 1297; baseline 0.004 -20"><span class='ocrx_word' id='word_1_107' title='bbox 264 1240 443 1296; x_wconf 92' lang='lat' dir='ltr'>neque</span> <span class='ocrx_word' id='word_1_108' title='bbox 472 1226 667 1282; x_wconf 89' lang='lat' dir='ltr'>excitet</span> <span class='ocrx_word' id='word_1_109' title='bbox 697 1227 766 1282; x_wconf 93' lang='lat' dir='ltr'>ad</span> <span class='ocrx_word' id='word_1_110' title='bbox 795 1227 1077 1284; x_wconf 88' lang='lat' dir='ltr'>libidinem</span> <span class='ocrx_word' id='word_1_111' title='bbox 1118 1229 1426 1297; x_wconf 61' lang='lat' dir='ltr'>mundanae,</span> <span class='ocrx_word' id='word_1_112' title='bbox 1484 1246 1578 1284; x_wconf 92' lang='lat' dir='ltr'>seu</span> <span class='ocrx_word' id='word_1_113' title='bbox 1608 1229 1862 1295; x_wconf 89' lang='lat' dir='ltr'>carnalis,</span> 
     </span>
    </p>
   </div>
   <div class='ocr_carea' id='block_1_15' title="bbox 267 1313 1860 1387">
    <p class='ocr_par' dir='ltr' id='par_1_15' title="bbox 267 1313 1860 1387">
     <span class='ocr_line' id='line_1_15' title="bbox 267 1313 1860 1387; baseline 0.002 -19"><span class='ocrx_word' id='word_1_114' title='bbox 267 1313 353 1368; x_wconf 90' lang='lat' dir='ltr'>vel</span> <span class='ocrx_word' id='word_1_115' title='bbox 382 1313 668 1370; x_wconf 84' lang='lat' dir='ltr'>diabolicae</span> <span class='ocrx_word' id='word_1_116' title='bbox 698 1316 969 1383; x_wconf 81' lang='lat' dir='ltr'>vanitatis,</span> <span class='ocrx_word' id='word_1_117' title='bbox 991 1317 1302 1387; x_wconf 85' lang='lat' dir='ltr'>voluptatis,</span> <span class='ocrx_word' id='word_1_118' title='bbox 1327 1317 1670 1373; x_wconf 84' lang='lat' dir='ltr'>curiositatis.</span> <span class='ocrx_word' id='word_1_119' title='bbox 1703 1318 1860 1385; x_wconf 89' lang='lat' dir='ltr'>Nam,</span> 
     </span>
    </p>
   </div>
   <div class='ocr_carea' id='block_1_16' title="bbox 267 1402 1865 1477">
    <p class='ocr_par' dir='ltr' id='par_1_16' title="bbox 267 1402 1865 1477">
     <span class='ocr_line' id='line_1_16' title="bbox 267 1402 1865 1477; baseline 0.004 -21"><span class='ocrx_word' id='word_1_120' title='bbox 267 1408 325 1456; x_wconf 93' lang='lat' dir='ltr'>ut</span> <span class='ocrx_word' id='word_1_121' title='bbox 356 1402 635 1473; x_wconf 88' lang='lat' dir='ltr'>Scriptura</span> <span class='ocrx_word' id='word_1_122' title='bbox 665 1404 792 1460; x_wconf 91' lang='lat' dir='ltr'>dicit</span> <span class='ocrx_word' id='word_1_123' title='bbox 825 1423 841 1459; x_wconf 72' lang='grc' dir='ltr'>ί</span> <span class='ocrx_word' id='word_1_124' title='bbox 872 1408 989 1462; x_wconf 78' lang='lat' dir='ltr'>Rex</span> <span class='ocrx_word' id='word_1_125' title='bbox 1037 1406 1212 1462; x_wconf 88' lang='lat' dir='ltr'>David</span> <span class='ocrx_word' id='word_1_126' title='bbox 1264 1424 1379 1463; x_wconf 87' lang='lat' dir='ltr'>non</span> <span class='ocrx_word' id='word_1_127' title='bbox 1437 1407 1693 1477; x_wconf 86' lang='lat' dir='ltr'>cognovit</span> <span class='ocrx_word' id='word_1_128' title='bbox 1739 1423 1865 1462; x_wconf 85' lang='lat' dir='ltr'>eam</span> 
     </span>
    </p>
   </div>
   <div class='ocr_carea' id='block_1_17' title="bbox 265 1492 1865 1566">
    <p class='ocr_par' dir='ltr' id='par_1_17' title="bbox 265 1492 1865 1566">
     <span class='ocr_line' id='line_1_17' title="bbox 265 1492 1865 1566; baseline 0.003 -21"><span class='ocrx_word' id='word_1_129' title='bbox 265 1492 443 1557; x_wconf 74' lang='lat' dir='ltr'>(ibid,</span> <span class='ocrx_word' id='word_1_130' title='bbox 479 1492 554 1562; x_wconf 81' lang='grc'>4).</span> <span class='ocrx_word' id='word_1_131' title='bbox 590 1492 726 1546; x_wconf 91' lang='lat' dir='ltr'>Nam</span> <span class='ocrx_word' id='word_1_132' title='bbox 758 1502 1117 1566; x_wconf 84' lang='lat' dir='ltr'>cognosceret</span> <span class='ocrx_word' id='word_1_133' title='bbox 1148 1495 1193 1548; x_wconf 92' lang='lat' dir='ltr'>si</span> <span class='ocrx_word' id='word_1_134' title='bbox 1237 1495 1305 1548; x_wconf 90' lang='lat' dir='ltr'>de</span> <span class='ocrx_word' id='word_1_135' title='bbox 1337 1495 1463 1549; x_wconf 88' lang='lat' dir='ltr'>data</span> <span class='ocrx_word' id='word_1_136' title='bbox 1494 1494 1597 1550; x_wconf 89' lang='lat' dir='ltr'>sibi</span> <span class='ocrx_word' id='word_1_137' title='bbox 1628 1495 1865 1565; x_wconf 88' lang='lat' dir='ltr'>desuper</span> 
     </span>
    </p>
   </div>
   <div class='ocr_carea' id='block_1_18' title="bbox 265 1579 1864 1653">
    <p class='ocr_par' dir='ltr' id='par_1_18' title="bbox 265 1579 1864 1653">
     <span class='ocr_line' id='line_1_18' title="bbox 265 1579 1864 1653; baseline 0.003 -21"><span class='ocrx_word' id='word_1_138' title='bbox 265 1579 527 1649; x_wconf 88' lang='lat' dir='ltr'>sapientia</span> <span class='ocrx_word' id='word_1_139' title='bbox 557 1580 788 1636; x_wconf 86' lang='lat' dir='ltr'>inaniter</span> <span class='ocrx_word' id='word_1_140' title='bbox 829 1582 1156 1653; x_wconf 87' lang='lat' dir='ltr'>superbiret.</span> <span class='ocrx_word' id='word_1_141' title='bbox 1209 1584 1436 1639; x_wconf 83' lang='lat' dir='ltr'>Sanctus</span> <span class='ocrx_word' id='word_1_142' title='bbox 1494 1583 1641 1638; x_wconf 90' lang='lat' dir='ltr'>Elias</span> <span class='ocrx_word' id='word_1_143' title='bbox 1689 1583 1864 1637; x_wconf 89' lang='lat' dir='ltr'>minas</span> 
     </span>
    </p>
   </div>
   <div class='ocr_carea' id='block_1_19' title="bbox 1974 527 3572 600">
    <p class='ocr_par' dir='ltr' id='par_1_19' title="bbox 1974 527 3572 600">
     <span class='ocr_line' id='line_1_19' title="bbox 1974 527 3572 600; baseline -0.001 -18"><span class='ocrx_word' id='word_1_144' title='bbox 1974 528 2200 582; x_wconf 88' lang='lat' dir='ltr'>ditorem</span> <span class='ocrx_word' id='word_1_145' title='bbox 2224 527 2519 581; x_wconf 89' lang='lat' dir='ltr'>intellectui</span> <span class='ocrx_word' id='word_1_146' title='bbox 2549 527 2843 597; x_wconf 71' lang='lat' dir='ltr'>praesidere</span> <span class='ocrx_word' id='word_1_147' title='bbox 2872 537 3133 582; x_wconf 67' lang='lat' dir='ltr'>creaturae</span> <span class='ocrx_word' id='word_1_148' title='bbox 3173 528 3454 600; x_wconf 59' lang='lat' dir='ltr'>angelica),</span> <span class='ocrx_word' id='word_1_149' title='bbox 3517 529 3572 582; x_wconf 91' lang='lat' dir='ltr'>in</span> 
     </span>
    </p>
   </div>
   <div class='ocr_carea' id='block_1_20' title="bbox 1974 614 3570 686">
    <p class='ocr_par' dir='ltr' id='par_1_20' title="bbox 1974 614 3570 686">
     <span class='ocr_line' id='line_1_20' title="bbox 1974 614 3570 686; baseline 0 -16"><span class='ocrx_word' id='word_1_150' title='bbox 1974 632 2073 670; x_wconf 90' lang='lat' dir='ltr'>sua</span> <span class='ocrx_word' id='word_1_151' title='bbox 2104 615 2468 685; x_wconf 87' lang='lat' dir='ltr'>permanentis</span> <span class='ocrx_word' id='word_1_152' title='bbox 2501 614 2844 680; x_wconf 84' lang='lat' dir='ltr'>sublimitate,</span> <span class='ocrx_word' id='word_1_153' title='bbox 2886 623 2937 670; x_wconf 90' lang='lat' dir='ltr'>et</span> <span class='ocrx_word' id='word_1_154' title='bbox 2960 616 3209 671; x_wconf 65' lang='lat' dir='ltr'>humanae</span> <span class='ocrx_word' id='word_1_155' title='bbox 3257 633 3355 686; x_wconf 91' lang='lat' dir='ltr'>per</span> <span class='ocrx_word' id='word_1_156' title='bbox 3403 632 3570 670; x_wconf 92' lang='lat' dir='ltr'>unum</span> 
     </span>
    </p>
   </div>
   <div class='ocr_carea' id='block_1_21' title="bbox 1971 704 3569 773">
    <p class='ocr_par' dir='ltr' id='par_1_21' title="bbox 1971 704 3569 773">
     <span class='ocr_line' id='line_1_21' title="bbox 1971 704 3569 773; baseline 0 -16"><span class='ocrx_word' id='word_1_157' title='bbox 1971 704 2328 758; x_wconf 89' lang='lat' dir='ltr'>mediatorem</span> <span class='ocrx_word' id='word_1_158' title='bbox 2350 720 2380 756; x_wconf 93' lang='lat' dir='ltr'>a</span> <span class='ocrx_word' id='word_1_159' title='bbox 2401 704 2552 773; x_wconf 91' lang='lat' dir='ltr'>lapsu</span> <span class='ocrx_word' id='word_1_160' title='bbox 2576 711 2791 759; x_wconf 67' lang='lat' dir='ltr'>erectte.</span> <span class='ocrx_word' id='word_1_161' title='bbox 2827 704 2933 758; x_wconf 88' lang='lat' dir='ltr'>Sed</span> <span class='ocrx_word' id='word_1_162' title='bbox 2950 704 3053 758; x_wconf 89' lang='lat' dir='ltr'>hoc</span> <span class='ocrx_word' id='word_1_163' title='bbox 3076 720 3184 758; x_wconf 92' lang='lat' dir='ltr'>non</span> <span class='ocrx_word' id='word_1_164' title='bbox 3220 705 3324 757; x_wconf 89' lang='lat' dir='ltr'>nisi</span> <span class='ocrx_word' id='word_1_165' title='bbox 3380 704 3435 757; x_wconf 90' lang='lat' dir='ltr'>in</span> <span class='ocrx_word' id='word_1_166' title='bbox 3466 720 3569 758; x_wconf 89' lang='lat' dir='ltr'>an-</span> 
     </span>
    </p>
   </div>
   <div class='ocr_carea' id='block_1_22' title="bbox 1970 790 3569 863">
    <p class='ocr_par' dir='ltr' id='par_1_22' title="bbox 1970 790 3569 863">
     <span class='ocr_line' id='line_1_22' title="bbox 1970 790 3569 863; baseline 0.001 -19"><span class='ocrx_word' id='word_1_167' title='bbox 1970 808 2042 845; x_wconf 90' lang='lat' dir='ltr'>no</span> <span class='ocrx_word' id='word_1_168' title='bbox 2074 808 2180 863; x_wconf 88' lang='lat' dir='ltr'>quo</span> <span class='ocrx_word' id='word_1_169' title='bbox 2210 799 2452 846; x_wconf 87' lang='lat' dir='ltr'>mortuus</span> <span class='ocrx_word' id='word_1_170' title='bbox 2476 799 2557 845; x_wconf 89' lang='lat' dir='ltr'>est</span> <span class='ocrx_word' id='word_1_171' title='bbox 2589 808 2685 845; x_wconf 86' lang='lat' dir='ltr'>rex</span> <span class='ocrx_word' id='word_1_172' title='bbox 2721 790 2901 860; x_wconf 85' lang='lat' dir='ltr'>Ozias,</span> <span class='ocrx_word' id='word_1_173' title='bbox 2943 800 3409 862; x_wconf 57' lang='lat' dir='ltr'>prmsumptuosus</span> <span class='ocrx_word' id='word_1_174' title='bbox 3458 792 3569 848; x_wconf 91' lang='lat' dir='ltr'>sci-</span> 
     </span>
    </p>
   </div>
   <div class='ocr_carea' id='block_1_23' title="bbox 1970 879 3570 950">
    <p class='ocr_par' dir='ltr' id='par_1_23' title="bbox 1970 879 3570 950">
     <span class='ocr_line' id='line_1_23' title="bbox 1970 879 3570 950; baseline 0.001 -17"><span class='ocrx_word' id='word_1_175' title='bbox 1970 879 2096 935; x_wconf 89' lang='lat' dir='ltr'>licet</span> <span class='ocrx_word' id='word_1_176' title='bbox 2124 880 2214 934; x_wconf 91' lang='lat' dir='ltr'>ille</span> <span class='ocrx_word' id='word_1_177' title='bbox 2240 889 2290 935; x_wconf 90' lang='lat' dir='ltr'>et</span> <span class='ocrx_word' id='word_1_178' title='bbox 2319 881 2588 950; x_wconf 88' lang='lat' dir='ltr'>leprosus.</span> <span class='ocrx_word' id='word_1_179' title='bbox 2650 881 2716 933; x_wconf 90' lang='lat' dir='ltr'>Et</span> <span class='ocrx_word' id='word_1_180' title='bbox 2743 888 2799 933; x_wconf 93' lang='lat' dir='ltr'>ut</span> <span class='ocrx_word' id='word_1_181' title='bbox 2846 880 2975 950; x_wconf 90' lang='lat' dir='ltr'>quid</span> <span class='ocrx_word' id='word_1_182' title='bbox 3004 881 3120 935; x_wconf 66' lang='lat' dir='ltr'>hazc</span> <span class='ocrx_word' id='word_1_183' title='bbox 3140 882 3167 934; x_wconf 67' lang='grc' dir='ltr'>ι</span> <span class='ocrx_word' id='word_1_184' title='bbox 3218 881 3483 935; x_wconf 88' lang='lat' dir='ltr'>Nimirum</span> <span class='ocrx_word' id='word_1_185' title='bbox 3513 889 3570 935; x_wconf 89' lang='lat' dir='ltr'>ut</span> 
     </span>
    </p>
   </div>
   <div class='ocr_carea' id='block_1_24' title="bbox 1970 968 3563 1040">
    <p class='ocr_par' dir='ltr' id='par_1_24' title="bbox 1970 968 3563 1040">
     <span class='ocr_line' id='line_1_24' title="bbox 1970 968 3563 1040; baseline 0.001 -19"><span class='ocrx_word' id='word_1_186' title='bbox 1970 968 2204 1023; x_wconf 87' lang='lat' dir='ltr'>sciamus</span> <span class='ocrx_word' id='word_1_187' title='bbox 2236 968 2311 1022; x_wconf 92' lang='lat' dir='ltr'>illi</span> <span class='ocrx_word' id='word_1_188' title='bbox 2342 984 2452 1023; x_wconf 91' lang='lat' dir='ltr'>non</span> <span class='ocrx_word' id='word_1_189' title='bbox 2477 984 2640 1039; x_wconf 90' lang='lat' dir='ltr'>posse</span> <span class='ocrx_word' id='word_1_190' title='bbox 2673 968 2868 1022; x_wconf 90' lang='lat' dir='ltr'>adesse</span> <span class='ocrx_word' id='word_1_191' title='bbox 2898 968 3186 1038; x_wconf 87' lang='lat' dir='ltr'>puritatem</span> <span class='ocrx_word' id='word_1_192' title='bbox 3217 969 3563 1040; x_wconf 91' lang='lat' dir='ltr'>contempla-</span> 
     </span>
    </p>
   </div>
   <div class='ocr_carea' id='block_1_25' title="bbox 1968 1054 3566 1127">
    <p class='ocr_par' dir='ltr' id='par_1_25' title="bbox 1968 1054 3566 1127">
     <span class='ocr_line' id='line_1_25' title="bbox 1968 1054 3566 1127; baseline 0.001 -18"><span class='ocrx_word' id='word_1_193' title='bbox 1968 1056 2151 1125; x_wconf 88' lang='lat' dir='ltr'>tionis,</span> <span class='ocrx_word' id='word_1_194' title='bbox 2186 1056 2239 1110; x_wconf 89' lang='lat' dir='ltr'>in</span> <span class='ocrx_word' id='word_1_195' title='bbox 2276 1073 2383 1127; x_wconf 88' lang='lat' dir='ltr'>quo</span> <span class='ocrx_word' id='word_1_196' title='bbox 2412 1072 2509 1126; x_wconf 90' lang='lat' dir='ltr'>per</span> <span class='ocrx_word' id='word_1_197' title='bbox 2540 1054 2792 1111; x_wconf 86' lang='lat' dir='ltr'>affectum</span> <span class='ocrx_word' id='word_1_198' title='bbox 2824 1056 3001 1111; x_wconf 88' lang='lat' dir='ltr'>adhuc</span> <span class='ocrx_word' id='word_1_199' title='bbox 3024 1064 3076 1110; x_wconf 93' lang='lat' dir='ltr'>et</span> <span class='ocrx_word' id='word_1_200' title='bbox 3107 1056 3358 1111; x_wconf 73' lang='lat' dir='ltr'>effectum</span> <span class='ocrx_word' id='word_1_201' title='bbox 3390 1057 3566 1111; x_wconf 92' lang='lat' dir='ltr'>domi-</span> 
     </span>
    </p>
   </div>
   <div class='ocr_carea' id='block_1_26' title="bbox 1967 1143 3565 1214">
    <p class='ocr_par' dir='ltr' id='par_1_26' title="bbox 1967 1143 3565 1214">
     <span class='ocr_line' id='line_1_26' title="bbox 1967 1143 3565 1214; baseline 0.001 -17"><span class='ocrx_word' id='word_1_202' title='bbox 1967 1153 2123 1198; x_wconf 80' lang='lat' dir='ltr'>natur</span> <span class='ocrx_word' id='word_1_203' title='bbox 2168 1151 2220 1198; x_wconf 91' lang='lat' dir='ltr'>et</span> <span class='ocrx_word' id='word_1_204' title='bbox 2249 1144 2398 1209; x_wconf 81' lang='lat' dir='ltr'>vivit,</span> <span class='ocrx_word' id='word_1_205' title='bbox 2421 1152 2472 1199; x_wconf 91' lang='lat' dir='ltr'>et</span> <span class='ocrx_word' id='word_1_206' title='bbox 2502 1152 2681 1198; x_wconf 89' lang='lat' dir='ltr'>tumor</span> <span class='ocrx_word' id='word_1_207' title='bbox 2712 1143 2982 1210; x_wconf 88' lang='lat' dir='ltr'>elationis,</span> <span class='ocrx_word' id='word_1_208' title='bbox 3008 1153 3059 1198; x_wconf 91' lang='lat' dir='ltr'>et</span> <span class='ocrx_word' id='word_1_209' title='bbox 3079 1143 3220 1199; x_wconf 87' lang='lat' dir='ltr'>fetor</span> <span class='ocrx_word' id='word_1_210' title='bbox 3256 1145 3565 1214; x_wconf 87' lang='lat' dir='ltr'>corruptio-</span> 
     </span>
    </p>
   </div>
   <div class='ocr_carea' id='block_1_27' title="bbox 1968 1231 3566 1303">
    <p class='ocr_par' dir='ltr' id='par_1_27' title="bbox 1968 1231 3566 1303">
     <span class='ocr_line' id='line_1_27' title="bbox 1968 1231 3566 1303; baseline 0.003 -18"><span class='ocrx_word' id='word_1_211' title='bbox 1968 1231 2078 1286; x_wconf 91' lang='lat' dir='ltr'>nis.</span> <span class='ocrx_word' id='word_1_212' title='bbox 2119 1232 2365 1303; x_wconf 88' lang='lat' dir='ltr'>Denique</span> <span class='ocrx_word' id='word_1_213' title='bbox 2396 1239 2520 1301; x_wconf 90' lang='lat' dir='ltr'>post</span> <span class='ocrx_word' id='word_1_214' title='bbox 2548 1233 2664 1286; x_wconf 81' lang='lat' dir='ltr'>haec</span> <span class='ocrx_word' id='word_1_215' title='bbox 2682 1231 2844 1286; x_wconf 90' lang='lat' dir='ltr'>dicit:</span> <span class='ocrx_word' id='word_1_216' title='bbox 2871 1234 3159 1288; x_wconf 85' lang='lat' dir='ltr'>Sceretum</span> <span class='ocrx_word' id='word_1_217' title='bbox 3178 1249 3367 1289; x_wconf 88' lang='lat' dir='ltr'>meum</span> <span class='ocrx_word' id='word_1_218' title='bbox 3394 1234 3566 1289; x_wconf 83' lang='lat' dir='ltr'>mihi.</span> 
     </span>
    </p>
   </div>
   <div class='ocr_carea' id='block_1_28' title="bbox 1972 1321 3562 1390">
    <p class='ocr_par' dir='ltr' id='par_1_28' title="bbox 1972 1321 3562 1390">
     <span class='ocr_line' id='line_1_28' title="bbox 1972 1321 3562 1390; baseline -0.001 -14"><span class='ocrx_word' id='word_1_219' title='bbox 1972 1322 2263 1377; x_wconf 87' lang='lat' dir='ltr'>Secretum</span> <span class='ocrx_word' id='word_1_220' title='bbox 2288 1337 2479 1375; x_wconf 89' lang='lat' dir='ltr'>meum</span> <span class='ocrx_word' id='word_1_221' title='bbox 2508 1321 2654 1374; x_wconf 85' lang='lat' dir='ltr'>mihi</span> <span class='ocrx_word' id='word_1_222' title='bbox 2711 1322 2839 1389; x_wconf 87' lang='lat' dir='ltr'>(Isa.</span> <span class='ocrx_word' id='word_1_223' title='bbox 2903 1335 3065 1387; x_wconf 75' lang='lat' dir='ltr'>xxxv,</span> <span class='ocrx_word' id='word_1_224' title='bbox 3101 1324 3209 1390; x_wconf 88' lang='grc'>16).</span> <span class='ocrx_word' id='word_1_225' title='bbox 3244 1321 3350 1376; x_wconf 91' lang='lat' dir='ltr'>Cor</span> <span class='ocrx_word' id='word_1_226' title='bbox 3406 1338 3562 1376; x_wconf 92' lang='lat' dir='ltr'>suum</span> 
     </span>
    </p>
   </div>
   <div class='ocr_carea' id='block_1_29' title="bbox 1964 1407 3566 1479">
    <p class='ocr_par' dir='ltr' id='par_1_29' title="bbox 1964 1407 3566 1479">
     <span class='ocr_line' id='line_1_29' title="bbox 1964 1407 3566 1479; baseline 0.001 -17"><span class='ocrx_word' id='word_1_227' title='bbox 1964 1408 2201 1479; x_wconf 89' lang='lat' dir='ltr'>percutit</span> <span class='ocrx_word' id='word_1_228' title='bbox 2225 1408 2403 1463; x_wconf 89' lang='lat' dir='ltr'>Josias</span> <span class='ocrx_word' id='word_1_229' title='bbox 2424 1424 2545 1464; x_wconf 91' lang='lat' dir='ltr'>cum</span> <span class='ocrx_word' id='word_1_230' title='bbox 2594 1407 2885 1463; x_wconf 88' lang='lat' dir='ltr'>lectionem</span> <span class='ocrx_word' id='word_1_231' title='bbox 2939 1408 3087 1462; x_wconf 89' lang='lat' dir='ltr'>audit</span> <span class='ocrx_word' id='word_1_232' title='bbox 3114 1408 3236 1462; x_wconf 91' lang='lat' dir='ltr'>libri</span> <span class='ocrx_word' id='word_1_233' title='bbox 3291 1426 3453 1479; x_wconf 88' lang='lat' dir='ltr'>quem</span> <span class='ocrx_word' id='word_1_234' title='bbox 3509 1410 3566 1463; x_wconf 92' lang='lat' dir='ltr'>in</span> 
     </span>
    </p>
   </div>
   <div class='ocr_carea' id='block_1_30' title="bbox 1965 1496 3563 1569">
    <p class='ocr_par' dir='ltr' id='par_1_30' title="bbox 1965 1496 3563 1569">
     <span class='ocr_line' id='line_1_30' title="bbox 1965 1496 3563 1569; baseline 0.001 -18"><span class='ocrx_word' id='word_1_235' title='bbox 1965 1498 2127 1552; x_wconf 92' lang='lat' dir='ltr'>domo</span> <span class='ocrx_word' id='word_1_236' title='bbox 2157 1497 2257 1551; x_wconf 90' lang='lat' dir='ltr'>Dei</span> <span class='ocrx_word' id='word_1_237' title='bbox 2286 1496 2541 1552; x_wconf 84' lang='lat' dir='ltr'>Helchias</span> <span class='ocrx_word' id='word_1_238' title='bbox 2563 1496 2763 1567; x_wconf 91' lang='lat' dir='ltr'>reperit</span> <span class='ocrx_word' id='word_1_239' title='bbox 2795 1496 2887 1567; x_wconf 88' lang='lat' dir='ltr'>(IV</span> <span class='ocrx_word' id='word_1_240' title='bbox 2926 1498 3052 1566; x_wconf 86' lang='lat' dir='ltr'>Reg.</span> <span class='ocrx_word' id='word_1_241' title='bbox 3086 1500 3236 1562; x_wconf 75' lang='lat' dir='ltr'>xm)</span> <span class='ocrx_word' id='word_1_242' title='bbox 3271 1514 3283 1550; x_wconf 94' lang='lat'>:</span> <span class='ocrx_word' id='word_1_243' title='bbox 3331 1514 3563 1569; x_wconf 91' lang='lat' dir='ltr'>eumque</span> 
     </span>
    </p>
   </div>
   <div class='ocr_carea' id='block_1_31' title="bbox 1965 1584 3563 1656">
    <p class='ocr_par' dir='ltr' id='par_1_31' title="bbox 1965 1584 3563 1656">
     <span class='ocr_line' id='line_1_31' title="bbox 1965 1584 3563 1656; baseline -0.001 -16"><span class='ocrx_word' id='word_1_244' title='bbox 1965 1585 2278 1640; x_wconf 88' lang='lat' dir='ltr'>consolatur</span> <span class='ocrx_word' id='word_1_245' title='bbox 2307 1585 2448 1640; x_wconf 91' lang='lat' dir='ltr'>Olda</span> <span class='ocrx_word' id='word_1_246' title='bbox 2470 1600 2781 1656; x_wconf 89' lang='lat' dir='ltr'>quanquam</span> <span class='ocrx_word' id='word_1_247' title='bbox 2829 1584 3049 1654; x_wconf 84' lang='lat' dir='ltr'>femina,</span> <span class='ocrx_word' id='word_1_248' title='bbox 3096 1602 3217 1656; x_wconf 85' lang='lat' dir='ltr'>quae</span> <span class='ocrx_word' id='word_1_249' title='bbox 3260 1585 3463 1639; x_wconf 86' lang='lat' dir='ltr'>habitat</span> <span class='ocrx_word' id='word_1_250' title='bbox 3509 1586 3563 1639; x_wconf 90' lang='lat' dir='ltr'>in</span> 
     </span>
    </p>
   </div>
   <div class='ocr_carea' id='block_1_32' title="bbox 264 1668 3559 1756">
    <p class='ocr_par' dir='ltr' id='par_1_32' title="bbox 264 1668 3559 1756">
     <span class='ocr_line' id='line_1_32' title="bbox 264 1668 3559 1756; baseline 0.002 -35"><span class='ocrx_word' id='word_1_251' title='bbox 264 1668 566 1756; x_wconf 85' lang='lat' dir='ltr'>meretricis</span> <span class='ocrx_word' id='word_1_252' title='bbox 614 1677 666 1723; x_wconf 91' lang='lat' dir='ltr'>et</span> <span class='ocrx_word' id='word_1_253' title='bbox 713 1669 971 1726; x_wconf 78' lang='lat' dir='ltr'>veneﬁcae</span> <span class='ocrx_word' id='word_1_254' title='bbox 1015 1679 1259 1725; x_wconf 87' lang='lat' dir='ltr'>metuens</span> <span class='ocrx_word' id='word_1_255' title='bbox 1309 1671 1407 1739; x_wconf 92' lang='grc' dir='ltr'><em>(ΙΙΙ</em></span> <span class='ocrx_word' id='word_1_256' title='bbox 1451 1674 1577 1741; x_wconf 86' lang='lat' dir='ltr'>Reg.</span> <span class='ocrx_word' id='word_1_257' title='bbox 1628 1673 1773 1741; x_wconf 68' lang='grc' dir='ltr'>χιχ),</span> <span class='ocrx_word' id='word_1_258' title='bbox 1809 1679 1862 1726; x_wconf 88' lang='lat' dir='ltr'>et</span> <span class='ocrx_word' id='word_1_259' title='bbox 1890 1674 2223 1756; x_wconf 84' lang='lat' dir='ltr'>Bsecunda.</span> <span class='ocrx_word' id='word_1_260' title='bbox 2270 1672 2536 1729; x_wconf 91' lang='lat' dir='ltr'>Jeremias</span> <span class='ocrx_word' id='word_1_261' title='bbox 2581 1673 2790 1744; x_wconf 80' lang='lat' dir='ltr'>virgam</span> <span class='ocrx_word' id='word_1_262' title='bbox 2868 1672 3015 1727; x_wconf 91' lang='lat' dir='ltr'>videt</span> <span class='ocrx_word' id='word_1_263' title='bbox 3056 1673 3375 1744; x_wconf 83' lang='lat' dir='ltr'>vigilantem</span> <span class='ocrx_word' id='word_1_264' title='bbox 3424 1674 3559 1743; x_wconf 87' lang='lat' dir='ltr'>(Jer.</span> 
     </span>
    </p>
   </div>
   <div class='ocr_carea' id='block_1_33' title="bbox 261 1754 1856 1831">
    <p class='ocr_par' dir='ltr' id='par_1_33' title="bbox 261 1754 1856 1831">
     <span class='ocr_line' id='line_1_33' title="bbox 261 1754 1856 1831; baseline 0.003 -23"><span class='ocrx_word' id='word_1_265' title='bbox 261 1754 539 1810; x_wconf 90' lang='lat' dir='ltr'>dimittens</span> <span class='ocrx_word' id='word_1_266' title='bbox 560 1774 790 1827; x_wconf 88' lang='lat' dir='ltr'>puerum</span> <span class='ocrx_word' id='word_1_267' title='bbox 810 1775 966 1813; x_wconf 89' lang='lat' dir='ltr'>suum</span> <span class='ocrx_word' id='word_1_268' title='bbox 989 1758 1277 1829; x_wconf 87' lang='lat' dir='ltr'>(puerilem</span> <span class='ocrx_word' id='word_1_269' title='bbox 1309 1758 1559 1815; x_wconf 89' lang='lat' dir='ltr'>videlicet</span> <span class='ocrx_word' id='word_1_270' title='bbox 1592 1761 1856 1831; x_wconf 86' lang='lat' dir='ltr'>sensum),</span> 
     </span>
    </p>
   </div>
   <div class='ocr_carea' id='block_1_34' title="bbox 263 1845 1860 1918">
    <p class='ocr_par' dir='ltr' id='par_1_34' title="bbox 263 1845 1860 1918">
     <span class='ocr_line' id='line_1_34' title="bbox 263 1845 1860 1918; baseline 0.003 -21"><span class='ocrx_word' id='word_1_271' title='bbox 263 1845 443 1916; x_wconf 85' lang='lat' dir='ltr'>pergit</span> <span class='ocrx_word' id='word_1_272' title='bbox 471 1845 540 1900; x_wconf 91' lang='lat' dir='ltr'>ad</span> <span class='ocrx_word' id='word_1_273' title='bbox 566 1845 783 1900; x_wconf 88' lang='lat' dir='ltr'>latibula</span> <span class='ocrx_word' id='word_1_274' title='bbox 805 1847 1028 1912; x_wconf 85' lang='lat' dir='ltr'>deserti,</span> <span class='ocrx_word' id='word_1_275' title='bbox 1062 1854 1115 1901; x_wconf 90' lang='lat' dir='ltr'>et</span> <span class='ocrx_word' id='word_1_276' title='bbox 1142 1846 1437 1918; x_wconf 87' lang='lat' dir='ltr'>projiciens</span> <span class='ocrx_word' id='word_1_277' title='bbox 1468 1864 1545 1915; x_wconf 88' lang='lat' dir='ltr'>se,</span> <span class='ocrx_word' id='word_1_278' title='bbox 1579 1848 1776 1906; x_wconf 85' lang='lat' dir='ltr'>dormit</span> <span class='ocrx_word' id='word_1_279' title='bbox 1806 1848 1860 1902; x_wconf 93' lang='lat' dir='ltr'>in</span> 
     </span>
    </p>
   </div>
   <div class='ocr_carea' id='block_1_35' title="bbox 260 1934 1860 2004">
    <p class='ocr_par' dir='ltr' id='par_1_35' title="bbox 260 1934 1860 2004">
     <span class='ocr_line' id='line_1_35' title="bbox 260 1934 1860 2004; baseline 0.002 -18"><span class='ocrx_word' id='word_1_280' title='bbox 260 1934 453 1987; x_wconf 90' lang='lat' dir='ltr'>umbra</span> <span class='ocrx_word' id='word_1_281' title='bbox 478 1934 735 2004; x_wconf 88' lang='lat' dir='ltr'>juniperi.</span> <span class='ocrx_word' id='word_1_282' title='bbox 770 1935 1116 1990; x_wconf 89' lang='lat' dir='ltr'>Desiderium</span> <span class='ocrx_word' id='word_1_283' title='bbox 1154 1952 1286 1990; x_wconf 88' lang='lat' dir='ltr'>vero</span> <span class='ocrx_word' id='word_1_284' title='bbox 1316 1936 1523 1990; x_wconf 87' lang='lat' dir='ltr'>habens</span> <span class='ocrx_word' id='word_1_285' title='bbox 1553 1935 1775 1989; x_wconf 87' lang='lat' dir='ltr'>dissolvi</span> <span class='ocrx_word' id='word_1_286' title='bbox 1809 1943 1860 1989; x_wconf 89' lang='lat' dir='ltr'>et</span> 
     </span>
    </p>
   </div>
   <div class='ocr_carea' id='block_1_36' title="bbox 259 2022 1858 2094">
    <p class='ocr_par' dir='ltr' id='par_1_36' title="bbox 259 2022 1858 2094">
     <span class='ocr_line' id='line_1_36' title="bbox 259 2022 1858 2094; baseline 0 -18"><span class='ocrx_word' id='word_1_287' title='bbox 259 2037 383 2076; x_wconf 91' lang='lat' dir='ltr'>cum</span> <span class='ocrx_word' id='word_1_288' title='bbox 429 2022 642 2077; x_wconf 87' lang='lat' dir='ltr'>Christo</span> <span class='ocrx_word' id='word_1_289' title='bbox 689 2039 833 2089; x_wconf 91' lang='lat' dir='ltr'>esse,</span> <span class='ocrx_word' id='word_1_290' title='bbox 901 2024 1033 2094; x_wconf 91' lang='lat' dir='ltr'>petit</span> <span class='ocrx_word' id='word_1_291' title='bbox 1078 2032 1134 2076; x_wconf 92' lang='lat' dir='ltr'>ut</span> <span class='ocrx_word' id='word_1_292' title='bbox 1183 2024 1399 2078; x_wconf 90' lang='lat' dir='ltr'>tollatur</span> <span class='ocrx_word' id='word_1_293' title='bbox 1444 2023 1620 2077; x_wconf 78' lang='lat' dir='ltr'>animo</span> <span class='ocrx_word' id='word_1_294' title='bbox 1654 2040 1770 2088; x_wconf 90' lang='lat' dir='ltr'>sua,</span> <span class='ocrx_word' id='word_1_295' title='bbox 1806 2030 1858 2077; x_wconf 88' lang='lat' dir='ltr'>et</span> 
     </span>
    </p>
   </div>
   <div class='ocr_carea' id='block_1_37' title="bbox 254 2110 1857 2182">
    <p class='ocr_par' dir='ltr' id='par_1_37' title="bbox 254 2110 1857 2182">
     <span class='ocr_line' id='line_1_37' title="bbox 254 2110 1857 2182; baseline 0.001 -19"><span class='ocrx_word' id='word_1_296' title='bbox 254 2110 509 2164; x_wconf 89' lang='lat' dir='ltr'>universa</span> <span class='ocrx_word' id='word_1_297' title='bbox 541 2127 663 2182; x_wconf 63' lang='lat' dir='ltr'>qua}</span> <span class='ocrx_word' id='word_1_298' title='bbox 694 2127 789 2165; x_wconf 89' lang='lat' dir='ltr'>sua</span> <span class='ocrx_word' id='word_1_299' title='bbox 819 2119 959 2179; x_wconf 92' lang='lat' dir='ltr'>sunt,</span> <span class='ocrx_word' id='word_1_300' title='bbox 994 2111 1049 2164; x_wconf 93' lang='lat' dir='ltr'>in</span> <span class='ocrx_word' id='word_1_301' title='bbox 1070 2111 1359 2167; x_wconf 86' lang='lat' dir='ltr'>dilectione</span> <span class='ocrx_word' id='word_1_302' title='bbox 1392 2111 1510 2180; x_wconf 91' lang='lat' dir='ltr'>Dei,</span> <span class='ocrx_word' id='word_1_303' title='bbox 1545 2120 1598 2166; x_wconf 88' lang='lat' dir='ltr'>et</span> <span class='ocrx_word' id='word_1_304' title='bbox 1626 2110 1857 2182; x_wconf 88' lang='lat' dir='ltr'>proximi</span> 
     </span>
    </p>
   </div>
   <div class='ocr_carea' id='block_1_38' title="bbox 254 2198 1856 2269">
    <p class='ocr_par' dir='ltr' id='par_1_38' title="bbox 254 2198 1856 2269">
     <span class='ocr_line' id='line_1_38' title="bbox 254 2198 1856 2269; baseline 0 -17"><span class='ocrx_word' id='word_1_305' title='bbox 254 2198 611 2267; x_wconf 90' lang='lat' dir='ltr'>constituens,</span> <span class='ocrx_word' id='word_1_306' title='bbox 666 2199 748 2254; x_wconf 92' lang='lat' dir='ltr'>bis</span> <span class='ocrx_word' id='word_1_307' title='bbox 796 2208 1104 2269; x_wconf 90' lang='lat' dir='ltr'>soporatus,</span> <span class='ocrx_word' id='word_1_308' title='bbox 1155 2200 1237 2253; x_wconf 91' lang='lat' dir='ltr'>bis</span> <span class='ocrx_word' id='word_1_309' title='bbox 1269 2200 1548 2264; x_wconf 89' lang='lat' dir='ltr'>excitatus,</span> <span class='ocrx_word' id='word_1_310' title='bbox 1585 2199 1668 2253; x_wconf 89' lang='lat' dir='ltr'>bis</span> <span class='ocrx_word' id='word_1_311' title='bbox 1698 2199 1856 2253; x_wconf 89' lang='lat' dir='ltr'>deni-</span> 
     </span>
    </p>
   </div>
   <div class='ocr_carea' id='block_1_39' title="bbox 253 2285 1857 2356">
    <p class='ocr_par' dir='ltr' id='par_1_39' title="bbox 253 2285 1857 2356">
     <span class='ocr_line' id='line_1_39' title="bbox 253 2285 1857 2356; baseline 0.001 -17"><span class='ocrx_word' id='word_1_312' title='bbox 253 2303 361 2356; x_wconf 90' lang='lat' dir='ltr'>que</span> <span class='ocrx_word' id='word_1_313' title='bbox 393 2285 648 2353; x_wconf 89' lang='lat' dir='ltr'>refectus,</span> <span class='ocrx_word' id='word_1_314' title='bbox 682 2287 813 2341; x_wconf 88' lang='lat' dir='ltr'>abiit</span> <span class='ocrx_word' id='word_1_315' title='bbox 858 2288 914 2341; x_wconf 90' lang='lat' dir='ltr'>in</span> <span class='ocrx_word' id='word_1_316' title='bbox 959 2287 1271 2342; x_wconf 86' lang='lat' dir='ltr'>fortitudine</span> <span class='ocrx_word' id='word_1_317' title='bbox 1320 2288 1426 2343; x_wconf 87' lang='lat' dir='ltr'>cibi</span> <span class='ocrx_word' id='word_1_318' title='bbox 1474 2288 1635 2342; x_wconf 90' lang='lat' dir='ltr'>illius.</span> <span class='ocrx_word' id='word_1_319' title='bbox 1670 2288 1857 2341; x_wconf 89' lang='lat' dir='ltr'>Donec</span> 
     </span>
    </p>
   </div>
   <div class='ocr_carea' id='block_1_40' title="bbox 252 2376 1856 2447">
    <p class='ocr_par' dir='ltr' id='par_1_40' title="bbox 252 2376 1856 2447">
     <span class='ocr_line' id='line_1_40' title="bbox 252 2376 1856 2447; baseline 0.001 -20"><span class='ocrx_word' id='word_1_320' title='bbox 252 2383 377 2444; x_wconf 93' lang='lat' dir='ltr'>post</span> <span class='ocrx_word' id='word_1_321' title='bbox 407 2376 844 2431; x_wconf 87' lang='lat' dir='ltr'>observationem</span> <span class='ocrx_word' id='word_1_322' title='bbox 888 2376 1173 2446; x_wconf 84' lang='lat' dir='ltr'>Evangelii</span> <span class='ocrx_word' id='word_1_323' title='bbox 1205 2385 1256 2430; x_wconf 92' lang='lat' dir='ltr'>et</span> <span class='ocrx_word' id='word_1_324' title='bbox 1308 2376 1467 2447; x_wconf 87' lang='lat' dir='ltr'>legis,</span> <span class='ocrx_word' id='word_1_325' title='bbox 1528 2376 1681 2447; x_wconf 88' lang='lat' dir='ltr'>quasi</span> <span class='ocrx_word' id='word_1_326' title='bbox 1733 2384 1856 2445; x_wconf 92' lang='lat' dir='ltr'>post</span> 
     </span>
    </p>
   </div>
   <div class='ocr_carea' id='block_1_41' title="bbox 253 2463 1854 2535">
    <p class='ocr_par' dir='ltr' id='par_1_41' title="bbox 253 2463 1854 2535">
     <span class='ocr_line' id='line_1_41' title="bbox 253 2463 1854 2535; baseline 0.001 -19"><span class='ocrx_word' id='word_1_327' title='bbox 253 2463 615 2535; x_wconf 88' lang='lat' dir='ltr'>quadraginta</span> <span class='ocrx_word' id='word_1_328' title='bbox 647 2464 766 2518; x_wconf 91' lang='lat' dir='ltr'>dies</span> <span class='ocrx_word' id='word_1_329' title='bbox 794 2464 973 2519; x_wconf 89' lang='lat' dir='ltr'>veniat</span> <span class='ocrx_word' id='word_1_330' title='bbox 1000 2465 1069 2518; x_wconf 90' lang='lat' dir='ltr'>ad</span> <span class='ocrx_word' id='word_1_331' title='bbox 1091 2473 1330 2518; x_wconf 90' lang='lat' dir='ltr'>montem</span> <span class='ocrx_word' id='word_1_332' title='bbox 1352 2465 1486 2529; x_wconf 87' lang='lat' dir='ltr'>Dei;</span> <span class='ocrx_word' id='word_1_333' title='bbox 1521 2464 1614 2518; x_wconf 92' lang='lat' dir='ltr'>ubi</span> <span class='ocrx_word' id='word_1_334' title='bbox 1641 2465 1696 2517; x_wconf 92' lang='lat' dir='ltr'>in</span> <span class='ocrx_word' id='word_1_335' title='bbox 1727 2479 1854 2518; x_wconf 90' lang='lat' dir='ltr'>car-</span> 
     </span>
    </p>
   </div>
   <div class='ocr_carea' id='block_1_42' title="bbox 252 2551 1854 2623">
    <p class='ocr_par' dir='ltr' id='par_1_42' title="bbox 252 2551 1854 2623">
     <span class='ocr_line' id='line_1_42' title="bbox 252 2551 1854 2623; baseline 0 -18"><span class='ocrx_word' id='word_1_336' title='bbox 252 2551 336 2605; x_wconf 88' lang='lat' dir='ltr'>nis</span> <span class='ocrx_word' id='word_1_337' title='bbox 358 2566 584 2606; x_wconf 86' lang='lat' dir='ltr'>manens</span> <span class='ocrx_word' id='word_1_338' title='bbox 615 2552 895 2622; x_wconf 89' lang='lat' dir='ltr'>spelunca,</span> <span class='ocrx_word' id='word_1_339' title='bbox 929 2559 1051 2622; x_wconf 90' lang='lat' dir='ltr'>post</span> <span class='ocrx_word' id='word_1_340' title='bbox 1083 2552 1331 2623; x_wconf 90' lang='lat' dir='ltr'>spiritum</span> <span class='ocrx_word' id='word_1_341' title='bbox 1360 2552 1625 2622; x_wconf 85' lang='lat' dir='ltr'>grandem</span> <span class='ocrx_word' id='word_1_342' title='bbox 1656 2560 1707 2607; x_wconf 91' lang='lat' dir='ltr'>et</span> <span class='ocrx_word' id='word_1_343' title='bbox 1736 2551 1854 2605; x_wconf 85' lang='lat' dir='ltr'>for—</span> 
     </span>
    </p>
   </div>
   <div class='ocr_carea' id='block_1_43' title="bbox 252 2640 1851 2711">
    <p class='ocr_par' dir='ltr' id='par_1_43' title="bbox 252 2640 1851 2711">
     <span class='ocr_line' id='line_1_43' title="bbox 252 2640 1851 2711; baseline -0.001 -16"><span class='ocrx_word' id='word_1_344' title='bbox 252 2646 383 2708; x_wconf 90' lang='lat' dir='ltr'>tem,</span> <span class='ocrx_word' id='word_1_345' title='bbox 416 2640 507 2711; x_wconf 91' lang='lat' dir='ltr'>qui</span> <span class='ocrx_word' id='word_1_346' title='bbox 540 2648 593 2695; x_wconf 91' lang='lat' dir='ltr'>et</span> <span class='ocrx_word' id='word_1_347' title='bbox 640 2640 950 2695; x_wconf 89' lang='lat' dir='ltr'>altitudines</span> <span class='ocrx_word' id='word_1_348' title='bbox 994 2640 1196 2708; x_wconf 90' lang='lat' dir='ltr'>dejicit,</span> <span class='ocrx_word' id='word_1_349' title='bbox 1233 2648 1284 2695; x_wconf 89' lang='lat' dir='ltr'>et</span> <span class='ocrx_word' id='word_1_350' title='bbox 1331 2640 1558 2694; x_wconf 90' lang='lat' dir='ltr'>duritias</span> <span class='ocrx_word' id='word_1_351' title='bbox 1589 2640 1851 2707; x_wconf 90' lang='lat' dir='ltr'>conterit;</span> 
     </span>
    </p>
   </div>
   <div class='ocr_carea' id='block_1_44' title="bbox 251 2728 1844 2801">
    <p class='ocr_par' dir='ltr' id='par_1_44' title="bbox 251 2728 1844 2801">
     <span class='ocr_line' id='line_1_44' title="bbox 251 2728 1844 2801; baseline -0.001 -18"><span class='ocrx_word' id='word_1_352' title='bbox 251 2738 376 2799; x_wconf 88' lang='lat' dir='ltr'>post</span> <span class='ocrx_word' id='word_1_353' title='bbox 408 2729 829 2783; x_wconf 87' lang='lat' dir='ltr'>commotionem</span> <span class='ocrx_word' id='word_1_354' title='bbox 873 2729 1101 2795; x_wconf 89' lang='lat' dir='ltr'>timoris,</span> <span class='ocrx_word' id='word_1_355' title='bbox 1148 2737 1271 2800; x_wconf 88' lang='lat' dir='ltr'>post</span> <span class='ocrx_word' id='word_1_356' title='bbox 1298 2729 1483 2801; x_wconf 88' lang='lat' dir='ltr'>ignem</span> <span class='ocrx_word' id='word_1_357' title='bbox 1515 2728 1737 2793; x_wconf 89' lang='lat' dir='ltr'>amoris,</span> <span class='ocrx_word' id='word_1_358' title='bbox 1773 2728 1844 2781; x_wconf 92' lang='lat' dir='ltr'>si-</span> 
     </span>
    </p>
   </div>
   <div class='ocr_carea' id='block_1_45' title="bbox 250 2816 1852 2887">
    <p class='ocr_par' dir='ltr' id='par_1_45' title="bbox 250 2816 1852 2887">
     <span class='ocr_line' id='line_1_45' title="bbox 250 2816 1852 2887; baseline 0.001 -17"><span class='ocrx_word' id='word_1_359' title='bbox 250 2816 419 2870; x_wconf 88' lang='lat' dir='ltr'>bilum</span> <span class='ocrx_word' id='word_1_360' title='bbox 451 2817 600 2872; x_wconf 87' lang='lat' dir='ltr'>audit</span> <span class='ocrx_word' id='word_1_361' title='bbox 642 2833 788 2872; x_wconf 74' lang='lat' dir='ltr'>aurae</span> <span class='ocrx_word' id='word_1_362' title='bbox 832 2818 1028 2882; x_wconf 90' lang='lat' dir='ltr'>tenuis,</span> <span class='ocrx_word' id='word_1_363' title='bbox 1084 2818 1139 2871; x_wconf 89' lang='lat' dir='ltr'>in</span> <span class='ocrx_word' id='word_1_364' title='bbox 1188 2817 1480 2872; x_wconf 89' lang='lat' dir='ltr'>subtilitate</span> <span class='ocrx_word' id='word_1_365' title='bbox 1527 2833 1677 2887; x_wconf 67' lang='lat' dir='ltr'>pura:</span> <span class='ocrx_word' id='word_1_366' title='bbox 1721 2832 1852 2872; x_wconf 87' lang='lat' dir='ltr'>con-</span> 
     </span>
    </p>
   </div>
   <div class='ocr_carea' id='block_1_46' title="bbox 250 2905 1852 2977">
    <p class='ocr_par' dir='ltr' id='par_1_46' title="bbox 250 2905 1852 2977">
     <span class='ocr_line' id='line_1_46' title="bbox 250 2905 1852 2977; baseline 0.001 -19"><span class='ocrx_word' id='word_1_367' title='bbox 250 2906 652 2975; x_wconf 88' lang='lat' dir='ltr'>templationis;</span> <span class='ocrx_word' id='word_1_368' title='bbox 686 2914 739 2960; x_wconf 89' lang='lat' dir='ltr'>et</span> <span class='ocrx_word' id='word_1_369' title='bbox 776 2907 881 2961; x_wconf 90' lang='lat' dir='ltr'>hoc</span> <span class='ocrx_word' id='word_1_370' title='bbox 930 2906 1111 2960; x_wconf 89' lang='lat' dir='ltr'>audito</span> <span class='ocrx_word' id='word_1_371' title='bbox 1161 2905 1340 2971; x_wconf 90' lang='lat' dir='ltr'>sibilo,</span> <span class='ocrx_word' id='word_1_372' title='bbox 1392 2906 1547 2977; x_wconf 86' lang='lat' dir='ltr'>quasi</span> <span class='ocrx_word' id='word_1_373' title='bbox 1580 2906 1670 2976; x_wconf 90' lang='lat' dir='ltr'>qui</span> <span class='ocrx_word' id='word_1_374' title='bbox 1701 2906 1852 2960; x_wconf 89' lang='lat' dir='ltr'>clau-</span> 
     </span>
    </p>
   </div>
   <div class='ocr_carea' id='block_1_47' title="bbox 248 2993 1849 3066">
    <p class='ocr_par' dir='ltr' id='par_1_47' title="bbox 248 2993 1849 3066">
     <span class='ocr_line' id='line_1_47' title="bbox 248 2993 1849 3066; baseline 0 -19"><span class='ocrx_word' id='word_1_375' title='bbox 248 3001 361 3048; x_wconf 89' lang='lat' dir='ltr'>stra</span> <span class='ocrx_word' id='word_1_376' title='bbox 390 2994 533 3064; x_wconf 91' lang='lat' dir='ltr'>cupit</span> <span class='ocrx_word' id='word_1_377' title='bbox 562 2994 738 3049; x_wconf 88' lang='lat' dir='ltr'>carnis</span> <span class='ocrx_word' id='word_1_378' title='bbox 769 2995 935 3061; x_wconf 83' lang='lat' dir='ltr'>exire,</span> <span class='ocrx_word' id='word_1_379' title='bbox 969 3010 1227 3066; x_wconf 90' lang='lat' dir='ltr'>egressus</span> <span class='ocrx_word' id='word_1_380' title='bbox 1270 3001 1373 3048; x_wconf 86' lang='lat' dir='ltr'>stat</span> <span class='ocrx_word' id='word_1_381' title='bbox 1402 2994 1456 3046; x_wconf 91' lang='lat' dir='ltr'>in</span> <span class='ocrx_word' id='word_1_382' title='bbox 1488 2993 1626 3048; x_wconf 90' lang='lat' dir='ltr'>ostio</span> <span class='ocrx_word' id='word_1_383' title='bbox 1651 3012 1665 3058; x_wconf 88' lang='lat'><strong>;</strong></span> <span class='ocrx_word' id='word_1_384' title='bbox 1699 3001 1751 3047; x_wconf 89' lang='lat' dir='ltr'>et</span> <span class='ocrx_word' id='word_1_385' title='bbox 1781 3010 1849 3047; x_wconf 91' lang='lat' dir='ltr'>ne</span> 
     </span>
    </p>
   </div>
   <div class='ocr_carea' id='block_1_48' title="bbox 1963 1760 3564 1833">
    <p class='ocr_par' dir='ltr' id='par_1_48' title="bbox 1963 1760 3564 1833">
     <span class='ocr_line' id='line_1_48' title="bbox 1963 1760 3564 1833; baseline 0.001 -18"><span class='ocrx_word' id='word_1_386' title='bbox 1963 1777 1999 1827; x_wconf 91' lang='grc' dir='ltr'>ι,</span> <span class='ocrx_word' id='word_1_387' title='bbox 2037 1765 2145 1832; x_wconf 84' lang='grc'>11),</span> <span class='ocrx_word' id='word_1_388' title='bbox 2180 1769 2445 1832; x_wconf 87' lang='lat' dir='ltr'>quatenus</span> <span class='ocrx_word' id='word_1_389' title='bbox 2488 1761 2622 1816; x_wconf 87' lang='lat' dir='ltr'>sciat</span> <span class='ocrx_word' id='word_1_390' title='bbox 2670 1761 2795 1832; x_wconf 88' lang='lat' dir='ltr'>quia</span> <span class='ocrx_word' id='word_1_391' title='bbox 2850 1760 3039 1833; x_wconf 86' lang='lat' dir='ltr'>vigilat</span> <span class='ocrx_word' id='word_1_392' title='bbox 3094 1761 3357 1815; x_wconf 89' lang='lat' dir='ltr'>Dominus</span> <span class='ocrx_word' id='word_1_393' title='bbox 3399 1778 3564 1831; x_wconf 87' lang='lat' dir='ltr'>super</span> 
     </span>
    </p>
   </div>
   <div class='ocr_carea' id='block_1_49' title="bbox 1961 1848 3561 1919">
    <p class='ocr_par' dir='ltr' id='par_1_49' title="bbox 1961 1848 3561 1919">
     <span class='ocr_line' id='line_1_49' title="bbox 1961 1848 3561 1919; baseline -0.001 -14"><span class='ocrx_word' id='word_1_394' title='bbox 1961 1850 2189 1905; x_wconf 88' lang='lat' dir='ltr'>verbum</span> <span class='ocrx_word' id='word_1_395' title='bbox 2222 1866 2377 1904; x_wconf 89' lang='lat' dir='ltr'>suum</span> <span class='ocrx_word' id='word_1_396' title='bbox 2407 1856 2463 1903; x_wconf 92' lang='lat' dir='ltr'>ut</span> <span class='ocrx_word' id='word_1_397' title='bbox 2491 1848 2652 1904; x_wconf 85' lang='lat' dir='ltr'>faciat</span> <span class='ocrx_word' id='word_1_398' title='bbox 2699 1849 2831 1902; x_wconf 93' lang='lat' dir='ltr'>illud</span> <span class='ocrx_word' id='word_1_399' title='bbox 2866 1868 2879 1914; x_wconf 86' lang='lat'><strong>;</strong></span> <span class='ocrx_word' id='word_1_400' title='bbox 2914 1864 3077 1919; x_wconf 91' lang='lat' dir='ltr'>quem</span> <span class='ocrx_word' id='word_1_401' title='bbox 3097 1849 3165 1903; x_wconf 92' lang='lat' dir='ltr'>de</span> <span class='ocrx_word' id='word_1_402' title='bbox 3196 1848 3375 1903; x_wconf 90' lang='lat' dir='ltr'>lutoso</span> <span class='ocrx_word' id='word_1_403' title='bbox 3430 1864 3561 1918; x_wconf 86' lang='lat' dir='ltr'>pro-</span> 
     </span>
    </p>
   </div>
   <div class='ocr_carea' id='block_1_50' title="bbox 1962 1936 3559 2009">
    <p class='ocr_par' dir='ltr' id='par_1_50' title="bbox 1962 1936 3559 2009">
     <span class='ocr_line' id='line_1_50' title="bbox 1962 1936 3559 2009; baseline -0.001 -19"><span class='ocrx_word' id='word_1_404' title='bbox 1962 1938 2149 2007; x_wconf 90' lang='lat' dir='ltr'>fundo,</span> <span class='ocrx_word' id='word_1_405' title='bbox 2183 1946 2234 1992; x_wconf 91' lang='lat' dir='ltr'>et</span> <span class='ocrx_word' id='word_1_406' title='bbox 2254 1937 2591 2009; x_wconf 90' lang='lat' dir='ltr'>profundoso</span> <span class='ocrx_word' id='word_1_407' title='bbox 2612 1937 2721 1991; x_wconf 90' lang='lat' dir='ltr'>luto</span> <span class='ocrx_word' id='word_1_408' title='bbox 2752 1937 2929 1993; x_wconf 88' lang='lat' dir='ltr'>levant</span> <span class='ocrx_word' id='word_1_409' title='bbox 2958 1936 3136 2003; x_wconf 88' lang='lat' dir='ltr'>funes,</span> <span class='ocrx_word' id='word_1_410' title='bbox 3170 1936 3363 2007; x_wconf 90' lang='lat' dir='ltr'>quibus</span> <span class='ocrx_word' id='word_1_411' title='bbox 3392 1936 3559 1990; x_wconf 89' lang='lat' dir='ltr'>inter-</span> 
     </span>
    </p>
   </div>
   <div class='ocr_carea' id='block_1_51' title="bbox 1960 2024 3556 2097">
    <p class='ocr_par' dir='ltr' id='par_1_51' title="bbox 1960 2024 3556 2097">
     <span class='ocr_line' id='line_1_51' title="bbox 1960 2024 3556 2097; baseline 0 -18"><span class='ocrx_word' id='word_1_412' title='bbox 1960 2034 2083 2080; x_wconf 90' lang='lat' dir='ltr'>sunt</span> <span class='ocrx_word' id='word_1_413' title='bbox 2115 2026 2223 2080; x_wconf 88' lang='lat' dir='ltr'>imo</span> <span class='ocrx_word' id='word_1_414' title='bbox 2256 2026 2571 2080; x_wconf 89' lang='lat' dir='ltr'>subtersunt</span> <span class='ocrx_word' id='word_1_415' title='bbox 2616 2025 2764 2097; x_wconf 86' lang='lat' dir='ltr'>[Par.</span> <span class='ocrx_word' id='word_1_416' title='bbox 2816 2024 3064 2097; x_wconf 91' lang='lat' dir='ltr'>subsunt]</span> <span class='ocrx_word' id='word_1_417' title='bbox 3109 2024 3274 2094; x_wconf 89' lang='lat' dir='ltr'>panni</span> <span class='ocrx_word' id='word_1_418' title='bbox 3320 2032 3556 2079; x_wconf 88' lang='lat' dir='ltr'>veteres.</span> 
     </span>
    </p>
   </div>
   <div class='ocr_carea' id='block_1_52' title="bbox 1958 2112 3559 2186">
    <p class='ocr_par' dir='ltr' id='par_1_52' title="bbox 1958 2112 3559 2186">
     <span class='ocr_line' id='line_1_52' title="bbox 1958 2112 3559 2186; baseline -0.002 -18"><span class='ocrx_word' id='word_1_419' title='bbox 1958 2115 2027 2168; x_wconf 88' lang='lat' dir='ltr'>Et</span> <span class='ocrx_word' id='word_1_420' title='bbox 2057 2114 2179 2169; x_wconf 91' lang='lat' dir='ltr'>ideo</span> <span class='ocrx_word' id='word_1_421' title='bbox 2210 2114 2427 2186; x_wconf 85' lang='lat' dir='ltr'>quidem</span> <span class='ocrx_word' id='word_1_422' title='bbox 2454 2115 2576 2179; x_wconf 87' lang='lat' dir='ltr'>hoc,</span> <span class='ocrx_word' id='word_1_423' title='bbox 2602 2121 2659 2167; x_wconf 91' lang='lat' dir='ltr'>ut</span> <span class='ocrx_word' id='word_1_424' title='bbox 2700 2114 3002 2169; x_wconf 88' lang='lat' dir='ltr'>ascendens</span> <span class='ocrx_word' id='word_1_425' title='bbox 3034 2129 3066 2167; x_wconf 93' lang='lat' dir='ltr'>a</span> <span class='ocrx_word' id='word_1_426' title='bbox 3105 2112 3352 2168; x_wconf 91' lang='lat' dir='ltr'>convalle</span> <span class='ocrx_word' id='word_1_427' title='bbox 3374 2112 3559 2182; x_wconf 87' lang='lat' dir='ltr'>plora-</span> 
     </span>
    </p>
   </div>
   <div class='ocr_carea' id='block_1_53' title="bbox 1957 2201 3557 2271">
    <p class='ocr_par' dir='ltr' id='par_1_53' title="bbox 1957 2201 3557 2271">
     <span class='ocr_line' id='line_1_53' title="bbox 1957 2201 3557 2271; baseline 0 -16"><span class='ocrx_word' id='word_1_428' title='bbox 1957 2202 2138 2269; x_wconf 91' lang='lat' dir='ltr'>tionis,</span> <span class='ocrx_word' id='word_1_429' title='bbox 2174 2211 2227 2257; x_wconf 91' lang='lat' dir='ltr'>et</span> <span class='ocrx_word' id='word_1_430' title='bbox 2254 2210 2475 2257; x_wconf 88' lang='lat' dir='ltr'>cantans</span> <span class='ocrx_word' id='word_1_431' title='bbox 2507 2202 2719 2257; x_wconf 89' lang='lat' dir='ltr'>cantica</span> <span class='ocrx_word' id='word_1_432' title='bbox 2747 2201 3035 2271; x_wconf 89' lang='lat' dir='ltr'>graduum,</span> <span class='ocrx_word' id='word_1_433' title='bbox 3069 2201 3350 2255; x_wconf 90' lang='lat' dir='ltr'>vulnerato</span> <span class='ocrx_word' id='word_1_434' title='bbox 3377 2217 3407 2253; x_wconf 88' lang='lat' dir='ltr'>a</span> <span class='ocrx_word' id='word_1_435' title='bbox 3433 2202 3557 2255; x_wconf 85' lang='lat' dir='ltr'>cha-</span> 
     </span>
    </p>
   </div>
   <div class='ocr_carea' id='block_1_54' title="bbox 1958 2288 3557 2360">
    <p class='ocr_par' dir='ltr' id='par_1_54' title="bbox 1958 2288 3557 2360">
     <span class='ocr_line' id='line_1_54' title="bbox 1958 2288 3557 2360; baseline -0.001 -16"><span class='ocrx_word' id='word_1_436' title='bbox 1958 2291 2114 2345; x_wconf 88' lang='lat' dir='ltr'>ritate</span> <span class='ocrx_word' id='word_1_437' title='bbox 2146 2291 2343 2345; x_wconf 89' lang='lat' dir='ltr'>Christi</span> <span class='ocrx_word' id='word_1_438' title='bbox 2365 2290 2531 2345; x_wconf 92' lang='lat' dir='ltr'>corde</span> <span class='ocrx_word' id='word_1_439' title='bbox 2562 2291 2698 2358; x_wconf 89' lang='lat' dir='ltr'>ejus,</span> <span class='ocrx_word' id='word_1_440' title='bbox 2724 2297 2900 2360; x_wconf 89' lang='lat' dir='ltr'>gestet</span> <span class='ocrx_word' id='word_1_441' title='bbox 2940 2289 3105 2343; x_wconf 88' lang='lat' dir='ltr'>verba</span> <span class='ocrx_word' id='word_1_442' title='bbox 3136 2290 3250 2357; x_wconf 88' lang='lat' dir='ltr'>ejus</span> <span class='ocrx_word' id='word_1_443' title='bbox 3297 2289 3352 2342; x_wconf 93' lang='lat' dir='ltr'>in</span> <span class='ocrx_word' id='word_1_444' title='bbox 3381 2288 3557 2343; x_wconf 87' lang='lat' dir='ltr'>visce-</span> 
     </span>
    </p>
   </div>
   <div class='ocr_carea' id='block_1_55' title="bbox 1958 2377 3552 2450">
    <p class='ocr_par' dir='ltr' id='par_1_55' title="bbox 1958 2377 3552 2450">
     <span class='ocr_line' id='line_1_55' title="bbox 1958 2377 3552 2450; baseline -0.002 -16"><span class='ocrx_word' id='word_1_445' title='bbox 1958 2380 2174 2434; x_wconf 87' lang='lat' dir='ltr'>ceribus</span> <span class='ocrx_word' id='word_1_446' title='bbox 2205 2379 2361 2450; x_wconf 89' lang='lat' dir='ltr'>quasi</span> <span class='ocrx_word' id='word_1_447' title='bbox 2391 2380 2614 2449; x_wconf 87' lang='lat' dir='ltr'>sagittas</span> <span class='ocrx_word' id='word_1_448' title='bbox 2651 2386 2855 2433; x_wconf 90' lang='lat' dir='ltr'>acutas.</span> <span class='ocrx_word' id='word_1_449' title='bbox 2902 2378 2970 2430; x_wconf 89' lang='lat' dir='ltr'>Et</span> <span class='ocrx_word' id='word_1_450' title='bbox 3000 2379 3104 2432; x_wconf 90' lang='lat' dir='ltr'>hoc</span> <span class='ocrx_word' id='word_1_451' title='bbox 3154 2377 3370 2448; x_wconf 91' lang='lat' dir='ltr'>quidem</span> <span class='ocrx_word' id='word_1_452' title='bbox 3420 2393 3552 2447; x_wconf 91' lang='lat' dir='ltr'>pro-</span> 
     </span>
    </p>
   </div>
   <div class='ocr_carea' id='block_1_56' title="bbox 1956 2451 3556 2537">
    <p class='ocr_par' dir='ltr' id='par_1_56' title="bbox 1956 2451 3556 2537">
     <span class='ocr_line' id='line_1_56' title="bbox 1956 2451 3556 2537; baseline -0.001 -16"><span class='ocrx_word' id='word_1_453' title='bbox 1956 2475 2077 2537; x_wconf 90' lang='lat' dir='ltr'>pter</span> <span class='ocrx_word' id='word_1_454' title='bbox 2125 2467 2302 2521; x_wconf 89' lang='lat' dir='ltr'>funes.</span> <span class='ocrx_word' id='word_1_455' title='bbox 2382 2451 2524 2520; x_wconf 80' lang='lat' dir='ltr'>sane</span> <span class='ocrx_word' id='word_1_456' title='bbox 2572 2475 2792 2537; x_wconf 88' lang='lat' dir='ltr'>prOpter</span> <span class='ocrx_word' id='word_1_457' title='bbox 2839 2481 3049 2535; x_wconf 89' lang='lat' dir='ltr'>pannos</span> <span class='ocrx_word' id='word_1_458' title='bbox 3094 2473 3323 2531; x_wconf 86' lang='lat' dir='ltr'>veteres,</span> <span class='ocrx_word' id='word_1_459' title='bbox 3376 2472 3556 2537; x_wconf 88' lang='lat' dir='ltr'>gestat</span> 
     </span>
    </p>
   </div>
   <div class='ocr_carea' id='block_1_57' title="bbox 1956 2552 3550 2627">
    <p class='ocr_par' dir='ltr' id='par_1_57' title="bbox 1956 2552 3550 2627">
     <span class='ocr_line' id='line_1_57' title="bbox 1956 2552 3550 2627; baseline -0.001 -18"><span class='ocrx_word' id='word_1_460' title='bbox 1956 2556 2120 2609; x_wconf 87' lang='lat' dir='ltr'>etiam</span> <span class='ocrx_word' id='word_1_461' title='bbox 2151 2554 2399 2625; x_wconf 86' lang='lat' dir='ltr'>exempla</span> <span class='ocrx_word' id='word_1_462' title='bbox 2422 2570 2706 2609; x_wconf 90' lang='lat' dir='ltr'>servorum</span> <span class='ocrx_word' id='word_1_463' title='bbox 2735 2553 2854 2622; x_wconf 91' lang='lat' dir='ltr'>Dei,</span> <span class='ocrx_word' id='word_1_464' title='bbox 2881 2568 3018 2623; x_wconf 88' lang='lat' dir='ltr'>quos</span> <span class='ocrx_word' id='word_1_465' title='bbox 3041 2554 3107 2627; x_wconf 89' lang='lat' dir='ltr'>de</span> <span class='ocrx_word' id='word_1_466' title='bbox 3129 2552 3355 2607; x_wconf 91' lang='lat' dir='ltr'>mortuis</span> <span class='ocrx_word' id='word_1_467' title='bbox 3376 2553 3550 2619; x_wconf 88' lang='lat' dir='ltr'>vivos,</span> 
     </span>
    </p>
   </div>
   <div class='ocr_carea' id='block_1_58' title="bbox 1956 2628 3553 2715">
    <p class='ocr_par' dir='ltr' id='par_1_58' title="bbox 1956 2628 3553 2715">
     <span class='ocr_line' id='line_1_58' title="bbox 1956 2628 3553 2715; baseline -0.003 -17"><span class='ocrx_word' id='word_1_468' title='bbox 1956 2644 2091 2698; x_wconf 91' lang='lat' dir='ltr'>etde</span> <span class='ocrx_word' id='word_1_469' title='bbox 2121 2642 2295 2715; x_wconf 85' lang='lat' dir='ltr'>nigris</span> <span class='ocrx_word' id='word_1_470' title='bbox 2333 2642 2543 2696; x_wconf 91' lang='lat' dir='ltr'>lucidos</span> <span class='ocrx_word' id='word_1_471' title='bbox 2569 2642 2716 2707; x_wconf 90' lang='lat' dir='ltr'>facit,</span> <span class='ocrx_word' id='word_1_472' title='bbox 2762 2650 3015 2713; x_wconf 90' lang='lat' dir='ltr'>tanquam</span> <span class='ocrx_word' id='word_1_473' title='bbox 3044 2628 3338 2696; x_wconf 26' lang='lat' dir='ltr'>[carbones</span> <span class='ocrx_word' id='word_1_474' title='bbox 3368 2648 3553 2695; x_wconf 91' lang='lat' dir='ltr'>vasta-</span> 
     </span>
    </p>
   </div>
   <div class='ocr_carea' id='block_1_59' title="bbox 1953 2728 3551 2800">
    <p class='ocr_par' dir='ltr' id='par_1_59' title="bbox 1953 2728 3551 2800">
     <span class='ocr_line' id='line_1_59' title="bbox 1953 2728 3551 2800; baseline -0.001 -15"><span class='ocrx_word' id='word_1_475' title='bbox 1953 2740 2121 2786; x_wconf 90' lang='lat' dir='ltr'>tores.</span> <span class='ocrx_word' id='word_1_476' title='bbox 2153 2730 2497 2786; x_wconf 89' lang='lat' dir='ltr'>Ezechielem</span> <span class='ocrx_word' id='word_1_477' title='bbox 2528 2730 2584 2784; x_wconf 89' lang='lat' dir='ltr'>in</span> <span class='ocrx_word' id='word_1_478' title='bbox 2612 2730 2865 2785; x_wconf 91' lang='lat' dir='ltr'>cincinno</span> <span class='ocrx_word' id='word_1_479' title='bbox 2896 2729 3088 2800; x_wconf 87' lang='lat' dir='ltr'>capitis</span> <span class='ocrx_word' id='word_1_480' title='bbox 3119 2728 3221 2793; x_wconf 92' lang='lat' dir='ltr'>sui,</span> <span class='ocrx_word' id='word_1_481' title='bbox 3266 2728 3436 2783; x_wconf 87' lang='lat' dir='ltr'>missa</span> <span class='ocrx_word' id='word_1_482' title='bbox 3482 2729 3551 2783; x_wconf 90' lang='lat' dir='ltr'>ad</span> 
     </span>
    </p>
   </div>
   <div class='ocr_carea' id='block_1_60' title="bbox 1952 2816 3547 2888">
    <p class='ocr_par' dir='ltr' id='par_1_60' title="bbox 1952 2816 3547 2888">
     <span class='ocr_line' id='line_1_60' title="bbox 1952 2816 3547 2888; baseline -0.004 -12"><span class='ocrx_word' id='word_1_483' title='bbox 1952 2837 2076 2876; x_wconf 90' lang='lat' dir='ltr'>eum</span> <span class='ocrx_word' id='word_1_484' title='bbox 2107 2819 2401 2874; x_wconf 91' lang='lat' dir='ltr'>similitudo</span> <span class='ocrx_word' id='word_1_485' title='bbox 2430 2834 2623 2873; x_wconf 89' lang='lat' dir='ltr'>manus</span> <span class='ocrx_word' id='word_1_486' title='bbox 2652 2817 3012 2888; x_wconf 87' lang='lat' dir='ltr'>apprehendit</span> <span class='ocrx_word' id='word_1_487' title='bbox 3042 2817 3262 2886; x_wconf 53' lang='grc' dir='ltr'>(Επειδὴ.</span> <span class='ocrx_word' id='word_1_488' title='bbox 3296 2832 3416 2883; x_wconf 82' lang='lat' dir='ltr'><strong>VIII,</strong></span> <span class='ocrx_word' id='word_1_489' title='bbox 3451 2816 3504 2886; x_wconf 88' lang='lat'>3)</span> <span class='ocrx_word' id='word_1_490' title='bbox 3532 2835 3547 2883; x_wconf 90' lang='lat'><strong>;</strong></span> 
     </span>
    </p>
   </div>
   <div class='ocr_carea' id='block_1_61' title="bbox 1951 2904 3549 2971">
    <p class='ocr_par' dir='ltr' id='par_1_61' title="bbox 1951 2904 3549 2971">
     <span class='ocr_line' id='line_1_61' title="bbox 1951 2904 3549 2971; baseline -0.003 -8"><span class='ocrx_word' id='word_1_491' title='bbox 1951 2916 2002 2963; x_wconf 92' lang='lat' dir='ltr'>et</span> <span class='ocrx_word' id='word_1_492' title='bbox 2035 2906 2305 2963; x_wconf 89' lang='lat' dir='ltr'>elevatum</span> <span class='ocrx_word' id='word_1_493' title='bbox 2327 2907 2468 2961; x_wconf 88' lang='lat' dir='ltr'>inter</span> <span class='ocrx_word' id='word_1_494' title='bbox 2498 2914 2700 2961; x_wconf 89' lang='lat' dir='ltr'>terram</span> <span class='ocrx_word' id='word_1_495' title='bbox 2734 2913 2787 2960; x_wconf 92' lang='lat' dir='ltr'>et</span> <span class='ocrx_word' id='word_1_496' title='bbox 2816 2905 3033 2971; x_wconf 79' lang='lat' dir='ltr'>coelum,</span> <span class='ocrx_word' id='word_1_497' title='bbox 3065 2905 3121 2958; x_wconf 91' lang='lat' dir='ltr'>in</span> <span class='ocrx_word' id='word_1_498' title='bbox 3149 2904 3449 2960; x_wconf 85' lang='lat' dir='ltr'>Jerusalem</span> <span class='ocrx_word' id='word_1_499' title='bbox 3480 2905 3549 2959; x_wconf 92' lang='lat' dir='ltr'>de</span> 
     </span>
    </p>
   </div>
   <div class='ocr_carea' id='block_1_62' title="bbox 1951 2991 3545 3066">
    <p class='ocr_par' dir='ltr' id='par_1_62' title="bbox 1951 2991 3545 3066">
     <span class='ocr_line' id='line_1_62' title="bbox 1951 2991 3545 3066; baseline -0.004 -15"><span class='ocrx_word' id='word_1_500' title='bbox 1951 2995 2203 3051; x_wconf 71' lang='lat' dir='ltr'>Chaldaea</span> <span class='ocrx_word' id='word_1_501' title='bbox 2236 2997 2288 3049; x_wconf 90' lang='lat' dir='ltr'>in</span> <span class='ocrx_word' id='word_1_502' title='bbox 2313 2994 2503 3066; x_wconf 89' lang='lat' dir='ltr'>spiritu</span> <span class='ocrx_word' id='word_1_503' title='bbox 2553 2994 2721 3063; x_wconf 90' lang='lat' dir='ltr'>ducit,</span> <span class='ocrx_word' id='word_1_504' title='bbox 2759 3001 2816 3047; x_wconf 91' lang='lat' dir='ltr'>ut</span> <span class='ocrx_word' id='word_1_505' title='bbox 2862 2993 3292 3047; x_wconf 89' lang='lat' dir='ltr'>abominationes</span> <span class='ocrx_word' id='word_1_506' title='bbox 3323 3009 3444 3063; x_wconf 68' lang='lat' dir='ltr'>qua:</span> <span class='ocrx_word' id='word_1_507' title='bbox 3472 2991 3545 3045; x_wconf 91' lang='lat' dir='ltr'>ibi</span> 
     </span>
    </p>
   </div>
   <div class='ocr_carea' id='block_1_63' title="bbox 245 3046 3546 3154">
    <p class='ocr_par' dir='ltr' id='par_1_63' title="bbox 245 3046 3546 3154">
     <span class='ocr_line' id='line_1_63' title="bbox 245 3046 3546 3154; baseline -0 -18"><span class='ocrx_word' id='word_1_508' title='bbox 245 3046 520 3137; x_wconf 63' lang='lat' dir='ltr'>scrutator</span> <span class='ocrx_word' id='word_1_509' title='bbox 567 3083 868 3151; x_wconf 88' lang='lat' dir='ltr'>majestatis</span> <span class='ocrx_word' id='word_1_510' title='bbox 906 3046 1239 3153; x_wconf 51' lang='lat' dir='ltr'>oppci&#39;imatur</span> <span class='ocrx_word' id='word_1_511' title='bbox 1267 3098 1299 3136; x_wconf 93' lang='lat' dir='ltr'>a</span> <span class='ocrx_word' id='word_1_512' title='bbox 1330 3081 1509 3154; x_wconf 90' lang='lat' dir='ltr'>gloria</span> <span class='ocrx_word' id='word_1_513' title='bbox 1541 3082 1700 3136; x_wconf 88' lang='lat' dir='ltr'>etiam</span> <span class='ocrx_word' id='word_1_514' title='bbox 1729 3081 1845 3136; x_wconf 90' lang='lat' dir='ltr'>vul-</span> <span class='ocrx_word' id='word_1_515' title='bbox 1872 3046 1918 3107; x_wconf 69' lang='grc' dir='ltr'>Ο</span> <span class='ocrx_word' id='word_1_516' title='bbox 1948 3092 2074 3139; x_wconf 91' lang='lat' dir='ltr'>sunt</span> <span class='ocrx_word' id='word_1_517' title='bbox 2103 3046 2391 3154; x_wconf 60' lang='lat' dir='ltr'>aspiciens,</span> <span class='ocrx_word' id='word_1_518' title='bbox 2427 3084 2495 3137; x_wconf 89' lang='lat' dir='ltr'>de</span> <span class='ocrx_word' id='word_1_519' title='bbox 2525 3046 2784 3138; x_wconf 71' lang='lat' dir='ltr'>funiculis</span> <span class='ocrx_word' id='word_1_520' title='bbox 2806 3081 2946 3137; x_wconf 89' lang='lat' dir='ltr'>facto</span> <span class='ocrx_word' id='word_1_521' title='bbox 2965 3080 3200 3153; x_wconf 88' lang='lat' dir='ltr'>flagello,</span> <span class='ocrx_word' id='word_1_522' title='bbox 3222 3088 3275 3136; x_wconf 87' lang='lat' dir='ltr'>et</span> <span class='ocrx_word' id='word_1_523' title='bbox 3304 3046 3546 3135; x_wconf 72' lang='lat' dir='ltr'>ementes</span> 
     </span>
    </p>
   </div>
   <div class='ocr_carea' id='block_1_64' title="bbox 245 3170 1844 3242">
    <p class='ocr_par' dir='ltr' id='par_1_64' title="bbox 245 3170 1844 3242">
     <span class='ocr_line' id='line_1_64' title="bbox 245 3170 1844 3242; baseline -0.001 -17"><span class='ocrx_word' id='word_1_524' title='bbox 245 3180 358 3225; x_wconf 89' lang='lat' dir='ltr'>tum</span> <span class='ocrx_word' id='word_1_525' title='bbox 388 3188 542 3226; x_wconf 93' lang='lat' dir='ltr'>suum</span> <span class='ocrx_word' id='word_1_526' title='bbox 572 3171 747 3242; x_wconf 87' lang='lat' dir='ltr'>operit</span> <span class='ocrx_word' id='word_1_527' title='bbox 792 3171 983 3242; x_wconf 88' lang='lat' dir='ltr'>pallio.</span> <span class='ocrx_word' id='word_1_528' title='bbox 1041 3171 1255 3226; x_wconf 92' lang='lat' dir='ltr'>Eliseus</span> <span class='ocrx_word' id='word_1_529' title='bbox 1296 3170 1540 3238; x_wconf 88' lang='lat' dir='ltr'>moritur,</span> <span class='ocrx_word' id='word_1_530' title='bbox 1592 3180 1642 3225; x_wconf 91' lang='lat' dir='ltr'>et</span> <span class='ocrx_word' id='word_1_531' title='bbox 1691 3185 1844 3224; x_wconf 87' lang='lat' dir='ltr'>mor-</span> 
     </span>
    </p>
   </div>
   <div class='ocr_carea' id='block_1_65' title="bbox 244 3258 1839 3332">
    <p class='ocr_par' dir='ltr' id='par_1_65' title="bbox 244 3258 1839 3332">
     <span class='ocr_line' id='line_1_65' title="bbox 244 3258 1839 3332; baseline -0.001 -19"><span class='ocrx_word' id='word_1_532' title='bbox 244 3267 367 3314; x_wconf 89' lang='lat' dir='ltr'>tuus</span> <span class='ocrx_word' id='word_1_533' title='bbox 398 3259 656 3330; x_wconf 90' lang='lat' dir='ltr'>sepelitur</span> <span class='ocrx_word' id='word_1_534' title='bbox 683 3261 783 3331; x_wconf 90' lang='lat' dir='ltr'><strong><em>(IV</em></strong></span> <span class='ocrx_word' id='word_1_535' title='bbox 807 3263 935 3332; x_wconf 90' lang='lat' dir='ltr'>Reg.</span> <span class='ocrx_word' id='word_1_536' title='bbox 986 3274 1109 3325; x_wconf 82' lang='lat' dir='ltr'>xm,</span> <span class='ocrx_word' id='word_1_537' title='bbox 1157 3262 1275 3329; x_wconf 73' lang='lat'>20).</span> <span class='ocrx_word' id='word_1_538' title='bbox 1335 3259 1444 3313; x_wconf 88' lang='lat' dir='ltr'>Cur</span> <span class='ocrx_word' id='word_1_539' title='bbox 1473 3258 1575 3313; x_wconf 90' lang='lat' dir='ltr'>hoc</span> <span class='ocrx_word' id='word_1_540' title='bbox 1607 3264 1724 3312; x_wconf 90' lang='lat' dir='ltr'>erat</span> <span class='ocrx_word' id='word_1_541' title='bbox 1754 3258 1839 3311; x_wconf 87' lang='lat' dir='ltr'>di-</span> 
     </span>
    </p>
   </div>
   <div class='ocr_carea' id='block_1_66' title="bbox 241 3346 1842 3417">
    <p class='ocr_par' dir='ltr' id='par_1_66' title="bbox 241 3346 1842 3417">
     <span class='ocr_line' id='line_1_66' title="bbox 241 3346 1842 3417; baseline -0.002 -13"><span class='ocrx_word' id='word_1_542' title='bbox 241 3348 499 3417; x_wconf 88' lang='lat' dir='ltr'>cendum,</span> <span class='ocrx_word' id='word_1_543' title='bbox 534 3364 653 3403; x_wconf 91' lang='lat' dir='ltr'>cum</span> <span class='ocrx_word' id='word_1_544' title='bbox 692 3364 801 3403; x_wconf 88' lang='lat' dir='ltr'>non</span> <span class='ocrx_word' id='word_1_545' title='bbox 850 3348 915 3402; x_wconf 89' lang='lat' dir='ltr'>sit</span> <span class='ocrx_word' id='word_1_546' title='bbox 960 3363 1182 3417; x_wconf 90' lang='lat' dir='ltr'>novum,</span> <span class='ocrx_word' id='word_1_547' title='bbox 1231 3346 1328 3402; x_wconf 89' lang='lat' dir='ltr'>sed</span> <span class='ocrx_word' id='word_1_548' title='bbox 1374 3346 1702 3417; x_wconf 79' lang='lat' dir='ltr'>antiquum?</span> <span class='ocrx_word' id='word_1_549' title='bbox 1733 3362 1842 3401; x_wconf 91' lang='lat' dir='ltr'>non</span> 
     </span>
    </p>
   </div>
   <div class='ocr_carea' id='block_1_67' title="bbox 241 3435 1839 3507">
    <p class='ocr_par' dir='ltr' id='par_1_67' title="bbox 241 3435 1839 3507">
     <span class='ocr_line' id='line_1_67' title="bbox 241 3435 1839 3507; baseline 0.001 -18"><span class='ocrx_word' id='word_1_550' title='bbox 241 3436 403 3491; x_wconf 91' lang='lat' dir='ltr'>alicui</span> <span class='ocrx_word' id='word_1_551' title='bbox 434 3437 725 3507; x_wconf 88' lang='lat' dir='ltr'>singulare,</span> <span class='ocrx_word' id='word_1_552' title='bbox 761 3436 858 3492; x_wconf 92' lang='lat' dir='ltr'>sed</span> <span class='ocrx_word' id='word_1_553' title='bbox 878 3436 1130 3492; x_wconf 89' lang='lat' dir='ltr'>omnibus</span> <span class='ocrx_word' id='word_1_554' title='bbox 1150 3436 1357 3507; x_wconf 89' lang='lat' dir='ltr'>absque</span> <span class='ocrx_word' id='word_1_555' title='bbox 1386 3435 1495 3490; x_wconf 91' lang='lat' dir='ltr'>ulla</span> <span class='ocrx_word' id='word_1_556' title='bbox 1521 3435 1839 3504; x_wconf 88' lang='lat' dir='ltr'>exceptione</span> 
     </span>
    </p>
   </div>
   <div class='ocr_carea' id='block_1_68' title="bbox 237 3523 1839 3597">
    <p class='ocr_par' dir='ltr' id='par_1_68' title="bbox 237 3523 1839 3597">
     <span class='ocr_line' id='line_1_68' title="bbox 237 3523 1839 3597; baseline -0.003 -16"><span class='ocrx_word' id='word_1_557' title='bbox 237 3539 525 3581; x_wconf 91' lang='lat' dir='ltr'>commune</span> <span class='ocrx_word' id='word_1_558' title='bbox 545 3525 572 3579; x_wconf 80' lang='lat'><strong>?</strong></span> <span class='ocrx_word' id='word_1_559' title='bbox 602 3526 731 3580; x_wconf 90' lang='lat' dir='ltr'>Ideo</span> <span class='ocrx_word' id='word_1_560' title='bbox 761 3526 1001 3597; x_wconf 90' lang='lat' dir='ltr'>quidem,</span> <span class='ocrx_word' id='word_1_561' title='bbox 1046 3532 1103 3579; x_wconf 91' lang='lat' dir='ltr'>ut</span> <span class='ocrx_word' id='word_1_562' title='bbox 1132 3524 1289 3579; x_wconf 89' lang='lat' dir='ltr'>valde</span> <span class='ocrx_word' id='word_1_563' title='bbox 1320 3523 1628 3579; x_wconf 89' lang='lat' dir='ltr'>venerabile</span> <span class='ocrx_word' id='word_1_564' title='bbox 1660 3523 1839 3593; x_wconf 90' lang='lat' dir='ltr'>sepul-</span> 
     </span>
    </p>
   </div>
   <div class='ocr_carea' id='block_1_69' title="bbox 238 3611 1834 3685">
    <p class='ocr_par' dir='ltr' id='par_1_69' title="bbox 238 3611 1834 3685">
     <span class='ocr_line' id='line_1_69' title="bbox 238 3611 1834 3685; baseline -0.001 -16"><span class='ocrx_word' id='word_1_565' title='bbox 238 3630 393 3669; x_wconf 90' lang='lat' dir='ltr'>crum</span> <span class='ocrx_word' id='word_1_566' title='bbox 415 3613 559 3668; x_wconf 90' lang='lat' dir='ltr'>illius</span> <span class='ocrx_word' id='word_1_567' title='bbox 589 3614 923 3679; x_wconf 89' lang='lat' dir='ltr'>ostendatur,</span> <span class='ocrx_word' id='word_1_568' title='bbox 955 3614 1100 3685; x_wconf 92' lang='lat' dir='ltr'>quia,</span> <span class='ocrx_word' id='word_1_569' title='bbox 1142 3628 1265 3668; x_wconf 91' lang='lat' dir='ltr'>cum</span> <span class='ocrx_word' id='word_1_570' title='bbox 1303 3612 1359 3666; x_wconf 91' lang='lat' dir='ltr'>in</span> <span class='ocrx_word' id='word_1_571' title='bbox 1386 3612 1477 3666; x_wconf 89' lang='lat' dir='ltr'>illo</span> <span class='ocrx_word' id='word_1_572' title='bbox 1509 3611 1657 3683; x_wconf 89' lang='lat' dir='ltr'>[Cod.</span> <span class='ocrx_word' id='word_1_573' title='bbox 1691 3614 1834 3667; x_wconf 86' lang='lat' dir='ltr'>Par-</span> 
     </span>
    </p>
   </div>
   <div class='ocr_carea' id='block_1_70' title="bbox 237 3699 1835 3774">
    <p class='ocr_par' dir='ltr' id='par_1_70' title="bbox 237 3699 1835 3774">
     <span class='ocr_line' id='line_1_70' title="bbox 237 3699 1835 3774; baseline -0.003 -16"><span class='ocrx_word' id='word_1_574' title='bbox 237 3704 313 3769; x_wconf 84' lang='lat' dir='ltr'>ci,</span> <span class='ocrx_word' id='word_1_575' title='bbox 348 3702 499 3774; x_wconf 87' lang='lat' dir='ltr'>illud]</span> <span class='ocrx_word' id='word_1_576' title='bbox 528 3703 714 3758; x_wconf 89' lang='lat' dir='ltr'>nescio</span> <span class='ocrx_word' id='word_1_577' title='bbox 744 3702 867 3774; x_wconf 90' lang='lat' dir='ltr'>quis</span> <span class='ocrx_word' id='word_1_578' title='bbox 904 3710 1148 3756; x_wconf 91' lang='lat' dir='ltr'>mortuus</span> <span class='ocrx_word' id='word_1_579' title='bbox 1196 3700 1497 3772; x_wconf 86' lang='lat' dir='ltr'>projicitur,</span> <span class='ocrx_word' id='word_1_580' title='bbox 1532 3699 1687 3755; x_wconf 89' lang='lat' dir='ltr'>tactis</span> <span class='ocrx_word' id='word_1_581' title='bbox 1718 3701 1835 3768; x_wconf 89' lang='lat' dir='ltr'>ejus</span> 
     </span>
    </p>
   </div>
   <div class='ocr_carea' id='block_1_71' title="bbox 236 3788 1832 3861">
    <p class='ocr_par' dir='ltr' id='par_1_71' title="bbox 236 3788 1832 3861">
     <span class='ocr_line' id='line_1_71' title="bbox 236 3788 1832 3861; baseline -0.002 -17"><span class='ocrx_word' id='word_1_582' title='bbox 236 3791 439 3845; x_wconf 89' lang='lat' dir='ltr'>sanctis</span> <span class='ocrx_word' id='word_1_583' title='bbox 469 3792 685 3846; x_wconf 88' lang='lat' dir='ltr'>ossibus</span> <span class='ocrx_word' id='word_1_584' title='bbox 716 3792 878 3846; x_wconf 87' lang='lat' dir='ltr'>etiam</span> <span class='ocrx_word' id='word_1_585' title='bbox 908 3791 1029 3847; x_wconf 88' lang='lat' dir='ltr'>vitae</span> <span class='ocrx_word' id='word_1_586' title='bbox 1067 3789 1307 3861; x_wconf 77' lang='lat' dir='ltr'>pristinze</span> <span class='ocrx_word' id='word_1_587' title='bbox 1336 3790 1647 3844; x_wconf 89' lang='lat' dir='ltr'>redonatur.</span> <span class='ocrx_word' id='word_1_588' title='bbox 1682 3788 1832 3843; x_wconf 83' lang='lat' dir='ltr'>Reli-</span> 
     </span>
    </p>
   </div>
   <div class='ocr_carea' id='block_1_72' title="bbox 234 3876 1832 3951">
    <p class='ocr_par' dir='ltr' id='par_1_72' title="bbox 234 3876 1832 3951">
     <span class='ocr_line' id='line_1_72' title="bbox 234 3876 1832 3951; baseline -0.001 -19"><span class='ocrx_word' id='word_1_589' title='bbox 234 3879 428 3951; x_wconf 87' lang='lat' dir='ltr'>giosus</span> <span class='ocrx_word' id='word_1_590' title='bbox 449 3896 543 3935; x_wconf 89' lang='lat' dir='ltr'>rex</span> <span class='ocrx_word' id='word_1_591' title='bbox 564 3880 846 3948; x_wconf 88' lang='lat' dir='ltr'>Ezechias,</span> <span class='ocrx_word' id='word_1_592' title='bbox 870 3880 925 3934; x_wconf 91' lang='lat' dir='ltr'>in</span> <span class='ocrx_word' id='word_1_593' title='bbox 946 3879 1309 3950; x_wconf 90' lang='lat' dir='ltr'>promissione</span> <span class='ocrx_word' id='word_1_594' title='bbox 1340 3893 1371 3932; x_wconf 91' lang='lat' dir='ltr'>a</span> <span class='ocrx_word' id='word_1_595' title='bbox 1396 3878 1661 3948; x_wconf 87' lang='lat' dir='ltr'>propheta</span> <span class='ocrx_word' id='word_1_596' title='bbox 1690 3876 1832 3932; x_wconf 81' lang='lat' dir='ltr'>acci-</span> 
     </span>
    </p>
   </div>
   <div class='ocr_carea' id='block_1_73' title="bbox 231 3965 1829 4039">
    <p class='ocr_par' dir='ltr' id='par_1_73' title="bbox 231 3965 1829 4039">
     <span class='ocr_line' id='line_1_73' title="bbox 231 3965 1829 4039; baseline -0.002 -18"><span class='ocrx_word' id='word_1_597' title='bbox 231 3967 329 4039; x_wconf 90' lang='lat' dir='ltr'>pit,</span> <span class='ocrx_word' id='word_1_598' title='bbox 364 3968 488 4039; x_wconf 91' lang='lat' dir='ltr'>quia</span> <span class='ocrx_word' id='word_1_599' title='bbox 518 3969 664 4039; x_wconf 92' lang='lat' dir='ltr'>quod</span> <span class='ocrx_word' id='word_1_600' title='bbox 690 3969 758 4023; x_wconf 90' lang='lat' dir='ltr'>de</span> <span class='ocrx_word' id='word_1_601' title='bbox 788 3968 928 4023; x_wconf 91' lang='lat' dir='ltr'>Juda</span> <span class='ocrx_word' id='word_1_602' title='bbox 968 3968 1218 4033; x_wconf 88' lang='lat' dir='ltr'>salvatur,</span> <span class='ocrx_word' id='word_1_603' title='bbox 1267 3974 1320 4021; x_wconf 91' lang='lat' dir='ltr'>et</span> <span class='ocrx_word' id='word_1_604' title='bbox 1370 3966 1512 4037; x_wconf 90' lang='lat' dir='ltr'>quod</span> <span class='ocrx_word' id='word_1_605' title='bbox 1563 3965 1829 4036; x_wconf 91' lang='lat' dir='ltr'>reliquum</span> 
     </span>
    </p>
   </div>
   <div class='ocr_carea' id='block_1_74' title="bbox 234 4056 1826 4127">
    <p class='ocr_par' dir='ltr' id='par_1_74' title="bbox 234 4056 1826 4127">
     <span class='ocr_line' id='line_1_74' title="bbox 234 4056 1826 4127; baseline -0.003 -16"><span class='ocrx_word' id='word_1_606' title='bbox 234 4064 336 4121; x_wconf 91' lang='lat' dir='ltr'>est,</span> <span class='ocrx_word' id='word_1_607' title='bbox 370 4056 540 4111; x_wconf 88' lang='lat' dir='ltr'>mittet</span> <span class='ocrx_word' id='word_1_608' title='bbox 589 4057 826 4112; x_wconf 91' lang='lat' dir='ltr'>radicem</span> <span class='ocrx_word' id='word_1_609' title='bbox 873 4058 1128 4111; x_wconf 90' lang='lat' dir='ltr'>deorsum</span> <span class='ocrx_word' id='word_1_610' title='bbox 1176 4056 1274 4127; x_wconf 89' lang='lat' dir='ltr'>(IV</span> <span class='ocrx_word' id='word_1_611' title='bbox 1309 4057 1435 4126; x_wconf 87' lang='lat' dir='ltr'>Reg.</span> <span class='ocrx_word' id='word_1_612' title='bbox 1467 4056 1612 4124; x_wconf 79' lang='lat' dir='ltr'>x1x),</span> <span class='ocrx_word' id='word_1_613' title='bbox 1648 4070 1826 4125; x_wconf 91' lang='lat' dir='ltr'>quan-</span> 
     </span>
    </p>
   </div>
   <div class='ocr_carea' id='block_1_75' title="bbox 232 4141 1827 4217">
    <p class='ocr_par' dir='ltr' id='par_1_75' title="bbox 232 4141 1827 4217">
     <span class='ocr_line' id='line_1_75' title="bbox 232 4141 1827 4217; baseline -0.004 -16"><span class='ocrx_word' id='word_1_614' title='bbox 232 4153 346 4201; x_wconf 91' lang='lat' dir='ltr'>tum</span> <span class='ocrx_word' id='word_1_615' title='bbox 394 4145 464 4200; x_wconf 90' lang='lat' dir='ltr'>ad</span> <span class='ocrx_word' id='word_1_616' title='bbox 503 4146 771 4200; x_wconf 88' lang='lat' dir='ltr'>occultum</span> <span class='ocrx_word' id='word_1_617' title='bbox 816 4146 1032 4201; x_wconf 72' lang='lat' dir='ltr'>mundze</span> <span class='ocrx_word' id='word_1_618' title='bbox 1079 4143 1462 4217; x_wconf 88' lang='lat' dir='ltr'>cogitationis;</span> <span class='ocrx_word' id='word_1_619' title='bbox 1499 4151 1551 4197; x_wconf 91' lang='lat' dir='ltr'>et</span> <span class='ocrx_word' id='word_1_620' title='bbox 1596 4141 1827 4197; x_wconf 88' lang='lat' dir='ltr'>fructum</span> 
     </span>
    </p>
   </div>
   <div class='ocr_carea' id='block_1_76' title="bbox 1947 3169 3544 3241">
    <p class='ocr_par' dir='ltr' id='par_1_76' title="bbox 1947 3169 3544 3241">
     <span class='ocr_line' id='line_1_76' title="bbox 1947 3169 3544 3241; baseline -0.003 -14"><span class='ocrx_word' id='word_1_621' title='bbox 1947 3180 1999 3227; x_wconf 91' lang='lat' dir='ltr'>et</span> <span class='ocrx_word' id='word_1_622' title='bbox 2028 3173 2325 3227; x_wconf 89' lang='lat' dir='ltr'>vendentes</span> <span class='ocrx_word' id='word_1_623' title='bbox 2346 3171 2519 3240; x_wconf 87' lang='lat' dir='ltr'>ejiciat</span> <span class='ocrx_word' id='word_1_624' title='bbox 2548 3171 2616 3226; x_wconf 89' lang='lat' dir='ltr'>de</span> <span class='ocrx_word' id='word_1_625' title='bbox 2666 3170 2888 3241; x_wconf 89' lang='lat' dir='ltr'>templo,</span> <span class='ocrx_word' id='word_1_626' title='bbox 2942 3169 3207 3225; x_wconf 91' lang='lat' dir='ltr'>dicendo:</span> <span class='ocrx_word' id='word_1_627' title='bbox 3268 3170 3544 3236; x_wconf 82' lang='lat' dir='ltr'>Quoniam</span> 
     </span>
    </p>
   </div>
   <div class='ocr_carea' id='block_1_77' title="bbox 1944 3256 3544 3328">
    <p class='ocr_par' dir='ltr' id='par_1_77' title="bbox 1944 3256 3544 3328">
     <span class='ocr_line' id='line_1_77' title="bbox 1944 3256 3544 3328; baseline -0.003 -12"><span class='ocrx_word' id='word_1_628' title='bbox 1944 3263 2099 3317; x_wconf 77' lang='lat' dir='ltr'>zelus</span> <span class='ocrx_word' id='word_1_629' title='bbox 2131 3261 2327 3316; x_wconf 87' lang='lat' dir='ltr'>domus</span> <span class='ocrx_word' id='word_1_630' title='bbox 2363 3264 2476 3316; x_wconf 72' lang='lat' dir='ltr'>tum</span> <span class='ocrx_word' id='word_1_631' title='bbox 2505 3258 2748 3315; x_wconf 80' lang='lat' dir='ltr'>comedit</span> <span class='ocrx_word' id='word_1_632' title='bbox 2778 3275 2869 3314; x_wconf 87' lang='lat' dir='ltr'>me</span> <span class='ocrx_word' id='word_1_633' title='bbox 2898 3258 3082 3328; x_wconf 87' lang='lat' dir='ltr'>(Joan.</span> <span class='ocrx_word' id='word_1_634' title='bbox 3114 3272 3173 3324; x_wconf 90' lang='grc' dir='ltr'>ιι,</span> <span class='ocrx_word' id='word_1_635' title='bbox 3211 3260 3319 3326; x_wconf 86' lang='grc'>17).</span> <span class='ocrx_word' id='word_1_636' title='bbox 3350 3256 3544 3311; x_wconf 89' lang='lat' dir='ltr'>Daniel</span> 
     </span>
    </p>
   </div>
   <div class='ocr_carea' id='block_1_78' title="bbox 1944 3344 3545 3415">
    <p class='ocr_par' dir='ltr' id='par_1_78' title="bbox 1944 3344 3545 3415">
     <span class='ocr_line' id='line_1_78' title="bbox 1944 3344 3545 3415; baseline -0.004 -10"><span class='ocrx_word' id='word_1_637' title='bbox 1944 3365 2066 3405; x_wconf 89' lang='lat' dir='ltr'>cum</span> <span class='ocrx_word' id='word_1_638' title='bbox 2098 3349 2273 3403; x_wconf 91' lang='lat' dir='ltr'>tribus</span> <span class='ocrx_word' id='word_1_639' title='bbox 2302 3348 2466 3404; x_wconf 91' lang='lat' dir='ltr'>sociis</span> <span class='ocrx_word' id='word_1_640' title='bbox 2497 3347 2610 3402; x_wconf 91' lang='lat' dir='ltr'>suis</span> <span class='ocrx_word' id='word_1_641' title='bbox 2639 3346 2873 3402; x_wconf 91' lang='lat' dir='ltr'>abstinet</span> <span class='ocrx_word' id='word_1_642' title='bbox 2900 3346 2967 3399; x_wconf 87' lang='lat' dir='ltr'>ab</span> <span class='ocrx_word' id='word_1_643' title='bbox 2991 3362 3057 3399; x_wconf 91' lang='lat' dir='ltr'>eo</span> <span class='ocrx_word' id='word_1_644' title='bbox 3089 3344 3235 3415; x_wconf 91' lang='lat' dir='ltr'>quod</span> <span class='ocrx_word' id='word_1_645' title='bbox 3267 3361 3432 3399; x_wconf 90' lang='lat' dir='ltr'>suave</span> <span class='ocrx_word' id='word_1_646' title='bbox 3462 3353 3545 3399; x_wconf 89' lang='lat' dir='ltr'>est</span> 
     </span>
    </p>
   </div>
   <div class='ocr_carea' id='block_1_79' title="bbox 1941 3432 3539 3508">
    <p class='ocr_par' dir='ltr' id='par_1_79' title="bbox 1941 3432 3539 3508">
     <span class='ocr_line' id='line_1_79' title="bbox 1941 3432 3539 3508; baseline -0.003 -16"><span class='ocrx_word' id='word_1_647' title='bbox 1941 3437 2136 3506; x_wconf 90' lang='lat' dir='ltr'>ventri,</span> <span class='ocrx_word' id='word_1_648' title='bbox 2169 3445 2225 3491; x_wconf 90' lang='lat' dir='ltr'>ut</span> <span class='ocrx_word' id='word_1_649' title='bbox 2242 3436 2311 3491; x_wconf 92' lang='lat' dir='ltr'>ad</span> <span class='ocrx_word' id='word_1_650' title='bbox 2340 3436 2393 3490; x_wconf 89' lang='lat' dir='ltr'>id</span> <span class='ocrx_word' id='word_1_651' title='bbox 2414 3435 2727 3508; x_wconf 89' lang='lat' dir='ltr'>pertingere</span> <span class='ocrx_word' id='word_1_652' title='bbox 2782 3434 2956 3506; x_wconf 90' lang='lat' dir='ltr'>possit</span> <span class='ocrx_word' id='word_1_653' title='bbox 2987 3433 3131 3504; x_wconf 91' lang='lat' dir='ltr'>quod</span> <span class='ocrx_word' id='word_1_654' title='bbox 3161 3447 3271 3487; x_wconf 90' lang='lat' dir='ltr'>non</span> <span class='ocrx_word' id='word_1_655' title='bbox 3323 3432 3539 3487; x_wconf 86' lang='lat' dir='ltr'>fallaci-</span> 
     </span>
    </p>
   </div>
   <div class='ocr_carea' id='block_1_80' title="bbox 1941 3520 3535 3594">
    <p class='ocr_par' dir='ltr' id='par_1_80' title="bbox 1941 3520 3535 3594">
     <span class='ocr_line' id='line_1_80' title="bbox 1941 3520 3535 3594; baseline -0.004 -14"><span class='ocrx_word' id='word_1_656' title='bbox 1941 3534 2021 3581; x_wconf 89' lang='lat' dir='ltr'>ter</span> <span class='ocrx_word' id='word_1_657' title='bbox 2050 3525 2207 3581; x_wconf 88' lang='lat' dir='ltr'>dulce</span> <span class='ocrx_word' id='word_1_658' title='bbox 2235 3532 2318 3580; x_wconf 92' lang='lat' dir='ltr'>est</span> <span class='ocrx_word' id='word_1_659' title='bbox 2346 3524 2511 3579; x_wconf 90' lang='lat' dir='ltr'>menti</span> <span class='ocrx_word' id='word_1_660' title='bbox 2538 3543 2551 3591; x_wconf 91' lang='lat'><strong>;</strong></span> <span class='ocrx_word' id='word_1_661' title='bbox 2584 3524 2782 3594; x_wconf 87' lang='lat' dir='ltr'>dignus</span> <span class='ocrx_word' id='word_1_662' title='bbox 2825 3522 3050 3578; x_wconf 76' lang='lat' dir='ltr'>effectus</span> <span class='ocrx_word' id='word_1_663' title='bbox 3078 3528 3292 3587; x_wconf 89' lang='lat' dir='ltr'>extunc,</span> <span class='ocrx_word' id='word_1_664' title='bbox 3354 3520 3535 3590; x_wconf 89' lang='lat' dir='ltr'>perci-</span> 
     </span>
    </p>
   </div>
   <div class='ocr_carea' id='block_1_81' title="bbox 1938 3607 3530 3685">
    <p class='ocr_par' dir='ltr' id='par_1_81' title="bbox 1938 3607 3530 3685">
     <span class='ocr_line' id='line_1_81' title="bbox 1938 3607 3530 3685; baseline -0.004 -18"><span class='ocrx_word' id='word_1_665' title='bbox 1938 3630 2069 3683; x_wconf 88' lang='lat' dir='ltr'>pere</span> <span class='ocrx_word' id='word_1_666' title='bbox 2098 3612 2512 3685; x_wconf 88' lang='lat' dir='ltr'>intelligentiam</span> <span class='ocrx_word' id='word_1_667' title='bbox 2551 3611 2792 3667; x_wconf 90' lang='lat' dir='ltr'>omnium</span> <span class='ocrx_word' id='word_1_668' title='bbox 2812 3611 3080 3667; x_wconf 89' lang='lat' dir='ltr'>visionum</span> <span class='ocrx_word' id='word_1_669' title='bbox 3100 3617 3152 3663; x_wconf 90' lang='lat' dir='ltr'>et</span> <span class='ocrx_word' id='word_1_670' title='bbox 3174 3607 3530 3663; x_wconf 88' lang='lat' dir='ltr'>somniorum.</span> 
     </span>
    </p>
   </div>
   <div class='ocr_carea' id='block_1_82' title="bbox 1935 3695 3534 3770">
    <p class='ocr_par' dir='ltr' id='par_1_82' title="bbox 1935 3695 3534 3770">
     <span class='ocr_line' id='line_1_82' title="bbox 1935 3695 3534 3770; baseline -0.004 -14"><span class='ocrx_word' id='word_1_671' title='bbox 1935 3703 2059 3756; x_wconf 89' lang='lat' dir='ltr'>Non</span> <span class='ocrx_word' id='word_1_672' title='bbox 2089 3702 2265 3757; x_wconf 89' lang='lat' dir='ltr'>solum</span> <span class='ocrx_word' id='word_1_673' title='bbox 2294 3709 2509 3766; x_wconf 91' lang='lat' dir='ltr'>autem,</span> <span class='ocrx_word' id='word_1_674' title='bbox 2545 3701 2640 3755; x_wconf 93' lang='lat' dir='ltr'>sed</span> <span class='ocrx_word' id='word_1_675' title='bbox 2681 3708 2733 3755; x_wconf 91' lang='lat' dir='ltr'>et</span> <span class='ocrx_word' id='word_1_676' title='bbox 2789 3715 2953 3770; x_wconf 90' lang='lat' dir='ltr'>super</span> <span class='ocrx_word' id='word_1_677' title='bbox 2982 3697 3203 3753; x_wconf 86' lang='lat' dir='ltr'>ﬂumina</span> <span class='ocrx_word' id='word_1_678' title='bbox 3240 3695 3534 3766; x_wconf 84' lang='lat' dir='ltr'>Babylonis</span> 
     </span>
    </p>
   </div>
   <div class='ocr_carea' id='block_1_83' title="bbox 1936 3783 3539 3859">
    <p class='ocr_par' dir='ltr' id='par_1_83' title="bbox 1936 3783 3539 3859">
     <span class='ocr_line' id='line_1_83' title="bbox 1936 3783 3539 3859; baseline -0.004 -14"><span class='ocrx_word' id='word_1_679' title='bbox 1936 3790 2155 3855; x_wconf 91' lang='lat' dir='ltr'>sedens,</span> <span class='ocrx_word' id='word_1_680' title='bbox 2181 3798 2232 3844; x_wconf 89' lang='lat' dir='ltr'>et</span> <span class='ocrx_word' id='word_1_681' title='bbox 2262 3790 2316 3844; x_wconf 92' lang='lat' dir='ltr'>in</span> <span class='ocrx_word' id='word_1_682' title='bbox 2346 3789 2723 3845; x_wconf 90' lang='lat' dir='ltr'>recordatione</span> <span class='ocrx_word' id='word_1_683' title='bbox 2754 3803 3008 3859; x_wconf 79' lang='lat' dir='ltr'>supernae</span> <span class='ocrx_word' id='word_1_684' title='bbox 3038 3786 3168 3840; x_wconf 90' lang='lat' dir='ltr'>Sion</span> <span class='ocrx_word' id='word_1_685' title='bbox 3198 3784 3352 3853; x_wconf 86' lang='lat' dir='ltr'>ﬂens,</span> <span class='ocrx_word' id='word_1_686' title='bbox 3387 3783 3539 3839; x_wconf 87' lang='lat' dir='ltr'>fene-</span> 
     </span>
    </p>
   </div>
   <div class='ocr_carea' id='block_1_84' title="bbox 1935 3874 3530 3947">
    <p class='ocr_par' dir='ltr' id='par_1_84' title="bbox 1935 3874 3530 3947">
     <span class='ocr_line' id='line_1_84' title="bbox 1935 3874 3530 3947; baseline -0.003 -15"><span class='ocrx_word' id='word_1_687' title='bbox 1935 3879 2058 3933; x_wconf 90' lang='lat' dir='ltr'>stris</span> <span class='ocrx_word' id='word_1_688' title='bbox 2088 3879 2270 3934; x_wconf 90' lang='lat' dir='ltr'>cordis</span> <span class='ocrx_word' id='word_1_689' title='bbox 2299 3878 2381 3933; x_wconf 88' lang='lat' dir='ltr'>sui</span> <span class='ocrx_word' id='word_1_690' title='bbox 2433 3878 2503 3932; x_wconf 91' lang='lat' dir='ltr'>ad</span> <span class='ocrx_word' id='word_1_691' title='bbox 2540 3878 2713 3933; x_wconf 89' lang='lat' dir='ltr'>Deum</span> <span class='ocrx_word' id='word_1_692' title='bbox 2735 3876 2957 3947; x_wconf 89' lang='lat' dir='ltr'>apertis,</span> <span class='ocrx_word' id='word_1_693' title='bbox 2972 3875 3147 3929; x_wconf 90' lang='lat' dir='ltr'>tribus</span> <span class='ocrx_word' id='word_1_694' title='bbox 3169 3874 3377 3928; x_wconf 87' lang='lat' dir='ltr'>vicibus</span> <span class='ocrx_word' id='word_1_695' title='bbox 3408 3882 3530 3928; x_wconf 89' lang='lat' dir='ltr'>orat</span> 
     </span>
    </p>
   </div>
   <div class='ocr_carea' id='block_1_85' title="bbox 1932 3961 3530 4036">
    <p class='ocr_par' dir='ltr' id='par_1_85' title="bbox 1932 3961 3530 4036">
     <span class='ocr_line' id='line_1_85' title="bbox 1932 3961 3530 4036; baseline -0.004 -15"><span class='ocrx_word' id='word_1_696' title='bbox 1932 3967 1987 4021; x_wconf 91' lang='lat' dir='ltr'>in</span> <span class='ocrx_word' id='word_1_697' title='bbox 2015 3967 2102 4022; x_wconf 92' lang='lat' dir='ltr'>die</span> <span class='ocrx_word' id='word_1_698' title='bbox 2132 3975 2319 4023; x_wconf 90' lang='lat' dir='ltr'>contra</span> <span class='ocrx_word' id='word_1_699' title='bbox 2345 3966 2649 4022; x_wconf 87' lang='lat' dir='ltr'>Jerusalem</span> <span class='ocrx_word' id='word_1_700' title='bbox 2683 3985 2695 4032; x_wconf 89' lang='lat'><strong>;</strong></span> <span class='ocrx_word' id='word_1_701' title='bbox 2729 3966 3013 4036; x_wconf 89' lang='lat' dir='ltr'>suspirans</span> <span class='ocrx_word' id='word_1_702' title='bbox 3040 3963 3096 4017; x_wconf 93' lang='lat' dir='ltr'>in</span> <span class='ocrx_word' id='word_1_703' title='bbox 3126 3979 3255 4019; x_wconf 89' lang='lat' dir='ltr'>vera</span> <span class='ocrx_word' id='word_1_704' title='bbox 3309 3961 3530 4032; x_wconf 89' lang='lat' dir='ltr'>spiritus</span> 
     </span>
    </p>
   </div>
   <div class='ocr_carea' id='block_1_86' title="bbox 1932 4049 3524 4123">
    <p class='ocr_par' dir='ltr' id='par_1_86' title="bbox 1932 4049 3524 4123">
     <span class='ocr_line' id='line_1_86' title="bbox 1932 4049 3524 4123; baseline -0.004 -14"><span class='ocrx_word' id='word_1_705' title='bbox 1932 4055 2013 4109; x_wconf 90' lang='lat' dir='ltr'>sui</span> <span class='ocrx_word' id='word_1_706' title='bbox 2047 4056 2312 4123; x_wconf 86' lang='lat' dir='ltr'>claritate,</span> <span class='ocrx_word' id='word_1_707' title='bbox 2348 4062 2399 4109; x_wconf 86' lang='lat' dir='ltr'>et</span> <span class='ocrx_word' id='word_1_708' title='bbox 2424 4054 2491 4109; x_wconf 93' lang='lat' dir='ltr'>ad</span> <span class='ocrx_word' id='word_1_709' title='bbox 2522 4054 2868 4109; x_wconf 88' lang='lat' dir='ltr'>securitatem</span> <span class='ocrx_word' id='word_1_710' title='bbox 2896 4068 3143 4123; x_wconf 88' lang='lat' dir='ltr'>supernae</span> <span class='ocrx_word' id='word_1_711' title='bbox 3172 4050 3342 4121; x_wconf 90' lang='lat' dir='ltr'>pacis,</span> <span class='ocrx_word' id='word_1_712' title='bbox 3376 4058 3427 4104; x_wconf 91' lang='lat' dir='ltr'>et</span> <span class='ocrx_word' id='word_1_713' title='bbox 3455 4049 3524 4103; x_wconf 91' lang='lat' dir='ltr'>ad</span> 
     </span>
    </p>
   </div>
   <div class='ocr_carea' id='block_1_87' title="bbox 1912 4136 3521 4208">
    <p class='ocr_par' dir='ltr' id='par_1_87' title="bbox 1912 4136 3521 4208">
     <span class='ocr_line' id='line_1_87' title="bbox 1912 4136 3521 4208; baseline -0.003 -12"><span class='ocrx_word' id='word_1_714' title='bbox 1912 4136 2144 4198; x_wconf 80' lang='lat' dir='ltr'>beatam</span> <span class='ocrx_word' id='word_1_715' title='bbox 2174 4151 2225 4197; x_wconf 90' lang='lat' dir='ltr'>et</span> <span class='ocrx_word' id='word_1_716' title='bbox 2248 4141 2642 4198; x_wconf 87' lang='lat' dir='ltr'>beatificantem</span> <span class='ocrx_word' id='word_1_717' title='bbox 2682 4142 2948 4195; x_wconf 90' lang='lat' dir='ltr'>visionem</span> <span class='ocrx_word' id='word_1_718' title='bbox 3007 4140 3353 4208; x_wconf 66' lang='lat' dir='ltr'>sempiterna:</span> <span class='ocrx_word' id='word_1_719' title='bbox 3406 4137 3521 4191; x_wconf 85' lang='lat' dir='ltr'>Tri-</span> 
     </span>
    </p>
   </div>
   <div class='ocr_carea' id='block_1_88' title="bbox 233 4224 3510 4306">
    <p class='ocr_par' dir='ltr' id='par_1_88' title="bbox 233 4224 3510 4306">
     <span class='ocr_line' id='line_1_88' title="bbox 233 4224 3510 4306; baseline -0.003 -18"><span class='ocrx_word' id='word_1_720' title='bbox 233 4233 396 4289; x_wconf 87' lang='lat' dir='ltr'>faciet</span> <span class='ocrx_word' id='word_1_721' title='bbox 426 4250 658 4301; x_wconf 89' lang='lat' dir='ltr'>sursum,</span> <span class='ocrx_word' id='word_1_722' title='bbox 695 4243 954 4306; x_wconf 89' lang='lat' dir='ltr'>quantum</span> <span class='ocrx_word' id='word_1_723' title='bbox 982 4234 1050 4287; x_wconf 92' lang='lat' dir='ltr'>ad</span> <span class='ocrx_word' id='word_1_724' title='bbox 1079 4232 1355 4303; x_wconf 88' lang='lat' dir='ltr'>publicum</span> <span class='ocrx_word' id='word_1_725' title='bbox 1385 4230 1623 4302; x_wconf 65' lang='lat' dir='ltr'>egregia:</span> <span class='ocrx_word' id='word_1_726' title='bbox 1653 4230 1851 4285; x_wconf 61' lang='lat' dir='ltr'>actio-t</span> <span class='ocrx_word' id='word_1_727' title='bbox 1926 4232 2124 4286; x_wconf 85' lang='lat' dir='ltr'>uitatis.</span> <span class='ocrx_word' id='word_1_728' title='bbox 2144 4234 2416 4302; x_wconf 74' lang='lat' dir='ltr'>Praeparat</span> <span class='ocrx_word' id='word_1_729' title='bbox 2437 4246 2531 4286; x_wconf 89' lang='lat' dir='ltr'>cor</span> <span class='ocrx_word' id='word_1_730' title='bbox 2561 4246 2715 4284; x_wconf 91' lang='lat' dir='ltr'>suum</span> <span class='ocrx_word' id='word_1_731' title='bbox 2734 4229 2935 4284; x_wconf 85' lang='lat' dir='ltr'>Esdras</span> <span class='ocrx_word' id='word_1_732' title='bbox 2957 4228 3139 4283; x_wconf 87' lang='lat' dir='ltr'>scriba</span> <span class='ocrx_word' id='word_1_733' title='bbox 3161 4224 3510 4280; x_wconf 90' lang='lat' dir='ltr'>doctissimus</span> 
     </span>
    </p>
   </div>
   <div class='ocr_carea' id='block_1_89' title="bbox 228 4318 1823 4393">
    <p class='ocr_par' dir='ltr' id='par_1_89' title="bbox 228 4318 1823 4393">
     <span class='ocr_line' id='line_1_89' title="bbox 228 4318 1823 4393; baseline -0.002 -18"><span class='ocrx_word' id='word_1_734' title='bbox 228 4321 337 4375; x_wconf 84' lang='lat' dir='ltr'>nis.</span> <span class='ocrx_word' id='word_1_735' title='bbox 372 4321 476 4389; x_wconf 83' lang='lat' dir='ltr'>Qui</span> <span class='ocrx_word' id='word_1_736' title='bbox 505 4322 667 4377; x_wconf 87' lang='lat' dir='ltr'>etiam</span> <span class='ocrx_word' id='word_1_737' title='bbox 695 4323 762 4377; x_wconf 89' lang='lat' dir='ltr'>ad</span> <span class='ocrx_word' id='word_1_738' title='bbox 800 4330 1148 4393; x_wconf 86' lang='lat' dir='ltr'>peccatorum</span> <span class='ocrx_word' id='word_1_739' title='bbox 1191 4336 1408 4376; x_wconf 90' lang='lat' dir='ltr'>suorum</span> <span class='ocrx_word' id='word_1_740' title='bbox 1455 4319 1546 4390; x_wconf 90' lang='lat' dir='ltr'>qui</span> <span class='ocrx_word' id='word_1_741' title='bbox 1574 4318 1714 4373; x_wconf 89' lang='lat' dir='ltr'>inter</span> <span class='ocrx_word' id='word_1_742' title='bbox 1744 4318 1823 4388; x_wconf 91' lang='lat' dir='ltr'>ip-</span> 
     </span>
    </p>
   </div>
   <div class='ocr_carea' id='block_1_90' title="bbox 1929 4314 3512 4390">
    <p class='ocr_par' dir='ltr' id='par_1_90' title="bbox 1929 4314 3512 4390">
     <span class='ocr_line' id='line_1_90' title="bbox 1929 4314 3512 4390; baseline -0.006 -15"><span class='ocrx_word' id='word_1_743' title='bbox 1929 4328 1979 4375; x_wconf 88' lang='lat' dir='ltr'>et</span> <span class='ocrx_word' id='word_1_744' title='bbox 1998 4336 2122 4389; x_wconf 86' lang='lat' dir='ltr'>vox,</span> <span class='ocrx_word' id='word_1_745' title='bbox 2145 4328 2202 4374; x_wconf 91' lang='lat' dir='ltr'>ut</span> <span class='ocrx_word' id='word_1_746' title='bbox 2222 4319 2509 4390; x_wconf 88' lang='lat' dir='ltr'>investiget</span> <span class='ocrx_word' id='word_1_747' title='bbox 2535 4318 2715 4389; x_wconf 86' lang='lat' dir='ltr'>legem</span> <span class='ocrx_word' id='word_1_748' title='bbox 2745 4315 2962 4371; x_wconf 92' lang='lat' dir='ltr'>Domini</span> <span class='ocrx_word' id='word_1_749' title='bbox 2990 4317 3039 4387; x_wconf 93' lang='lat' dir='ltr'><strong><em>(l</em></strong></span> <span class='ocrx_word' id='word_1_750' title='bbox 3064 4316 3223 4370; x_wconf 87' lang='lat' dir='ltr'>Esdr.</span> <span class='ocrx_word' id='word_1_751' title='bbox 3256 4329 3352 4381; x_wconf 84' lang='lat' dir='ltr'>vn,</span> <span class='ocrx_word' id='word_1_752' title='bbox 3403 4314 3512 4383; x_wconf 89' lang='grc'>10),</span> 
     </span>
    </p>
   </div>
   <div class='ocr_carea' id='block_1_91' title="bbox 232 4399 3515 4480">
    <p class='ocr_par' dir='ltr' id='par_1_91' title="bbox 232 4399 3515 4480">
     <span class='ocr_line' id='line_1_91' title="bbox 232 4399 3515 4480; baseline -0.002 -17"><span class='ocrx_word' id='word_1_753' title='bbox 232 4426 353 4463; x_wconf 91' lang='lat' dir='ltr'>sum</span> <span class='ocrx_word' id='word_1_754' title='bbox 387 4417 439 4463; x_wconf 90' lang='lat' dir='ltr'>et</span> <span class='ocrx_word' id='word_1_755' title='bbox 468 4410 643 4465; x_wconf 90' lang='lat' dir='ltr'>Deum</span> <span class='ocrx_word' id='word_1_756' title='bbox 695 4410 887 4465; x_wconf 89' lang='lat' dir='ltr'>dividit</span> <span class='ocrx_word' id='word_1_757' title='bbox 928 4410 1209 4480; x_wconf 85' lang='lat' dir='ltr'>parietem,</span> <span class='ocrx_word' id='word_1_758' title='bbox 1260 4415 1586 4464; x_wconf 91' lang='lat' dir='ltr'>convertens</span> <span class='ocrx_word' id='word_1_759' title='bbox 1630 4399 1893 4461; x_wconf 84' lang='lat' dir='ltr'>faciemD</span> <span class='ocrx_word' id='word_1_760' title='bbox 1922 4408 2124 4465; x_wconf 88' lang='lat' dir='ltr'>faciens</span> <span class='ocrx_word' id='word_1_761' title='bbox 2182 4416 2235 4463; x_wconf 88' lang='lat' dir='ltr'>et</span> <span class='ocrx_word' id='word_1_762' title='bbox 2282 4408 2486 4463; x_wconf 90' lang='lat' dir='ltr'>docens</span> <span class='ocrx_word' id='word_1_763' title='bbox 2542 4413 2876 4477; x_wconf 57' lang='lat' dir='ltr'>prmceptum</span> <span class='ocrx_word' id='word_1_764' title='bbox 2942 4405 2999 4459; x_wconf 92' lang='lat' dir='ltr'>in</span> <span class='ocrx_word' id='word_1_765' title='bbox 3053 4402 3220 4458; x_wconf 89' lang='lat' dir='ltr'>Israel</span> <span class='ocrx_word' id='word_1_766' title='bbox 3268 4411 3319 4457; x_wconf 91' lang='lat' dir='ltr'>et</span> <span class='ocrx_word' id='word_1_767' title='bbox 3364 4402 3515 4470; x_wconf 90' lang='lat' dir='ltr'>judi-</span> 
     </span>
    </p>
   </div>
   <div class='ocr_carea' id='block_1_92' title="bbox 229 4493 1820 4568">
    <p class='ocr_par' dir='ltr' id='par_1_92' title="bbox 229 4493 1820 4568">
     <span class='ocr_line' id='line_1_92' title="bbox 229 4493 1820 4568; baseline -0.002 -18"><span class='ocrx_word' id='word_1_768' title='bbox 229 4497 323 4565; x_wconf 79' lang='lat' dir='ltr'>(Il’</span> <span class='ocrx_word' id='word_1_769' title='bbox 348 4498 473 4568; x_wconf 89' lang='lat' dir='ltr'>Reg.</span> <span class='ocrx_word' id='word_1_770' title='bbox 499 4513 601 4567; x_wconf 83' lang='lat' dir='ltr'>xx,</span> <span class='ocrx_word' id='word_1_771' title='bbox 633 4502 708 4567; x_wconf 74' lang='lat'>2),</span> <span class='ocrx_word' id='word_1_772' title='bbox 743 4498 873 4554; x_wconf 91' lang='lat' dir='ltr'>dicit</span> <span class='ocrx_word' id='word_1_773' title='bbox 904 4498 1054 4568; x_wconf 91' lang='lat' dir='ltr'>prius</span> <span class='ocrx_word' id='word_1_774' title='bbox 1086 4496 1394 4568; x_wconf 90' lang='lat' dir='ltr'>iniquitates</span> <span class='ocrx_word' id='word_1_775' title='bbox 1424 4510 1549 4549; x_wconf 90' lang='lat' dir='ltr'>suas</span> <span class='ocrx_word' id='word_1_776' title='bbox 1580 4502 1635 4547; x_wconf 91' lang='lat' dir='ltr'>ut</span> <span class='ocrx_word' id='word_1_777' title='bbox 1660 4493 1820 4563; x_wconf 90' lang='lat' dir='ltr'>justi-</span> 
     </span>
    </p>
   </div>
   <div class='ocr_carea' id='block_1_93' title="bbox 224 4583 1822 4656">
    <p class='ocr_par' dir='ltr' id='par_1_93' title="bbox 224 4583 1822 4656">
     <span class='ocr_line' id='line_1_93' title="bbox 224 4583 1822 4656; baseline -0.001 -18"><span class='ocrx_word' id='word_1_778' title='bbox 224 4583 418 4640; x_wconf 83' lang='lat' dir='ltr'>ﬁcetur</span> <span class='ocrx_word' id='word_1_779' title='bbox 449 4604 462 4640; x_wconf 88' lang='lat'>:</span> <span class='ocrx_word' id='word_1_780' title='bbox 494 4586 732 4641; x_wconf 88' lang='lat' dir='ltr'>imitatus</span> <span class='ocrx_word' id='word_1_781' title='bbox 759 4587 816 4641; x_wconf 89' lang='lat' dir='ltr'>in</span> <span class='ocrx_word' id='word_1_782' title='bbox 842 4588 946 4641; x_wconf 93' lang='lat' dir='ltr'>hoc</span> <span class='ocrx_word' id='word_1_783' title='bbox 988 4587 1141 4641; x_wconf 91' lang='lat' dir='ltr'>illum</span> <span class='ocrx_word' id='word_1_784' title='bbox 1183 4585 1273 4656; x_wconf 91' lang='lat' dir='ltr'>qui</span> <span class='ocrx_word' id='word_1_785' title='bbox 1305 4585 1377 4639; x_wconf 92' lang='lat' dir='ltr'>ait</span> <span class='ocrx_word' id='word_1_786' title='bbox 1410 4598 1422 4638; x_wconf 91' lang='lat'><strong>:</strong></span> <span class='ocrx_word' id='word_1_787' title='bbox 1455 4584 1822 4655; x_wconf 83' lang='lat' dir='ltr'>Iniquitatem</span> 
     </span>
    </p>
   </div>
   <div class='ocr_carea' id='block_1_94' title="bbox 230 4676 1821 4747">
    <p class='ocr_par' dir='ltr' id='par_1_94' title="bbox 230 4676 1821 4747">
     <span class='ocr_line' id='line_1_94' title="bbox 230 4676 1821 4747; baseline -0.001 -20"><span class='ocrx_word' id='word_1_788' title='bbox 230 4690 415 4728; x_wconf 88' lang='lat' dir='ltr'>meam</span> <span class='ocrx_word' id='word_1_789' title='bbox 437 4690 529 4746; x_wconf 92' lang='lat' dir='ltr'>ego</span> <span class='ocrx_word' id='word_1_790' title='bbox 558 4692 843 4747; x_wconf 74' lang='lat' dir='ltr'>cognosco,</span> <span class='ocrx_word' id='word_1_791' title='bbox 873 4680 929 4732; x_wconf 86' lang='lat' dir='ltr'>et</span> <span class='ocrx_word' id='word_1_792' title='bbox 956 4678 1252 4746; x_wconf 85' lang='lat' dir='ltr'>peccatum</span> <span class='ocrx_word' id='word_1_793' title='bbox 1285 4688 1475 4728; x_wconf 87' lang='lat' dir='ltr'>meum</span> <span class='ocrx_word' id='word_1_794' title='bbox 1510 4676 1711 4727; x_wconf 84' lang='lat' dir='ltr'>contra</span> <span class='ocrx_word' id='word_1_795' title='bbox 1733 4685 1821 4725; x_wconf 86' lang='lat' dir='ltr'>me</span> 
     </span>
    </p>
   </div>
   <div class='ocr_carea' id='block_1_95' title="bbox 227 4761 1821 4835">
    <p class='ocr_par' dir='ltr' id='par_1_95' title="bbox 227 4761 1821 4835">
     <span class='ocr_line' id='line_1_95' title="bbox 227 4761 1821 4835; baseline -0.003 -18"><span class='ocrx_word' id='word_1_796' title='bbox 227 4766 313 4817; x_wconf 87' lang='lat' dir='ltr'>est</span> <span class='ocrx_word' id='word_1_797' title='bbox 330 4779 548 4835; x_wconf 79' lang='lat' dir='ltr'>semper</span> <span class='ocrx_word' id='word_1_798' title='bbox 570 4765 743 4833; x_wconf 85' lang='lat' dir='ltr'>(Psal.</span> <span class='ocrx_word' id='word_1_799' title='bbox 764 4779 819 4831; x_wconf 88' lang='lat' dir='ltr'>L,</span> <span class='ocrx_word' id='word_1_800' title='bbox 842 4765 915 4834; x_wconf 84' lang='lat'>5).</span> <span class='ocrx_word' id='word_1_801' title='bbox 935 4765 1001 4819; x_wconf 91' lang='lat' dir='ltr'>Et</span> <span class='ocrx_word' id='word_1_802' title='bbox 1018 4763 1141 4817; x_wconf 93' lang='lat' dir='ltr'>ideo</span> <span class='ocrx_word' id='word_1_803' title='bbox 1162 4761 1386 4832; x_wconf 90' lang='lat' dir='ltr'>plorans</span> <span class='ocrx_word' id='word_1_804' title='bbox 1403 4768 1541 4828; x_wconf 90' lang='lat' dir='ltr'>orat,</span> <span class='ocrx_word' id='word_1_805' title='bbox 1576 4768 1628 4813; x_wconf 91' lang='lat' dir='ltr'>et</span> <span class='ocrx_word' id='word_1_806' title='bbox 1658 4775 1821 4813; x_wconf 90' lang='lat' dir='ltr'>orans</span> 
     </span>
    </p>
   </div>
   <div class='ocr_carea' id='block_1_96' title="bbox 225 4848 1816 4923">
    <p class='ocr_par' dir='ltr' id='par_1_96' title="bbox 225 4848 1816 4923">
     <span class='ocr_line' id='line_1_96' title="bbox 225 4848 1816 4923; baseline -0.002 -20"><span class='ocrx_word' id='word_1_807' title='bbox 225 4850 417 4921; x_wconf 90' lang='lat' dir='ltr'>plorat,</span> <span class='ocrx_word' id='word_1_808' title='bbox 442 4860 490 4907; x_wconf 92' lang='lat' dir='ltr'>et</span> <span class='ocrx_word' id='word_1_809' title='bbox 513 4852 722 4907; x_wconf 90' lang='lat' dir='ltr'>diluere</span> <span class='ocrx_word' id='word_1_810' title='bbox 744 4853 967 4907; x_wconf 90' lang='lat' dir='ltr'>studens</span> <span class='ocrx_word' id='word_1_811' title='bbox 989 4859 1211 4923; x_wconf 89' lang='lat' dir='ltr'>peccata</span> <span class='ocrx_word' id='word_1_812' title='bbox 1232 4865 1434 4921; x_wconf 89' lang='lat' dir='ltr'>magna</span> <span class='ocrx_word' id='word_1_813' title='bbox 1452 4865 1650 4918; x_wconf 88' lang='lat' dir='ltr'>magno</span> <span class='ocrx_word' id='word_1_814' title='bbox 1672 4848 1816 4915; x_wconf 83' lang='lat' dir='ltr'>fletu,</span> 
     </span>
    </p>
   </div>
   <div class='ocr_carea' id='block_1_97' title="bbox 224 4937 1819 5011">
    <p class='ocr_par' dir='ltr' id='par_1_97' title="bbox 224 4937 1819 5011">
     <span class='ocr_line' id='line_1_97' title="bbox 224 4937 1819 5011; baseline -0.002 -18"><span class='ocrx_word' id='word_1_815' title='bbox 224 4939 364 4994; x_wconf 88' lang='lat' dir='ltr'>sicut</span> <span class='ocrx_word' id='word_1_816' title='bbox 392 4941 571 5011; x_wconf 90' lang='lat' dir='ltr'>pullus</span> <span class='ocrx_word' id='word_1_817' title='bbox 618 4942 919 4997; x_wconf 86' lang='lat' dir='ltr'>hirundinis</span> <span class='ocrx_word' id='word_1_818' title='bbox 959 4940 1036 4995; x_wconf 89' lang='lat' dir='ltr'>sic</span> <span class='ocrx_word' id='word_1_819' title='bbox 1074 4940 1292 5006; x_wconf 90' lang='lat' dir='ltr'>clamat,</span> <span class='ocrx_word' id='word_1_820' title='bbox 1327 4937 1609 4999; x_wconf 87' lang='lat' dir='ltr'>meditatur</span> <span class='ocrx_word' id='word_1_821' title='bbox 1634 4943 1690 4990; x_wconf 92' lang='lat' dir='ltr'>ut</span> <span class='ocrx_word' id='word_1_822' title='bbox 1720 4950 1819 4991; x_wconf 93' lang='lat' dir='ltr'>co-</span> 
     </span>
    </p>
   </div>
   <div class='ocr_carea' id='block_1_98' title="bbox 228 5027 432 5084">
    <p class='ocr_par' dir='ltr' id='par_1_98' title="bbox 228 5027 432 5084">
     <span class='ocr_line' id='line_1_98' title="bbox 228 5027 432 5084; baseline 0.015 -3"><span class='ocrx_word' id='word_1_823' title='bbox 228 5027 432 5084; x_wconf 89' lang='lat' dir='ltr'>lumba.</span> 
     </span>
    </p>
   </div>
   <div class='ocr_carea' id='block_1_99' title="bbox 738 5098 1312 5157">
    <p class='ocr_par' dir='ltr' id='par_1_99' title="bbox 738 5098 1312 5157">
     <span class='ocr_line' id='line_1_99' title="bbox 738 5098 1312 5157; baseline -0.01 0"><span class='ocrx_word' id='word_1_824' title='bbox 738 5100 1131 5157; x_wconf 86' lang='lat' dir='ltr'>CAPITULUM</span> <span class='ocrx_word' id='word_1_825' title='bbox 1173 5098 1312 5153; x_wconf 75' lang='lat' dir='ltr'><strong>VIII.</strong></span> 
     </span>
    </p>
   </div>
   <div class='ocr_carea' id='block_1_100' title="bbox 225 5186 1818 5260">
    <p class='ocr_par' dir='ltr' id='par_1_100' title="bbox 225 5186 1818 5260">
     <span class='ocr_line' id='line_1_100' title="bbox 225 5186 1818 5260; baseline -0.004 -18"><span class='ocrx_word' id='word_1_826' title='bbox 225 5188 302 5243; x_wconf 90' lang='lat' dir='ltr'>De</span> <span class='ocrx_word' id='word_1_827' title='bbox 318 5189 649 5259; x_wconf 81' lang='lat' dir='ltr'>quibusdam</span> <span class='ocrx_word' id='word_1_828' title='bbox 670 5192 805 5247; x_wconf 82' lang='lat' dir='ltr'>viris</span> <span class='ocrx_word' id='word_1_829' title='bbox 825 5189 1042 5245; x_wconf 77' lang='lat' dir='ltr'>sanctis</span> <span class='ocrx_word' id='word_1_830' title='bbox 1062 5189 1157 5260; x_wconf 87' lang='lat' dir='ltr'>qui</span> <span class='ocrx_word' id='word_1_831' title='bbox 1186 5188 1253 5260; x_wconf 83' lang='lat' dir='ltr'>ab</span> <span class='ocrx_word' id='word_1_832' title='bbox 1282 5186 1425 5240; x_wconf 84' lang='lat' dir='ltr'>Isaia</span> <span class='ocrx_word' id='word_1_833' title='bbox 1445 5187 1685 5260; x_wconf 73' lang='lat' dir='ltr'>fuerunt</span> <span class='ocrx_word' id='word_1_834' title='bbox 1720 5199 1818 5260; x_wconf 64' lang='grc' dir='ltr'>τις-ς</span> 
     </span>
    </p>
   </div>
   <div class='ocr_carea' id='block_1_101' title="bbox 299 5256 1820 5329">
    <p class='ocr_par' dir='ltr' id='par_1_101' title="bbox 299 5256 1820 5329">
     <span class='ocr_line' id='line_1_101' title="bbox 299 5256 1820 5329; baseline -0.005 -16"><span class='ocrx_word' id='word_1_835' title='bbox 299 5256 401 5327; x_wconf 79' lang='lat' dir='ltr'>quc</span> <span class='ocrx_word' id='word_1_836' title='bbox 431 5262 501 5315; x_wconf 86' lang='lat' dir='ltr'>ad</span> <span class='ocrx_word' id='word_1_837' title='bbox 547 5260 854 5325; x_wconf 80' lang='lat' dir='ltr'>Christum,</span> <span class='ocrx_word' id='word_1_838' title='bbox 884 5264 940 5317; x_wconf 91' lang='lat' dir='ltr'>et</span> <span class='ocrx_word' id='word_1_839' title='bbox 987 5256 1426 5329; x_wconf 55' lang='lat' dir='ltr'>de&#39;quibusdam</span> <span class='ocrx_word' id='word_1_840' title='bbox 1461 5256 1554 5325; x_wconf 88' lang='lat' dir='ltr'>qui</span> <span class='ocrx_word' id='word_1_841' title='bbox 1580 5257 1820 5329; x_wconf 67' lang='lat' dir='ltr'>[uerunt</span> 
     </span>
    </p>
   </div>
   <div class='ocr_carea' id='block_1_102' title="bbox 297 5325 1820 5401">
    <p class='ocr_par' dir='ltr' id='par_1_102' title="bbox 297 5325 1820 5401">
     <span class='ocr_line' id='line_1_102' title="bbox 297 5325 1820 5401; baseline -0.003 -17"><span class='ocrx_word' id='word_1_842' title='bbox 297 5325 421 5399; x_wconf 80' lang='lat' dir='ltr'>post</span> <span class='ocrx_word' id='word_1_843' title='bbox 442 5331 746 5387; x_wconf 85' lang='lat' dir='ltr'>adventum</span> <span class='ocrx_word' id='word_1_844' title='bbox 772 5331 998 5398; x_wconf 76' lang='lat' dir='ltr'>Christi,</span> <span class='ocrx_word' id='word_1_845' title='bbox 1031 5325 1277 5401; x_wconf 79' lang='lat' dir='ltr'>qualiter</span> <span class='ocrx_word' id='word_1_846' title='bbox 1316 5342 1419 5398; x_wconf 87' lang='lat' dir='ltr'>per</span> <span class='ocrx_word' id='word_1_847' title='bbox 1468 5340 1557 5381; x_wconf 88' lang='lat' dir='ltr'>eos</span> <span class='ocrx_word' id='word_1_848' title='bbox 1575 5325 1820 5395; x_wconf 89' lang='lat' dir='ltr'>ﬁgurata</span> 
     </span>
    </p>
   </div>
   <div class='ocr_carea' id='block_1_103' title="bbox 307 5401 783 5472">
    <p class='ocr_par' dir='ltr' id='par_1_103' title="bbox 307 5401 783 5472">
     <span class='ocr_line' id='line_1_103' title="bbox 307 5401 783 5472; baseline 0.006 -19"><span class='ocrx_word' id='word_1_849' title='bbox 307 5401 385 5454; x_wconf 89' lang='lat' dir='ltr'>sit</span> <span class='ocrx_word' id='word_1_850' title='bbox 421 5404 575 5472; x_wconf 81' lang='lat' dir='ltr'>quies</span> <span class='ocrx_word' id='word_1_851' title='bbox 605 5405 783 5460; x_wconf 65' lang='lat' dir='ltr'>cellae.</span> 
     </span>
    </p>
   </div>
   <div class='ocr_carea' id='block_1_104' title="bbox 307 5481 1818 5555">
    <p class='ocr_par' dir='ltr' id='par_1_104' title="bbox 307 5481 1818 5555">
     <span class='ocr_line' id='line_1_104' title="bbox 307 5481 1818 5555; baseline -0.009 -7"><span class='ocrx_word' id='word_1_852' title='bbox 307 5492 452 5549; x_wconf 87' lang='lat' dir='ltr'>Vidit</span> <span class='ocrx_word' id='word_1_853' title='bbox 480 5491 645 5546; x_wconf 88' lang='lat' dir='ltr'>Isaias</span> <span class='ocrx_word' id='word_1_854' title='bbox 676 5489 967 5546; x_wconf 89' lang='lat' dir='ltr'>Dominum</span> <span class='ocrx_word' id='word_1_855' title='bbox 997 5486 1278 5542; x_wconf 87' lang='lat' dir='ltr'>sedentem</span> <span class='ocrx_word' id='word_1_856' title='bbox 1299 5499 1462 5555; x_wconf 90' lang='lat' dir='ltr'>super</span> <span class='ocrx_word' id='word_1_857' title='bbox 1492 5481 1689 5537; x_wconf 91' lang='lat' dir='ltr'>solium</span> <span class='ocrx_word' id='word_1_858' title='bbox 1718 5497 1818 5537; x_wconf 86' lang='lat' dir='ltr'>ex-</span> 
     </span>
    </p>
   </div>
   <div class='ocr_carea' id='block_1_105' title="bbox 1922 4490 3513 4564">
    <p class='ocr_par' dir='ltr' id='par_1_105' title="bbox 1922 4490 3513 4564">
     <span class='ocr_line' id='line_1_105' title="bbox 1922 4490 3513 4564; baseline -0.006 -11"><span class='ocrx_word' id='word_1_859' title='bbox 1922 4498 2103 4564; x_wconf 87' lang='lat' dir='ltr'>cium;</span> <span class='ocrx_word' id='word_1_860' title='bbox 2137 4497 2314 4553; x_wconf 91' lang='lat' dir='ltr'>sciens</span> <span class='ocrx_word' id='word_1_861' title='bbox 2373 4494 2575 4551; x_wconf 90' lang='lat' dir='ltr'>animal</span> <span class='ocrx_word' id='word_1_862' title='bbox 2630 4510 2752 4550; x_wconf 91' lang='lat' dir='ltr'>esse</span> <span class='ocrx_word' id='word_1_863' title='bbox 2808 4493 3072 4548; x_wconf 90' lang='lat' dir='ltr'>mundum</span> <span class='ocrx_word' id='word_1_864' title='bbox 3107 4492 3254 4563; x_wconf 89' lang='lat' dir='ltr'>quod</span> <span class='ocrx_word' id='word_1_865' title='bbox 3307 4490 3513 4561; x_wconf 90' lang='lat' dir='ltr'>pariter</span> 
     </span>
    </p>
   </div>
   <div class='ocr_carea' id='block_1_106' title="bbox 1919 4578 3513 4657">
    <p class='ocr_par' dir='ltr' id='par_1_106' title="bbox 1919 4578 3513 4657">
     <span class='ocr_line' id='line_1_106' title="bbox 1919 4578 3513 4657; baseline -0.005 -17"><span class='ocrx_word' id='word_1_866' title='bbox 1919 4586 2148 4641; x_wconf 89' lang='lat' dir='ltr'>ruminat</span> <span class='ocrx_word' id='word_1_867' title='bbox 2177 4594 2230 4640; x_wconf 92' lang='lat' dir='ltr'>et</span> <span class='ocrx_word' id='word_1_868' title='bbox 2256 4584 2517 4657; x_wconf 87' lang='lat' dir='ltr'>ungulam</span> <span class='ocrx_word' id='word_1_869' title='bbox 2576 4582 2747 4638; x_wconf 87' lang='lat' dir='ltr'>findit.</span> <span class='ocrx_word' id='word_1_870' title='bbox 2798 4584 2867 4637; x_wconf 93' lang='lat' dir='ltr'>Et</span> <span class='ocrx_word' id='word_1_871' title='bbox 2904 4582 3041 4637; x_wconf 89' lang='lat' dir='ltr'>bene</span> <span class='ocrx_word' id='word_1_872' title='bbox 3062 4581 3298 4652; x_wconf 89' lang='lat' dir='ltr'>primum</span> <span class='ocrx_word' id='word_1_873' title='bbox 3328 4578 3513 4645; x_wconf 87' lang='lat' dir='ltr'>faciat,</span> 
     </span>
    </p>
   </div>
   <div class='ocr_carea' id='block_1_107' title="bbox 1920 4668 3514 4740">
    <p class='ocr_par' dir='ltr' id='par_1_107' title="bbox 1920 4668 3514 4740">
     <span class='ocr_line' id='line_1_107' title="bbox 1920 4668 3514 4740; baseline -0.006 -11"><span class='ocrx_word' id='word_1_874' title='bbox 1920 4675 2116 4729; x_wconf 89' lang='lat' dir='ltr'>deinde</span> <span class='ocrx_word' id='word_1_875' title='bbox 2145 4674 2354 4740; x_wconf 89' lang='lat' dir='ltr'>doceat,</span> <span class='ocrx_word' id='word_1_876' title='bbox 2381 4680 2436 4727; x_wconf 94' lang='lat' dir='ltr'>ut</span> <span class='ocrx_word' id='word_1_877' title='bbox 2469 4679 2569 4727; x_wconf 88' lang='lat' dir='ltr'>eta</span> <span class='ocrx_word' id='word_1_878' title='bbox 2596 4670 2868 4726; x_wconf 89' lang='lat' dir='ltr'>mandatis</span> <span class='ocrx_word' id='word_1_879' title='bbox 2898 4669 3114 4725; x_wconf 91' lang='lat' dir='ltr'>Domini</span> <span class='ocrx_word' id='word_1_880' title='bbox 3142 4668 3425 4738; x_wconf 88' lang='lat' dir='ltr'>intelligat,</span> <span class='ocrx_word' id='word_1_881' title='bbox 3460 4673 3514 4720; x_wconf 89' lang='lat' dir='ltr'>et</span> 
     </span>
    </p>
   </div>
   <div class='ocr_carea' id='block_1_108' title="bbox 1920 4756 3513 4833">
    <p class='ocr_par' dir='ltr' id='par_1_108' title="bbox 1920 4756 3513 4833">
     <span class='ocr_line' id='line_1_108' title="bbox 1920 4756 3513 4833; baseline -0.006 -16"><span class='ocrx_word' id='word_1_882' title='bbox 1920 4763 1975 4817; x_wconf 91' lang='lat' dir='ltr'>in</span> <span class='ocrx_word' id='word_1_883' title='bbox 1991 4771 2182 4818; x_wconf 90' lang='lat' dir='ltr'>ornatu</span> <span class='ocrx_word' id='word_1_884' title='bbox 2204 4762 2476 4833; x_wconf 84' lang='lat' dir='ltr'>pontificis</span> <span class='ocrx_word' id='word_1_885' title='bbox 2503 4760 2654 4832; x_wconf 89' lang='lat' dir='ltr'>prius</span> <span class='ocrx_word' id='word_1_886' title='bbox 2686 4758 3150 4831; x_wconf 89' lang='lat' dir='ltr'>superhumerale,</span> <span class='ocrx_word' id='word_1_887' title='bbox 3200 4756 3397 4811; x_wconf 91' lang='lat' dir='ltr'>deinde</span> <span class='ocrx_word' id='word_1_888' title='bbox 3428 4769 3513 4809; x_wconf 88' lang='lat' dir='ltr'>ra-</span> 
     </span>
    </p>
   </div>
   <div class='ocr_carea' id='block_1_109' title="bbox 1920 4843 3504 4922">
    <p class='ocr_par' dir='ltr' id='par_1_109' title="bbox 1920 4843 3504 4922">
     <span class='ocr_line' id='line_1_109' title="bbox 1920 4843 3504 4922; baseline -0.006 -16"><span class='ocrx_word' id='word_1_889' title='bbox 1920 4852 2118 4907; x_wconf 89' lang='lat' dir='ltr'>tionale</span> <span class='ocrx_word' id='word_1_890' title='bbox 2150 4851 2460 4922; x_wconf 87' lang='lat' dir='ltr'>ponendum</span> <span class='ocrx_word' id='word_1_891' title='bbox 2500 4857 2781 4921; x_wconf 89' lang='lat' dir='ltr'>agnoscat.</span> <span class='ocrx_word' id='word_1_892' title='bbox 2842 4846 3165 4902; x_wconf 90' lang='lat' dir='ltr'>Consolator</span> <span class='ocrx_word' id='word_1_893' title='bbox 3192 4843 3504 4908; x_wconf 89' lang='lat' dir='ltr'>Nehemias,</span> 
     </span>
    </p>
   </div>
   <div class='ocr_carea' id='block_1_110' title="bbox 1913 4936 3513 5009">
    <p class='ocr_par' dir='ltr' id='par_1_110' title="bbox 1913 4936 3513 5009">
     <span class='ocr_line' id='line_1_110' title="bbox 1913 4936 3513 5009; baseline -0.006 -15"><span class='ocrx_word' id='word_1_894' title='bbox 1913 4941 2067 5009; x_wconf 86' lang='lat' dir='ltr'>juxta</span> <span class='ocrx_word' id='word_1_895' title='bbox 2095 4938 2596 5009; x_wconf 89' lang='lat' dir='ltr'>interpretationem</span> <span class='ocrx_word' id='word_1_896' title='bbox 2638 4936 2874 4992; x_wconf 89' lang='lat' dir='ltr'>nominis</span> <span class='ocrx_word' id='word_1_897' title='bbox 2922 4936 3004 4989; x_wconf 92' lang='lat' dir='ltr'>sui</span> <span class='ocrx_word' id='word_1_898' title='bbox 3063 4948 3248 4987; x_wconf 88' lang='lat' dir='ltr'>muros</span> <span class='ocrx_word' id='word_1_899' title='bbox 3293 4938 3513 5002; x_wconf 89' lang='lat' dir='ltr'>reparat</span> 
     </span>
    </p>
   </div>
   <div class='ocr_carea' id='block_1_111' title="bbox 1917 5022 3506 5096">
    <p class='ocr_par' dir='ltr' id='par_1_111' title="bbox 1917 5022 3506 5096">
     <span class='ocr_line' id='line_1_111' title="bbox 1917 5022 3506 5096; baseline -0.006 -13"><span class='ocrx_word' id='word_1_900' title='bbox 1917 5028 2217 5083; x_wconf 87' lang='lat' dir='ltr'>Jerusalem</span> <span class='ocrx_word' id='word_1_901' title='bbox 2240 5028 2313 5096; x_wconf 90' lang='grc' dir='ltr'><em>(ΙΙ</em></span> <span class='ocrx_word' id='word_1_902' title='bbox 2338 5028 2492 5081; x_wconf 87' lang='lat' dir='ltr'>Esdr.</span> <span class='ocrx_word' id='word_1_903' title='bbox 2528 5026 2627 5096; x_wconf 83' lang='lat' dir='ltr'>tu),</span> <span class='ocrx_word' id='word_1_904' title='bbox 2661 5023 2937 5080; x_wconf 64' lang='lat' dir='ltr'>aedificans</span> <span class='ocrx_word' id='word_1_905' title='bbox 2967 5023 3022 5076; x_wconf 92' lang='lat' dir='ltr'>in</span> <span class='ocrx_word' id='word_1_906' title='bbox 3052 5022 3131 5077; x_wconf 91' lang='lat' dir='ltr'>eis</span> <span class='ocrx_word' id='word_1_907' title='bbox 3170 5028 3359 5092; x_wconf 90' lang='lat' dir='ltr'>portas</span> <span class='ocrx_word' id='word_1_908' title='bbox 3392 5036 3506 5086; x_wconf 87' lang='lat' dir='ltr'>sex,</span> 
     </span>
    </p>
   </div>
   <div class='ocr_carea' id='block_1_112' title="bbox 1920 5109 3508 5187">
    <p class='ocr_par' dir='ltr' id='par_1_112' title="bbox 1920 5109 3508 5187">
     <span class='ocr_line' id='line_1_112' title="bbox 1920 5109 3508 5187; baseline -0.006 -16"><span class='ocrx_word' id='word_1_909' title='bbox 1920 5134 2039 5187; x_wconf 69' lang='lat' dir='ltr'>qua:</span> <span class='ocrx_word' id='word_1_910' title='bbox 2062 5124 2185 5170; x_wconf 90' lang='lat' dir='ltr'>sunt</span> <span class='ocrx_word' id='word_1_911' title='bbox 2206 5114 2453 5169; x_wconf 90' lang='lat' dir='ltr'>fortassis</span> <span class='ocrx_word' id='word_1_912' title='bbox 2475 5114 2646 5180; x_wconf 89' lang='lat' dir='ltr'>visus,</span> <span class='ocrx_word' id='word_1_913' title='bbox 2696 5112 2929 5177; x_wconf 91' lang='lat' dir='ltr'>auditus,</span> <span class='ocrx_word' id='word_1_914' title='bbox 2961 5119 3170 5182; x_wconf 87' lang='lat' dir='ltr'>gustus,</span> <span class='ocrx_word' id='word_1_915' title='bbox 3228 5109 3508 5174; x_wconf 90' lang='lat' dir='ltr'>odoratus,</span> 
     </span>
    </p>
   </div>
   <div class='ocr_carea' id='block_1_113' title="bbox 1919 5197 3513 5273">
    <p class='ocr_par' dir='ltr' id='par_1_113' title="bbox 1919 5197 3513 5273">
     <span class='ocr_line' id='line_1_113' title="bbox 1919 5197 3513 5273; baseline -0.005 -16"><span class='ocrx_word' id='word_1_916' title='bbox 1919 5203 2110 5258; x_wconf 69' lang='lat' dir='ltr'>affatus</span> <span class='ocrx_word' id='word_1_917' title='bbox 2139 5211 2192 5257; x_wconf 91' lang='lat' dir='ltr'>et</span> <span class='ocrx_word' id='word_1_918' title='bbox 2220 5210 2409 5257; x_wconf 87' lang='lat' dir='ltr'>tactus.</span> <span class='ocrx_word' id='word_1_919' title='bbox 2440 5202 2581 5257; x_wconf 89' lang='lat' dir='ltr'>Ecce</span> <span class='ocrx_word' id='word_1_920' title='bbox 2610 5208 2767 5271; x_wconf 92' lang='lat' dir='ltr'>porta</span> <span class='ocrx_word' id='word_1_921' title='bbox 2800 5199 3020 5273; x_wconf 87' lang='lat' dir='ltr'>Gregis,</span> <span class='ocrx_word' id='word_1_922' title='bbox 3052 5206 3209 5268; x_wconf 89' lang='lat' dir='ltr'>porta</span> <span class='ocrx_word' id='word_1_923' title='bbox 3257 5197 3513 5262; x_wconf 90' lang='lat' dir='ltr'>Piscium,</span> 
     </span>
    </p>
   </div>
   <div class='ocr_carea' id='block_1_114' title="bbox 1919 5285 3515 5362">
    <p class='ocr_par' dir='ltr' id='par_1_114' title="bbox 1919 5285 3515 5362">
     <span class='ocr_line' id='line_1_114' title="bbox 1919 5285 3515 5362; baseline -0.006 -16"><span class='ocrx_word' id='word_1_924' title='bbox 1919 5300 2074 5362; x_wconf 90' lang='lat' dir='ltr'>porta</span> <span class='ocrx_word' id='word_1_925' title='bbox 2105 5292 2287 5358; x_wconf 88' lang='lat' dir='ltr'>Vetus,</span> <span class='ocrx_word' id='word_1_926' title='bbox 2312 5299 2467 5362; x_wconf 91' lang='lat' dir='ltr'>porta</span> <span class='ocrx_word' id='word_1_927' title='bbox 2502 5289 2687 5354; x_wconf 87' lang='lat' dir='ltr'>Vallis,</span> <span class='ocrx_word' id='word_1_928' title='bbox 2738 5296 2895 5359; x_wconf 87' lang='lat' dir='ltr'>porta</span> <span class='ocrx_word' id='word_1_929' title='bbox 2946 5285 3298 5358; x_wconf 89' lang='lat' dir='ltr'>Sterquilinii,</span> <span class='ocrx_word' id='word_1_930' title='bbox 3359 5291 3515 5354; x_wconf 89' lang='lat' dir='ltr'>porta</span> 
     </span>
    </p>
   </div>
   <div class='ocr_carea' id='block_1_115' title="bbox 1919 5374 3514 5448">
    <p class='ocr_par' dir='ltr' id='par_1_115' title="bbox 1919 5374 3514 5448">
     <span class='ocr_line' id='line_1_115' title="bbox 1919 5374 3514 5448; baseline -0.006 -13"><span class='ocrx_word' id='word_1_931' title='bbox 1919 5380 2123 5435; x_wconf 86' lang='lat' dir='ltr'>Fontis.</span> <span class='ocrx_word' id='word_1_932' title='bbox 2156 5380 2223 5436; x_wconf 91' lang='lat' dir='ltr'>Et</span> <span class='ocrx_word' id='word_1_933' title='bbox 2252 5388 2311 5435; x_wconf 90' lang='lat' dir='ltr'>ut</span> <span class='ocrx_word' id='word_1_934' title='bbox 2342 5380 2409 5434; x_wconf 91' lang='lat' dir='ltr'>ad</span> <span class='ocrx_word' id='word_1_935' title='bbox 2441 5386 2689 5448; x_wconf 88' lang='lat' dir='ltr'>tempora</span> <span class='ocrx_word' id='word_1_936' title='bbox 2718 5376 2908 5448; x_wconf 70' lang='lat' dir='ltr'>gratiae</span> <span class='ocrx_word' id='word_1_937' title='bbox 2935 5376 3172 5441; x_wconf 85' lang='lat' dir='ltr'>veniam,</span> <span class='ocrx_word' id='word_1_938' title='bbox 3198 5374 3391 5430; x_wconf 86' lang='lat' dir='ltr'>videns</span> <span class='ocrx_word' id='word_1_939' title='bbox 3419 5374 3514 5427; x_wconf 84' lang='lat' dir='ltr'>Je-</span> 
     </span>
    </p>
   </div>
   <div class='ocr_carea' id='block_1_116' title="bbox 1919 5459 3521 5538">
    <p class='ocr_par' dir='ltr' id='par_1_116' title="bbox 1919 5459 3521 5538">
     <span class='ocr_line' id='line_1_116' title="bbox 1919 5459 3521 5538; baseline -0.008 -12"><span class='ocrx_word' id='word_1_940' title='bbox 1919 5487 2014 5526; x_wconf 85' lang='lat' dir='ltr'>sus</span> <span class='ocrx_word' id='word_1_941' title='bbox 2049 5470 2259 5538; x_wconf 88' lang='lat' dir='ltr'>turbas,</span> <span class='ocrx_word' id='word_1_942' title='bbox 2283 5467 2539 5524; x_wconf 82' lang='lat' dir='ltr'>ascendit</span> <span class='ocrx_word' id='word_1_943' title='bbox 2567 5468 2628 5522; x_wconf 89' lang='lat' dir='ltr'>in</span> <span class='ocrx_word' id='word_1_944' title='bbox 2658 5469 2905 5521; x_wconf 85' lang='lat' dir='ltr'>montem</span> <span class='ocrx_word' id='word_1_945' title='bbox 2930 5464 3229 5534; x_wconf 79' lang='lat' dir='ltr'>(Matth.v,</span> <span class='ocrx_word' id='word_1_946' title='bbox 3249 5462 3312 5533; x_wconf 82' lang='lat'>1);</span> <span class='ocrx_word' id='word_1_947' title='bbox 3333 5468 3384 5516; x_wconf 90' lang='lat' dir='ltr'>et</span> <span class='ocrx_word' id='word_1_948' title='bbox 3413 5459 3521 5514; x_wconf 90' lang='lat' dir='ltr'>alia</span> 
     </span>
    </p>
   </div>
  </div>
