3972 6052
444 203 549 267 8ίὸ

1312 216 1654 271 GUIGONIS
1694 218 1739 271 ΙΙ
1779 214 2187 272 ΕΑΒΤΗΠΞΙᾸΞ
2226 217 2518 276 MAJORIS
2556 216 2853 277 PRIORIS.

3644 216 3752 276 816

440 337 559 391 vice
577 338 832 393 ascendit
848 338 909 392 in
924 343 1173 393 montem
1190 340 1343 394 solus
1364 343 1754 410 orare(Matth.
1776 356 1895 406 xlv,
1918 342 2032 410 23).
2057 342 2111 399 A
2143 340 2377 405 ciuntur,
2412 342 2464 394 in
2498 342 2600 396 hoc
2638 342 2945 406 consulere,
2978 340 3022 394 si
3066 339 3267 395 faciunt
3312 355 3408 394 eos
3437 340 3601 396 exire.
3633 343 3747 397 Sed

440 425 656 479 Domini
708 425 922 480 futurus
956 442 1267 497 pra‘cursor
1323 428 1509 482 beatus
1564 429 1803 483 Joannes
1860 429 2036 484 adhuc

436 529 593 583 puer,
626 514 823 569 crescit
857 523 907 568 et
938 514 1269 569 confortatur
1292 516 1481 585 spiritu
1504 532 1731 570 manens
1763 518 1815 571 in
1848 518 2036 571 deser-

441 601 529 666 tis,
563 618 735 672 usque
767 602 837 655 ad
868 603 1204 657 ostensionis
1235 620 1348 658 sua}
1376 604 1522 658 diem
1577 605 1647 658 ad
1703 605 1839 660 Isrel
1874 607 2031 675 (Luc.

435 704 475 754 ι,
510 690 620 760 80).
650 690 712 742 In
742 690 1025 759 superiora
1042 692 1230 745 Petrus
1262 692 1508 746 ascendit
1538 700 1593 746 ut
1623 702 1760 759 oret,
1786 709 1885 748 nec
1906 694 2034 747 abs-

437 792 542 847 que
574 778 786 843 esurie;
818 779 1085 848 praeclara
1115 779 1350 834 Cornelii
1397 777 1503 834 ﬁde
1535 781 1678 851 (Act.
1716 797 1772 847 x,
1807 782 1862 851 9)
1891 790 2034 851 post-

432 864 676 931 modum,
710 882 772 920 ac
801 874 923 935 post
952 866 1223 921 modicum
1276 867 1576 922 satiandus.
1609 870 1790 923 Monet
1845 870 2031 924 Timo—

436 954 621 1007 theum
642 954 966 1023 prmdicator
997 955 1258 1027 egregius
1309 955 1505 1009 Paulus
1552 957 1599 1023 (I
1637 958 1771 1011 Tim.
1808 973 1881 1025 IV,
1916 956 2025 1026 13),

434 1049 493 1094 ut
513 1041 640 1095 dum
673 1042 819 1095 venit
849 1042 1085 1096 attendat
1117 1043 1356 1109 lectioni,
1402 1044 1779 1113 exhortationi,
1825 1046 2029 1099 doctri-

437 1146 522 1183 nm
556 1130 736 1200 (ibid.,
774 1130 863 1199 19)
897 1148 910 1195 ;
944 1146 1198 1185 asserens
1215 1132 1487 1201 quodhzee
1510 1131 1732 1197 faciens,
1768 1141 1819 1187 et
1841 1141 2034 1187 semet-

434 1217 614 1287 ipsum
645 1218 892 1283 salvabit,
919 1226 971 1273 et
1000 1235 1094 1273 eos
1124 1220 1217 1289 qui
1250 1219 1400 1272 illum
1449 1219 1677 1273 audiunt
1738 1221 1924 1289 (ibid,
1950 1222 2025 1288 8).

435 1305 539 1371 Qui
568 1313 622 1359 et
652 1306 802 1371 dicit,
836 1306 1168 1376 corporalem
1201 1306 1645 1361 exercitationem
1669 1307 1738 1362 ad
1756 1309 2029 1362 modicum

434 1393 623 1447 utilem
655 1410 797 1458 esse,
830 1394 1014 1448 utilem
1045 1410 1177 1447 vero
1215 1395 1285 1447 ad
1330 1395 1513 1448 omnia
1545 1411 1667 1449 esse
1723 1396 1978 1465 pietatem
2013 1414 2025 1449 :

445 1498 607 1552 quam
658 1490 712 1536 et
767 1483 960 1535 asserit
1016 1482 1437 1552 promissionem
1484 1483 1686 1538 habere
1735 1485 1857 1538 vita)
1910 1502 2029 1555 quae

444 1586 589 1625 nunc
620 1578 721 1633 est,
756 1578 807 1624 et
838 1569 1049 1624 futura.
1102 1571 1234 1624 Cum
1290 1566 1435 1625 fores
1490 1580 1615 1625 sunt
1671 1571 1887 1640 elauszn,
1937 1573 2029 1626 ubi

433 1665 657 1728 propter
674 1666 876 1712 metum
899 1658 1149 1728 discipuli
1179 1659 1495 1730 congregati
1518 1666 1642 1713 sunt
1670 1663 1824 1714 venit
1847 1663 2022 1725 Jesus,
2048 1688 2100 1747 B

432 1751 489 1802 et
518 1750 637 1801 stat
666 1747 728 1800 in
747 1746 946 1810 medio,
968 1750 1023 1801 et
1042 1748 1181 1801 dicit
1195 1748 1313 1802 eis:
1347 1750 1472 1801 Part:
1500 1748 1647 1804 vobis
1688 1750 1871 1817 (Joan.
1921 1764 2022 1817 xx,

433 1836 547 1904 26).
582 1834 885 1890 Succedent
915 1835 1017 1889 tria
1048 1836 1165 1889 haec
1222 1835 1489 1901 videlicet,
1550 1837 1756 1901 venire,
1800 1846 1947 1891 stare
1978 1845 2030 1892 et

432 1922 653 1990 dicere;
688 1923 734 1976 si
762 1924 879 1978 hzec
908 1923 1013 1977 tria
1060 1923 1463 1993 praecesserint,
1524 1924 1729 1979 scilicet
1766 1941 1907 1994 sero,
1942 1926 2029 1980 die

430 2011 544 2077 illo,
577 2027 684 2066 una
716 2012 1095 2067 Sabhatorum.
1130 2013 1210 2066 De
1237 2028 1401 2066 manu
1432 2013 1613 2084 angeli
1642 2014 1828 2068 stantis
1863 2030 2030 2083 super

429 2116 581 2154 mare
602 2108 653 2153 et
684 2116 850 2169 super
878 2108 1100 2165 terram,
1131 2100 1365 2154 Joannes
1405 2100 1685 2170 apostolus
1712 2101 1765 2154 in
1808 2104 2028 2172 Apoca-

440 2188 582 2258 lypsi
613 2187 695 2256 (Χ,
732 2190 786 2256 9)
809 2187 1004 2256 accipit
1033 2187 1254 2253 librum,
1279 2196 1330 2242 et
1357 2188 1425 2241 ab
1456 2204 1520 2242 eo
1564 2189 1854 2244 devoratus
1902 2189 2030 2244 facit

438 2275 719 2331 amaricari
749 2284 993 2331 ventrem
1041 2292 1221 2329 suum.
1264 2276 1371 2330 Sed
1420 2284 1501 2331 est
1530 2276 1585 2329 in
1629 2294 1721 2332 ore
1752 2294 1850 2347 suo
1905 2286 2029 2332 tan-

442 2381 601 2435 quam
634 2364 761 2431 mel,
789 2364 982 2419 dulcis.
1021 2365 1244 2419 Sacram
1265 2365 1464 2435 quippe
1497 2364 1825 2435 Scripturam
1854 2366 2032 2420 adim-

430 2453 597 2524 plevit
627 2468 813 2524 opere,
848 2452 937 2507 ille
979 2452 1162 2523 magni
1219 2452 1431 2507 consilii
1459 2453 1708 2524 angelus,
1752 2461 1944 2523 potens
1976 2455 2030 2508 in

429 2558 591 2613 opere
615 2550 666 2595 et
710 2557 961 2595 sermone
994 2541 1257 2595 Dominus
1288 2541 1485 2607 Jesus;
1537 2542 2026 2610 circumcisionem,

428 2647 549 2702 qua:
578 2630 647 2685 ad
677 2638 871 2684 terram
906 2629 1139 2684 refertur
1153 2628 1457 2697 justiﬁcans
1488 2646 1551 2685 ex
1611 2630 1717 2684 tide
1750 2649 1764 2689 :
1799 2639 1850 2686 et
1880 2648 2029 2701 prae-

424 2719 631 2789 putium
670 2719 813 2789 quod
852 2719 919 2771 ad
979 2734 1148 2783 mare,
1199 2734 1299 2788 per
1352 2716 1536 2783 ﬁdem,
1570 2726 1629 2773 ut
1673 2733 1795 2774 cum
1851 2719 2029 2790 aquilo

431 2807 523 2860 dat
552 2814 737 2860 auster
766 2822 875 2860 non
906 2805 1202 2875 prohibeat.
1254 2805 1427 2872 Quem
1458 2806 1673 2874 librum,
1727 2823 1846 2862 cum
1879 2807 2027 2862 acci-

435 2895 513 2965 pit
538 2896 794 2962 Joannes,
828 2895 1129 2948 amaritudo
1187 2894 1408 2963 quidem
1438 2894 1489 2947 in
1520 2902 1729 2962 ventre,
1755 2895 1851 2950 sed
1908 2895 2028 2949 dul-

436 2983 571 3037 cedo
602 2982 660 3036 iit
688 2983 740 3035 in
785 2998 916 3047 ore;
947 2998 1052 3036 una
1082 2982 1136 3035 in
1167 2982 1548 3053 adimpletione
1598 2990 1651 3036 et
1696 2983 2029 3053 experientia

2134 428 2187 481 hi
2218 428 2470 483 nimirum
2503 431 2619 483 sola
2656 430 2904 501 quaedam
2926 429 3103 482 minus
3132 427 3372 497 provida:
3402 428 3745 483 discretionis

2132 516 2369 588 imagine
2392 517 2667 571 falluntur.
2692 518 2749 571 Id
2781 517 2927 572 enim
2948 516 3163 586 penitus
3196 532 3303 571 non
3338 516 3572 585 expedit.
3607 518 3740 572 Sen-

2131 604 2259 658 titur
2321 612 2467 660 certe
2524 614 2797 676 utcunque
2856 613 3239 659 momentanea
3301 605 3547 675 quaedam
3625 605 3745 660 sine

2134 691 2313 761 quiete
2344 693 2519 763 quies,
2557 701 2609 747 et
2638 692 2755 747 sine
2772 692 3063 747 dulcedine
3089 692 3342 758 dulcedo,
3377 700 3429 746 et
3459 692 3576 748 sine
3606 708 3745 748 con-

2132 779 2392 834 solatione
2422 781 2721 836 consolatio
2749 799 2763 846 ;
2797 781 2895 836 sed
2926 780 3167 836 succedit
3206 780 3413 851 absque
3440 796 3593 835 mora
3620 798 3743 852 per-

2131 868 2343 922 turbata
2376 869 2699 933 amaritudo,
2736 876 2789 924 et
2834 884 3021 923 amara
3071 868 3435 938 perturbatio,
3466 876 3518 923 et
3547 869 3744 924 intole-

2130 955 2314 1009 rabilis
2345 957 2565 1011 omnino
2597 957 2882 1012 desolatio.
2912 959 3037 1011 Mox
3076 957 3219 1011 enim
3245 964 3304 1010 ut
3333 957 3400 1010 ad
3426 957 3621 1012 cellam
3652 974 3737 1012 re-

2131 1043 2309 1109 dierit,
2361 1045 2735 1114 apprehendat
2783 1061 2846 1099 ac
2894 1044 3220 1115 penetrabit,
3272 1061 3334 1098 ac
3380 1044 3741 1101 circumdabit

2131 1146 2251 1184 eum
2284 1132 2633 1195 intrinsecus,
2669 1132 2966 1187 durissima
2995 1133 3195 1204 agonia
3224 1141 3277 1186 et
3306 1133 3597 1188 durissima
3625 1149 3732 1188 an~

2129 1219 2308 1288 gustia
2349 1220 2589 1289 spiritus,
2635 1221 3020 1293 gravissimum
3068 1221 3285 1274 taedium
3334 1221 3534 1286 cordis,
3582 1230 3736 1276 atro-

2130 1306 2351 1361 cissima
2376 1308 2701 1363 evisceratio
2732 1308 2947 1363 mentis.
3007 1308 3146 1376 Quia
3191 1308 3404 1379 quoties
3433 1309 3613 1363 minus
3642 1310 3737 1365 diu

2130 1403 2275 1448 extra
2307 1411 2427 1449 eam
2461 1396 2514 1449 in
2563 1398 2888 1468 evagatione
2944 1397 3159 1452 curiosa
3203 1405 3255 1450 et
3300 1412 3441 1451 vana
3487 1404 3735 1452 moratu-

2130 1499 2220 1536 rus
2253 1484 2372 1554 quis
2406 1492 2610 1539 temere
2643 1485 2834 1540 cellam
2857 1485 3154 1554 egreditur,
3188 1485 3347 1539 toties
3376 1484 3528 1556 quasi
3559 1501 3732 1545 novus

2127 1571 2458 1626 inhabitator
2486 1572 2792 1639 revertitur,
2838 1573 3111 1643 aliumque
3161 1589 3220 1628 se
3251 1574 3419 1627 sensit
3448 1580 3500 1628 et
3528 1573 3735 1629 invenit

2132 1675 2436 1731 regressus,
2473 1677 2633 1732 quam
2664 1669 2776 1716 erat
2798 1670 3088 1732 antequam
3120 1661 3215 1715 fuit
3246 1677 3523 1731 egressus.
3561 1664 3733 1716 Acce-

2131 1746 2206 1800 dit
2236 1748 2307 1801 ad
2340 1748 2443 1803 hoc
2472 1750 2616 1818 quod
2646 1749 2714 1803 de
2745 1764 2804 1804 se
2836 1749 3085 1819 quaedam
3114 1749 3207 1814 ait,
3236 1750 3363 1819 quia
3392 1765 3619 1821 egressa
3648 1757 3733 1803 est

2129 1834 2312 1904 plena,
2347 1844 2399 1889 et
2430 1852 2656 1891 vacuam
2688 1836 2903 1891 reduxit
2932 1853 3053 1891 eam
3086 1836 3348 1891 Dominus
3383 1851 3396 1889 :
3434 1838 3596 1901 unde,
3629 1852 3733 1893 nec

2133 1924 2369 1994 amplius
2401 1923 2596 1979 Noemi
2625 1925 2721 1980 sed
2752 1926 2957 1979 Marath
3004 1942 3062 1980 se
3108 1925 3276 1980 voluit
3324 1933 3521 1980 extunc
3550 1925 3736 1981 vocari

2131 2012 2321 2079 (Ruth.
2374 2028 2412 2080 ι,
2456 2014 2587 2084 21);
2638 2014 2761 2084 quia
2811 2030 2931 2084 quae
2978 2013 3207 2084 pulchra
3256 2021 3374 2068 erat
3417 2014 3737 2085 priusquam

2131 2102 2501 2173 egrederetur,
2554 2117 2862 2174 regressam
2912 2118 3044 2157 vero
3076 2103 3189 2170 jam
3220 2118 3279 2156 se
3312 2118 3433 2156 esse
3462 2101 3567 2155 sibi
3597 2109 3650 2156 et
3678 2102 3735 2157 in

2131 2206 2190 2244 se
2220 2204 2459 2244 amaram
2501 2190 2795 2259 experitur.
2844 2192 2910 2244 Et
2940 2191 3008 2244 de
3057 2206 3163 2261 quo
3193 2190 3315 2245 loco
3347 2206 3575 2261 egressa
3606 2191 3730 2246 est?

2132 2295 2311 2332 nonne
2334 2279 2401 2332 de
2420 2278 2698 2333 Bethleem
2714 2279 2742 2332 ‘?
2782 2280 2849 2332 Et
2873 2295 2993 2349 quae
3024 2294 3135 2333 sua:
3167 2278 3498 2351 egressionis
3521 2293 3687 2333 causa
3708 2280 3739 2334 7

2130 2377 2310 2415 nonne
2332 2362 2501 2416 fames
2524 2363 2552 2416 ‘?
2571 2362 2634 2415 Et
2659 2378 2766 2433 quo
2780 2377 3004 2434 egressa
3023 2369 3103 2416 est
3125 2363 3152 2415 ?
3166 2362 3349 2433 utique
3370 2362 3421 2415 in
3446 2361 3734 2434 regionem

2130 2449 2496 2504 Moabitidem.
2549 2451 2607 2503 In
2652 2466 2756 2520 qua
2787 2458 2954 2515 certe,
3015 2458 3071 2503 ut
3099 2465 3265 2504 verax
3310 2448 3539 2503 historia
3578 2450 3730 2520 dicit,

2130 2538 2446 2592 morabatur
2475 2538 2552 2592 sic
2583 2538 2728 2609 quod
2758 2538 2812 2591 in
2842 2553 2908 2592 ea
2956 2537 3436 2609 peregrinabatur.
3493 2539 3561 2592 Et
3606 2537 3734 2593 ideo

2131 2625 2368 2696 quandiu
2399 2626 2471 2679 ibi
2503 2625 2599 2680 fuit
2628 2626 2923 2697 peregrina
2954 2625 3071 2679 fuit.
3104 2626 3173 2679 Et
3212 2641 3382 2696 quare
3410 2626 3729 2698 peregrina,

2130 2714 2233 2768 nisi
2264 2714 2389 2784 quia
2418 2713 2491 2768 ibi
2522 2729 2629 2768 non
2659 2714 2755 2768 fuit
2786 2714 2839 2768 in
2857 2714 3099 2785 proprio,
3133 2714 3232 2768 sed
3255 2714 3310 2767 in
3339 2714 3515 2768 alieno
3536 2716 3563 2769 ?
3591 2715 3731 2768 Nam

2128 2801 2355 2872 propria
2402 2802 2665 2857 habitatio
2697 2818 2806 2856 non
2835 2802 2973 2856 alias
3031 2802 3080 2855 ei
3138 2817 3298 2873 quam
3330 2802 3385 2855 in
3430 2802 3730 2858 Bethleem.
3768 2799 3777 2802 ’

2131 2889 2273 2958 Quid
2304 2890 2356 2943 in
2386 2890 2470 2943 his
2500 2890 2656 2944 vobis
2688 2890 2900 2945 videtur
2930 2890 2997 2944 de
3046 2889 3114 2944 iis
3134 2891 3162 2945 ε)
3193 2890 3299 2943 Cur
3327 2904 3583 2945 veremur
3612 2890 3731 2945 cel-

2130 2978 2254 3043 lam,
2289 2978 2560 3048 quandam
2593 2993 2788 3033 vocare
2818 2978 2996 3049 itaque
3023 2978 3305 3045 audemus,
3340 2979 3438 3033 sed
3468 2979 3728 3049 spiritua-

428 3072 593 3126 altera
647 3086 776 3125 vero
831 3071 885 3124 in
942 3070 1314 3133 recordatione
1352 3078 1405 3124 et
1461 3070 1836 3141 intelligentia.
1898 3073 2027 3127 Haec
2052 3039 2098 3098 Ο
2125 3067 2230 3121 lem
2262 3082 2371 3121 non
2391 3066 2747 3137 temporalem
2778 3066 2955 3139 [Par.,
3000 3065 3386 3137 corporalem],
3419 3082 3529 3121 non
3558 3066 3726 3121 histo-

429 3159 612 3214 omnia
641 3158 696 3229 (ο
742 3159 1181 3228 Carthusienscs)
1213 3166 1266 3212 et
1312 3158 1523 3229 singula
1554 3158 1599 3211 si
1626 3158 1917 3229 diligenter
1946 3160 2025 3213 in-

430 3242 666 3312 tenditis,
687 3264 826 3318 quae,
852 3254 905 3301 et
927 3247 1122 3317 qualis,
1157 3255 1207 3301 et
1230 3256 1430 3317 quanta
1461 3247 1526 3300 sit
1557 3246 1709 3302 cella:
1730 3248 1883 3317 quies
1914 3248 2026 3303 evi-

432 3322 625 3389 denter
654 3335 1089 3405 deprehendetis.
1128 3335 1221 3389 Cui
1237 3334 1509 3403 nimirum,
1546 3343 1603 3388 ut
1629 3336 1778 3389 novit
1808 3336 1897 3406 qui
1928 3352 2026 3390 ex-

434 3432 623 3494 pertus
655 3432 755 3489 est,
793 3439 898 3495 quo
930 3423 1217 3478 instantius
1262 3423 1558 3488 intenditis,
1612 3439 1676 3477 eo
1707 3423 2023 3491 dulciorem,

436 3512 532 3567 sed
563 3512 894 3577 suaviorem,
949 3512 1047 3567 sed
1082 3512 1481 3581 jucundiorem,
1528 3511 1624 3565 sed
1674 3511 2025 3579 sereniorem,

434 3601 531 3656 sed
559 3600 1042 3669 delectabiliorem,
1091 3601 1188 3655 sed
1232 3599 1550 3667 faciliorem,
1586 3599 1684 3655 sed
1740 3600 2027 3655 clariorem

437 3689 700 3744 sentietis.

960 3776 1357 3833 CAPITULUM
1398 3776 1494 3830 IX.

441 3893 731 3963 Deiquiete
762 3894 939 3955 cellte,
971 3892 1180 3961 etquod
1214 3908 1328 3947 non
1352 3889 1620 3963 expediat
1642 3890 1695 3963 ei
1740 3892 1834 3963 qui
1865 3894 1927 3947 in
1965 3908 2031 3948 ea

514 3961 751 4027 habitat,
784 3968 847 4016 ut
876 3962 1208 4017 curiositate
1228 3962 1529 4017 temeraria
1550 3961 1833 4016 nimisdiu
1862 3967 2031 4019 extra

509 4049 632 4087 eam
672 4037 943 4087 moretur.

511 4139 626 4193 Hoc
656 4146 836 4193 autem
874 4137 1162 4208 unicuique
1184 4137 1274 4209 qui
1304 4144 1542 4191 moratur
1597 4136 1651 4191 in
1682 4136 1818 4192 cella
1849 4136 2028 4191 scien—

442 4225 588 4293 dum,
623 4235 677 4281 et
696 4226 988 4298 diligenter
1016 4234 1099 4280 est
1128 4226 1176 4280 ei
1206 4226 1261 4279 in
1308 4225 1486 4281 tenaci
1523 4225 1783 4280 memoria
1831 4240 2030 4279 recon-

441 4316 699 4380 dendum,
726 4316 868 4386 quod
900 4330 1009 4370 non
1038 4313 1148 4369 vult
1180 4314 1294 4369 haec
1324 4314 1392 4368 de
1424 4330 1529 4385 qua
1574 4313 1845 4385 loquimur
1874 4312 2027 4381 cella,

2126 3155 2313 3209 rialem
2376 3155 2473 3209 sed
2533 3155 2813 3209 moralem.
2882 3157 2941 3208 In
2985 3154 3240 3209 historica
3288 3154 3382 3208 illa
3429 3154 3723 3222 Bethleem,

2126 3244 2289 3298 Beata
2317 3251 2493 3299 mater
2524 3244 2694 3298 semel
2742 3243 2947 3313 peperit
2983 3243 3169 3297 Jesum
3200 3242 3474 3297 Christum
3500 3262 3514 3309 ;
3545 3242 3597 3296 in
3626 3245 3727 3298 hac

2129 3341 2309 3386 autem
2359 3332 2730 3405 trepologica,
2779 3339 2837 3386 ut
2884 3332 3034 3386 novit
3096 3331 3273 3386 omnis
3318 3331 3411 3402 qui
3446 3331 3731 3403 aliquoties

2130 3428 2211 3474 est
2235 3430 2510 3491 expertus,
2537 3420 2799 3492 quotidie,
2821 3420 2930 3475 imo
2951 3420 3324 3475 indesinentur
3342 3419 3553 3475 confert
3571 3421 3730 3475 nobis

2129 3516 2304 3563 mater
2334 3510 2559 3581 gratiam
2611 3508 2912 3564 sanctitatis
2961 3523 3182 3563 suavem
3232 3507 3438 3579 pariter
3484 3516 3537 3563 et
3575 3508 3727 3562 salu-

2130 3597 2284 3652 brem
2316 3597 2565 3653 fructum.
2587 3598 2820 3653 Suavem
2844 3592 3066 3667 propter
3094 3596 3422 3662 unctionem,
3456 3597 3602 3668 quod
3631 3612 3727 3652 so-

2130 3694 2223 3740 nat
2253 3698 2451 3741 nomen
2480 3686 2623 3741 istud
2645 3686 2787 3757 quod
2826 3694 2907 3741 est
2955 3685 3200 3740 Christus
3225 3705 3238 3751 ;
3273 3684 3541 3740 salubrem
3572 3700 3722 3752 vero,

2131 3782 2355 3844 prOpter
2387 3774 2759 3839 salvationem,
2802 3773 2947 3845 quod
2976 3773 3030 3827 in
3064 3790 3123 3828 se
3184 3772 3348 3828 habet
3393 3774 3499 3829 hoc
3528 3789 3727 3828 nomen

2132 3862 2277 3933 quod
2324 3871 2406 3918 est
2450 3863 2628 3918 Jesus.
2673 3863 2812 3917 Nam
2860 3870 3102 3927 unctum,
3147 3868 3203 3916 ut
3244 3861 3412 3926 scitis,
3445 3870 3598 3917 sonat
3622 3863 3727 3917 hoc

2132 3967 2329 4006 nomen
2360 3950 2506 4022 quod
2534 3959 2616 4006 est
2653 3950 2928 4018 Christus;
2965 3951 3298 4006 Salvatorem
3327 3966 3475 4015 vero,
3511 3951 3728 4004 beatum

2132 4040 2235 4095 hoc
2267 4055 2465 4094 nomen
2497 4039 2642 4110 quod
2672 4048 2751 4094 est
2777 4040 2954 4094 Jesus.
2990 4039 3160 4111 Igitur
3190 4038 3235 4092 si
3265 4038 3428 4093 vultis
3459 4038 3723 4108 recipere,

2132 4128 2209 4181 illi
2238 4128 2327 4199 qui
2356 4127 2551 4183 cellam
2581 4127 2843 4182 inhabitat
2871 4143 2937 4182 eo
2966 4127 3128 4181 modo
3156 4142 3263 4198 quo
3294 4126 3596 4181 inhabitare
3626 4127 3729 4181 de-

2133 4216 2240 4284 bet,
2273 4216 2606 4287 spiritualem
2636 4232 2781 4272 verm
2829 4214 3133 4271 sanctitatis
3174 4214 3380 4271 confert
3409 4216 3585 4286 gratia
3616 4214 3729 4269 fru-

2133 4314 2298 4370 ctum,
2386 4313 2439 4361 et
2492 4312 2716 4376 propter
2770 4304 3183 4360 exsultationem
3237 4320 3344 4375 qua
3398 4303 3725 4360 intrinsecus

440 4412 496 4457 ut
527 4404 615 4475 qui
646 4404 701 4457 in
721 4419 786 4459 ea
814 4410 1179 4468 conversatur,
1212 4402 1372 4456 nimis
1394 4403 1485 4457 diu
1504 4411 1655 4457 extra
1673 4419 1791 4457 eam
1824 4408 2027 4457 temere
2046 4388 2097 4447 D
2128 4394 2345 4464 gaudet,
2404 4394 2706 4463 jucundum
2754 4401 2806 4448 εἲ
2851 4408 3095 4448 ευδνειη-
3148 4391 3304 4460 ΩιιΟά
3354 4399 3456 4461 θεῖ,
3506 4393 3727 4447 Beatam

439 4492 765 4546 demoretur.
801 4493 866 4546 Et
896 4492 1015 4563 quis
1059 4491 1150 4545 diu
1200 4499 1349 4545 extra
1395 4507 1517 4545 eam
1574 4498 1779 4545 temere
1839 4487 2031 4543 morari

437 4587 594 4646 amat,
623 4579 833 4650 nisiqui
863 4587 1058 4651 quanta
1086 4579 1135 4633 ei
1163 4579 1346 4633 insunt
1365 4579 1507 4633 bona
1528 4578 1744 4648 penitus
1762 4578 1980 4648 ignorat
2001 4574 2030 4630 ‘P

438 4669 505 4721 Et
536 4668 755 4739 quidem
787 4675 1048 4738 quantum
1077 4668 1130 4721 in
1163 4684 1224 4721 ea
1254 4662 1456 4721 morari
1514 4665 1869 4729 fructuosum,
1903 4672 2029 4717 tan-

441 4764 551 4809 tum
585 4762 739 4810 extra
779 4772 895 4809 eam
931 4755 1095 4827 longe
1133 4755 1219 4810 vel
1259 4754 1349 4808 diu
1396 4753 1580 4825 vagari
1636 4746 2023 4823 perieUlosum.

438 4846 559 4899 Non
588 4845 730 4898 enim
767 4844 968 4897 diutius
1003 4842 1276 4897 habitator
1304 4841 1456 4896 cella:
1493 4841 1672 4895 vivere
1702 4844 1880 4909 potest
1910 4840 2026 4909 spi-

432 4933 693 4987 ritualiter
732 4940 881 4986 extra
911 4931 1121 4996 cellam,
1157 4946 1315 5001 quam
1349 4929 1696 4998 corporaliter
1741 4926 1906 4997 piscis
1936 4944 2029 4981 ex-

434 5030 515 5075 tra
544 5036 760 5092 aquam.
796 5020 1145 5075 Considerate
1177 5018 1304 5089 quia
1333 5016 1593 5086 pisciculo
1624 5016 1718 5079 illi,
1745 5015 1835 5085 qui
1867 5016 2025 5071 halec

435 5109 649 5175 dicitur,
700 5125 865 5162 unum
921 5107 1173 5178 idemque
1228 5113 1558 5159 momentum
1622 5112 1720 5171 est,
1781 5110 1831 5157 et
1872 5112 2024 5157 extra

434 5212 629 5269 aquam
661 5212 802 5257 esse,
838 5204 889 5250 et
922 5195 1225 5263 exspirare.
1265 5194 1331 5246 Et
1382 5193 1515 5246 cella
1574 5192 1791 5261 quidem
1827 5191 2024 5245 forma-

432 5292 516 5338 tur
545 5302 607 5339 ex
638 5286 740 5339 hac
772 5283 1057 5337 dilectione
1091 5282 1248 5336 halec
1280 5297 1399 5335 cum
1431 5280 1778 5334 convertitur.
1813 5279 1881 5331 Et
1917 5296 2022 5347 pu-

431 5380 543 5427 tant
576 5372 738 5444 aliqui
762 5387 870 5425 non
902 5378 1047 5426 recte
1096 5369 1523 5432 considerantes,
1559 5366 1663 5419 illis
1694 5366 1782 5436 qui
1841 5365 2022 5437 aliquo

431 5462 510 5529 (ut
543 5476 929 5531 nonnunquam
953 5458 1090 5514 solet
1135 5456 1373 5526 evenire)
1422 5455 1475 5510 in
1515 5454 1653 5511 cella
1686 5453 1845 5509 taedio
1902 5453 2020 5508 atii-

2129 4482 2375 4548 Mariam,
2410 4490 2671 4553 quantum
2701 4481 2769 4536 ad
2817 4482 2961 4538 hunc
2989 4481 3175 4536 attinet
3214 4481 3513 4536 secundum
3541 4482 3725 4552 (quem

2128 4571 2290 4625 modo
2319 4570 2643 4639 incedimus)
2662 4569 3061 4642 trepologieum
3089 4585 3329 4635 sensum,
3362 4569 3417 4622 in
3449 4569 3725 4624 Bethleem

2126 4674 2324 4728 parere
2354 4658 2645 4724 Christum,
2679 4666 2730 4713 et
2760 4666 2982 4729 propter
3028 4657 3350 4728 religionem
3380 4673 3537 4727 quam
3568 4664 3723 4711 exte-

2127 4746 2239 4800 rius
2269 4754 2500 4811 exercet,
2532 4746 2717 4801 utilem
2735 4754 2788 4801 et
2808 4746 3079 4801 salubrem
3095 4745 3123 4799 ?
3144 4745 3286 4815 quod
3304 4761 3369 4799 ex
3384 4745 3538 4813 juxta
3566 4761 3723 4799 eum-

2127 4836 2251 4889 dem
2282 4850 2523 4901 sensum,
2543 4835 2716 4905 ipsam
2747 4835 2956 4889 beatam
2985 4834 3204 4888 Mariam
3234 4832 3287 4886 in
3318 4833 3592 4888 Bethleem
3623 4849 3723 4903 pa-

2126 4939 2255 4977 vere
2283 4923 2489 4978 Jesum.
2523 4923 2725 4977 Verum
2750 4938 2871 4978 eum
2904 4923 3021 4977 haec
3062 4921 3309 4987 dicimus,
3363 4937 3525 4976 nemo
3571 4928 3720 4991 putet

2126 5012 2269 5081 quod
2300 5011 2531 5081 aliquam
2562 5011 2826 5066 faciamus
2874 5009 3238 5064 differentiam
3271 5025 3366 5064 seu
3398 5008 3752 5065 divisionem"

2125 5098 2265 5152 inter
2284 5098 2468 5152 Jesum
2491 5106 2543 5153 et
2566 5098 2860 5163 Christum,
2895 5106 3155 5169 quantum
3187 5098 3254 5152 ad
3286 5098 3726 5151 illam'duntaxat

2124 5202 2416 5256 personam
2456 5194 2683 5258 spectat,
2719 5203 2837 5258 quae
2870 5187 2947 5242 sic
2991 5186 3222 5251 dicitur;
3257 5186 3403 5256 quia,
3440 5186 3529 5256 qui
3560 5184 3723 5239 Chri-

2126 5282 2259 5343 stus,
2291 5275 2406 5344 ipse
2455 5292 2671 5347 quoque
2726 5275 2883 5329 Jesus
2915 5291 3037 5329 esse
3093 5291 3205 5329 non
3258 5274 3548 5328 dubitatur.
3611 5272 3722 5328 Sed

2124 5371 2344 5433 propter
2372 5363 2643 5418 diversam
2664 5365 2857 5418 horum
2878 5362 3158 5419 nominum
3189 5362 3719 5433 interpretationem,

2124 5452 2396 5507 diversam
2431 5468 2644 5524 quoque
2672 5452 2727 5506 in
2774 5452 2854 5507 eis
2900 5451 3193 5523 accipimus
3241 5449 3718 5523 signiﬁcationem.
