  <div class='ocr_page' id='page_1' title='image "/cluster/home/n/w/nwhite01/storage/ocr_20150623/153/hvd.32044054760111/414.png"; bbox 0 0 3972 6052; ppageno 0'>
   <div class='ocr_carea' id='block_1_1' title="bbox 224 213 326 265">
    <p class='ocr_par' dir='ltr' id='par_1_1' title="bbox 224 213 326 265">
     <span class='ocr_line' id='line_1_1' title="bbox 224 213 326 265; baseline 0 0"><span class='ocrx_word' id='word_1_1' title='bbox 224 213 326 265; x_wconf 81' lang='grc'>817</span> 
     </span>
    </p>
   </div>
   <div class='ocr_carea' id='block_1_2' title="bbox 1336 205 2391 265">
    <p class='ocr_par' dir='ltr' id='par_1_2' title="bbox 1336 205 2391 265">
     <span class='ocr_line' id='line_1_2' title="bbox 1336 205 2391 265; baseline -0.004 0"><span class='ocrx_word' id='word_1_2' title='bbox 1336 209 1538 265; x_wconf 86' lang='lat' dir='ltr'><strong>LIBER</strong></span> <span class='ocrx_word' id='word_1_3' title='bbox 1577 210 1670 264; x_wconf 90' lang='lat' dir='ltr'>DE</span> <span class='ocrx_word' id='word_1_4' title='bbox 1707 205 2092 264; x_wconf 85' lang='lat' dir='ltr'>EXERCITIO</span> <span class='ocrx_word' id='word_1_5' title='bbox 2133 205 2391 263; x_wconf 67' lang='lat' dir='ltr'>CELLzE.</span> 
     </span>
    </p>
   </div>
   <div class='ocr_carea' id='block_1_3' title="bbox 3422 204 3524 257">
    <p class='ocr_par' dir='ltr' id='par_1_3' title="bbox 3422 204 3524 257">
     <span class='ocr_line' id='line_1_3' title="bbox 3422 204 3524 257; baseline 0 0"><span class='ocrx_word' id='word_1_6' title='bbox 3422 204 3524 257; x_wconf 88' lang='grc'>818</span> 
     </span>
    </p>
   </div>
   <div class='ocr_carea' id='block_1_4' title="bbox 228 330 3523 406">
    <p class='ocr_par' dir='ltr' id='par_1_4' title="bbox 228 330 3523 406">
     <span class='ocr_line' id='line_1_4' title="bbox 228 330 3523 406; baseline -0.002 -17"><span class='ocrx_word' id='word_1_7' title='bbox 228 334 368 389; x_wconf 89' lang='lat' dir='ltr'>Nam</span> <span class='ocrx_word' id='word_1_8' title='bbox 398 349 634 405; x_wconf 86' lang='lat' dir='ltr'>persona</span> <span class='ocrx_word' id='word_1_9' title='bbox 667 333 888 405; x_wconf 87' lang='lat' dir='ltr'>quidem</span> <span class='ocrx_word' id='word_1_10' title='bbox 911 350 1034 399; x_wconf 88' lang='lat' dir='ltr'>una,</span> <span class='ocrx_word' id='word_1_11' title='bbox 1060 333 1383 406; x_wconf 81' lang='lat' dir='ltr'>significatio</span> <span class='ocrx_word' id='word_1_12' title='bbox 1415 350 1629 405; x_wconf 91' lang='lat' dir='ltr'>quoque</span> <span class='ocrx_word' id='word_1_13' title='bbox 1650 333 1824 388; x_wconf 91' lang='lat' dir='ltr'>nomi-</span> <span class='ocrx_word' id='word_1_14' title='bbox 1844 335 1895 395; x_wconf 82' lang='grc' dir='ltr'><strong>Α</strong></span> <span class='ocrx_word' id='word_1_15' title='bbox 1924 332 2108 402; x_wconf 86' lang='lat' dir='ltr'><strong>piens:</strong></span> <span class='ocrx_word' id='word_1_16' title='bbox 2131 332 2261 399; x_wconf 77' lang='lat' dir='ltr'>Quis</span> <span class='ocrx_word' id='word_1_17' title='bbox 2282 332 2468 386; x_wconf 78' lang='lat' dir='ltr'>mollis</span> <span class='ocrx_word' id='word_1_18' title='bbox 2492 334 2547 385; x_wconf 82' lang='lat' dir='ltr'>et</span> <span class='ocrx_word' id='word_1_19' title='bbox 2568 330 2874 385; x_wconf 78' lang='lat' dir='ltr'>dissolutus</span> <span class='ocrx_word' id='word_1_20' title='bbox 2895 330 3063 385; x_wconf 78' lang='lat' dir='ltr'>estin</span> <span class='ocrx_word' id='word_1_21' title='bbox 3086 344 3247 402; x_wconf 80' lang='lat' dir='ltr'>apere</span> <span class='ocrx_word' id='word_1_22' title='bbox 3268 342 3385 395; x_wconf 84' lang='lat' dir='ltr'>suo,</span> <span class='ocrx_word' id='word_1_23' title='bbox 3402 330 3523 398; x_wconf 81' lang='lat' dir='ltr'>fra-</span> 
     </span>
    </p>
   </div>
   <div class='ocr_carea' id='block_1_5' title="bbox 226 422 1821 494">
    <p class='ocr_par' dir='ltr' id='par_1_5' title="bbox 226 422 1821 494">
     <span class='ocr_line' id='line_1_5' title="bbox 226 422 1821 494; baseline 0.001 -18"><span class='ocrx_word' id='word_1_24' title='bbox 226 440 357 476; x_wconf 91' lang='lat' dir='ltr'>num</span> <span class='ocrx_word' id='word_1_25' title='bbox 378 423 622 491; x_wconf 87' lang='lat' dir='ltr'>ejusdem</span> <span class='ocrx_word' id='word_1_26' title='bbox 646 438 897 492; x_wconf 79' lang='lat' dir='ltr'>personae</span> <span class='ocrx_word' id='word_1_27' title='bbox 918 423 1153 478; x_wconf 89' lang='lat' dir='ltr'>diversa.</span> <span class='ocrx_word' id='word_1_28' title='bbox 1182 425 1366 494; x_wconf 91' lang='lat' dir='ltr'>Itaque</span> <span class='ocrx_word' id='word_1_29' title='bbox 1387 422 1529 475; x_wconf 81' lang='lat' dir='ltr'>aliud</span> <span class='ocrx_word' id='word_1_30' title='bbox 1552 430 1697 477; x_wconf 90' lang='lat' dir='ltr'>notat</span> <span class='ocrx_word' id='word_1_31' title='bbox 1716 423 1821 477; x_wconf 90' lang='lat' dir='ltr'>hoc</span> 
     </span>
    </p>
   </div>
   <div class='ocr_carea' id='block_1_6' title="bbox 224 510 1819 582">
    <p class='ocr_par' dir='ltr' id='par_1_6' title="bbox 224 510 1819 582">
     <span class='ocr_line' id='line_1_6' title="bbox 224 510 1819 582; baseline -0.001 -16"><span class='ocrx_word' id='word_1_32' title='bbox 224 528 425 566; x_wconf 90' lang='lat' dir='ltr'>nomen</span> <span class='ocrx_word' id='word_1_33' title='bbox 456 512 599 582; x_wconf 89' lang='lat' dir='ltr'>qoud</span> <span class='ocrx_word' id='word_1_34' title='bbox 650 520 731 565; x_wconf 92' lang='lat' dir='ltr'>est</span> <span class='ocrx_word' id='word_1_35' title='bbox 774 512 951 575; x_wconf 83' lang='lat' dir='ltr'>Jesus,</span> <span class='ocrx_word' id='word_1_36' title='bbox 986 511 1128 565; x_wconf 84' lang='lat' dir='ltr'>aliud</span> <span class='ocrx_word' id='word_1_37' title='bbox 1177 512 1320 565; x_wconf 88' lang='lat' dir='ltr'>istud</span> <span class='ocrx_word' id='word_1_38' title='bbox 1352 512 1494 581; x_wconf 91' lang='lat' dir='ltr'>quod</span> <span class='ocrx_word' id='word_1_39' title='bbox 1544 519 1625 565; x_wconf 91' lang='lat' dir='ltr'>est</span> <span class='ocrx_word' id='word_1_40' title='bbox 1658 510 1819 564; x_wconf 87' lang='lat' dir='ltr'>Chri-</span> 
     </span>
    </p>
   </div>
   <div class='ocr_carea' id='block_1_7' title="bbox 225 599 1815 669">
    <p class='ocr_par' dir='ltr' id='par_1_7' title="bbox 225 599 1815 669">
     <span class='ocr_line' id='line_1_7' title="bbox 225 599 1815 669; baseline -0.001 -16"><span class='ocrx_word' id='word_1_41' title='bbox 225 608 341 653; x_wconf 88' lang='lat' dir='ltr'>stus</span> <span class='ocrx_word' id='word_1_42' title='bbox 377 615 388 653; x_wconf 92' lang='lat'>:</span> <span class='ocrx_word' id='word_1_43' title='bbox 422 616 529 652; x_wconf 91' lang='lat' dir='ltr'>non</span> <span class='ocrx_word' id='word_1_44' title='bbox 570 604 749 654; x_wconf 85' lang='lat' dir='ltr'>tamen</span> <span class='ocrx_word' id='word_1_45' title='bbox 782 599 889 653; x_wconf 90' lang='lat' dir='ltr'>alia</span> <span class='ocrx_word' id='word_1_46' title='bbox 930 615 1167 669; x_wconf 81' lang='lat' dir='ltr'>persona</span> <span class='ocrx_word' id='word_1_47' title='bbox 1214 607 1427 654; x_wconf 88' lang='lat' dir='ltr'>notatur</span> <span class='ocrx_word' id='word_1_48' title='bbox 1470 616 1569 668; x_wconf 88' lang='lat' dir='ltr'>per</span> <span class='ocrx_word' id='word_1_49' title='bbox 1613 599 1815 662; x_wconf 84' lang='lat' dir='ltr'>Jesum,</span> 
     </span>
    </p>
   </div>
   <div class='ocr_carea' id='block_1_8' title="bbox 224 687 1819 759">
    <p class='ocr_par' dir='ltr' id='par_1_8' title="bbox 224 687 1819 759">
     <span class='ocr_line' id='line_1_8' title="bbox 224 687 1819 759; baseline -0.001 -18"><span class='ocrx_word' id='word_1_50' title='bbox 224 688 329 741; x_wconf 91' lang='lat' dir='ltr'>alia</span> <span class='ocrx_word' id='word_1_51' title='bbox 359 704 458 757; x_wconf 92' lang='lat' dir='ltr'>per</span> <span class='ocrx_word' id='word_1_52' title='bbox 487 688 778 753; x_wconf 81' lang='lat' dir='ltr'>Christum,</span> <span class='ocrx_word' id='word_1_53' title='bbox 813 687 939 759; x_wconf 85' lang='lat' dir='ltr'>quia</span> <span class='ocrx_word' id='word_1_54' title='bbox 969 704 1078 742; x_wconf 90' lang='lat' dir='ltr'>non</span> <span class='ocrx_word' id='word_1_55' title='bbox 1111 689 1247 741; x_wconf 89' lang='lat' dir='ltr'>alius</span> <span class='ocrx_word' id='word_1_56' title='bbox 1278 696 1329 742; x_wconf 88' lang='lat' dir='ltr'>et</span> <span class='ocrx_word' id='word_1_57' title='bbox 1360 688 1518 753; x_wconf 89' lang='lat' dir='ltr'>alius,</span> <span class='ocrx_word' id='word_1_58' title='bbox 1552 687 1648 741; x_wconf 91' lang='lat' dir='ltr'>sed</span> <span class='ocrx_word' id='word_1_59' title='bbox 1679 702 1819 740; x_wconf 91' lang='lat' dir='ltr'>unus</span> 
     </span>
    </p>
   </div>
   <div class='ocr_carea' id='block_1_9' title="bbox 219 774 1819 846">
    <p class='ocr_par' dir='ltr' id='par_1_9' title="bbox 219 774 1819 846">
     <span class='ocr_line' id='line_1_9' title="bbox 219 774 1819 846; baseline -0.001 -17"><span class='ocrx_word' id='word_1_60' title='bbox 219 775 472 846; x_wconf 87' lang='lat' dir='ltr'>idemque</span> <span class='ocrx_word' id='word_1_61' title='bbox 504 784 585 829; x_wconf 89' lang='lat' dir='ltr'>est</span> <span class='ocrx_word' id='word_1_62' title='bbox 631 775 788 829; x_wconf 83' lang='lat' dir='ltr'>Jesus</span> <span class='ocrx_word' id='word_1_63' title='bbox 837 775 1102 840; x_wconf 85' lang='lat' dir='ltr'>Christus,</span> <span class='ocrx_word' id='word_1_64' title='bbox 1159 776 1323 829; x_wconf 90' lang='lat' dir='ltr'>Filius</span> <span class='ocrx_word' id='word_1_65' title='bbox 1380 777 1499 840; x_wconf 86' lang='lat' dir='ltr'>Dei,</span> <span class='ocrx_word' id='word_1_66' title='bbox 1554 774 1819 829; x_wconf 90' lang='lat' dir='ltr'>Dominus</span> 
     </span>
    </p>
   </div>
   <div class='ocr_carea' id='block_1_10' title="bbox 222 863 1819 933">
    <p class='ocr_par' dir='ltr' id='par_1_10' title="bbox 222 863 1819 933">
     <span class='ocr_line' id='line_1_10' title="bbox 222 863 1819 933; baseline 0.001 -17"><span class='ocrx_word' id='word_1_67' title='bbox 222 870 443 929; x_wconf 90' lang='lat' dir='ltr'>noster;</span> <span class='ocrx_word' id='word_1_68' title='bbox 468 863 657 916; x_wconf 91' lang='lat' dir='ltr'>mundi</span> <span class='ocrx_word' id='word_1_69' title='bbox 684 863 1036 933; x_wconf 83' lang='lat' dir='ltr'>Redemptor,</span> <span class='ocrx_word' id='word_1_70' title='bbox 1060 873 1112 918; x_wconf 92' lang='lat' dir='ltr'>et</span> <span class='ocrx_word' id='word_1_71' title='bbox 1143 865 1285 918; x_wconf 90' lang='lat' dir='ltr'>Deus</span> <span class='ocrx_word' id='word_1_72' title='bbox 1308 872 1359 918; x_wconf 89' lang='lat' dir='ltr'>et</span> <span class='ocrx_word' id='word_1_73' title='bbox 1388 865 1569 927; x_wconf 87' lang='lat' dir='ltr'>homo,</span> <span class='ocrx_word' id='word_1_74' title='bbox 1594 863 1694 917; x_wconf 88' lang='lat' dir='ltr'>Dei</span> <span class='ocrx_word' id='word_1_75' title='bbox 1723 864 1819 917; x_wconf 87' lang='lat' dir='ltr'>ho-</span> 
     </span>
    </p>
   </div>
   <div class='ocr_carea' id='block_1_11' title="bbox 221 951 1819 1022">
    <p class='ocr_par' dir='ltr' id='par_1_11' title="bbox 221 951 1819 1022">
     <span class='ocr_line' id='line_1_11' title="bbox 221 951 1819 1022; baseline 0.001 -18"><span class='ocrx_word' id='word_1_76' title='bbox 221 951 535 1022; x_wconf 91' lang='lat' dir='ltr'>minumque</span> <span class='ocrx_word' id='word_1_77' title='bbox 573 951 857 1005; x_wconf 86' lang='lat' dir='ltr'>mediator.</span> <span class='ocrx_word' id='word_1_78' title='bbox 894 954 952 1005; x_wconf 89' lang='lat' dir='ltr'>In</span> <span class='ocrx_word' id='word_1_79' title='bbox 983 967 1049 1006; x_wconf 93' lang='lat' dir='ltr'>eo</span> <span class='ocrx_word' id='word_1_80' title='bbox 1098 953 1243 1022; x_wconf 90' lang='lat' dir='ltr'>quod</span> <span class='ocrx_word' id='word_1_81' title='bbox 1293 953 1473 1018; x_wconf 91' lang='lat' dir='ltr'>homo,</span> <span class='ocrx_word' id='word_1_82' title='bbox 1528 951 1673 1004; x_wconf 79' lang='lat' dir='ltr'>Patri</span> <span class='ocrx_word' id='word_1_83' title='bbox 1719 967 1819 1020; x_wconf 90' lang='lat' dir='ltr'>pro</span> 
     </span>
    </p>
   </div>
   <div class='ocr_carea' id='block_1_12' title="bbox 221 1038 1819 1109">
    <p class='ocr_par' dir='ltr' id='par_1_12' title="bbox 221 1038 1819 1109">
     <span class='ocr_line' id='line_1_12' title="bbox 221 1038 1819 1109; baseline 0 -18"><span class='ocrx_word' id='word_1_84' title='bbox 221 1038 379 1093; x_wconf 90' lang='lat' dir='ltr'>nobis</span> <span class='ocrx_word' id='word_1_85' title='bbox 408 1039 755 1108; x_wconf 87' lang='lat' dir='ltr'>supplicans;</span> <span class='ocrx_word' id='word_1_86' title='bbox 789 1038 845 1092; x_wconf 91' lang='lat' dir='ltr'>in</span> <span class='ocrx_word' id='word_1_87' title='bbox 874 1055 940 1094; x_wconf 92' lang='lat' dir='ltr'>eo</span> <span class='ocrx_word' id='word_1_88' title='bbox 972 1040 1118 1109; x_wconf 89' lang='lat' dir='ltr'>quod</span> <span class='ocrx_word' id='word_1_89' title='bbox 1148 1040 1313 1104; x_wconf 90' lang='lat' dir='ltr'>Deus,</span> <span class='ocrx_word' id='word_1_90' title='bbox 1346 1055 1468 1093; x_wconf 91' lang='lat' dir='ltr'>cum</span> <span class='ocrx_word' id='word_1_91' title='bbox 1518 1039 1675 1091; x_wconf 85' lang='lat' dir='ltr'>Patre</span> <span class='ocrx_word' id='word_1_92' title='bbox 1710 1038 1819 1107; x_wconf 91' lang='lat' dir='ltr'>(cui</span> 
     </span>
    </p>
   </div>
   <div class='ocr_carea' id='block_1_13' title="bbox 216 1126 1818 1198">
    <p class='ocr_par' dir='ltr' id='par_1_13' title="bbox 216 1126 1818 1198">
     <span class='ocr_line' id='line_1_13' title="bbox 216 1126 1818 1198; baseline -0.001 -18"><span class='ocrx_word' id='word_1_93' title='bbox 216 1143 319 1196; x_wconf 90' lang='lat' dir='ltr'>per</span> <span class='ocrx_word' id='word_1_94' title='bbox 348 1127 528 1180; x_wconf 90' lang='lat' dir='ltr'>omnia</span> <span class='ocrx_word' id='word_1_95' title='bbox 549 1127 773 1197; x_wconf 70' lang='lat' dir='ltr'>aequalis</span> <span class='ocrx_word' id='word_1_96' title='bbox 799 1129 900 1196; x_wconf 90' lang='lat' dir='ltr'>est)</span> <span class='ocrx_word' id='word_1_97' title='bbox 926 1128 1085 1182; x_wconf 89' lang='lat' dir='ltr'>nobis</span> <span class='ocrx_word' id='word_1_98' title='bbox 1104 1127 1421 1198; x_wconf 86' lang='lat' dir='ltr'>propitians.</span> <span class='ocrx_word' id='word_1_99' title='bbox 1453 1129 1636 1197; x_wconf 81' lang='lat' dir='ltr'>Itaque</span> <span class='ocrx_word' id='word_1_100' title='bbox 1658 1126 1705 1180; x_wconf 92' lang='lat' dir='ltr'>ei</span> <span class='ocrx_word' id='word_1_101' title='bbox 1729 1126 1818 1196; x_wconf 87' lang='lat' dir='ltr'>qui</span> 
     </span>
    </p>
   </div>
   <div class='ocr_carea' id='block_1_14' title="bbox 216 1213 1817 1284">
    <p class='ocr_par' dir='ltr' id='par_1_14' title="bbox 216 1213 1817 1284">
     <span class='ocr_line' id='line_1_14' title="bbox 216 1213 1817 1284; baseline 0.001 -18"><span class='ocrx_word' id='word_1_102' title='bbox 216 1213 273 1267; x_wconf 89' lang='lat' dir='ltr'>in</span> <span class='ocrx_word' id='word_1_103' title='bbox 323 1214 463 1269; x_wconf 83' lang='lat' dir='ltr'>cella</span> <span class='ocrx_word' id='word_1_104' title='bbox 515 1214 785 1269; x_wconf 78' lang='lat' dir='ltr'>fructuosa</span> <span class='ocrx_word' id='word_1_105' title='bbox 848 1223 949 1279; x_wconf 90' lang='lat' dir='ltr'>est,</span> <span class='ocrx_word' id='word_1_106' title='bbox 982 1232 1012 1268; x_wconf 91' lang='lat' dir='ltr'>a</span> <span class='ocrx_word' id='word_1_107' title='bbox 1044 1223 1213 1269; x_wconf 85' lang='lat' dir='ltr'>matre</span> <span class='ocrx_word' id='word_1_108' title='bbox 1256 1215 1435 1284; x_wconf 87' lang='lat' dir='ltr'>gratia</span> <span class='ocrx_word' id='word_1_109' title='bbox 1485 1215 1817 1284; x_wconf 86' lang='lat' dir='ltr'>spiritualem</span> 
     </span>
    </p>
   </div>
   <div class='ocr_carea' id='block_1_15' title="bbox 218 1301 1819 1369">
    <p class='ocr_par' dir='ltr' id='par_1_15' title="bbox 218 1301 1819 1369">
     <span class='ocr_line' id='line_1_15' title="bbox 218 1301 1819 1369; baseline 0 -12"><span class='ocrx_word' id='word_1_110' title='bbox 218 1301 454 1357; x_wconf 88' lang='lat' dir='ltr'>conferri</span> <span class='ocrx_word' id='word_1_111' title='bbox 513 1302 767 1367; x_wconf 87' lang='lat' dir='ltr'>fructum,</span> <span class='ocrx_word' id='word_1_112' title='bbox 821 1319 1063 1369; x_wconf 80' lang='lat' dir='ltr'>suavem,</span> <span class='ocrx_word' id='word_1_113' title='bbox 1112 1310 1164 1357; x_wconf 91' lang='lat' dir='ltr'>et</span> <span class='ocrx_word' id='word_1_114' title='bbox 1210 1303 1484 1356; x_wconf 85' lang='lat' dir='ltr'>salubrem</span> <span class='ocrx_word' id='word_1_115' title='bbox 1526 1322 1539 1369; x_wconf 88' lang='lat'><strong>;</strong></span> <span class='ocrx_word' id='word_1_116' title='bbox 1588 1305 1691 1357; x_wconf 93' lang='lat' dir='ltr'>hoc</span> <span class='ocrx_word' id='word_1_117' title='bbox 1738 1311 1819 1357; x_wconf 89' lang='lat' dir='ltr'>est</span> 
     </span>
    </p>
   </div>
   <div class='ocr_carea' id='block_1_16' title="bbox 220 1391 1817 1461">
    <p class='ocr_par' dir='ltr' id='par_1_16' title="bbox 220 1391 1817 1461">
     <span class='ocr_line' id='line_1_16' title="bbox 220 1391 1817 1461; baseline 0.001 -18"><span class='ocrx_word' id='word_1_118' title='bbox 220 1391 545 1457; x_wconf 89' lang='lat' dir='ltr'>(secundum</span> <span class='ocrx_word' id='word_1_119' title='bbox 582 1391 871 1461; x_wconf 87' lang='lat' dir='ltr'>quemdam</span> <span class='ocrx_word' id='word_1_120' title='bbox 905 1392 1140 1461; x_wconf 87' lang='lat' dir='ltr'>quodam</span> <span class='ocrx_word' id='word_1_121' title='bbox 1170 1392 1333 1445; x_wconf 91' lang='lat' dir='ltr'>modo</span> <span class='ocrx_word' id='word_1_122' title='bbox 1381 1407 1599 1445; x_wconf 89' lang='lat' dir='ltr'>sensum</span> <span class='ocrx_word' id='word_1_123' title='bbox 1633 1406 1817 1444; x_wconf 89' lang='lat' dir='ltr'>mora-</span> 
     </span>
    </p>
   </div>
   <div class='ocr_carea' id='block_1_17' title="bbox 214 1477 1819 1546">
    <p class='ocr_par' dir='ltr' id='par_1_17' title="bbox 214 1477 1819 1546">
     <span class='ocr_line' id='line_1_17' title="bbox 214 1477 1819 1546; baseline 0.002 -16"><span class='ocrx_word' id='word_1_124' title='bbox 214 1477 346 1546; x_wconf 91' lang='lat' dir='ltr'>lem)</span> <span class='ocrx_word' id='word_1_125' title='bbox 386 1479 439 1531; x_wconf 92' lang='lat' dir='ltr'>in</span> <span class='ocrx_word' id='word_1_126' title='bbox 471 1479 744 1533; x_wconf 88' lang='lat' dir='ltr'>Bethleem</span> <span class='ocrx_word' id='word_1_127' title='bbox 794 1479 945 1532; x_wconf 87' lang='lat' dir='ltr'>nasci</span> <span class='ocrx_word' id='word_1_128' title='bbox 977 1479 1251 1533; x_wconf 89' lang='lat' dir='ltr'>Christum</span> <span class='ocrx_word' id='word_1_129' title='bbox 1299 1479 1502 1533; x_wconf 87' lang='lat' dir='ltr'>Jesum.</span> <span class='ocrx_word' id='word_1_130' title='bbox 1555 1479 1661 1532; x_wconf 91' lang='lat' dir='ltr'>Sed</span> <span class='ocrx_word' id='word_1_131' title='bbox 1695 1479 1819 1533; x_wconf 91' lang='lat' dir='ltr'>licet</span> 
     </span>
    </p>
   </div>
   <div class='ocr_carea' id='block_1_18' title="bbox 207 1566 1821 1636">
    <p class='ocr_par' dir='ltr' id='par_1_18' title="bbox 207 1566 1821 1636">
     <span class='ocr_line' id='line_1_18' title="bbox 207 1566 1821 1636; baseline 0.001 -18"><span class='ocrx_word' id='word_1_132' title='bbox 207 1567 363 1634; x_wconf 83' lang='lat' dir='ltr'>juxta</span> <span class='ocrx_word' id='word_1_133' title='bbox 393 1566 624 1620; x_wconf 89' lang='lat' dir='ltr'>nominis</span> <span class='ocrx_word' id='word_1_134' title='bbox 658 1567 739 1620; x_wconf 90' lang='lat' dir='ltr'>sui</span> <span class='ocrx_word' id='word_1_135' title='bbox 771 1566 1288 1636; x_wconf 85' lang='lat' dir='ltr'>interpretationem,</span> <span class='ocrx_word' id='word_1_136' title='bbox 1340 1566 1394 1619; x_wconf 91' lang='lat' dir='ltr'>in</span> <span class='ocrx_word' id='word_1_137' title='bbox 1444 1567 1719 1620; x_wconf 87' lang='lat' dir='ltr'>Bethleem</span> <span class='ocrx_word' id='word_1_138' title='bbox 1752 1566 1821 1619; x_wconf 91' lang='lat' dir='ltr'>sit</span> 
     </span>
    </p>
   </div>
   <div class='ocr_carea' id='block_1_19' title="bbox 214 1654 1899 1746">
    <p class='ocr_par' dir='ltr' id='par_1_19' title="bbox 214 1654 1899 1746">
     <span class='ocr_line' id='line_1_19' title="bbox 214 1654 1899 1746; baseline 0.001 -40"><span class='ocrx_word' id='word_1_139' title='bbox 214 1654 373 1724; x_wconf 89' lang='lat' dir='ltr'>panis</span> <span class='ocrx_word' id='word_1_140' title='bbox 404 1656 607 1724; x_wconf 84' lang='lat' dir='ltr'>(utpote</span> <span class='ocrx_word' id='word_1_141' title='bbox 648 1670 767 1725; x_wconf 61' lang='lat' dir='ltr'>qum</span> <span class='ocrx_word' id='word_1_142' title='bbox 798 1655 992 1709; x_wconf 91' lang='lat' dir='ltr'>domus</span> <span class='ocrx_word' id='word_1_143' title='bbox 1046 1655 1240 1710; x_wconf 90' lang='lat' dir='ltr'>dicitur</span> <span class='ocrx_word' id='word_1_144' title='bbox 1291 1654 1486 1724; x_wconf 86' lang='lat' dir='ltr'>panis),</span> <span class='ocrx_word' id='word_1_145' title='bbox 1523 1663 1604 1707; x_wconf 91' lang='lat' dir='ltr'>est</span> <span class='ocrx_word' id='word_1_146' title='bbox 1635 1663 1818 1708; x_wconf 87' lang='lat' dir='ltr'>tamen</span> <span class='ocrx_word' id='word_1_147' title='bbox 1848 1688 1899 1746; x_wconf 80' lang='grc' dir='ltr'>Β</span> 
     </span>
    </p>
   </div>
   <div class='ocr_carea' id='block_1_20' title="bbox 217 1742 1819 1812">
    <p class='ocr_par' dir='ltr' id='par_1_20' title="bbox 217 1742 1819 1812">
     <span class='ocr_line' id='line_1_20' title="bbox 217 1742 1819 1812; baseline 0.001 -17"><span class='ocrx_word' id='word_1_148' title='bbox 217 1757 604 1811; x_wconf 87' lang='lat' dir='ltr'>nonnunquam</span> <span class='ocrx_word' id='word_1_149' title='bbox 644 1742 697 1794; x_wconf 94' lang='lat' dir='ltr'>in</span> <span class='ocrx_word' id='word_1_150' title='bbox 746 1758 805 1795; x_wconf 86' lang='lat' dir='ltr'>ea</span> <span class='ocrx_word' id='word_1_151' title='bbox 851 1743 1136 1812; x_wconf 54' lang='lat' dir='ltr'>praesentia</span> <span class='ocrx_word' id='word_1_152' title='bbox 1170 1742 1347 1796; x_wconf 86' lang='lat' dir='ltr'>famis.</span> <span class='ocrx_word' id='word_1_153' title='bbox 1398 1744 1537 1796; x_wconf 90' lang='lat' dir='ltr'>Nam</span> <span class='ocrx_word' id='word_1_154' title='bbox 1586 1743 1741 1795; x_wconf 88' lang='lat' dir='ltr'>adest</span> <span class='ocrx_word' id='word_1_155' title='bbox 1770 1742 1819 1797; x_wconf 90' lang='lat' dir='ltr'>ei</span> 
     </span>
    </p>
   </div>
   <div class='ocr_carea' id='block_1_21' title="bbox 212 1829 1818 1899">
    <p class='ocr_par' dir='ltr' id='par_1_21' title="bbox 212 1829 1818 1899">
     <span class='ocr_line' id='line_1_21' title="bbox 212 1829 1818 1899; baseline 0.001 -17"><span class='ocrx_word' id='word_1_156' title='bbox 212 1830 473 1883; x_wconf 90' lang='lat' dir='ltr'>nimirum</span> <span class='ocrx_word' id='word_1_157' title='bbox 507 1830 793 1899; x_wconf 69' lang='lat' dir='ltr'>prmsentia</span> <span class='ocrx_word' id='word_1_158' title='bbox 823 1829 999 1895; x_wconf 81' lang='lat' dir='ltr'>famis,</span> <span class='ocrx_word' id='word_1_159' title='bbox 1034 1846 1157 1885; x_wconf 92' lang='lat' dir='ltr'>cum</span> <span class='ocrx_word' id='word_1_160' title='bbox 1183 1831 1337 1885; x_wconf 85' lang='lat' dir='ltr'>adest</span> <span class='ocrx_word' id='word_1_161' title='bbox 1369 1831 1417 1884; x_wconf 91' lang='lat' dir='ltr'>ei</span> <span class='ocrx_word' id='word_1_162' title='bbox 1449 1830 1693 1884; x_wconf 87' lang='lat' dir='ltr'>absentia</span> <span class='ocrx_word' id='word_1_163' title='bbox 1722 1846 1818 1899; x_wconf 88' lang='lat' dir='ltr'>pa-</span> 
     </span>
    </p>
   </div>
   <div class='ocr_carea' id='block_1_22' title="bbox 216 1917 1817 1989">
    <p class='ocr_par' dir='ltr' id='par_1_22' title="bbox 216 1917 1817 1989">
     <span class='ocr_line' id='line_1_22' title="bbox 216 1917 1817 1989; baseline 0.002 -19"><span class='ocrx_word' id='word_1_164' title='bbox 216 1918 324 1972; x_wconf 91' lang='lat' dir='ltr'>nis.</span> <span class='ocrx_word' id='word_1_165' title='bbox 358 1917 537 1973; x_wconf 90' lang='lat' dir='ltr'>Liceat</span> <span class='ocrx_word' id='word_1_166' title='bbox 563 1918 829 1972; x_wconf 90' lang='lat' dir='ltr'>audenter</span> <span class='ocrx_word' id='word_1_167' title='bbox 875 1918 1055 1973; x_wconf 89' lang='lat' dir='ltr'>dicere</span> <span class='ocrx_word' id='word_1_168' title='bbox 1104 1919 1173 1971; x_wconf 90' lang='lat' dir='ltr'>ad</span> <span class='ocrx_word' id='word_1_169' title='bbox 1221 1934 1338 1982; x_wconf 89' lang='lat' dir='ltr'>vos,</span> <span class='ocrx_word' id='word_1_170' title='bbox 1372 1918 1495 1989; x_wconf 90' lang='lat' dir='ltr'>quia</span> <span class='ocrx_word' id='word_1_171' title='bbox 1545 1934 1668 1972; x_wconf 91' lang='lat' dir='ltr'>cum</span> <span class='ocrx_word' id='word_1_172' title='bbox 1717 1926 1817 1973; x_wconf 74' lang='lat' dir='ltr'>tae-</span> 
     </span>
    </p>
   </div>
   <div class='ocr_carea' id='block_1_23' title="bbox 211 2005 1814 2077">
    <p class='ocr_par' dir='ltr' id='par_1_23' title="bbox 211 2005 1814 2077">
     <span class='ocr_line' id='line_1_23' title="bbox 211 2005 1814 2077; baseline 0 -18"><span class='ocrx_word' id='word_1_173' title='bbox 211 2006 364 2059; x_wconf 90' lang='lat' dir='ltr'>dium</span> <span class='ocrx_word' id='word_1_174' title='bbox 411 2005 595 2061; x_wconf 89' lang='lat' dir='ltr'>cordis</span> <span class='ocrx_word' id='word_1_175' title='bbox 624 2006 703 2077; x_wconf 91' lang='lat' dir='ltr'>(ut</span> <span class='ocrx_word' id='word_1_176' title='bbox 734 2021 1121 2076; x_wconf 87' lang='lat' dir='ltr'>nonnunquam</span> <span class='ocrx_word' id='word_1_177' title='bbox 1168 2006 1489 2077; x_wconf 88' lang='lat' dir='ltr'>contingere</span> <span class='ocrx_word' id='word_1_178' title='bbox 1521 2006 1679 2076; x_wconf 83' lang='lat' dir='ltr'>solet)</span> <span class='ocrx_word' id='word_1_179' title='bbox 1713 2021 1814 2075; x_wconf 92' lang='lat' dir='ltr'>pro</span> 
     </span>
    </p>
   </div>
   <div class='ocr_carea' id='block_1_24' title="bbox 214 2094 1820 2165">
    <p class='ocr_par' dir='ltr' id='par_1_24' title="bbox 214 2094 1820 2165">
     <span class='ocr_line' id='line_1_24' title="bbox 214 2094 1820 2165; baseline -0.001 -17"><span class='ocrx_word' id='word_1_180' title='bbox 214 2110 281 2149; x_wconf 89' lang='lat' dir='ltr'>eo</span> <span class='ocrx_word' id='word_1_181' title='bbox 314 2095 458 2165; x_wconf 87' lang='lat' dir='ltr'>quod</span> <span class='ocrx_word' id='word_1_182' title='bbox 489 2094 670 2147; x_wconf 89' lang='lat' dir='ltr'>multis</span> <span class='ocrx_word' id='word_1_183' title='bbox 702 2094 937 2164; x_wconf 88' lang='lat' dir='ltr'>repletus</span> <span class='ocrx_word' id='word_1_184' title='bbox 966 2094 1199 2148; x_wconf 86' lang='lat' dir='ltr'>miseriis</span> <span class='ocrx_word' id='word_1_185' title='bbox 1244 2095 1407 2148; x_wconf 90' lang='lat' dir='ltr'>homo</span> <span class='ocrx_word' id='word_1_186' title='bbox 1455 2109 1732 2165; x_wconf 89' lang='lat' dir='ltr'>nunquam</span> <span class='ocrx_word' id='word_1_187' title='bbox 1764 2094 1820 2146; x_wconf 91' lang='lat' dir='ltr'>in</span> 
     </span>
    </p>
   </div>
   <div class='ocr_carea' id='block_1_25' title="bbox 214 2181 1817 2252">
    <p class='ocr_par' dir='ltr' id='par_1_25' title="bbox 214 2181 1817 2252">
     <span class='ocr_line' id='line_1_25' title="bbox 214 2181 1817 2252; baseline -0.001 -16"><span class='ocrx_word' id='word_1_188' title='bbox 214 2183 408 2236; x_wconf 89' lang='lat' dir='ltr'>eodem</span> <span class='ocrx_word' id='word_1_189' title='bbox 440 2191 603 2251; x_wconf 89' lang='lat' dir='ltr'>statu,</span> <span class='ocrx_word' id='word_1_190' title='bbox 656 2190 940 2251; x_wconf 85' lang='lat' dir='ltr'>permanet</span> <span class='ocrx_word' id='word_1_191' title='bbox 989 2189 1041 2236; x_wconf 92' lang='lat' dir='ltr'>et</span> <span class='ocrx_word' id='word_1_192' title='bbox 1088 2189 1272 2252; x_wconf 88' lang='lat' dir='ltr'>torpor</span> <span class='ocrx_word' id='word_1_193' title='bbox 1324 2181 1543 2251; x_wconf 88' lang='lat' dir='ltr'>spiritus</span> <span class='ocrx_word' id='word_1_194' title='bbox 1592 2182 1646 2235; x_wconf 91' lang='lat' dir='ltr'>in</span> <span class='ocrx_word' id='word_1_195' title='bbox 1695 2198 1817 2235; x_wconf 91' lang='lat' dir='ltr'>eum</span> 
     </span>
    </p>
   </div>
   <div class='ocr_carea' id='block_1_26' title="bbox 214 2270 1816 2342">
    <p class='ocr_par' dir='ltr' id='par_1_26' title="bbox 214 2270 1816 2342">
     <span class='ocr_line' id='line_1_26' title="bbox 214 2270 1816 2342; baseline 0.001 -19"><span class='ocrx_word' id='word_1_196' title='bbox 214 2271 307 2342; x_wconf 92' lang='lat' dir='ltr'>qui</span> <span class='ocrx_word' id='word_1_197' title='bbox 337 2270 548 2325; x_wconf 90' lang='lat' dir='ltr'>habitor</span> <span class='ocrx_word' id='word_1_198' title='bbox 583 2278 664 2324; x_wconf 91' lang='lat' dir='ltr'>est</span> <span class='ocrx_word' id='word_1_199' title='bbox 709 2270 863 2324; x_wconf 86' lang='lat' dir='ltr'>cellae</span> <span class='ocrx_word' id='word_1_200' title='bbox 911 2270 1103 2334; x_wconf 87' lang='lat' dir='ltr'>irruit;</span> <span class='ocrx_word' id='word_1_201' title='bbox 1137 2279 1264 2325; x_wconf 92' lang='lat' dir='ltr'>tunc</span> <span class='ocrx_word' id='word_1_202' title='bbox 1310 2270 1565 2323; x_wconf 90' lang='lat' dir='ltr'>nimirum</span> <span class='ocrx_word' id='word_1_203' title='bbox 1609 2270 1664 2323; x_wconf 90' lang='lat' dir='ltr'>in</span> <span class='ocrx_word' id='word_1_204' title='bbox 1710 2271 1816 2324; x_wconf 87' lang='lat' dir='ltr'>Be-</span> 
     </span>
    </p>
   </div>
   <div class='ocr_carea' id='block_1_27' title="bbox 216 2357 1819 2428">
    <p class='ocr_par' dir='ltr' id='par_1_27' title="bbox 216 2357 1819 2428">
     <span class='ocr_line' id='line_1_27' title="bbox 216 2357 1819 2428; baseline -0.001 -16"><span class='ocrx_word' id='word_1_205' title='bbox 216 2359 417 2413; x_wconf 88' lang='lat' dir='ltr'>thleem</span> <span class='ocrx_word' id='word_1_206' title='bbox 450 2358 623 2413; x_wconf 88' lang='lat' dir='ltr'>fames</span> <span class='ocrx_word' id='word_1_207' title='bbox 654 2357 727 2412; x_wconf 81' lang='lat' dir='ltr'>ﬁt.</span> <span class='ocrx_word' id='word_1_208' title='bbox 791 2359 1174 2412; x_wconf 88' lang='lat' dir='ltr'>Verumtamen</span> <span class='ocrx_word' id='word_1_209' title='bbox 1206 2374 1313 2412; x_wconf 88' lang='lat' dir='ltr'>non</span> <span class='ocrx_word' id='word_1_210' title='bbox 1346 2358 1661 2428; x_wconf 85' lang='lat' dir='ltr'>egrediatur</span> <span class='ocrx_word' id='word_1_211' title='bbox 1690 2373 1819 2428; x_wconf 85' lang='lat' dir='ltr'>pro-</span> 
     </span>
    </p>
   </div>
   <div class='ocr_carea' id='block_1_28' title="bbox 210 2446 1813 2517">
    <p class='ocr_par' dir='ltr' id='par_1_28' title="bbox 210 2446 1813 2517">
     <span class='ocr_line' id='line_1_28' title="bbox 210 2446 1813 2517; baseline -0.002 -16"><span class='ocrx_word' id='word_1_212' title='bbox 210 2456 335 2517; x_wconf 87' lang='lat' dir='ltr'>pter</span> <span class='ocrx_word' id='word_1_213' title='bbox 392 2448 530 2502; x_wconf 89' lang='lat' dir='ltr'>hanc</span> <span class='ocrx_word' id='word_1_214' title='bbox 584 2446 779 2501; x_wconf 89' lang='lat' dir='ltr'>famem</span> <span class='ocrx_word' id='word_1_215' title='bbox 828 2447 1097 2515; x_wconf 90' lang='lat' dir='ltr'>(consulo)</span> <span class='ocrx_word' id='word_1_216' title='bbox 1141 2447 1209 2501; x_wconf 92' lang='lat' dir='ltr'>de</span> <span class='ocrx_word' id='word_1_217' title='bbox 1257 2447 1532 2501; x_wconf 86' lang='lat' dir='ltr'>Bethleem</span> <span class='ocrx_word' id='word_1_218' title='bbox 1581 2446 1813 2512; x_wconf 86' lang='lat' dir='ltr'>Noemi;</span> 
     </span>
    </p>
   </div>
   <div class='ocr_carea' id='block_1_29' title="bbox 211 2535 1816 2606">
    <p class='ocr_par' dir='ltr' id='par_1_29' title="bbox 211 2535 1816 2606">
     <span class='ocr_line' id='line_1_29' title="bbox 211 2535 1816 2606; baseline -0.001 -17"><span class='ocrx_word' id='word_1_219' title='bbox 211 2536 311 2590; x_wconf 90' lang='lat' dir='ltr'>sed</span> <span class='ocrx_word' id='word_1_220' title='bbox 364 2535 496 2590; x_wconf 89' lang='lat' dir='ltr'>sciat</span> <span class='ocrx_word' id='word_1_221' title='bbox 545 2536 672 2606; x_wconf 86' lang='lat' dir='ltr'>quia</span> <span class='ocrx_word' id='word_1_222' title='bbox 719 2543 843 2606; x_wconf 91' lang='lat' dir='ltr'>post</span> <span class='ocrx_word' id='word_1_223' title='bbox 889 2542 1102 2604; x_wconf 89' lang='lat' dir='ltr'>tempus</span> <span class='ocrx_word' id='word_1_224' title='bbox 1144 2535 1359 2605; x_wconf 70' lang='lat' dir='ltr'>impiae,</span> <span class='ocrx_word' id='word_1_225' title='bbox 1394 2535 1572 2589; x_wconf 88' lang='lat' dir='ltr'>veniat</span> <span class='ocrx_word' id='word_1_226' title='bbox 1606 2542 1816 2604; x_wconf 90' lang='lat' dir='ltr'>tempus</span> 
     </span>
    </p>
   </div>
   <div class='ocr_carea' id='block_1_30' title="bbox 215 2621 1818 2693">
    <p class='ocr_par' dir='ltr' id='par_1_30' title="bbox 215 2621 1818 2693">
     <span class='ocr_line' id='line_1_30' title="bbox 215 2621 1818 2693; baseline -0.001 -17"><span class='ocrx_word' id='word_1_227' title='bbox 215 2623 577 2678; x_wconf 67' lang='lat' dir='ltr'>abundantiae.</span> <span class='ocrx_word' id='word_1_228' title='bbox 612 2622 769 2691; x_wconf 86' lang='lat' dir='ltr'>Quod</span> <span class='ocrx_word' id='word_1_229' title='bbox 799 2623 845 2677; x_wconf 91' lang='lat' dir='ltr'>si</span> <span class='ocrx_word' id='word_1_230' title='bbox 872 2638 1101 2692; x_wconf 89' lang='lat' dir='ltr'>egressa</span> <span class='ocrx_word' id='word_1_231' title='bbox 1130 2621 1307 2687; x_wconf 85' lang='lat' dir='ltr'>fuerit,</span> <span class='ocrx_word' id='word_1_232' title='bbox 1344 2622 1476 2677; x_wconf 90' lang='lat' dir='ltr'>sciat</span> <span class='ocrx_word' id='word_1_233' title='bbox 1506 2639 1565 2677; x_wconf 91' lang='lat' dir='ltr'>se</span> <span class='ocrx_word' id='word_1_234' title='bbox 1598 2639 1818 2693; x_wconf 87' lang='lat' dir='ltr'>regres-</span> 
     </span>
    </p>
   </div>
   <div class='ocr_carea' id='block_1_31' title="bbox 213 2711 1816 2781">
    <p class='ocr_par' dir='ltr' id='par_1_31' title="bbox 213 2711 1816 2781">
     <span class='ocr_line' id='line_1_31' title="bbox 213 2711 1816 2781; baseline -0.001 -17"><span class='ocrx_word' id='word_1_235' title='bbox 213 2727 398 2765; x_wconf 87' lang='lat' dir='ltr'>suram</span> <span class='ocrx_word' id='word_1_236' title='bbox 446 2711 668 2765; x_wconf 88' lang='lat' dir='ltr'>omnino</span> <span class='ocrx_word' id='word_1_237' title='bbox 716 2727 993 2776; x_wconf 88' lang='lat' dir='ltr'>amaram;</span> <span class='ocrx_word' id='word_1_238' title='bbox 1044 2719 1097 2766; x_wconf 92' lang='lat' dir='ltr'>et</span> <span class='ocrx_word' id='word_1_239' title='bbox 1127 2711 1290 2781; x_wconf 88' lang='lat' dir='ltr'>(sicut</span> <span class='ocrx_word' id='word_1_240' title='bbox 1336 2711 1404 2765; x_wconf 90' lang='lat' dir='ltr'>de</span> <span class='ocrx_word' id='word_1_241' title='bbox 1435 2727 1494 2765; x_wconf 91' lang='lat' dir='ltr'>se</span> <span class='ocrx_word' id='word_1_242' title='bbox 1538 2711 1668 2765; x_wconf 90' lang='lat' dir='ltr'>dicit</span> <span class='ocrx_word' id='word_1_243' title='bbox 1698 2711 1816 2779; x_wconf 89' lang='lat' dir='ltr'>ipsa</span> 
     </span>
    </p>
   </div>
   <div class='ocr_carea' id='block_1_32' title="bbox 212 2798 1811 2870">
    <p class='ocr_par' dir='ltr' id='par_1_32' title="bbox 212 2798 1811 2870">
     <span class='ocr_line' id='line_1_32' title="bbox 212 2798 1811 2870; baseline -0.001 -16"><span class='ocrx_word' id='word_1_244' title='bbox 212 2798 431 2870; x_wconf 87' lang='lat' dir='ltr'>Noemi)</span> <span class='ocrx_word' id='word_1_245' title='bbox 492 2807 795 2854; x_wconf 89' lang='lat' dir='ltr'>revertetur</span> <span class='ocrx_word' id='word_1_246' title='bbox 865 2815 1057 2865; x_wconf 86' lang='lat' dir='ltr'>vacua,</span> <span class='ocrx_word' id='word_1_247' title='bbox 1109 2816 1227 2869; x_wconf 73' lang='lat' dir='ltr'>qua:</span> <span class='ocrx_word' id='word_1_248' title='bbox 1259 2815 1481 2869; x_wconf 88' lang='lat' dir='ltr'>egressa</span> <span class='ocrx_word' id='word_1_249' title='bbox 1506 2798 1602 2852; x_wconf 91' lang='lat' dir='ltr'>fuit</span> <span class='ocrx_word' id='word_1_250' title='bbox 1633 2798 1811 2868; x_wconf 92' lang='lat' dir='ltr'>plena.</span> 
     </span>
    </p>
   </div>
   <div class='ocr_carea' id='block_1_33' title="bbox 212 2887 1813 2957">
    <p class='ocr_par' dir='ltr' id='par_1_33' title="bbox 212 2887 1813 2957">
     <span class='ocr_line' id='line_1_33' title="bbox 212 2887 1813 2957; baseline -0.001 -15"><span class='ocrx_word' id='word_1_251' title='bbox 212 2889 283 2942; x_wconf 87' lang='lat' dir='ltr'>Et</span> <span class='ocrx_word' id='word_1_252' title='bbox 332 2903 396 2942; x_wconf 92' lang='lat' dir='ltr'>eo</span> <span class='ocrx_word' id='word_1_253' title='bbox 439 2888 659 2943; x_wconf 88' lang='lat' dir='ltr'>accedet</span> <span class='ocrx_word' id='word_1_254' title='bbox 707 2888 829 2953; x_wconf 91' lang='lat' dir='ltr'>hoc,</span> <span class='ocrx_word' id='word_1_255' title='bbox 882 2896 939 2940; x_wconf 92' lang='lat' dir='ltr'>ut</span> <span class='ocrx_word' id='word_1_256' title='bbox 967 2888 1198 2957; x_wconf 90' lang='lat' dir='ltr'>ipsamet</span> <span class='ocrx_word' id='word_1_257' title='bbox 1245 2904 1304 2941; x_wconf 90' lang='lat' dir='ltr'>se</span> <span class='ocrx_word' id='word_1_258' title='bbox 1328 2887 1554 2955; x_wconf 88' lang='lat' dir='ltr'>judicet,</span> <span class='ocrx_word' id='word_1_259' title='bbox 1605 2902 1714 2941; x_wconf 91' lang='lat' dir='ltr'>non</span> <span class='ocrx_word' id='word_1_260' title='bbox 1746 2887 1813 2940; x_wconf 90' lang='lat' dir='ltr'>de</span> 
     </span>
    </p>
   </div>
   <div class='ocr_carea' id='block_1_34' title="bbox 214 2975 1815 3045">
    <p class='ocr_par' dir='ltr' id='par_1_34' title="bbox 214 2975 1815 3045">
     <span class='ocr_line' id='line_1_34' title="bbox 214 2975 1815 3045; baseline -0.003 -13"><span class='ocrx_word' id='word_1_261' title='bbox 214 2984 413 3032; x_wconf 81' lang='lat' dir='ltr'>caetero</span> <span class='ocrx_word' id='word_1_262' title='bbox 440 2976 634 3030; x_wconf 90' lang='lat' dir='ltr'>Noemi</span> <span class='ocrx_word' id='word_1_263' title='bbox 681 2975 1003 3041; x_wconf 87' lang='lat' dir='ltr'>vocandam,</span> <span class='ocrx_word' id='word_1_264' title='bbox 1058 2976 1153 3029; x_wconf 92' lang='lat' dir='ltr'>sed</span> <span class='ocrx_word' id='word_1_265' title='bbox 1184 2976 1363 3045; x_wconf 88' lang='lat' dir='ltr'>potius</span> <span class='ocrx_word' id='word_1_266' title='bbox 1413 2976 1616 3029; x_wconf 84' lang='lat' dir='ltr'>Marah.</span> <span class='ocrx_word' id='word_1_267' title='bbox 1670 2975 1815 3029; x_wconf 91' lang='lat' dir='ltr'>Ecce</span> 
     </span>
    </p>
   </div>
   <div class='ocr_carea' id='block_1_35' title="bbox 213 3036 1885 3134">
    <p class='ocr_par' dir='ltr' id='par_1_35' title="bbox 213 3036 1885 3134">
     <span class='ocr_line' id='line_1_35' title="bbox 213 3036 1885 3134; baseline -0.002 -16"><span class='ocrx_word' id='word_1_268' title='bbox 213 3065 342 3134; x_wconf 88' lang='lat' dir='ltr'>quia</span> <span class='ocrx_word' id='word_1_269' title='bbox 371 3064 463 3117; x_wconf 90' lang='lat' dir='ltr'>ubi</span> <span class='ocrx_word' id='word_1_270' title='bbox 510 3064 802 3134; x_wconf 85' lang='lat' dir='ltr'>aliquando</span> <span class='ocrx_word' id='word_1_271' title='bbox 843 3036 1206 3133; x_wconf 62' lang='lat' dir='ltr'>pulchritudo,</span> <span class='ocrx_word' id='word_1_272' title='bbox 1237 3064 1349 3132; x_wconf 90' lang='lat' dir='ltr'>jam</span> <span class='ocrx_word' id='word_1_273' title='bbox 1383 3063 1454 3116; x_wconf 92' lang='lat' dir='ltr'>ibi</span> <span class='ocrx_word' id='word_1_274' title='bbox 1485 3062 1809 3116; x_wconf 88' lang='lat' dir='ltr'>amaritudo.</span> <span class='ocrx_word' id='word_1_275' title='bbox 1840 3036 1885 3095; x_wconf 72' lang='grc' dir='ltr'><strong>Ο</strong></span> 
     </span>
    </p>
   </div>
   <div class='ocr_carea' id='block_1_36' title="bbox 214 3149 1815 3221">
    <p class='ocr_par' dir='ltr' id='par_1_36' title="bbox 214 3149 1815 3221">
     <span class='ocr_line' id='line_1_36' title="bbox 214 3149 1815 3221; baseline -0.004 -13"><span class='ocrx_word' id='word_1_276' title='bbox 214 3153 470 3208; x_wconf 88' lang='lat' dir='ltr'>Similiter</span> <span class='ocrx_word' id='word_1_277' title='bbox 518 3168 650 3207; x_wconf 90' lang='lat' dir='ltr'>vero</span> <span class='ocrx_word' id='word_1_278' title='bbox 678 3152 771 3205; x_wconf 90' lang='lat' dir='ltr'>ubi</span> <span class='ocrx_word' id='word_1_279' title='bbox 819 3152 1022 3205; x_wconf 90' lang='lat' dir='ltr'>dudum</span> <span class='ocrx_word' id='word_1_280' title='bbox 1052 3150 1347 3221; x_wconf 88' lang='lat' dir='ltr'>plenitudo,</span> <span class='ocrx_word' id='word_1_281' title='bbox 1383 3150 1456 3203; x_wconf 93' lang='lat' dir='ltr'>ibi</span> <span class='ocrx_word' id='word_1_282' title='bbox 1478 3151 1592 3218; x_wconf 92' lang='lat' dir='ltr'>jam</span> <span class='ocrx_word' id='word_1_283' title='bbox 1624 3149 1815 3205; x_wconf 90' lang='lat' dir='ltr'>vacui-</span> 
     </span>
    </p>
   </div>
   <div class='ocr_carea' id='block_1_37' title="bbox 212 3238 1817 3311">
    <p class='ocr_par' dir='ltr' id='par_1_37' title="bbox 212 3238 1817 3311">
     <span class='ocr_line' id='line_1_37' title="bbox 212 3238 1817 3311; baseline -0.003 -16"><span class='ocrx_word' id='word_1_284' title='bbox 212 3249 297 3295; x_wconf 88' lang='lat' dir='ltr'>tas</span> <span class='ocrx_word' id='word_1_285' title='bbox 327 3249 429 3295; x_wconf 90' lang='lat' dir='ltr'>est.</span> <span class='ocrx_word' id='word_1_286' title='bbox 466 3241 533 3293; x_wconf 86' lang='lat' dir='ltr'>Et</span> <span class='ocrx_word' id='word_1_287' title='bbox 564 3247 674 3294; x_wconf 88' lang='lat' dir='ltr'>tam</span> <span class='ocrx_word' id='word_1_288' title='bbox 704 3240 909 3311; x_wconf 84' lang='lat' dir='ltr'>magni,</span> <span class='ocrx_word' id='word_1_289' title='bbox 943 3247 1160 3309; x_wconf 88' lang='lat' dir='ltr'>tamque</span> <span class='ocrx_word' id='word_1_290' title='bbox 1189 3238 1462 3293; x_wconf 88' lang='lat' dir='ltr'>horribilis</span> <span class='ocrx_word' id='word_1_291' title='bbox 1493 3238 1621 3292; x_wconf 89' lang='lat' dir='ltr'>mali</span> <span class='ocrx_word' id='word_1_292' title='bbox 1651 3252 1817 3293; x_wconf 90' lang='lat' dir='ltr'>causa</span> 
     </span>
    </p>
   </div>
   <div class='ocr_carea' id='block_1_38' title="bbox 212 3325 1817 3399">
    <p class='ocr_par' dir='ltr' id='par_1_38' title="bbox 212 3325 1817 3399">
     <span class='ocr_line' id='line_1_38' title="bbox 212 3325 1817 3399; baseline -0.002 -16"><span class='ocrx_word' id='word_1_293' title='bbox 212 3337 312 3393; x_wconf 89' lang='lat' dir='ltr'>est,</span> <span class='ocrx_word' id='word_1_294' title='bbox 348 3329 466 3383; x_wconf 89' lang='lat' dir='ltr'>sola</span> <span class='ocrx_word' id='word_1_295' title='bbox 496 3328 588 3383; x_wconf 89' lang='lat' dir='ltr'>illa</span> <span class='ocrx_word' id='word_1_296' title='bbox 619 3344 738 3399; x_wconf 67' lang='lat' dir='ltr'>quae</span> <span class='ocrx_word' id='word_1_297' title='bbox 765 3328 914 3396; x_wconf 86' lang='lat' dir='ltr'>juxta</span> <span class='ocrx_word' id='word_1_298' title='bbox 944 3328 1087 3383; x_wconf 79' lang='lat' dir='ltr'>h‘unc</span> <span class='ocrx_word' id='word_1_299' title='bbox 1130 3342 1351 3381; x_wconf 89' lang='lat' dir='ltr'>sensum</span> <span class='ocrx_word' id='word_1_300' title='bbox 1380 3326 1626 3396; x_wconf 82' lang='lat' dir='ltr'>egressio</span> <span class='ocrx_word' id='word_1_301' title='bbox 1674 3325 1817 3380; x_wconf 89' lang='lat' dir='ltr'>facta</span> 
     </span>
    </p>
   </div>
   <div class='ocr_carea' id='block_1_39' title="bbox 213 3423 1261 3542">
    <p class='ocr_par' dir='ltr' id='par_1_39' title="bbox 213 3423 1261 3542">
     <span class='ocr_line' id='line_1_39' title="bbox 213 3423 1261 3542; baseline -0.001 0"><span class='ocrx_word' id='word_1_302' title='bbox 213 3423 318 3473; x_wconf 45' lang='lat' dir='ltr'>es&quot;</span> <span class='ocrx_word' id='word_1_303' title='bbox 766 3486 1161 3542; x_wconf 82' lang='lat' dir='ltr'>CAPITULUM</span> <span class='ocrx_word' id='word_1_304' title='bbox 1190 3486 1261 3541; x_wconf 80' lang='grc' dir='ltr'>Χ.</span> 
     </span>
    </p>
   </div>
   <div class='ocr_carea' id='block_1_40' title="bbox 174 3608 1815 3685">
    <p class='ocr_par' dir='ltr' id='par_1_40' title="bbox 174 3608 1815 3685">
     <span class='ocr_line' id='line_1_40' title="bbox 174 3608 1815 3685; baseline -0.003 -17"><span class='ocrx_word' id='word_1_305' title='bbox 174 3608 185 3611; x_wconf 71' lang='grc'><strong>’</strong></span> <span class='ocrx_word' id='word_1_306' title='bbox 212 3615 288 3667; x_wconf 81' lang='lat' dir='ltr'>De</span> <span class='ocrx_word' id='word_1_307' title='bbox 318 3629 377 3668; x_wconf 86' lang='lat' dir='ltr'>eo</span> <span class='ocrx_word' id='word_1_308' title='bbox 418 3613 560 3685; x_wconf 68' lang='lat' dir='ltr'>quod</span> <span class='ocrx_word' id='word_1_309' title='bbox 607 3614 753 3668; x_wconf 71' lang='lat' dir='ltr'>cella</span> <span class='ocrx_word' id='word_1_310' title='bbox 782 3611 848 3666; x_wconf 86' lang='lat' dir='ltr'>ab</span> <span class='ocrx_word' id='word_1_311' title='bbox 879 3628 938 3685; x_wconf 77' lang='lat' dir='ltr'>eo</span> <span class='ocrx_word' id='word_1_312' title='bbox 960 3611 1054 3683; x_wconf 87' lang='lat' dir='ltr'>qui</span> <span class='ocrx_word' id='word_1_313' title='bbox 1074 3608 1556 3685; x_wconf 64' lang='lat' dir='ltr'>illaminhabitat</span> <span class='ocrx_word' id='word_1_314' title='bbox 1597 3610 1815 3685; x_wconf 71' lang='lat' dir='ltr'>jugiter</span> 
     </span>
    </p>
   </div>
   <div class='ocr_carea' id='block_1_41' title="bbox 284 3681 1813 3754">
    <p class='ocr_par' dir='ltr' id='par_1_41' title="bbox 284 3681 1813 3754">
     <span class='ocr_line' id='line_1_41' title="bbox 284 3681 1813 3754; baseline -0.003 -16"><span class='ocrx_word' id='word_1_315' title='bbox 284 3681 527 3738; x_wconf 62' lang='lat' dir='ltr'>tenenda</span> <span class='ocrx_word' id='word_1_316' title='bbox 557 3688 641 3738; x_wconf 81' lang='lat' dir='ltr'>est</span> <span class='ocrx_word' id='word_1_317' title='bbox 664 3704 681 3738; x_wconf 89' lang='lat'><em>:</em></span> <span class='ocrx_word' id='word_1_318' title='bbox 703 3688 759 3738; x_wconf 85' lang='lat' dir='ltr'>et</span> <span class='ocrx_word' id='word_1_319' title='bbox 787 3684 929 3754; x_wconf 83' lang='lat' dir='ltr'>quod</span> <span class='ocrx_word' id='word_1_320' title='bbox 958 3681 1008 3736; x_wconf 77' lang='lat' dir='ltr'>ei</span> <span class='ocrx_word' id='word_1_321' title='bbox 1038 3682 1355 3752; x_wconf 83' lang='lat' dir='ltr'>periculum</span> <span class='ocrx_word' id='word_1_322' title='bbox 1388 3683 1610 3736; x_wconf 80' lang='lat' dir='ltr'>eveniat</span> <span class='ocrx_word' id='word_1_323' title='bbox 1645 3681 1693 3734; x_wconf 83' lang='lat' dir='ltr'>si</span> <span class='ocrx_word' id='word_1_324' title='bbox 1726 3683 1813 3733; x_wconf 78' lang='lat' dir='ltr'>te-</span> 
     </span>
    </p>
   </div>
   <div class='ocr_carea' id='block_1_42' title="bbox 291 3754 1246 3824">
    <p class='ocr_par' dir='ltr' id='par_1_42' title="bbox 291 3754 1246 3824">
     <span class='ocr_line' id='line_1_42' title="bbox 291 3754 1246 3824; baseline -0.003 -15"><span class='ocrx_word' id='word_1_325' title='bbox 291 3756 536 3809; x_wconf 81' lang='lat' dir='ltr'>merarie</span> <span class='ocrx_word' id='word_1_326' title='bbox 565 3754 634 3808; x_wconf 88' lang='lat' dir='ltr'>ab</span> <span class='ocrx_word' id='word_1_327' title='bbox 668 3771 734 3809; x_wconf 80' lang='lat' dir='ltr'>ea</span> <span class='ocrx_word' id='word_1_328' title='bbox 761 3754 941 3824; x_wconf 82' lang='lat' dir='ltr'>fuerit</span> <span class='ocrx_word' id='word_1_329' title='bbox 971 3768 1246 3821; x_wconf 77' lang='lat' dir='ltr'>egressus.</span> 
     </span>
    </p>
   </div>
   <div class='ocr_carea' id='block_1_43' title="bbox 288 3855 1819 3929">
    <p class='ocr_par' dir='ltr' id='par_1_43' title="bbox 288 3855 1819 3929">
     <span class='ocr_line' id='line_1_43' title="bbox 288 3855 1819 3929; baseline -0.004 -15"><span class='ocrx_word' id='word_1_330' title='bbox 288 3860 550 3929; x_wconf 62' lang='lat' dir='ltr'>Quasdam</span> <span class='ocrx_word' id='word_1_331' title='bbox 579 3860 648 3914; x_wconf 90' lang='lat' dir='ltr'>de</span> <span class='ocrx_word' id='word_1_332' title='bbox 676 3859 811 3914; x_wconf 88' lang='lat' dir='ltr'>cella</span> <span class='ocrx_word' id='word_1_333' title='bbox 842 3858 1094 3923; x_wconf 86' lang='lat' dir='ltr'>diximus,</span> <span class='ocrx_word' id='word_1_334' title='bbox 1130 3867 1183 3912; x_wconf 90' lang='lat' dir='ltr'>et</span> <span class='ocrx_word' id='word_1_335' title='bbox 1212 3858 1356 3928; x_wconf 91' lang='lat' dir='ltr'>quod</span> <span class='ocrx_word' id='word_1_336' title='bbox 1387 3856 1437 3911; x_wconf 89' lang='lat' dir='ltr'>ei</span> <span class='ocrx_word' id='word_1_337' title='bbox 1466 3856 1557 3927; x_wconf 92' lang='lat' dir='ltr'>qui</span> <span class='ocrx_word' id='word_1_338' title='bbox 1586 3872 1704 3910; x_wconf 90' lang='lat' dir='ltr'>eam</span> <span class='ocrx_word' id='word_1_339' title='bbox 1735 3855 1819 3908; x_wconf 91' lang='lat' dir='ltr'>in-</span> 
     </span>
    </p>
   </div>
   <div class='ocr_carea' id='block_1_44' title="bbox 212 3944 1816 4016">
    <p class='ocr_par' dir='ltr' id='par_1_44' title="bbox 212 3944 1816 4016">
     <span class='ocr_line' id='line_1_44' title="bbox 212 3944 1816 4016; baseline -0.003 -13"><span class='ocrx_word' id='word_1_340' title='bbox 212 3949 440 4013; x_wconf 85' lang='lat' dir='ltr'>habitat,</span> <span class='ocrx_word' id='word_1_341' title='bbox 474 3948 694 4003; x_wconf 90' lang='lat' dir='ltr'>omnino</span> <span class='ocrx_word' id='word_1_342' title='bbox 739 3963 845 4002; x_wconf 91' lang='lat' dir='ltr'>non</span> <span class='ocrx_word' id='word_1_343' title='bbox 892 3947 1111 4016; x_wconf 85' lang='lat' dir='ltr'>expedit</span> <span class='ocrx_word' id='word_1_344' title='bbox 1142 3954 1197 3999; x_wconf 87' lang='lat' dir='ltr'>ut</span> <span class='ocrx_word' id='word_1_345' title='bbox 1228 3945 1389 3999; x_wconf 92' lang='lat' dir='ltr'>nimis</span> <span class='ocrx_word' id='word_1_346' title='bbox 1436 3944 1718 4014; x_wconf 89' lang='lat' dir='ltr'>pueriliter</span> <span class='ocrx_word' id='word_1_347' title='bbox 1748 3944 1816 3998; x_wconf 92' lang='lat' dir='ltr'>de</span> 
     </span>
    </p>
   </div>
   <div class='ocr_carea' id='block_1_45' title="bbox 214 4034 1818 4107">
    <p class='ocr_par' dir='ltr' id='par_1_45' title="bbox 214 4034 1818 4107">
     <span class='ocr_line' id='line_1_45' title="bbox 214 4034 1818 4107; baseline -0.006 -14"><span class='ocrx_word' id='word_1_348' title='bbox 214 4054 280 4093; x_wconf 87' lang='lat' dir='ltr'>ea</span> <span class='ocrx_word' id='word_1_349' title='bbox 310 4037 658 4107; x_wconf 88' lang='lat' dir='ltr'>egrediatur;</span> <span class='ocrx_word' id='word_1_350' title='bbox 684 4044 735 4090; x_wconf 89' lang='lat' dir='ltr'>et</span> <span class='ocrx_word' id='word_1_351' title='bbox 767 4051 1023 4107; x_wconf 86' lang='lat' dir='ltr'>egressus</span> <span class='ocrx_word' id='word_1_352' title='bbox 1046 4034 1214 4105; x_wconf 92' lang='lat' dir='ltr'>(quod</span> <span class='ocrx_word' id='word_1_353' title='bbox 1245 4042 1428 4087; x_wconf 89' lang='lat' dir='ltr'>tamen</span> <span class='ocrx_word' id='word_1_354' title='bbox 1459 4048 1607 4098; x_wconf 90' lang='lat' dir='ltr'>raro,</span> <span class='ocrx_word' id='word_1_355' title='bbox 1628 4040 1679 4086; x_wconf 92' lang='lat' dir='ltr'>et</span> <span class='ocrx_word' id='word_1_356' title='bbox 1708 4047 1818 4085; x_wconf 92' lang='lat' dir='ltr'>non</span> 
     </span>
    </p>
   </div>
   <div class='ocr_carea' id='block_1_46' title="bbox 214 4119 1816 4193">
    <p class='ocr_par' dir='ltr' id='par_1_46' title="bbox 214 4119 1816 4193">
     <span class='ocr_line' id='line_1_46' title="bbox 214 4119 1816 4193; baseline -0.005 -14"><span class='ocrx_word' id='word_1_357' title='bbox 214 4125 319 4179; x_wconf 90' lang='lat' dir='ltr'>nisi</span> <span class='ocrx_word' id='word_1_358' title='bbox 370 4125 716 4180; x_wconf 83' lang='lat' dir='ltr'>rationalibus</span> <span class='ocrx_word' id='word_1_359' title='bbox 768 4140 831 4177; x_wconf 87' lang='lat' dir='ltr'>ex</span> <span class='ocrx_word' id='word_1_360' title='bbox 864 4122 1045 4177; x_wconf 92' lang='lat' dir='ltr'>causis</span> <span class='ocrx_word' id='word_1_361' title='bbox 1093 4122 1407 4193; x_wconf 88' lang='lat' dir='ltr'>contingere</span> <span class='ocrx_word' id='word_1_362' title='bbox 1440 4120 1623 4189; x_wconf 85' lang='lat' dir='ltr'>debet)</span> <span class='ocrx_word' id='word_1_363' title='bbox 1656 4119 1816 4173; x_wconf 90' lang='lat' dir='ltr'>nimis</span> 
     </span>
    </p>
   </div>
   <div class='ocr_carea' id='block_1_47' title="bbox 216 4209 1817 4287">
    <p class='ocr_par' dir='ltr' id='par_1_47' title="bbox 216 4209 1817 4287">
     <span class='ocr_line' id='line_1_47' title="bbox 216 4209 1817 4287; baseline -0.005 -20"><span class='ocrx_word' id='word_1_364' title='bbox 216 4213 507 4268; x_wconf 88' lang='lat' dir='ltr'>temeraria</span> <span class='ocrx_word' id='word_1_365' title='bbox 555 4211 843 4287; x_wconf 85' lang='lat' dir='ltr'>vagatione</span> <span class='ocrx_word' id='word_1_366' title='bbox 893 4218 1047 4265; x_wconf 88' lang='lat' dir='ltr'>extra</span> <span class='ocrx_word' id='word_1_367' title='bbox 1078 4225 1199 4264; x_wconf 89' lang='lat' dir='ltr'>eam</span> <span class='ocrx_word' id='word_1_368' title='bbox 1227 4210 1556 4264; x_wconf 91' lang='lat' dir='ltr'>demoretur.</span> <span class='ocrx_word' id='word_1_369' title='bbox 1593 4209 1728 4261; x_wconf 87' lang='lat' dir='ltr'>Nam</span> <span class='ocrx_word' id='word_1_370' title='bbox 1761 4215 1817 4260; x_wconf 93' lang='lat' dir='ltr'>ut</span> 
     </span>
    </p>
   </div>
   <div class='ocr_carea' id='block_1_48' title="bbox 214 4297 1814 4370">
    <p class='ocr_par' dir='ltr' id='par_1_48' title="bbox 214 4297 1814 4370">
     <span class='ocr_line' id='line_1_48' title="bbox 214 4297 1814 4370; baseline -0.006 -14"><span class='ocrx_word' id='word_1_371' title='bbox 214 4302 569 4356; x_wconf 85' lang='lat' dir='ltr'>ostendamus</span> <span class='ocrx_word' id='word_1_372' title='bbox 598 4316 741 4354; x_wconf 93' lang='lat' dir='ltr'>nunc</span> <span class='ocrx_word' id='word_1_373' title='bbox 778 4299 1011 4370; x_wconf 89' lang='lat' dir='ltr'>plenius,</span> <span class='ocrx_word' id='word_1_374' title='bbox 1048 4297 1184 4352; x_wconf 90' lang='lat' dir='ltr'>sicut</span> <span class='ocrx_word' id='word_1_375' title='bbox 1207 4298 1321 4365; x_wconf 90' lang='lat' dir='ltr'>jam</span> <span class='ocrx_word' id='word_1_376' title='bbox 1351 4314 1417 4351; x_wconf 89' lang='lat' dir='ltr'>ex</span> <span class='ocrx_word' id='word_1_377' title='bbox 1449 4305 1603 4365; x_wconf 89' lang='lat' dir='ltr'>parte</span> <span class='ocrx_word' id='word_1_378' title='bbox 1627 4303 1814 4349; x_wconf 86' lang='lat' dir='ltr'>osten-</span> 
     </span>
    </p>
   </div>
   <div class='ocr_carea' id='block_1_49' title="bbox 1924 417 3519 490">
    <p class='ocr_par' dir='ltr' id='par_1_49' title="bbox 1924 417 3519 490">
     <span class='ocr_line' id='line_1_49' title="bbox 1924 417 3519 490; baseline -0.002 -17"><span class='ocrx_word' id='word_1_379' title='bbox 1924 425 2010 475; x_wconf 81' lang='lat' dir='ltr'>ter</span> <span class='ocrx_word' id='word_1_380' title='bbox 2038 424 2121 474; x_wconf 77' lang='lat' dir='ltr'>est</span> <span class='ocrx_word' id='word_1_381' title='bbox 2151 437 2255 474; x_wconf 78' lang='lat' dir='ltr'>sua</span> <span class='ocrx_word' id='word_1_382' title='bbox 2285 435 2451 490; x_wconf 82' lang='lat' dir='ltr'>opera</span> <span class='ocrx_word' id='word_1_383' title='bbox 2481 419 2811 489; x_wconf 78' lang='lat' dir='ltr'>dissipantis</span> <span class='ocrx_word' id='word_1_384' title='bbox 2843 420 3023 485; x_wconf 86' lang='lat' dir='ltr'>(Prov.</span> <span class='ocrx_word' id='word_1_385' title='bbox 3045 434 3203 484; x_wconf 85' lang='lat' dir='ltr'>xvm,</span> <span class='ocrx_word' id='word_1_386' title='bbox 3230 418 3304 486; x_wconf 89' lang='lat'>9).</span> <span class='ocrx_word' id='word_1_387' title='bbox 3324 417 3519 471; x_wconf 87' lang='lat' dir='ltr'>Nonne</span> 
     </span>
    </p>
   </div>
   <div class='ocr_carea' id='block_1_50' title="bbox 1919 506 3520 577">
    <p class='ocr_par' dir='ltr' id='par_1_50' title="bbox 1919 506 3520 577">
     <span class='ocr_line' id='line_1_50' title="bbox 1919 506 3520 577; baseline -0.004 -15"><span class='ocrx_word' id='word_1_388' title='bbox 1919 508 2075 562; x_wconf 82' lang='lat' dir='ltr'>vobis</span> <span class='ocrx_word' id='word_1_389' title='bbox 2105 508 2319 562; x_wconf 89' lang='lat' dir='ltr'>videtur</span> <span class='ocrx_word' id='word_1_390' title='bbox 2363 507 2463 561; x_wconf 91' lang='lat' dir='ltr'>iste</span> <span class='ocrx_word' id='word_1_391' title='bbox 2514 506 2917 577; x_wconf 89' lang='lat' dir='ltr'>quodammodo</span> <span class='ocrx_word' id='word_1_392' title='bbox 2959 506 3151 560; x_wconf 89' lang='lat' dir='ltr'>mulier</span> <span class='ocrx_word' id='word_1_393' title='bbox 3181 521 3322 570; x_wconf 90' lang='lat' dir='ltr'>esse,</span> <span class='ocrx_word' id='word_1_394' title='bbox 3357 520 3520 575; x_wconf 91' lang='lat' dir='ltr'>quem</span> 
     </span>
    </p>
   </div>
   <div class='ocr_carea' id='block_1_51' title="bbox 1921 590 3521 665">
    <p class='ocr_par' dir='ltr' id='par_1_51' title="bbox 1921 590 3521 665">
     <span class='ocr_line' id='line_1_51' title="bbox 1921 590 3521 665; baseline -0.004 -14"><span class='ocrx_word' id='word_1_395' title='bbox 1921 603 2130 651; x_wconf 87' lang='lat' dir='ltr'>constat</span> <span class='ocrx_word' id='word_1_396' title='bbox 2150 595 2298 649; x_wconf 91' lang='lat' dir='ltr'>molli</span> <span class='ocrx_word' id='word_1_397' title='bbox 2325 603 2376 649; x_wconf 94' lang='lat' dir='ltr'>et</span> <span class='ocrx_word' id='word_1_398' title='bbox 2396 595 2660 649; x_wconf 90' lang='lat' dir='ltr'>dissoluto</span> <span class='ocrx_word' id='word_1_399' title='bbox 2683 610 2746 649; x_wconf 89' lang='lat' dir='ltr'>ac</span> <span class='ocrx_word' id='word_1_400' title='bbox 2771 594 3057 665; x_wconf 87' lang='lat' dir='ltr'>dissipanti</span> <span class='ocrx_word' id='word_1_401' title='bbox 3088 593 3319 648; x_wconf 90' lang='lat' dir='ltr'>similem</span> <span class='ocrx_word' id='word_1_402' title='bbox 3350 608 3473 647; x_wconf 89' lang='lat' dir='ltr'>esse</span> <span class='ocrx_word' id='word_1_403' title='bbox 3491 590 3521 644; x_wconf 82' lang='lat'><strong>?</strong></span> 
     </span>
    </p>
   </div>
   <div class='ocr_carea' id='block_1_52' title="bbox 1919 679 3519 753">
    <p class='ocr_par' dir='ltr' id='par_1_52' title="bbox 1919 679 3519 753">
     <span class='ocr_line' id='line_1_52' title="bbox 1919 679 3519 753; baseline -0.003 -16"><span class='ocrx_word' id='word_1_404' title='bbox 1919 683 2064 739; x_wconf 88' lang='lat' dir='ltr'>Talis</span> <span class='ocrx_word' id='word_1_405' title='bbox 2094 692 2175 737; x_wconf 89' lang='lat' dir='ltr'>est</span> <span class='ocrx_word' id='word_1_406' title='bbox 2216 683 2507 753; x_wconf 87' lang='lat' dir='ltr'>egrediens</span> <span class='ocrx_word' id='word_1_407' title='bbox 2539 683 2697 748; x_wconf 90' lang='lat' dir='ltr'>Dina,</span> <span class='ocrx_word' id='word_1_408' title='bbox 2730 699 2826 752; x_wconf 91' lang='lat' dir='ltr'>per</span> <span class='ocrx_word' id='word_1_409' title='bbox 2857 699 3016 753; x_wconf 91' lang='lat' dir='ltr'>quem</span> <span class='ocrx_word' id='word_1_410' title='bbox 3067 690 3277 736; x_wconf 89' lang='lat' dir='ltr'>notatur</span> <span class='ocrx_word' id='word_1_411' title='bbox 3304 681 3396 734; x_wconf 92' lang='lat' dir='ltr'>ille</span> <span class='ocrx_word' id='word_1_412' title='bbox 3428 679 3519 750; x_wconf 89' lang='lat' dir='ltr'>qui</span> 
     </span>
    </p>
   </div>
   <div class='ocr_carea' id='block_1_53' title="bbox 1920 766 3520 841">
    <p class='ocr_par' dir='ltr' id='par_1_53' title="bbox 1920 766 3520 841">
     <span class='ocr_line' id='line_1_53' title="bbox 1920 766 3520 841; baseline -0.003 -17"><span class='ocrx_word' id='word_1_413' title='bbox 1920 771 2421 840; x_wconf 88' lang='lat' dir='ltr'>reprehensibiliter</span> <span class='ocrx_word' id='word_1_414' title='bbox 2467 771 2572 825; x_wconf 84' lang='lat' dir='ltr'>exit</span> <span class='ocrx_word' id='word_1_415' title='bbox 2604 771 2670 825; x_wconf 90' lang='lat' dir='ltr'>de</span> <span class='ocrx_word' id='word_1_416' title='bbox 2701 771 2859 825; x_wconf 87' lang='lat' dir='ltr'>cella.</span> <span class='ocrx_word' id='word_1_417' title='bbox 2897 772 2958 824; x_wconf 91' lang='lat' dir='ltr'>Et</span> <span class='ocrx_word' id='word_1_418' title='bbox 3006 787 3124 841; x_wconf 60' lang='lat' dir='ltr'>quae</span> <span class='ocrx_word' id='word_1_419' title='bbox 3152 769 3271 823; x_wconf 90' lang='lat' dir='ltr'>talis</span> <span class='ocrx_word' id='word_1_420' title='bbox 3314 776 3415 833; x_wconf 91' lang='lat' dir='ltr'>est,</span> <span class='ocrx_word' id='word_1_421' title='bbox 3449 766 3520 821; x_wconf 88' lang='lat' dir='ltr'>ad</span> 
     </span>
    </p>
   </div>
   <div class='ocr_carea' id='block_1_54' title="bbox 1920 856 3519 931">
    <p class='ocr_par' dir='ltr' id='par_1_54' title="bbox 1920 856 3519 931">
     <span class='ocr_line' id='line_1_54' title="bbox 1920 856 3519 931; baseline -0.002 -19"><span class='ocrx_word' id='word_1_422' title='bbox 1920 859 2022 914; x_wconf 87' lang='lat' dir='ltr'>hoc</span> <span class='ocrx_word' id='word_1_423' title='bbox 2051 859 2327 931; x_wconf 85' lang='lat' dir='ltr'>egreditur</span> <span class='ocrx_word' id='word_1_424' title='bbox 2357 868 2415 913; x_wconf 89' lang='lat' dir='ltr'>ut</span> <span class='ocrx_word' id='word_1_425' title='bbox 2443 859 2624 913; x_wconf 84' lang='lat' dir='ltr'>videat</span> <span class='ocrx_word' id='word_1_426' title='bbox 2652 858 2811 923; x_wconf 89' lang='lat' dir='ltr'>tales,</span> <span class='ocrx_word' id='word_1_427' title='bbox 2846 859 3061 923; x_wconf 89' lang='lat' dir='ltr'>mulier,</span> <span class='ocrx_word' id='word_1_428' title='bbox 3096 856 3346 912; x_wconf 80' lang='lat' dir='ltr'>videlicet</span> <span class='ocrx_word' id='word_1_429' title='bbox 3393 872 3519 910; x_wconf 90' lang='lat' dir='ltr'>mu-</span> 
     </span>
    </p>
   </div>
   <div class='ocr_carea' id='block_1_55' title="bbox 1917 944 3520 1017">
    <p class='ocr_par' dir='ltr' id='par_1_55' title="bbox 1917 944 3520 1017">
     <span class='ocr_line' id='line_1_55' title="bbox 1917 944 3520 1017; baseline -0.002 -16"><span class='ocrx_word' id='word_1_430' title='bbox 1917 948 2101 1001; x_wconf 87' lang='lat' dir='ltr'>lieres.</span> <span class='ocrx_word' id='word_1_431' title='bbox 2136 948 2205 1001; x_wconf 90' lang='lat' dir='ltr'>Et</span> <span class='ocrx_word' id='word_1_432' title='bbox 2262 946 2389 1017; x_wconf 90' lang='lat' dir='ltr'>quid</span> <span class='ocrx_word' id='word_1_433' title='bbox 2438 948 2554 1015; x_wconf 87' lang='lat' dir='ltr'>ejus</span> <span class='ocrx_word' id='word_1_434' title='bbox 2602 956 2682 1001; x_wconf 91' lang='lat' dir='ltr'>est</span> <span class='ocrx_word' id='word_1_435' title='bbox 2734 947 2942 1012; x_wconf 88' lang='lat' dir='ltr'>videre,</span> <span class='ocrx_word' id='word_1_436' title='bbox 2990 946 3093 1000; x_wconf 90' lang='lat' dir='ltr'>nisi</span> <span class='ocrx_word' id='word_1_437' title='bbox 3141 945 3369 1000; x_wconf 84' lang='lat' dir='ltr'>amare?</span> <span class='ocrx_word' id='word_1_438' title='bbox 3401 944 3520 1011; x_wconf 92' lang='lat' dir='ltr'>Quo</span> 
     </span>
    </p>
   </div>
   <div class='ocr_carea' id='block_1_56' title="bbox 1919 1032 3520 1099">
    <p class='ocr_par' dir='ltr' id='par_1_56' title="bbox 1919 1032 3520 1099">
     <span class='ocr_line' id='line_1_56' title="bbox 1919 1032 3520 1099; baseline -0.002 -10"><span class='ocrx_word' id='word_1_439' title='bbox 1919 1035 2061 1089; x_wconf 91' lang='lat' dir='ltr'>enim</span> <span class='ocrx_word' id='word_1_440' title='bbox 2097 1051 2155 1089; x_wconf 92' lang='lat' dir='ltr'>se</span> <span class='ocrx_word' id='word_1_441' title='bbox 2183 1051 2336 1088; x_wconf 91' lang='lat' dir='ltr'>amor</span> <span class='ocrx_word' id='word_1_442' title='bbox 2383 1035 2640 1099; x_wconf 89' lang='lat' dir='ltr'>extendit,</span> <span class='ocrx_word' id='word_1_443' title='bbox 2675 1034 2785 1089; x_wconf 89' lang='lat' dir='ltr'>illic</span> <span class='ocrx_word' id='word_1_444' title='bbox 2815 1041 2867 1088; x_wconf 90' lang='lat' dir='ltr'>et</span> <span class='ocrx_word' id='word_1_445' title='bbox 2896 1035 3083 1089; x_wconf 90' lang='lat' dir='ltr'>oculus</span> <span class='ocrx_word' id='word_1_446' title='bbox 3124 1034 3314 1095; x_wconf 84' lang='lat' dir='ltr'>tendit.</span> <span class='ocrx_word' id='word_1_447' title='bbox 3347 1040 3398 1086; x_wconf 88' lang='lat' dir='ltr'>et</span> <span class='ocrx_word' id='word_1_448' title='bbox 3427 1032 3520 1086; x_wconf 89' lang='lat' dir='ltr'>ubi</span> 
     </span>
    </p>
   </div>
   <div class='ocr_carea' id='block_1_57' title="bbox 1919 1121 3515 1194">
    <p class='ocr_par' dir='ltr' id='par_1_57' title="bbox 1919 1121 3515 1194">
     <span class='ocr_line' id='line_1_57' title="bbox 1919 1121 3515 1194; baseline -0.003 -18"><span class='ocrx_word' id='word_1_449' title='bbox 1919 1131 2196 1192; x_wconf 84' lang='lat' dir='ltr'>aspectus,</span> <span class='ocrx_word' id='word_1_450' title='bbox 2228 1123 2299 1176; x_wconf 91' lang='lat' dir='ltr'>ibi</span> <span class='ocrx_word' id='word_1_451' title='bbox 2332 1132 2383 1177; x_wconf 91' lang='lat' dir='ltr'>et</span> <span class='ocrx_word' id='word_1_452' title='bbox 2410 1123 2650 1176; x_wconf 87' lang='lat' dir='ltr'>affectus.</span> <span class='ocrx_word' id='word_1_453' title='bbox 2697 1124 2831 1176; x_wconf 91' lang='lat' dir='ltr'>Nam</span> <span class='ocrx_word' id='word_1_454' title='bbox 2863 1123 3030 1194; x_wconf 90' lang='lat' dir='ltr'>dilige</span> <span class='ocrx_word' id='word_1_455' title='bbox 3078 1121 3413 1192; x_wconf 84' lang='lat' dir='ltr'>iniquitatem</span> <span class='ocrx_word' id='word_1_456' title='bbox 3444 1128 3515 1184; x_wconf 90' lang='lat' dir='ltr'>tu,</span> 
     </span>
    </p>
   </div>
   <div class='ocr_carea' id='block_1_58' title="bbox 1919 1211 3524 1281">
    <p class='ocr_par' dir='ltr' id='par_1_58' title="bbox 1919 1211 3524 1281">
     <span class='ocr_line' id='line_1_58' title="bbox 1919 1211 3524 1281; baseline -0.002 -16"><span class='ocrx_word' id='word_1_457' title='bbox 1919 1220 1971 1265; x_wconf 88' lang='lat' dir='ltr'>et</span> <span class='ocrx_word' id='word_1_458' title='bbox 2001 1211 2191 1281; x_wconf 86' lang='lat' dir='ltr'>diliget</span> <span class='ocrx_word' id='word_1_459' title='bbox 2221 1219 2271 1265; x_wconf 91' lang='lat' dir='ltr'>te</span> <span class='ocrx_word' id='word_1_460' title='bbox 2300 1212 2570 1281; x_wconf 86' lang='lat' dir='ltr'>iniquitas.</span> <span class='ocrx_word' id='word_1_461' title='bbox 2624 1212 2776 1265; x_wconf 89' lang='lat' dir='ltr'>Unde</span> <span class='ocrx_word' id='word_1_462' title='bbox 2807 1219 2859 1265; x_wconf 90' lang='lat' dir='ltr'>et</span> <span class='ocrx_word' id='word_1_463' title='bbox 2907 1227 3027 1281; x_wconf 73' lang='lat' dir='ltr'>quae</span> <span class='ocrx_word' id='word_1_464' title='bbox 3077 1225 3303 1279; x_wconf 86' lang='lat' dir='ltr'>egressa</span> <span class='ocrx_word' id='word_1_465' title='bbox 3354 1215 3436 1263; x_wconf 91' lang='lat' dir='ltr'>est</span> <span class='ocrx_word' id='word_1_466' title='bbox 3464 1213 3524 1262; x_wconf 90' lang='lat' dir='ltr'>ut</span> 
     </span>
    </p>
   </div>
   <div class='ocr_carea' id='block_1_59' title="bbox 1920 1297 3521 1369">
    <p class='ocr_par' dir='ltr' id='par_1_59' title="bbox 1920 1297 3521 1369">
     <span class='ocr_line' id='line_1_59' title="bbox 1920 1297 3521 1369; baseline -0.004 -16"><span class='ocrx_word' id='word_1_467' title='bbox 1920 1300 2143 1365; x_wconf 77' lang='lat' dir='ltr'>videret,</span> <span class='ocrx_word' id='word_1_468' title='bbox 2181 1307 2233 1353; x_wconf 89' lang='lat' dir='ltr'>et</span> <span class='ocrx_word' id='word_1_469' title='bbox 2260 1300 2377 1369; x_wconf 90' lang='lat' dir='ltr'>ipsa</span> <span class='ocrx_word' id='word_1_470' title='bbox 2400 1300 2512 1352; x_wconf 89' lang='lat' dir='ltr'>visa</span> <span class='ocrx_word' id='word_1_471' title='bbox 2540 1306 2620 1351; x_wconf 92' lang='lat' dir='ltr'>est</span> <span class='ocrx_word' id='word_1_472' title='bbox 2647 1318 2658 1363; x_wconf 79' lang='lat'>;</span> <span class='ocrx_word' id='word_1_473' title='bbox 2683 1314 2808 1352; x_wconf 91' lang='lat' dir='ltr'>nam</span> <span class='ocrx_word' id='word_1_474' title='bbox 2843 1298 3118 1368; x_wconf 88' lang='lat' dir='ltr'>Scriptura</span> <span class='ocrx_word' id='word_1_475' title='bbox 3148 1297 3277 1351; x_wconf 88' lang='lat' dir='ltr'>dicit</span> <span class='ocrx_word' id='word_1_476' title='bbox 3301 1315 3314 1350; x_wconf 92' lang='lat'><strong>:</strong></span> <span class='ocrx_word' id='word_1_477' title='bbox 3345 1298 3521 1364; x_wconf 85' lang='lat' dir='ltr'>Quam</span> 
     </span>
    </p>
   </div>
   <div class='ocr_carea' id='block_1_60' title="bbox 1918 1386 3515 1453">
    <p class='ocr_par' dir='ltr' id='par_1_60' title="bbox 1918 1386 3515 1453">
     <span class='ocr_line' id='line_1_60' title="bbox 1918 1386 3515 1453; baseline -0.004 -10"><span class='ocrx_word' id='word_1_478' title='bbox 1918 1404 2046 1443; x_wconf 80' lang='lat' dir='ltr'>cum</span> <span class='ocrx_word' id='word_1_479' title='bbox 2098 1388 2324 1443; x_wconf 81' lang='lat' dir='ltr'>vidisset</span> <span class='ocrx_word' id='word_1_480' title='bbox 2371 1387 2610 1453; x_wconf 76' lang='lat' dir='ltr'>Siehem,</span> <span class='ocrx_word' id='word_1_481' title='bbox 2658 1393 2711 1440; x_wconf 89' lang='lat' dir='ltr'>et</span> <span class='ocrx_word' id='word_1_482' title='bbox 2741 1386 2968 1441; x_wconf 88' lang='lat' dir='ltr'>addidit.</span> <span class='ocrx_word' id='word_1_483' title='bbox 3020 1386 3307 1441; x_wconf 81' lang='lat' dir='ltr'>adamavit</span> <span class='ocrx_word' id='word_1_484' title='bbox 3357 1386 3515 1453; x_wconf 80' lang='lat' dir='ltr'>(Gen.</span> 
     </span>
    </p>
   </div>
   <div class='ocr_carea' id='block_1_61' title="bbox 1919 1472 3521 1544">
    <p class='ocr_par' dir='ltr' id='par_1_61' title="bbox 1919 1472 3521 1544">
     <span class='ocr_line' id='line_1_61' title="bbox 1919 1472 3521 1544; baseline -0.002 -16"><span class='ocrx_word' id='word_1_485' title='bbox 1919 1490 2121 1541; x_wconf 77' lang='lat' dir='ltr'>xxxiv,</span> <span class='ocrx_word' id='word_1_486' title='bbox 2144 1475 2217 1544; x_wconf 70' lang='lat'>2).</span> <span class='ocrx_word' id='word_1_487' title='bbox 2264 1475 2533 1528; x_wconf 90' lang='lat' dir='ltr'>Nimirum</span> <span class='ocrx_word' id='word_1_488' title='bbox 2577 1474 2709 1527; x_wconf 91' lang='lat' dir='ltr'>illud</span> <span class='ocrx_word' id='word_1_489' title='bbox 2744 1474 2949 1539; x_wconf 89' lang='lat' dir='ltr'>videre,</span> <span class='ocrx_word' id='word_1_490' title='bbox 2971 1473 3221 1527; x_wconf 87' lang='lat' dir='ltr'>adamare</span> <span class='ocrx_word' id='word_1_491' title='bbox 3243 1472 3359 1540; x_wconf 91' lang='lat' dir='ltr'>fuit,</span> <span class='ocrx_word' id='word_1_492' title='bbox 3394 1472 3521 1542; x_wconf 89' lang='lat' dir='ltr'>quia</span> 
     </span>
    </p>
   </div>
   <div class='ocr_carea' id='block_1_62' title="bbox 1918 1561 3523 1633">
    <p class='ocr_par' dir='ltr' id='par_1_62' title="bbox 1918 1561 3523 1633">
     <span class='ocr_line' id='line_1_62' title="bbox 1918 1561 3523 1633; baseline -0.002 -18"><span class='ocrx_word' id='word_1_493' title='bbox 1918 1564 2157 1633; x_wconf 87' lang='lat' dir='ltr'>profecto</span> <span class='ocrx_word' id='word_1_494' title='bbox 2170 1563 2261 1617; x_wconf 89' lang='lat' dir='ltr'>ubi</span> <span class='ocrx_word' id='word_1_495' title='bbox 2274 1563 2410 1617; x_wconf 83' lang='lat' dir='ltr'>visio</span> <span class='ocrx_word' id='word_1_496' title='bbox 2424 1563 2713 1617; x_wconf 88' lang='lat' dir='ltr'>temeraria</span> <span class='ocrx_word' id='word_1_497' title='bbox 2724 1562 3020 1631; x_wconf 61' lang='lat' dir='ltr'>praecessit,</span> <span class='ocrx_word' id='word_1_498' title='bbox 3040 1561 3114 1614; x_wconf 91' lang='lat' dir='ltr'>ibi</span> <span class='ocrx_word' id='word_1_499' title='bbox 3126 1568 3523 1631; x_wconf 89' lang='lat' dir='ltr'>consequenter</span> 
     </span>
    </p>
   </div>
   <div class='ocr_carea' id='block_1_63' title="bbox 1920 1648 3521 1719">
    <p class='ocr_par' dir='ltr' id='par_1_63' title="bbox 1920 1648 3521 1719">
     <span class='ocr_line' id='line_1_63' title="bbox 1920 1648 3521 1719; baseline -0.003 -14"><span class='ocrx_word' id='word_1_500' title='bbox 1920 1660 1971 1705; x_wconf 91' lang='lat' dir='ltr'>et</span> <span class='ocrx_word' id='word_1_501' title='bbox 1985 1651 2200 1705; x_wconf 90' lang='lat' dir='ltr'>illicitus</span> <span class='ocrx_word' id='word_1_502' title='bbox 2213 1667 2366 1705; x_wconf 90' lang='lat' dir='ltr'>amor</span> <span class='ocrx_word' id='word_1_503' title='bbox 2378 1651 2660 1705; x_wconf 88' lang='lat' dir='ltr'>successit.</span> <span class='ocrx_word' id='word_1_504' title='bbox 2676 1651 2866 1719; x_wconf 89' lang='lat' dir='ltr'>Neque</span> <span class='ocrx_word' id='word_1_505' title='bbox 2882 1650 3150 1704; x_wconf 80' lang='lat' dir='ltr'>lavantem</span> <span class='ocrx_word' id='word_1_506' title='bbox 3169 1665 3225 1702; x_wconf 91' lang='lat' dir='ltr'>se</span> <span class='ocrx_word' id='word_1_507' title='bbox 3239 1648 3521 1702; x_wconf 89' lang='lat' dir='ltr'>mulierem</span> 
     </span>
    </p>
   </div>
   <div class='ocr_carea' id='block_1_64' title="bbox 1921 1736 3521 1807">
    <p class='ocr_par' dir='ltr' id='par_1_64' title="bbox 1921 1736 3521 1807">
     <span class='ocr_line' id='line_1_64' title="bbox 1921 1736 3521 1807; baseline -0.003 -14"><span class='ocrx_word' id='word_1_508' title='bbox 1921 1739 2089 1793; x_wconf 87' lang='lat' dir='ltr'>David</span> <span class='ocrx_word' id='word_1_509' title='bbox 2120 1740 2302 1793; x_wconf 90' lang='lat' dir='ltr'>illicite</span> <span class='ocrx_word' id='word_1_510' title='bbox 2335 1739 2696 1807; x_wconf 90' lang='lat' dir='ltr'>concupisset,</span> <span class='ocrx_word' id='word_1_511' title='bbox 2732 1738 2833 1791; x_wconf 90' lang='lat' dir='ltr'>nisi</span> <span class='ocrx_word' id='word_1_512' title='bbox 2864 1753 2984 1791; x_wconf 90' lang='lat' dir='ltr'>eam</span> <span class='ocrx_word' id='word_1_513' title='bbox 3028 1736 3278 1806; x_wconf 88' lang='lat' dir='ltr'>primitus</span> <span class='ocrx_word' id='word_1_514' title='bbox 3308 1736 3521 1790; x_wconf 87' lang='lat' dir='ltr'>incaute</span> 
     </span>
    </p>
   </div>
   <div class='ocr_carea' id='block_1_65' title="bbox 1920 1823 3519 1894">
    <p class='ocr_par' dir='ltr' id='par_1_65' title="bbox 1920 1823 3519 1894">
     <span class='ocr_line' id='line_1_65' title="bbox 1920 1823 3519 1894; baseline -0.004 -13"><span class='ocrx_word' id='word_1_515' title='bbox 1920 1827 2164 1882; x_wconf 89' lang='lat' dir='ltr'>vidisset.</span> <span class='ocrx_word' id='word_1_516' title='bbox 2201 1830 2267 1881; x_wconf 86' lang='lat' dir='ltr'>Et</span> <span class='ocrx_word' id='word_1_517' title='bbox 2318 1828 2581 1882; x_wconf 84' lang='lat' dir='ltr'>dormivit</span> <span class='ocrx_word' id='word_1_518' title='bbox 2629 1843 2759 1881; x_wconf 79' lang='lat' dir='ltr'>cum</span> <span class='ocrx_word' id='word_1_519' title='bbox 2787 1843 2891 1889; x_wconf 80' lang='lat' dir='ltr'>ea;</span> <span class='ocrx_word' id='word_1_520' title='bbox 2925 1826 3064 1879; x_wconf 87' lang='lat' dir='ltr'>haud</span> <span class='ocrx_word' id='word_1_521' title='bbox 3113 1824 3355 1889; x_wconf 89' lang='lat' dir='ltr'>dubium,</span> <span class='ocrx_word' id='word_1_522' title='bbox 3393 1823 3519 1894; x_wconf 90' lang='lat' dir='ltr'>quin</span> 
     </span>
    </p>
   </div>
   <div class='ocr_carea' id='block_1_66' title="bbox 1922 1912 3519 1981">
    <p class='ocr_par' dir='ltr' id='par_1_66' title="bbox 1922 1912 3519 1981">
     <span class='ocr_line' id='line_1_66' title="bbox 1922 1912 3519 1981; baseline -0.003 -11"><span class='ocrx_word' id='word_1_523' title='bbox 1922 1916 2137 1970; x_wconf 89' lang='lat' dir='ltr'>Siehem</span> <span class='ocrx_word' id='word_1_524' title='bbox 2167 1931 2291 1970; x_wconf 92' lang='lat' dir='ltr'>cum</span> <span class='ocrx_word' id='word_1_525' title='bbox 2334 1916 2489 1969; x_wconf 89' lang='lat' dir='ltr'>Dina.</span> <span class='ocrx_word' id='word_1_526' title='bbox 2524 1914 2683 1981; x_wconf 88' lang='lat' dir='ltr'>Quod</span> <span class='ocrx_word' id='word_1_527' title='bbox 2712 1930 2821 1968; x_wconf 92' lang='lat' dir='ltr'>non</span> <span class='ocrx_word' id='word_1_528' title='bbox 2853 1922 2934 1968; x_wconf 90' lang='lat' dir='ltr'>est</span> <span class='ocrx_word' id='word_1_529' title='bbox 2964 1914 3127 1978; x_wconf 85' lang='lat' dir='ltr'>aliud,</span> <span class='ocrx_word' id='word_1_530' title='bbox 3161 1913 3267 1966; x_wconf 90' lang='lat' dir='ltr'>nisi</span> <span class='ocrx_word' id='word_1_531' title='bbox 3299 1912 3519 1967; x_wconf 92' lang='lat' dir='ltr'>mollem</span> 
     </span>
    </p>
   </div>
   <div class='ocr_carea' id='block_1_67' title="bbox 1920 2000 3521 2073">
    <p class='ocr_par' dir='ltr' id='par_1_67' title="bbox 1920 2000 3521 2073">
     <span class='ocr_line' id='line_1_67' title="bbox 1920 2000 3521 2073; baseline -0.002 -16"><span class='ocrx_word' id='word_1_532' title='bbox 1920 2005 2061 2057; x_wconf 88' lang='lat' dir='ltr'>hunc</span> <span class='ocrx_word' id='word_1_533' title='bbox 2104 2012 2157 2056; x_wconf 90' lang='lat' dir='ltr'>et</span> <span class='ocrx_word' id='word_1_534' title='bbox 2203 2004 2547 2068; x_wconf 91' lang='lat' dir='ltr'>dissolutum,</span> <span class='ocrx_word' id='word_1_535' title='bbox 2581 2011 2741 2073; x_wconf 91' lang='lat' dir='ltr'>atque</span> <span class='ocrx_word' id='word_1_536' title='bbox 2790 2002 3076 2072; x_wconf 89' lang='lat' dir='ltr'>dissipanti</span> <span class='ocrx_word' id='word_1_537' title='bbox 3128 2002 3379 2069; x_wconf 89' lang='lat' dir='ltr'>similem,</span> <span class='ocrx_word' id='word_1_538' title='bbox 3429 2000 3521 2071; x_wconf 89' lang='lat' dir='ltr'>qui</span> 
     </span>
    </p>
   </div>
   <div class='ocr_carea' id='block_1_68' title="bbox 1920 2088 3517 2162">
    <p class='ocr_par' dir='ltr' id='par_1_68' title="bbox 1920 2088 3517 2162">
     <span class='ocr_line' id='line_1_68' title="bbox 1920 2088 3517 2162; baseline -0.003 -18"><span class='ocrx_word' id='word_1_539' title='bbox 1920 2091 2262 2146; x_wconf 87' lang='lat' dir='ltr'>temerariam</span> <span class='ocrx_word' id='word_1_540' title='bbox 2293 2092 2361 2145; x_wconf 92' lang='lat' dir='ltr'>de</span> <span class='ocrx_word' id='word_1_541' title='bbox 2393 2092 2531 2145; x_wconf 89' lang='lat' dir='ltr'>cella</span> <span class='ocrx_word' id='word_1_542' title='bbox 2550 2107 2660 2143; x_wconf 92' lang='lat' dir='ltr'>non</span> <span class='ocrx_word' id='word_1_543' title='bbox 2690 2091 2875 2144; x_wconf 81' lang='lat' dir='ltr'>vitavit</span> <span class='ocrx_word' id='word_1_544' title='bbox 2905 2090 3279 2162; x_wconf 89' lang='lat' dir='ltr'>egressionem</span> <span class='ocrx_word' id='word_1_545' title='bbox 3307 2108 3320 2154; x_wconf 86' lang='lat'><strong>;</strong></span> <span class='ocrx_word' id='word_1_546' title='bbox 3346 2088 3517 2152; x_wconf 88' lang='lat' dir='ltr'>carni,</span> 
     </span>
    </p>
   </div>
   <div class='ocr_carea' id='block_1_69' title="bbox 1921 2174 3519 2241">
    <p class='ocr_par' dir='ltr' id='par_1_69' title="bbox 1921 2174 3519 2241">
     <span class='ocr_line' id='line_1_69' title="bbox 1921 2174 3519 2241; baseline -0.003 -8"><span class='ocrx_word' id='word_1_547' title='bbox 1921 2180 2123 2233; x_wconf 90' lang='lat' dir='ltr'>mundo</span> <span class='ocrx_word' id='word_1_548' title='bbox 2156 2194 2219 2234; x_wconf 87' lang='lat' dir='ltr'>ac</span> <span class='ocrx_word' id='word_1_549' title='bbox 2250 2179 2469 2233; x_wconf 89' lang='lat' dir='ltr'>diabolo</span> <span class='ocrx_word' id='word_1_550' title='bbox 2500 2178 2882 2232; x_wconf 90' lang='lat' dir='ltr'>damnabiliter</span> <span class='ocrx_word' id='word_1_551' title='bbox 2912 2177 3320 2241; x_wconf 90' lang='lat' dir='ltr'>consentiendo,</span> <span class='ocrx_word' id='word_1_552' title='bbox 3355 2174 3519 2230; x_wconf 91' lang='lat' dir='ltr'>illici-</span> 
     </span>
    </p>
   </div>
   <div class='ocr_carea' id='block_1_70' title="bbox 1918 2264 3520 2334">
    <p class='ocr_par' dir='ltr' id='par_1_70' title="bbox 1918 2264 3520 2334">
     <span class='ocr_line' id='line_1_70' title="bbox 1918 2264 3520 2334; baseline -0.002 -13"><span class='ocrx_word' id='word_1_553' title='bbox 1918 2276 2030 2321; x_wconf 89' lang='lat' dir='ltr'>tam</span> <span class='ocrx_word' id='word_1_554' title='bbox 2060 2268 2127 2321; x_wconf 90' lang='lat' dir='ltr'>ad</span> <span class='ocrx_word' id='word_1_555' title='bbox 2160 2284 2218 2321; x_wconf 89' lang='lat' dir='ltr'>se</span> <span class='ocrx_word' id='word_1_556' title='bbox 2249 2276 2299 2321; x_wconf 89' lang='lat' dir='ltr'>et</span> <span class='ocrx_word' id='word_1_557' title='bbox 2329 2268 2384 2320; x_wconf 93' lang='lat' dir='ltr'>in</span> <span class='ocrx_word' id='word_1_558' title='bbox 2408 2283 2467 2321; x_wconf 91' lang='lat' dir='ltr'>se</span> <span class='ocrx_word' id='word_1_559' title='bbox 2509 2267 2789 2321; x_wconf 89' lang='lat' dir='ltr'>admittere</span> <span class='ocrx_word' id='word_1_560' title='bbox 2836 2265 3151 2320; x_wconf 89' lang='lat' dir='ltr'>suavitatem</span> <span class='ocrx_word' id='word_1_561' title='bbox 3179 2284 3191 2330; x_wconf 91' lang='lat'><strong>;</strong></span> <span class='ocrx_word' id='word_1_562' title='bbox 3227 2280 3326 2334; x_wconf 91' lang='lat' dir='ltr'>per</span> <span class='ocrx_word' id='word_1_563' title='bbox 3368 2264 3520 2331; x_wconf 90' lang='lat' dir='ltr'>cujus</span> 
     </span>
    </p>
   </div>
   <div class='ocr_carea' id='block_1_71' title="bbox 1919 2352 3519 2424">
    <p class='ocr_par' dir='ltr' id='par_1_71' title="bbox 1919 2352 3519 2424">
     <span class='ocr_line' id='line_1_71' title="bbox 1919 2352 3519 2424; baseline -0.003 -15"><span class='ocrx_word' id='word_1_564' title='bbox 1919 2355 2339 2424; x_wconf 86' lang='lat' dir='ltr'>experientiam,</span> <span class='ocrx_word' id='word_1_565' title='bbox 2399 2354 2468 2408; x_wconf 90' lang='lat' dir='ltr'>ad</span> <span class='ocrx_word' id='word_1_566' title='bbox 2526 2362 2785 2409; x_wconf 73' lang='lat' dir='ltr'>aeternam</span> <span class='ocrx_word' id='word_1_567' title='bbox 2844 2352 3116 2423; x_wconf 86' lang='lat' dir='ltr'>pertingat</span> <span class='ocrx_word' id='word_1_568' title='bbox 3161 2352 3519 2422; x_wconf 90' lang='lat' dir='ltr'>perditionem</span> 
     </span>
    </p>
   </div>
   <div class='ocr_carea' id='block_1_72' title="bbox 1919 2440 3515 2514">
    <p class='ocr_par' dir='ltr' id='par_1_72' title="bbox 1919 2440 3515 2514">
     <span class='ocr_line' id='line_1_72' title="bbox 1919 2440 3515 2514; baseline -0.003 -17"><span class='ocrx_word' id='word_1_569' title='bbox 1919 2442 2071 2513; x_wconf 60' lang='lat' dir='ltr'>[Pan</span> <span class='ocrx_word' id='word_1_570' title='bbox 2105 2442 2548 2513; x_wconf 87' lang='lat' dir='ltr'>damnationem].</span> <span class='ocrx_word' id='word_1_571' title='bbox 2580 2445 2647 2498; x_wconf 82' lang='lat' dir='ltr'>Ut</span> <span class='ocrx_word' id='word_1_572' title='bbox 2679 2442 3002 2514; x_wconf 81' lang='lat' dir='ltr'>apprimens</span> <span class='ocrx_word' id='word_1_573' title='bbox 3033 2442 3329 2511; x_wconf 79' lang='lat' dir='ltr'>virginem.</span> <span class='ocrx_word' id='word_1_574' title='bbox 3352 2440 3515 2503; x_wconf 84' lang='lat' dir='ltr'>Ecce,</span> 
     </span>
    </p>
   </div>
   <div class='ocr_carea' id='block_1_73' title="bbox 1918 2530 3507 2601">
    <p class='ocr_par' dir='ltr' id='par_1_73' title="bbox 1918 2530 3507 2601">
     <span class='ocr_line' id='line_1_73' title="bbox 1918 2530 3507 2601; baseline -0.003 -17"><span class='ocrx_word' id='word_1_575' title='bbox 1918 2531 2041 2601; x_wconf 89' lang='lat' dir='ltr'>quia</span> <span class='ocrx_word' id='word_1_576' title='bbox 2072 2539 2195 2584; x_wconf 89' lang='lat' dir='ltr'>ante</span> <span class='ocrx_word' id='word_1_577' title='bbox 2226 2546 2512 2601; x_wconf 89' lang='lat' dir='ltr'>egressum</span> <span class='ocrx_word' id='word_1_578' title='bbox 2542 2530 2695 2600; x_wconf 87' lang='lat' dir='ltr'>virgo</span> <span class='ocrx_word' id='word_1_579' title='bbox 2728 2530 2844 2595; x_wconf 86' lang='lat' dir='ltr'>fuit,</span> <span class='ocrx_word' id='word_1_580' title='bbox 2879 2537 3000 2599; x_wconf 87' lang='lat' dir='ltr'>post</span> <span class='ocrx_word' id='word_1_581' title='bbox 3048 2543 3177 2582; x_wconf 90' lang='lat' dir='ltr'>vero</span> <span class='ocrx_word' id='word_1_582' title='bbox 3226 2534 3507 2596; x_wconf 90' lang='lat' dir='ltr'>corrupta.</span> 
     </span>
    </p>
   </div>
   <div class='ocr_carea' id='block_1_74' title="bbox 1920 2615 3516 2687">
    <p class='ocr_par' dir='ltr' id='par_1_74' title="bbox 1920 2615 3516 2687">
     <span class='ocr_line' id='line_1_74' title="bbox 1920 2615 3516 2687; baseline -0.004 -15"><span class='ocrx_word' id='word_1_583' title='bbox 1920 2619 2061 2687; x_wconf 84' lang='lat' dir='ltr'>Quid</span> <span class='ocrx_word' id='word_1_584' title='bbox 2093 2618 2234 2673; x_wconf 91' lang='lat' dir='ltr'>enim</span> <span class='ocrx_word' id='word_1_585' title='bbox 2266 2627 2347 2672; x_wconf 88' lang='lat' dir='ltr'>est</span> <span class='ocrx_word' id='word_1_586' title='bbox 2376 2634 2494 2672; x_wconf 91' lang='lat' dir='ltr'>eam</span> <span class='ocrx_word' id='word_1_587' title='bbox 2526 2617 2779 2687; x_wconf 86' lang='lat' dir='ltr'>opprimi,</span> <span class='ocrx_word' id='word_1_588' title='bbox 2815 2616 2919 2670; x_wconf 90' lang='lat' dir='ltr'>nisi</span> <span class='ocrx_word' id='word_1_589' title='bbox 2967 2615 3283 2684; x_wconf 84' lang='lat' dir='ltr'>corrumpi?</span> <span class='ocrx_word' id='word_1_590' title='bbox 3314 2616 3516 2669; x_wconf 86' lang='lat' dir='ltr'>Verum</span> 
     </span>
    </p>
   </div>
   <div class='ocr_carea' id='block_1_75' title="bbox 1919 2702 3519 2778">
    <p class='ocr_par' dir='ltr' id='par_1_75' title="bbox 1919 2702 3519 2778">
     <span class='ocr_line' id='line_1_75' title="bbox 1919 2702 3519 2778; baseline -0.003 -18"><span class='ocrx_word' id='word_1_591' title='bbox 1919 2725 2039 2778; x_wconf 70' lang='lat' dir='ltr'>qua:</span> <span class='ocrx_word' id='word_1_592' title='bbox 2071 2716 2152 2761; x_wconf 89' lang='lat' dir='ltr'>est</span> <span class='ocrx_word' id='word_1_593' title='bbox 2182 2722 2443 2777; x_wconf 89' lang='lat' dir='ltr'>oppressa</span> <span class='ocrx_word' id='word_1_594' title='bbox 2472 2705 2543 2770; x_wconf 89' lang='lat' dir='ltr'>vi,</span> <span class='ocrx_word' id='word_1_595' title='bbox 2579 2713 2723 2775; x_wconf 89' lang='lat' dir='ltr'>patet</span> <span class='ocrx_word' id='word_1_596' title='bbox 2763 2705 3016 2758; x_wconf 89' lang='lat' dir='ltr'>nimirum</span> <span class='ocrx_word' id='word_1_597' title='bbox 3065 2704 3187 2774; x_wconf 91' lang='lat' dir='ltr'>quia</span> <span class='ocrx_word' id='word_1_598' title='bbox 3238 2719 3344 2757; x_wconf 93' lang='lat' dir='ltr'>non</span> <span class='ocrx_word' id='word_1_599' title='bbox 3395 2702 3519 2756; x_wconf 91' lang='lat' dir='ltr'>ideo</span> 
     </span>
    </p>
   </div>
   <div class='ocr_carea' id='block_1_76' title="bbox 1920 2791 3519 2866">
    <p class='ocr_par' dir='ltr' id='par_1_76' title="bbox 1920 2791 3519 2866">
     <span class='ocr_line' id='line_1_76' title="bbox 1920 2791 3519 2866; baseline -0.004 -17"><span class='ocrx_word' id='word_1_600' title='bbox 1920 2796 2137 2866; x_wconf 91' lang='lat' dir='ltr'>quidem</span> <span class='ocrx_word' id='word_1_601' title='bbox 2168 2804 2224 2848; x_wconf 93' lang='lat' dir='ltr'>ut</span> <span class='ocrx_word' id='word_1_602' title='bbox 2252 2795 2647 2864; x_wconf 89' lang='lat' dir='ltr'>opprimeretur</span> <span class='ocrx_word' id='word_1_603' title='bbox 2692 2809 2916 2863; x_wconf 89' lang='lat' dir='ltr'>egressa</span> <span class='ocrx_word' id='word_1_604' title='bbox 2959 2801 3076 2857; x_wconf 89' lang='lat' dir='ltr'>est;</span> <span class='ocrx_word' id='word_1_605' title='bbox 3108 2799 3344 2846; x_wconf 88' lang='lat' dir='ltr'>attamen</span> <span class='ocrx_word' id='word_1_606' title='bbox 3395 2791 3519 2861; x_wconf 87' lang='lat' dir='ltr'>quia</span> 
     </span>
    </p>
   </div>
   <div class='ocr_carea' id='block_1_77' title="bbox 1918 2879 3518 2951">
    <p class='ocr_par' dir='ltr' id='par_1_77' title="bbox 1918 2879 3518 2951">
     <span class='ocr_line' id='line_1_77' title="bbox 1918 2879 3518 2951; baseline -0.004 -15"><span class='ocrx_word' id='word_1_607' title='bbox 1918 2883 2264 2937; x_wconf 89' lang='lat' dir='ltr'>temerariam</span> <span class='ocrx_word' id='word_1_608' title='bbox 2310 2882 2530 2936; x_wconf 87' lang='lat' dir='ltr'>admisit</span> <span class='ocrx_word' id='word_1_609' title='bbox 2571 2882 2961 2951; x_wconf 85' lang='lat' dir='ltr'>egressionem,</span> <span class='ocrx_word' id='word_1_610' title='bbox 3016 2880 3141 2950; x_wconf 88' lang='lat' dir='ltr'>quia</span> <span class='ocrx_word' id='word_1_611' title='bbox 3173 2881 3243 2933; x_wconf 91' lang='lat' dir='ltr'>ad</span> <span class='ocrx_word' id='word_1_612' title='bbox 3273 2879 3518 2933; x_wconf 87' lang='lat' dir='ltr'>illicitam</span> 
     </span>
    </p>
   </div>
   <div class='ocr_carea' id='block_1_78' title="bbox 1916 2968 3517 3041">
    <p class='ocr_par' dir='ltr' id='par_1_78' title="bbox 1916 2968 3517 3041">
     <span class='ocr_line' id='line_1_78' title="bbox 1916 2968 3517 3041; baseline -0.003 -17"><span class='ocrx_word' id='word_1_613' title='bbox 1916 2970 2172 3041; x_wconf 89' lang='lat' dir='ltr'>aspiravit</span> <span class='ocrx_word' id='word_1_614' title='bbox 2201 2970 2485 3035; x_wconf 90' lang='lat' dir='ltr'>visionem,</span> <span class='ocrx_word' id='word_1_615' title='bbox 2521 2986 2584 3023; x_wconf 89' lang='lat' dir='ltr'>ex</span> <span class='ocrx_word' id='word_1_616' title='bbox 2617 2970 2717 3024; x_wconf 88' lang='lat' dir='ltr'>hac</span> <span class='ocrx_word' id='word_1_617' title='bbox 2764 2968 2978 3040; x_wconf 81' lang='lat' dir='ltr'>gemina</span> <span class='ocrx_word' id='word_1_618' title='bbox 3013 2968 3173 3037; x_wconf 89' lang='lat' dir='ltr'>culpa</span> <span class='ocrx_word' id='word_1_619' title='bbox 3202 2983 3323 3037; x_wconf 74' lang='lat' dir='ltr'>quae</span> <span class='ocrx_word' id='word_1_620' title='bbox 3368 2982 3517 3036; x_wconf 70' lang='lat' dir='ltr'>pra:-</span> 
     </span>
    </p>
   </div>
   <div class='ocr_carea' id='block_1_79' title="bbox 1918 3055 3517 3128">
    <p class='ocr_par' dir='ltr' id='par_1_79' title="bbox 1918 3055 3517 3128">
     <span class='ocr_line' id='line_1_79' title="bbox 1918 3055 3517 3128; baseline -0.004 -16"><span class='ocrx_word' id='word_1_621' title='bbox 1918 3059 2101 3123; x_wconf 89' lang='lat' dir='ltr'>cessit,</span> <span class='ocrx_word' id='word_1_622' title='bbox 2135 3059 2301 3128; x_wconf 88' lang='lat' dir='ltr'>digna</span> <span class='ocrx_word' id='word_1_623' title='bbox 2330 3057 2427 3111; x_wconf 89' lang='lat' dir='ltr'>fuit</span> <span class='ocrx_word' id='word_1_624' title='bbox 2453 3066 2506 3111; x_wconf 93' lang='lat' dir='ltr'>et</span> <span class='ocrx_word' id='word_1_625' title='bbox 2535 3057 2745 3122; x_wconf 90' lang='lat' dir='ltr'>meruit,</span> <span class='ocrx_word' id='word_1_626' title='bbox 2779 3064 2835 3110; x_wconf 89' lang='lat' dir='ltr'>ut</span> <span class='ocrx_word' id='word_1_627' title='bbox 2866 3065 2917 3111; x_wconf 91' lang='lat' dir='ltr'>et</span> <span class='ocrx_word' id='word_1_628' title='bbox 2947 3055 3091 3109; x_wconf 86' lang='lat' dir='ltr'>illam</span> <span class='ocrx_word' id='word_1_629' title='bbox 3124 3071 3244 3125; x_wconf 68' lang='lat' dir='ltr'>qua:</span> <span class='ocrx_word' id='word_1_630' title='bbox 3274 3070 3381 3108; x_wconf 93' lang='lat' dir='ltr'>non</span> <span class='ocrx_word' id='word_1_631' title='bbox 3410 3062 3517 3107; x_wconf 91' lang='lat' dir='ltr'>tam</span> 
     </span>
    </p>
   </div>
   <div class='ocr_carea' id='block_1_80' title="bbox 1918 3142 3521 3215">
    <p class='ocr_par' dir='ltr' id='par_1_80' title="bbox 1918 3142 3521 3215">
     <span class='ocr_line' id='line_1_80' title="bbox 1918 3142 3521 3215; baseline -0.002 -17"><span class='ocrx_word' id='word_1_632' title='bbox 1918 3147 2181 3201; x_wconf 90' lang='lat' dir='ltr'>successit</span> <span class='ocrx_word' id='word_1_633' title='bbox 2211 3160 2375 3215; x_wconf 90' lang='lat' dir='ltr'>quam</span> <span class='ocrx_word' id='word_1_634' title='bbox 2415 3145 2666 3211; x_wconf 90' lang='lat' dir='ltr'>accessit,</span> <span class='ocrx_word' id='word_1_635' title='bbox 2700 3144 2826 3199; x_wconf 89' lang='lat' dir='ltr'>licet</span> <span class='ocrx_word' id='word_1_636' title='bbox 2870 3144 3181 3209; x_wconf 85' lang='lat' dir='ltr'>violentam,</span> <span class='ocrx_word' id='word_1_637' title='bbox 3218 3142 3521 3196; x_wconf 90' lang='lat' dir='ltr'>incurreret</span> 
     </span>
    </p>
   </div>
   <div class='ocr_carea' id='block_1_81' title="bbox 1918 3228 3515 3304">
    <p class='ocr_par' dir='ltr' id='par_1_81' title="bbox 1918 3228 3515 3304">
     <span class='ocr_line' id='line_1_81' title="bbox 1918 3228 3515 3304; baseline -0.004 -15"><span class='ocrx_word' id='word_1_638' title='bbox 1918 3234 2354 3304; x_wconf 89' lang='lat' dir='ltr'>oppressionem.</span> <span class='ocrx_word' id='word_1_639' title='bbox 2376 3232 2486 3287; x_wconf 90' lang='lat' dir='ltr'>Sed</span> <span class='ocrx_word' id='word_1_640' title='bbox 2510 3233 2625 3301; x_wconf 90' lang='lat' dir='ltr'>jam</span> <span class='ocrx_word' id='word_1_641' title='bbox 2656 3232 2722 3285; x_wconf 92' lang='lat' dir='ltr'>de</span> <span class='ocrx_word' id='word_1_642' title='bbox 2753 3232 2856 3286; x_wconf 91' lang='lat' dir='ltr'>ista</span> <span class='ocrx_word' id='word_1_643' title='bbox 2888 3232 2967 3286; x_wconf 92' lang='lat' dir='ltr'>sic</span> <span class='ocrx_word' id='word_1_644' title='bbox 2999 3245 3245 3301; x_wconf 90' lang='lat' dir='ltr'>egressa,</span> <span class='ocrx_word' id='word_1_645' title='bbox 3267 3230 3346 3283; x_wconf 89' lang='lat' dir='ltr'>sic</span> <span class='ocrx_word' id='word_1_646' title='bbox 3377 3228 3515 3292; x_wconf 87' lang='lat' dir='ltr'>visa,</span> 
     </span>
    </p>
   </div>
   <div class='ocr_carea' id='block_1_82' title="bbox 1918 3313 3522 3386">
    <p class='ocr_par' dir='ltr' id='par_1_82' title="bbox 1918 3313 3522 3386">
     <span class='ocr_line' id='line_1_82' title="bbox 1918 3313 3522 3386; baseline -0.004 -14"><span class='ocrx_word' id='word_1_647' title='bbox 1918 3319 1997 3373; x_wconf 91' lang='lat' dir='ltr'>sic</span> <span class='ocrx_word' id='word_1_648' title='bbox 2052 3318 2323 3381; x_wconf 89' lang='lat' dir='ltr'>adamata,</span> <span class='ocrx_word' id='word_1_649' title='bbox 2372 3317 2449 3372; x_wconf 91' lang='lat' dir='ltr'>sic</span> <span class='ocrx_word' id='word_1_650' title='bbox 2497 3324 2770 3385; x_wconf 90' lang='lat' dir='ltr'>corrupta,</span> <span class='ocrx_word' id='word_1_651' title='bbox 2804 3317 2881 3370; x_wconf 89' lang='lat' dir='ltr'>sic</span> <span class='ocrx_word' id='word_1_652' title='bbox 2911 3323 2963 3370; x_wconf 90' lang='lat' dir='ltr'>et</span> <span class='ocrx_word' id='word_1_653' title='bbox 2994 3330 3261 3386; x_wconf 89' lang='lat' dir='ltr'>oppressa</span> <span class='ocrx_word' id='word_1_654' title='bbox 3307 3313 3438 3384; x_wconf 90' lang='lat' dir='ltr'>quid</span> <span class='ocrx_word' id='word_1_655' title='bbox 3466 3313 3522 3365; x_wconf 91' lang='lat' dir='ltr'>in</span> 
     </span>
    </p>
   </div>
   <div class='ocr_carea' id='block_1_83' title="bbox 1917 3403 3520 3474">
    <p class='ocr_par' dir='ltr' id='par_1_83' title="bbox 1917 3403 3520 3474">
     <span class='ocr_line' id='line_1_83' title="bbox 1917 3403 3520 3474; baseline -0.002 -14"><span class='ocrx_word' id='word_1_656' title='bbox 1917 3406 2023 3461; x_wconf 78' lang='lat' dir='ltr'>fine</span> <span class='ocrx_word' id='word_1_657' title='bbox 2042 3406 2171 3461; x_wconf 91' lang='lat' dir='ltr'>dicit</span> <span class='ocrx_word' id='word_1_658' title='bbox 2190 3405 2412 3459; x_wconf 89' lang='lat' dir='ltr'>historia</span> <span class='ocrx_word' id='word_1_659' title='bbox 2428 3405 2456 3458; x_wconf 82' lang='lat'>‘?</span> <span class='ocrx_word' id='word_1_660' title='bbox 2474 3405 2619 3460; x_wconf 90' lang='lat' dir='ltr'>Ecce</span> <span class='ocrx_word' id='word_1_661' title='bbox 2650 3404 2915 3458; x_wconf 88' lang='lat' dir='ltr'>advertite</span> <span class='ocrx_word' id='word_1_662' title='bbox 2942 3421 2954 3456; x_wconf 89' lang='lat'><strong>:</strong></span> <span class='ocrx_word' id='word_1_663' title='bbox 2984 3406 3328 3474; x_wconf 79' lang='lat' dir='ltr'>Tristemque</span> <span class='ocrx_word' id='word_1_664' title='bbox 3359 3403 3520 3458; x_wconf 67' lang='grc' dir='ltr'>ὺιαηα</span> 
     </span>
    </p>
   </div>
   <div class='ocr_carea' id='block_1_84' title="bbox 1916 3491 3515 3562">
    <p class='ocr_par' dir='ltr' id='par_1_84' title="bbox 1916 3491 3515 3562">
     <span class='ocr_line' id='line_1_84' title="bbox 1916 3491 3515 3562; baseline -0.004 -13"><span class='ocrx_word' id='word_1_665' title='bbox 1916 3495 2073 3550; x_wconf 78' lang='lat' dir='ltr'>ditiis</span> <span class='ocrx_word' id='word_1_666' title='bbox 2107 3494 2385 3549; x_wconf 79' lang='lat' dir='ltr'>delinim’t.</span> <span class='ocrx_word' id='word_1_667' title='bbox 2418 3494 2485 3547; x_wconf 89' lang='lat' dir='ltr'>Et</span> <span class='ocrx_word' id='word_1_668' title='bbox 2513 3508 2642 3548; x_wconf 89' lang='lat' dir='ltr'>ecce</span> <span class='ocrx_word' id='word_1_669' title='bbox 2674 3492 2797 3562; x_wconf 89' lang='lat' dir='ltr'>quia</span> <span class='ocrx_word' id='word_1_670' title='bbox 2836 3491 2975 3545; x_wconf 90' lang='lat' dir='ltr'>Dina</span> <span class='ocrx_word' id='word_1_671' title='bbox 3003 3491 3220 3561; x_wconf 91' lang='lat' dir='ltr'>quidem</span> <span class='ocrx_word' id='word_1_672' title='bbox 3254 3491 3515 3554; x_wconf 88' lang='lat' dir='ltr'>tristatur,</span> 
     </span>
    </p>
   </div>
   <div class='ocr_carea' id='block_1_85' title="bbox 1917 3577 3520 3649">
    <p class='ocr_par' dir='ltr' id='par_1_85' title="bbox 1917 3577 3520 3649">
     <span class='ocr_line' id='line_1_85' title="bbox 1917 3577 3520 3649; baseline -0.003 -14"><span class='ocrx_word' id='word_1_673' title='bbox 1917 3582 2015 3637; x_wconf 92' lang='lat' dir='ltr'>sed</span> <span class='ocrx_word' id='word_1_674' title='bbox 2047 3582 2323 3636; x_wconf 86' lang='lat' dir='ltr'>blanditiis</span> <span class='ocrx_word' id='word_1_675' title='bbox 2353 3598 2471 3635; x_wconf 90' lang='lat' dir='ltr'>eam</span> <span class='ocrx_word' id='word_1_676' title='bbox 2502 3588 2787 3649; x_wconf 91' lang='lat' dir='ltr'>corruptor</span> <span class='ocrx_word' id='word_1_677' title='bbox 2817 3579 2932 3647; x_wconf 91' lang='lat' dir='ltr'>ejus</span> <span class='ocrx_word' id='word_1_678' title='bbox 2960 3586 3015 3633; x_wconf 88' lang='lat' dir='ltr'>et</span> <span class='ocrx_word' id='word_1_679' title='bbox 3042 3593 3336 3647; x_wconf 89' lang='lat' dir='ltr'>oppressor</span> <span class='ocrx_word' id='word_1_680' title='bbox 3378 3577 3520 3631; x_wconf 90' lang='lat' dir='ltr'>deli-</span> 
     </span>
    </p>
   </div>
   <div class='ocr_carea' id='block_1_86' title="bbox 1917 3665 3520 3736">
    <p class='ocr_par' dir='ltr' id='par_1_86' title="bbox 1917 3665 3520 3736">
     <span class='ocr_line' id='line_1_86' title="bbox 1917 3665 3520 3736; baseline -0.004 -11"><span class='ocrx_word' id='word_1_681' title='bbox 1917 3671 2033 3725; x_wconf 91' lang='lat' dir='ltr'>nire</span> <span class='ocrx_word' id='word_1_682' title='bbox 2065 3678 2305 3725; x_wconf 90' lang='lat' dir='ltr'>conatur.</span> <span class='ocrx_word' id='word_1_683' title='bbox 2338 3671 2405 3723; x_wconf 90' lang='lat' dir='ltr'>Et</span> <span class='ocrx_word' id='word_1_684' title='bbox 2436 3671 2550 3724; x_wconf 64' lang='lat' dir='ltr'>haec</span> <span class='ocrx_word' id='word_1_685' title='bbox 2578 3676 2661 3723; x_wconf 86' lang='lat' dir='ltr'>est</span> <span class='ocrx_word' id='word_1_686' title='bbox 2691 3666 2998 3722; x_wconf 88' lang='lat' dir='ltr'>seductoria</span> <span class='ocrx_word' id='word_1_687' title='bbox 3031 3682 3151 3730; x_wconf 89' lang='lat' dir='ltr'>vox,</span> <span class='ocrx_word' id='word_1_688' title='bbox 3178 3682 3281 3736; x_wconf 89' lang='lat' dir='ltr'>qua</span> <span class='ocrx_word' id='word_1_689' title='bbox 3309 3665 3520 3719; x_wconf 88' lang='lat' dir='ltr'>tristem</span> 
     </span>
    </p>
   </div>
   <div class='ocr_carea' id='block_1_87' title="bbox 1917 3753 3517 3825">
    <p class='ocr_par' dir='ltr' id='par_1_87' title="bbox 1917 3753 3517 3825">
     <span class='ocr_line' id='line_1_87' title="bbox 1917 3753 3517 3825; baseline -0.005 -12"><span class='ocrx_word' id='word_1_690' title='bbox 1917 3759 2147 3814; x_wconf 88' lang='lat' dir='ltr'>delinire</span> <span class='ocrx_word' id='word_1_691' title='bbox 2176 3758 2372 3812; x_wconf 90' lang='lat' dir='ltr'>studet.</span> <span class='ocrx_word' id='word_1_692' title='bbox 2409 3757 2590 3825; x_wconf 89' lang='lat' dir='ltr'>Quare</span> <span class='ocrx_word' id='word_1_693' title='bbox 2637 3756 2804 3810; x_wconf 85' lang='lat' dir='ltr'>tristis</span> <span class='ocrx_word' id='word_1_694' title='bbox 2836 3764 2915 3809; x_wconf 92' lang='lat' dir='ltr'>est</span> <span class='ocrx_word' id='word_1_695' title='bbox 2966 3755 3145 3808; x_wconf 90' lang='lat' dir='ltr'>anima</span> <span class='ocrx_word' id='word_1_696' title='bbox 3175 3762 3267 3806; x_wconf 87' lang='lat' dir='ltr'>tua</span> <span class='ocrx_word' id='word_1_697' title='bbox 3295 3768 3327 3807; x_wconf 92' lang='grc' dir='ltr'>ο</span> <span class='ocrx_word' id='word_1_698' title='bbox 3359 3753 3517 3819; x_wconf 90' lang='lat' dir='ltr'>Dina,</span> 
     </span>
    </p>
   </div>
   <div class='ocr_carea' id='block_1_88' title="bbox 1918 3840 3521 3919">
    <p class='ocr_par' dir='ltr' id='par_1_88' title="bbox 1918 3840 3521 3919">
     <span class='ocr_line' id='line_1_88' title="bbox 1918 3840 3521 3919; baseline -0.004 -18"><span class='ocrx_word' id='word_1_699' title='bbox 1918 3855 1970 3901; x_wconf 89' lang='lat' dir='ltr'>et</span> <span class='ocrx_word' id='word_1_700' title='bbox 1998 3863 2167 3919; x_wconf 89' lang='lat' dir='ltr'>quare</span> <span class='ocrx_word' id='word_1_701' title='bbox 2186 3847 2416 3916; x_wconf 74' lang='lat' dir='ltr'>teip;am</span> <span class='ocrx_word' id='word_1_702' title='bbox 2439 3846 2733 3900; x_wconf 89' lang='lat' dir='ltr'>conturbas</span> <span class='ocrx_word' id='word_1_703' title='bbox 2755 3846 2782 3899; x_wconf 82' lang='lat'><strong><em>?</em></strong></span> <span class='ocrx_word' id='word_1_704' title='bbox 2811 3845 2954 3899; x_wconf 88' lang='lat' dir='ltr'>Num</span> <span class='ocrx_word' id='word_1_705' title='bbox 2976 3843 3129 3897; x_wconf 91' lang='lat' dir='ltr'>doles</span> <span class='ocrx_word' id='word_1_706' title='bbox 3148 3840 3275 3912; x_wconf 90' lang='lat' dir='ltr'>quia</span> <span class='ocrx_word' id='word_1_707' title='bbox 3297 3856 3521 3911; x_wconf 88' lang='lat' dir='ltr'>egressa</span> 
     </span>
    </p>
   </div>
   <div class='ocr_carea' id='block_1_89' title="bbox 1918 3932 3523 4006">
    <p class='ocr_par' dir='ltr' id='par_1_89' title="bbox 1918 3932 3523 4006">
     <span class='ocr_line' id='line_1_89' title="bbox 1918 3932 3523 4006; baseline -0.005 -16"><span class='ocrx_word' id='word_1_708' title='bbox 1918 3952 1977 3991; x_wconf 91' lang='lat' dir='ltr'>es</span> <span class='ocrx_word' id='word_1_709' title='bbox 1998 3936 2024 3989; x_wconf 72' lang='lat'>‘2</span> <span class='ocrx_word' id='word_1_710' title='bbox 2055 3936 2185 4006; x_wconf 93' lang='lat' dir='ltr'>quid</span> <span class='ocrx_word' id='word_1_711' title='bbox 2215 3934 2485 4005; x_wconf 88' lang='lat' dir='ltr'>deliquisti</span> <span class='ocrx_word' id='word_1_712' title='bbox 2517 3934 2572 3986; x_wconf 92' lang='lat' dir='ltr'>in</span> <span class='ocrx_word' id='word_1_713' title='bbox 2614 3935 2717 3987; x_wconf 90' lang='lat' dir='ltr'>hoc</span> <span class='ocrx_word' id='word_1_714' title='bbox 2740 3935 2767 3987; x_wconf 65' lang='grc' dir='ltr'>ἲ)</span> <span class='ocrx_word' id='word_1_715' title='bbox 2799 3932 2944 4002; x_wconf 89' lang='lat' dir='ltr'>quod</span> <span class='ocrx_word' id='word_1_716' title='bbox 2994 3937 3391 3986; x_wconf 83' lang='lat' dir='ltr'>sacramentum</span> <span class='ocrx_word' id='word_1_717' title='bbox 3441 3936 3523 3983; x_wconf 89' lang='lat' dir='ltr'>est</span> 
     </span>
    </p>
   </div>
   <div class='ocr_carea' id='block_1_90' title="bbox 1918 4016 3523 4087">
    <p class='ocr_par' dir='ltr' id='par_1_90' title="bbox 1918 4016 3523 4087">
     <span class='ocr_line' id='line_1_90' title="bbox 1918 4016 3523 4087; baseline -0.004 -9"><span class='ocrx_word' id='word_1_718' title='bbox 1918 4033 1973 4078; x_wconf 91' lang='lat' dir='ltr'>ut</span> <span class='ocrx_word' id='word_1_719' title='bbox 2004 4024 2197 4079; x_wconf 90' lang='lat' dir='ltr'>sedeas</span> <span class='ocrx_word' id='word_1_720' title='bbox 2228 4023 2341 4078; x_wconf 90' lang='lat' dir='ltr'>sola</span> <span class='ocrx_word' id='word_1_721' title='bbox 2372 4023 2425 4076; x_wconf 91' lang='lat' dir='ltr'>in</span> <span class='ocrx_word' id='word_1_722' title='bbox 2456 4023 2618 4077; x_wconf 84' lang='lat' dir='ltr'>domo</span> <span class='ocrx_word' id='word_1_723' title='bbox 2649 4021 2855 4076; x_wconf 89' lang='lat' dir='ltr'>inclusa</span> <span class='ocrx_word' id='word_1_724' title='bbox 2878 4022 2905 4074; x_wconf 65' lang='grc' dir='ltr'>ε)</span> <span class='ocrx_word' id='word_1_725' title='bbox 2937 4019 3069 4087; x_wconf 63' lang='lat' dir='ltr'>Qua}</span> <span class='ocrx_word' id='word_1_726' title='bbox 3097 4019 3200 4071; x_wconf 90' lang='lat' dir='ltr'>ista</span> <span class='ocrx_word' id='word_1_727' title='bbox 3230 4018 3441 4087; x_wconf 89' lang='lat' dir='ltr'>religio,</span> <span class='ocrx_word' id='word_1_728' title='bbox 3476 4016 3523 4071; x_wconf 90' lang='lat' dir='ltr'>si</span> 
     </span>
    </p>
   </div>
   <div class='ocr_carea' id='block_1_91' title="bbox 1920 4104 3525 4183">
    <p class='ocr_par' dir='ltr' id='par_1_91' title="bbox 1920 4104 3525 4183">
     <span class='ocr_line' id='line_1_91' title="bbox 1920 4104 3525 4183; baseline -0.004 -18"><span class='ocrx_word' id='word_1_729' title='bbox 1920 4120 2100 4166; x_wconf 90' lang='lat' dir='ltr'>tamen</span> <span class='ocrx_word' id='word_1_730' title='bbox 2128 4112 2343 4183; x_wconf 88' lang='lat' dir='ltr'>religio,</span> <span class='ocrx_word' id='word_1_731' title='bbox 2365 4119 2421 4164; x_wconf 92' lang='lat' dir='ltr'>ut</span> <span class='ocrx_word' id='word_1_732' title='bbox 2452 4119 2608 4165; x_wconf 92' lang='lat' dir='ltr'>nocte</span> <span class='ocrx_word' id='word_1_733' title='bbox 2638 4125 2703 4164; x_wconf 90' lang='lat' dir='ltr'>ac</span> <span class='ocrx_word' id='word_1_734' title='bbox 2732 4110 2819 4163; x_wconf 90' lang='lat' dir='ltr'>die</span> <span class='ocrx_word' id='word_1_735' title='bbox 2846 4108 2961 4161; x_wconf 88' lang='lat' dir='ltr'>sala</span> <span class='ocrx_word' id='word_1_736' title='bbox 2981 4122 3202 4160; x_wconf 89' lang='lat' dir='ltr'>maneas</span> <span class='ocrx_word' id='word_1_737' title='bbox 3232 4105 3287 4158; x_wconf 91' lang='lat' dir='ltr'>in</span> <span class='ocrx_word' id='word_1_738' title='bbox 3318 4104 3525 4159; x_wconf 79' lang='lat' dir='ltr'>domo?</span> 
     </span>
    </p>
   </div>
   <div class='ocr_carea' id='block_1_92' title="bbox 1920 4192 3523 4271">
    <p class='ocr_par' dir='ltr' id='par_1_92' title="bbox 1920 4192 3523 4271">
     <span class='ocr_line' id='line_1_92' title="bbox 1920 4192 3523 4271; baseline -0.007 -17"><span class='ocrx_word' id='word_1_739' title='bbox 1920 4217 2042 4271; x_wconf 67' lang='lat' dir='ltr'>qua:</span> <span class='ocrx_word' id='word_1_740' title='bbox 2073 4200 2365 4254; x_wconf 87' lang='lat' dir='ltr'>auctoritas</span> <span class='ocrx_word' id='word_1_741' title='bbox 2395 4198 2518 4251; x_wconf 92' lang='lat' dir='ltr'>talis</span> <span class='ocrx_word' id='word_1_742' title='bbox 2550 4196 2832 4268; x_wconf 89' lang='lat' dir='ltr'>religionis</span> <span class='ocrx_word' id='word_1_743' title='bbox 2853 4196 2879 4248; x_wconf 82' lang='lat'>‘?</span> <span class='ocrx_word' id='word_1_744' title='bbox 2910 4197 3049 4248; x_wconf 90' lang='lat' dir='ltr'>Num</span> <span class='ocrx_word' id='word_1_745' title='bbox 3080 4209 3199 4247; x_wconf 89' lang='lat' dir='ltr'>eam</span> <span class='ocrx_word' id='word_1_746' title='bbox 3223 4194 3412 4246; x_wconf 91' lang='lat' dir='ltr'>beatus</span> <span class='ocrx_word' id='word_1_747' title='bbox 3442 4192 3523 4244; x_wconf 93' lang='lat' dir='ltr'>in-</span> 
     </span>
    </p>
   </div>
   <div class='ocr_carea' id='block_1_93' title="bbox 1919 4279 3524 4352">
    <p class='ocr_par' dir='ltr' id='par_1_93' title="bbox 1919 4279 3524 4352">
     <span class='ocr_line' id='line_1_93' title="bbox 1919 4279 3524 4352; baseline -0.007 -10"><span class='ocrx_word' id='word_1_748' title='bbox 1919 4288 2087 4342; x_wconf 88' lang='lat' dir='ltr'>stituit</span> <span class='ocrx_word' id='word_1_749' title='bbox 2135 4286 2505 4341; x_wconf 81' lang='lat' dir='ltr'>Benedictus?</span> <span class='ocrx_word' id='word_1_750' title='bbox 2534 4286 2673 4338; x_wconf 90' lang='lat' dir='ltr'>Num</span> <span class='ocrx_word' id='word_1_751' title='bbox 2722 4300 2953 4352; x_wconf 82' lang='lat' dir='ltr'>magnus</span> <span class='ocrx_word' id='word_1_752' title='bbox 3003 4282 3092 4335; x_wconf 87' lang='lat' dir='ltr'>ille</span> <span class='ocrx_word' id='word_1_753' title='bbox 3143 4279 3524 4351; x_wconf 83' lang='lat' dir='ltr'>Augustinus?</span> 
     </span>
    </p>
   </div>
   <div class='ocr_carea' id='block_1_94' title="bbox 214 4368 3517 4460">
    <p class='ocr_par' dir='ltr' id='par_1_94' title="bbox 214 4368 3517 4460">
     <span class='ocr_line' id='line_1_94' title="bbox 214 4368 3517 4460; baseline -0.007 -17"><span class='ocrx_word' id='word_1_754' title='bbox 214 4391 417 4457; x_wconf 91' lang='lat' dir='ltr'>dimus,</span> <span class='ocrx_word' id='word_1_755' title='bbox 450 4406 611 4460; x_wconf 91' lang='lat' dir='ltr'>quam</span> <span class='ocrx_word' id='word_1_756' title='bbox 644 4368 949 4455; x_wconf 80' lang='lat' dir='ltr'>periculosa</span> <span class='ocrx_word' id='word_1_757' title='bbox 981 4386 1100 4439; x_wconf 91' lang='lat' dir='ltr'>talis</span> <span class='ocrx_word' id='word_1_758' title='bbox 1131 4386 1374 4457; x_wconf 90' lang='lat' dir='ltr'>egressio</span> <span class='ocrx_word' id='word_1_759' title='bbox 1406 4385 1511 4448; x_wconf 90' lang='lat' dir='ltr'>sit;</span> <span class='ocrx_word' id='word_1_760' title='bbox 1536 4399 1664 4438; x_wconf 90' lang='lat' dir='ltr'>ecce</span> <span class='ocrx_word' id='word_1_761' title='bbox 1695 4382 1817 4452; x_wconf 85' lang='lat' dir='ltr'>quia</span> <span class='ocrx_word' id='word_1_762' title='bbox 1840 4389 1891 4447; x_wconf 87' lang='lat' dir='ltr'>D</span> <span class='ocrx_word' id='word_1_763' title='bbox 1922 4379 2141 4447; x_wconf 84' lang='lat' dir='ltr'>Ergone</span> <span class='ocrx_word' id='word_1_764' title='bbox 2186 4373 2428 4443; x_wconf 88' lang='lat' dir='ltr'>religiosi</span> <span class='ocrx_word' id='word_1_765' title='bbox 2468 4380 2521 4426; x_wconf 93' lang='lat' dir='ltr'>et</span> <span class='ocrx_word' id='word_1_766' title='bbox 2569 4373 2736 4426; x_wconf 90' lang='lat' dir='ltr'>sancti</span> <span class='ocrx_word' id='word_1_767' title='bbox 2785 4387 2895 4425; x_wconf 90' lang='lat' dir='ltr'>non</span> <span class='ocrx_word' id='word_1_768' title='bbox 2943 4378 3067 4424; x_wconf 89' lang='lat' dir='ltr'>sunt</span> <span class='ocrx_word' id='word_1_769' title='bbox 3116 4368 3517 4432; x_wconf 89' lang='lat' dir='ltr'>Cluniacenses,</span> 
     </span>
    </p>
   </div>
   <div class='ocr_carea' id='block_1_95' title="bbox 216 4475 1820 4547">
    <p class='ocr_par' dir='ltr' id='par_1_95' title="bbox 216 4475 1820 4547">
     <span class='ocr_line' id='line_1_95' title="bbox 216 4475 1820 4547; baseline -0.006 -14"><span class='ocrx_word' id='word_1_770' title='bbox 216 4493 383 4533; x_wconf 88' lang='lat' dir='ltr'>verax</span> <span class='ocrx_word' id='word_1_771' title='bbox 412 4478 639 4533; x_wconf 89' lang='lat' dir='ltr'>historia</span> <span class='ocrx_word' id='word_1_772' title='bbox 662 4477 809 4543; x_wconf 91' lang='lat' dir='ltr'>dicit,</span> <span class='ocrx_word' id='word_1_773' title='bbox 826 4476 970 4547; x_wconf 92' lang='lat' dir='ltr'>quod</span> <span class='ocrx_word' id='word_1_774' title='bbox 995 4475 1129 4529; x_wconf 89' lang='lat' dir='ltr'>Dina</span> <span class='ocrx_word' id='word_1_775' title='bbox 1149 4489 1373 4545; x_wconf 88' lang='lat' dir='ltr'>egressa</span> <span class='ocrx_word' id='word_1_776' title='bbox 1403 4481 1504 4540; x_wconf 89' lang='lat' dir='ltr'>est,</span> <span class='ocrx_word' id='word_1_777' title='bbox 1522 4480 1572 4527; x_wconf 90' lang='lat' dir='ltr'>et</span> <span class='ocrx_word' id='word_1_778' title='bbox 1594 4487 1820 4543; x_wconf 88' lang='lat' dir='ltr'>egressa</span> 
     </span>
    </p>
   </div>
   <div class='ocr_carea' id='block_1_96' title="bbox 215 4560 1816 4635">
    <p class='ocr_par' dir='ltr' id='par_1_96' title="bbox 215 4560 1816 4635">
     <span class='ocr_line' id='line_1_96' title="bbox 215 4560 1816 4635; baseline -0.006 -13"><span class='ocrx_word' id='word_1_779' title='bbox 215 4574 300 4622; x_wconf 90' lang='lat' dir='ltr'>est</span> <span class='ocrx_word' id='word_1_780' title='bbox 332 4576 387 4620; x_wconf 91' lang='lat' dir='ltr'>ut</span> <span class='ocrx_word' id='word_1_781' title='bbox 414 4567 642 4633; x_wconf 89' lang='lat' dir='ltr'>videret,</span> <span class='ocrx_word' id='word_1_782' title='bbox 668 4581 776 4619; x_wconf 93' lang='lat' dir='ltr'>non</span> <span class='ocrx_word' id='word_1_783' title='bbox 809 4564 1025 4635; x_wconf 90' lang='lat' dir='ltr'>quidem</span> <span class='ocrx_word' id='word_1_784' title='bbox 1056 4563 1222 4631; x_wconf 89' lang='lat' dir='ltr'>viros,</span> <span class='ocrx_word' id='word_1_785' title='bbox 1249 4562 1344 4615; x_wconf 90' lang='lat' dir='ltr'>sed</span> <span class='ocrx_word' id='word_1_786' title='bbox 1374 4561 1628 4615; x_wconf 89' lang='lat' dir='ltr'>mulieres</span> <span class='ocrx_word' id='word_1_787' title='bbox 1657 4560 1816 4629; x_wconf 80' lang='lat' dir='ltr'>(Gen.</span> 
     </span>
    </p>
   </div>
   <div class='ocr_carea' id='block_1_97' title="bbox 212 4650 1821 4725">
    <p class='ocr_par' dir='ltr' id='par_1_97' title="bbox 212 4650 1821 4725">
     <span class='ocr_line' id='line_1_97' title="bbox 212 4650 1821 4725; baseline -0.006 -16"><span class='ocrx_word' id='word_1_788' title='bbox 212 4670 422 4719; x_wconf 77' lang='lat' dir='ltr'>xxxrv,</span> <span class='ocrx_word' id='word_1_789' title='bbox 453 4660 530 4723; x_wconf 72' lang='lat'>2),</span> <span class='ocrx_word' id='word_1_790' title='bbox 565 4664 616 4709; x_wconf 92' lang='lat' dir='ltr'>et</span> <span class='ocrx_word' id='word_1_791' title='bbox 647 4655 766 4725; x_wconf 89' lang='lat' dir='ltr'>ipsa</span> <span class='ocrx_word' id='word_1_792' title='bbox 796 4653 1015 4724; x_wconf 90' lang='lat' dir='ltr'>quidem</span> <span class='ocrx_word' id='word_1_793' title='bbox 1046 4650 1260 4706; x_wconf 91' lang='lat' dir='ltr'>mulier.</span> <span class='ocrx_word' id='word_1_794' title='bbox 1291 4651 1403 4704; x_wconf 91' lang='lat' dir='ltr'>Nec</span> <span class='ocrx_word' id='word_1_795' title='bbox 1435 4650 1663 4713; x_wconf 89' lang='lat' dir='ltr'>mirum;</span> <span class='ocrx_word' id='word_1_796' title='bbox 1699 4664 1821 4701; x_wconf 91' lang='lat' dir='ltr'>nam</span> 
     </span>
    </p>
   </div>
   <div class='ocr_carea' id='block_1_98' title="bbox 214 4736 1821 4815">
    <p class='ocr_par' dir='ltr' id='par_1_98' title="bbox 214 4736 1821 4815">
     <span class='ocr_line' id='line_1_98' title="bbox 214 4736 1821 4815; baseline -0.006 -17"><span class='ocrx_word' id='word_1_797' title='bbox 214 4743 385 4815; x_wconf 88' lang='lat' dir='ltr'>vulgo</span> <span class='ocrx_word' id='word_1_798' title='bbox 414 4744 610 4798; x_wconf 88' lang='lat' dir='ltr'>dicitur</span> <span class='ocrx_word' id='word_1_799' title='bbox 645 4758 656 4796; x_wconf 93' lang='lat'><strong>:</strong></span> <span class='ocrx_word' id='word_1_800' title='bbox 691 4742 892 4797; x_wconf 92' lang='lat' dir='ltr'>Similis</span> <span class='ocrx_word' id='word_1_801' title='bbox 930 4740 1161 4794; x_wconf 90' lang='lat' dir='ltr'>similem</span> <span class='ocrx_word' id='word_1_802' title='bbox 1189 4738 1418 4809; x_wconf 66' lang='lat' dir='ltr'>quazrit;</span> <span class='ocrx_word' id='word_1_803' title='bbox 1453 4736 1821 4791; x_wconf 91' lang='lat' dir='ltr'>testimonium</span> 
     </span>
    </p>
   </div>
   <div class='ocr_carea' id='block_1_99' title="bbox 218 4824 1822 4901">
    <p class='ocr_par' dir='ltr' id='par_1_99' title="bbox 218 4824 1822 4901">
     <span class='ocr_line' id='line_1_99' title="bbox 218 4824 1822 4901; baseline -0.006 -15"><span class='ocrx_word' id='word_1_804' title='bbox 218 4834 323 4886; x_wconf 89' lang='lat' dir='ltr'>hoc</span> <span class='ocrx_word' id='word_1_805' title='bbox 357 4848 545 4886; x_wconf 87' lang='lat' dir='ltr'>verum</span> <span class='ocrx_word' id='word_1_806' title='bbox 578 4839 677 4885; x_wconf 90' lang='lat' dir='ltr'>est.</span> <span class='ocrx_word' id='word_1_807' title='bbox 712 4832 777 4884; x_wconf 89' lang='lat' dir='ltr'>Et</span> <span class='ocrx_word' id='word_1_808' title='bbox 807 4830 935 4901; x_wconf 90' lang='lat' dir='ltr'>quid</span> <span class='ocrx_word' id='word_1_809' title='bbox 958 4828 1255 4898; x_wconf 91' lang='lat' dir='ltr'>accipimus</span> <span class='ocrx_word' id='word_1_810' title='bbox 1287 4843 1385 4897; x_wconf 89' lang='lat' dir='ltr'>per</span> <span class='ocrx_word' id='word_1_811' title='bbox 1406 4826 1687 4879; x_wconf 91' lang='lat' dir='ltr'>mulierem</span> <span class='ocrx_word' id='word_1_812' title='bbox 1721 4824 1822 4878; x_wconf 90' lang='lat' dir='ltr'>nisi</span> 
     </span>
    </p>
   </div>
   <div class='ocr_carea' id='block_1_100' title="bbox 218 4913 1822 4984">
    <p class='ocr_par' dir='ltr' id='par_1_100' title="bbox 218 4913 1822 4984">
     <span class='ocr_line' id='line_1_100' title="bbox 218 4913 1822 4984; baseline -0.006 -9"><span class='ocrx_word' id='word_1_813' title='bbox 218 4919 552 4974; x_wconf 81' lang='lat' dir='ltr'>mollitiem?</span> <span class='ocrx_word' id='word_1_814' title='bbox 582 4920 704 4974; x_wconf 92' lang='lat' dir='ltr'>Non</span> <span class='ocrx_word' id='word_1_815' title='bbox 754 4919 896 4973; x_wconf 91' lang='lat' dir='ltr'>enim</span> <span class='ocrx_word' id='word_1_816' title='bbox 948 4932 1092 4971; x_wconf 91' lang='lat' dir='ltr'>nunc</span> <span class='ocrx_word' id='word_1_817' title='bbox 1139 4917 1191 4969; x_wconf 92' lang='lat' dir='ltr'>in</span> <span class='ocrx_word' id='word_1_818' title='bbox 1223 4932 1412 4970; x_wconf 88' lang='lat' dir='ltr'>sexum</span> <span class='ocrx_word' id='word_1_819' title='bbox 1460 4915 1691 4984; x_wconf 88' lang='lat' dir='ltr'>agimus,</span> <span class='ocrx_word' id='word_1_820' title='bbox 1726 4913 1822 4966; x_wconf 89' lang='lat' dir='ltr'>sed</span> 
     </span>
    </p>
   </div>
   <div class='ocr_carea' id='block_1_101' title="bbox 220 5002 1823 5081">
    <p class='ocr_par' dir='ltr' id='par_1_101' title="bbox 220 5002 1823 5081">
     <span class='ocr_line' id='line_1_101' title="bbox 220 5002 1823 5081; baseline -0.007 -18"><span class='ocrx_word' id='word_1_821' title='bbox 220 5024 344 5081; x_wconf 59' lang='lat' dir='ltr'>qua;</span> <span class='ocrx_word' id='word_1_822' title='bbox 392 5008 480 5061; x_wconf 89' lang='lat' dir='ltr'>illa</span> <span class='ocrx_word' id='word_1_823' title='bbox 512 5008 597 5072; x_wconf 89' lang='lat' dir='ltr'>sit,</span> <span class='ocrx_word' id='word_1_824' title='bbox 634 5023 751 5078; x_wconf 65' lang='lat' dir='ltr'>quae</span> <span class='ocrx_word' id='word_1_825' title='bbox 801 5022 899 5076; x_wconf 93' lang='lat' dir='ltr'>per</span> <span class='ocrx_word' id='word_1_826' title='bbox 926 5004 1227 5059; x_wconf 89' lang='lat' dir='ltr'>naturalem</span> <span class='ocrx_word' id='word_1_827' title='bbox 1277 5005 1394 5071; x_wconf 90' lang='lat' dir='ltr'>ejus</span> <span class='ocrx_word' id='word_1_828' title='bbox 1440 5002 1613 5072; x_wconf 89' lang='lat' dir='ltr'>accipi</span> <span class='ocrx_word' id='word_1_829' title='bbox 1647 5007 1823 5070; x_wconf 88' lang='lat' dir='ltr'>potest</span> 
     </span>
    </p>
   </div>
   <div class='ocr_carea' id='block_1_102' title="bbox 217 5088 1821 5165">
    <p class='ocr_par' dir='ltr' id='par_1_102' title="bbox 217 5088 1821 5165">
     <span class='ocr_line' id='line_1_102' title="bbox 217 5088 1821 5165; baseline -0.006 -15"><span class='ocrx_word' id='word_1_830' title='bbox 217 5095 608 5163; x_wconf 86' lang='lat' dir='ltr'>infirmitatem,</span> <span class='ocrx_word' id='word_1_831' title='bbox 634 5095 915 5165; x_wconf 90' lang='lat' dir='ltr'>utriusque</span> <span class='ocrx_word' id='word_1_832' title='bbox 946 5109 1110 5147; x_wconf 87' lang='lat' dir='ltr'>sexus</span> <span class='ocrx_word' id='word_1_833' title='bbox 1136 5093 1386 5146; x_wconf 88' lang='lat' dir='ltr'>debilitas</span> <span class='ocrx_word' id='word_1_834' title='bbox 1418 5088 1821 5162; x_wconf 87' lang='lat' dir='ltr'>reprehensibi-</span> 
     </span>
    </p>
   </div>
   <div class='ocr_carea' id='block_1_103' title="bbox 220 5176 1823 5254">
    <p class='ocr_par' dir='ltr' id='par_1_103' title="bbox 220 5176 1823 5254">
     <span class='ocr_line' id='line_1_103' title="bbox 220 5176 1823 5254; baseline -0.006 -16"><span class='ocrx_word' id='word_1_835' title='bbox 220 5185 289 5238; x_wconf 88' lang='lat' dir='ltr'>lis</span> <span class='ocrx_word' id='word_1_836' title='bbox 320 5193 554 5239; x_wconf 90' lang='lat' dir='ltr'>notatur.</span> <span class='ocrx_word' id='word_1_837' title='bbox 590 5184 780 5239; x_wconf 89' lang='lat' dir='ltr'>Omnis</span> <span class='ocrx_word' id='word_1_838' title='bbox 810 5182 975 5254; x_wconf 90' lang='lat' dir='ltr'>igitur</span> <span class='ocrx_word' id='word_1_839' title='bbox 1003 5181 1093 5251; x_wconf 89' lang='lat' dir='ltr'>qui</span> <span class='ocrx_word' id='word_1_840' title='bbox 1114 5181 1615 5249; x_wconf 88' lang='lat' dir='ltr'>reprehensibiliter</span> <span class='ocrx_word' id='word_1_841' title='bbox 1644 5176 1823 5230; x_wconf 86' lang='lat' dir='ltr'>mollis</span> 
     </span>
    </p>
   </div>
   <div class='ocr_carea' id='block_1_104' title="bbox 220 5264 1823 5343">
    <p class='ocr_par' dir='ltr' id='par_1_104' title="bbox 220 5264 1823 5343">
     <span class='ocr_line' id='line_1_104' title="bbox 220 5264 1823 5343; baseline -0.006 -16"><span class='ocrx_word' id='word_1_842' title='bbox 220 5281 323 5342; x_wconf 89' lang='lat' dir='ltr'>est,</span> <span class='ocrx_word' id='word_1_843' title='bbox 352 5274 505 5341; x_wconf 88' lang='lat' dir='ltr'>juxta</span> <span class='ocrx_word' id='word_1_844' title='bbox 538 5272 827 5343; x_wconf 90' lang='lat' dir='ltr'>quemdam</span> <span class='ocrx_word' id='word_1_845' title='bbox 860 5285 1073 5341; x_wconf 90' lang='lat' dir='ltr'>quoque</span> <span class='ocrx_word' id='word_1_846' title='bbox 1104 5268 1324 5322; x_wconf 89' lang='lat' dir='ltr'>modum</span> <span class='ocrx_word' id='word_1_847' title='bbox 1357 5268 1548 5321; x_wconf 90' lang='lat' dir='ltr'>mulier</span> <span class='ocrx_word' id='word_1_848' title='bbox 1578 5274 1657 5321; x_wconf 85' lang='lat' dir='ltr'>est</span> <span class='ocrx_word' id='word_1_849' title='bbox 1684 5281 1695 5319; x_wconf 85' lang='lat'><strong>:</strong></span> <span class='ocrx_word' id='word_1_850' title='bbox 1722 5264 1823 5319; x_wconf 91' lang='lat' dir='ltr'>etsi</span> 
     </span>
    </p>
   </div>
   <div class='ocr_carea' id='block_1_105' title="bbox 221 5358 1821 5431">
    <p class='ocr_par' dir='ltr' id='par_1_105' title="bbox 221 5358 1821 5431">
     <span class='ocr_line' id='line_1_105' title="bbox 221 5358 1821 5431; baseline -0.006 -16"><span class='ocrx_word' id='word_1_851' title='bbox 221 5376 330 5415; x_wconf 89' lang='lat' dir='ltr'>non</span> <span class='ocrx_word' id='word_1_852' title='bbox 382 5361 693 5415; x_wconf 91' lang='lat' dir='ltr'>naturaliter</span> <span class='ocrx_word' id='word_1_853' title='bbox 734 5368 997 5431; x_wconf 90' lang='lat' dir='ltr'>quantum</span> <span class='ocrx_word' id='word_1_854' title='bbox 1026 5358 1094 5411; x_wconf 92' lang='lat' dir='ltr'>ad</span> <span class='ocrx_word' id='word_1_855' title='bbox 1140 5372 1347 5419; x_wconf 90' lang='lat' dir='ltr'>sexum,</span> <span class='ocrx_word' id='word_1_856' title='bbox 1400 5365 1578 5409; x_wconf 89' lang='lat' dir='ltr'>tamen</span> <span class='ocrx_word' id='word_1_857' title='bbox 1628 5369 1821 5424; x_wconf 88' lang='lat' dir='ltr'>repre-</span> 
     </span>
    </p>
   </div>
   <div class='ocr_carea' id='block_1_106' title="bbox 222 5442 1822 5520">
    <p class='ocr_par' dir='ltr' id='par_1_106' title="bbox 222 5442 1822 5520">
     <span class='ocr_line' id='line_1_106' title="bbox 222 5442 1822 5520; baseline -0.005 -17"><span class='ocrx_word' id='word_1_858' title='bbox 222 5449 562 5506; x_wconf 83' lang='lat' dir='ltr'>hensibiliter</span> <span class='ocrx_word' id='word_1_859' title='bbox 605 5456 861 5520; x_wconf 87' lang='lat' dir='ltr'>quantum</span> <span class='ocrx_word' id='word_1_860' title='bbox 909 5447 980 5500; x_wconf 88' lang='lat' dir='ltr'>ad</span> <span class='ocrx_word' id='word_1_861' title='bbox 1023 5452 1223 5500; x_wconf 88' lang='lat' dir='ltr'>actum.</span> <span class='ocrx_word' id='word_1_862' title='bbox 1278 5444 1416 5500; x_wconf 90' lang='lat' dir='ltr'>Dicit</span> <span class='ocrx_word' id='word_1_863' title='bbox 1458 5460 1591 5500; x_wconf 86' lang='lat' dir='ltr'>sane</span> <span class='ocrx_word' id='word_1_864' title='bbox 1621 5442 1700 5497; x_wconf 90' lang='lat' dir='ltr'>vir</span> <span class='ocrx_word' id='word_1_865' title='bbox 1730 5458 1822 5497; x_wconf 86' lang='lat' dir='ltr'>sa-</span> 
     </span>
    </p>
   </div>
   <div class='ocr_carea' id='block_1_107' title="bbox 1923 4456 3519 4531">
    <p class='ocr_par' dir='ltr' id='par_1_107' title="bbox 1923 4456 3519 4531">
     <span class='ocr_line' id='line_1_107' title="bbox 1923 4456 3519 4531; baseline -0.006 -12"><span class='ocrx_word' id='word_1_866' title='bbox 1923 4463 2332 4526; x_wconf 90' lang='lat' dir='ltr'>Cistercienses,</span> <span class='ocrx_word' id='word_1_867' title='bbox 2367 4469 2419 4515; x_wconf 93' lang='lat' dir='ltr'>et</span> <span class='ocrx_word' id='word_1_868' title='bbox 2443 4460 2534 4513; x_wconf 90' lang='lat' dir='ltr'>alii</span> <span class='ocrx_word' id='word_1_869' title='bbox 2582 4459 2928 4531; x_wconf 89' lang='lat' dir='ltr'>quamplures</span> <span class='ocrx_word' id='word_1_870' title='bbox 2960 4458 3182 4512; x_wconf 91' lang='lat' dir='ltr'>ordines</span> <span class='ocrx_word' id='word_1_871' title='bbox 3214 4456 3306 4527; x_wconf 92' lang='lat' dir='ltr'>qui</span> <span class='ocrx_word' id='word_1_872' title='bbox 3355 4456 3519 4510; x_wconf 89' lang='lat' dir='ltr'>talem</span> 
     </span>
    </p>
   </div>
   <div class='ocr_carea' id='block_1_108' title="bbox 1920 4545 3521 4616">
    <p class='ocr_par' dir='ltr' id='par_1_108' title="bbox 1920 4545 3521 4616">
     <span class='ocr_line' id='line_1_108' title="bbox 1920 4545 3521 4616; baseline -0.006 -8"><span class='ocrx_word' id='word_1_873' title='bbox 1920 4554 2086 4608; x_wconf 88' lang='lat' dir='ltr'>vitam</span> <span class='ocrx_word' id='word_1_874' title='bbox 2116 4568 2225 4605; x_wconf 91' lang='lat' dir='ltr'>non</span> <span class='ocrx_word' id='word_1_875' title='bbox 2253 4549 2502 4605; x_wconf 79' lang='lat' dir='ltr'>ducunt?</span> <span class='ocrx_word' id='word_1_876' title='bbox 2530 4550 2597 4602; x_wconf 91' lang='lat' dir='ltr'>Et</span> <span class='ocrx_word' id='word_1_877' title='bbox 2627 4547 2673 4601; x_wconf 92' lang='lat' dir='ltr'>si</span> <span class='ocrx_word' id='word_1_878' title='bbox 2703 4549 2805 4602; x_wconf 93' lang='lat' dir='ltr'>hoc</span> <span class='ocrx_word' id='word_1_879' title='bbox 2833 4546 3080 4600; x_wconf 82' lang='lat' dir='ltr'>fortassis</span> <span class='ocrx_word' id='word_1_880' title='bbox 3114 4546 3167 4599; x_wconf 93' lang='lat' dir='ltr'>in</span> <span class='ocrx_word' id='word_1_881' title='bbox 3200 4545 3521 4616; x_wconf 90' lang='lat' dir='ltr'>quibusdam</span> 
     </span>
    </p>
   </div>
   <div class='ocr_carea' id='block_1_109' title="bbox 1920 4632 3523 4706">
    <p class='ocr_par' dir='ltr' id='par_1_109' title="bbox 1920 4632 3523 4706">
     <span class='ocr_line' id='line_1_109' title="bbox 1920 4632 3523 4706; baseline -0.006 -10"><span class='ocrx_word' id='word_1_882' title='bbox 1920 4642 2039 4696; x_wconf 90' lang='lat' dir='ltr'>aliis</span> <span class='ocrx_word' id='word_1_883' title='bbox 2069 4639 2349 4696; x_wconf 90' lang='lat' dir='ltr'>tolerabile</span> <span class='ocrx_word' id='word_1_884' title='bbox 2380 4647 2481 4703; x_wconf 91' lang='lat' dir='ltr'>est,</span> <span class='ocrx_word' id='word_1_885' title='bbox 2508 4637 2603 4692; x_wconf 92' lang='lat' dir='ltr'>sed</span> <span class='ocrx_word' id='word_1_886' title='bbox 2634 4636 2688 4689; x_wconf 91' lang='lat' dir='ltr'>in</span> <span class='ocrx_word' id='word_1_887' title='bbox 2721 4644 2772 4690; x_wconf 89' lang='lat' dir='ltr'>te</span> <span class='ocrx_word' id='word_1_888' title='bbox 2803 4650 3149 4706; x_wconf 85' lang='lat' dir='ltr'>nequaquam</span> <span class='ocrx_word' id='word_1_889' title='bbox 3173 4650 3292 4704; x_wconf 66' lang='lat' dir='ltr'>qua:</span> <span class='ocrx_word' id='word_1_890' title='bbox 3312 4632 3433 4686; x_wconf 87' lang='lat' dir='ltr'>talis</span> <span class='ocrx_word' id='word_1_891' title='bbox 3460 4648 3523 4687; x_wconf 90' lang='lat' dir='ltr'>ac</span> 
     </span>
    </p>
   </div>
   <div class='ocr_carea' id='block_1_110' title="bbox 1921 4720 3522 4795">
    <p class='ocr_par' dir='ltr' id='par_1_110' title="bbox 1921 4720 3522 4795">
     <span class='ocr_line' id='line_1_110' title="bbox 1921 4720 3522 4795; baseline -0.007 -10"><span class='ocrx_word' id='word_1_892' title='bbox 1921 4739 2067 4785; x_wconf 90' lang='lat' dir='ltr'>tanta</span> <span class='ocrx_word' id='word_1_893' title='bbox 2117 4747 2194 4785; x_wconf 90' lang='lat' dir='ltr'>es.</span> <span class='ocrx_word' id='word_1_894' title='bbox 2242 4728 2496 4785; x_wconf 86' lang='lat' dir='ltr'>Abundat</span> <span class='ocrx_word' id='word_1_895' title='bbox 2540 4741 2772 4795; x_wconf 89' lang='lat' dir='ltr'>namque</span> <span class='ocrx_word' id='word_1_896' title='bbox 2818 4724 2873 4777; x_wconf 93' lang='lat' dir='ltr'>in</span> <span class='ocrx_word' id='word_1_897' title='bbox 2917 4732 2968 4778; x_wconf 91' lang='lat' dir='ltr'>te</span> <span class='ocrx_word' id='word_1_898' title='bbox 3017 4739 3131 4793; x_wconf 77' lang='lat' dir='ltr'>prae</span> <span class='ocrx_word' id='word_1_899' title='bbox 3180 4721 3360 4775; x_wconf 91' lang='lat' dir='ltr'>multis</span> <span class='ocrx_word' id='word_1_900' title='bbox 3403 4720 3522 4773; x_wconf 90' lang='lat' dir='ltr'>aliis</span> 
     </span>
    </p>
   </div>
   <div class='ocr_carea' id='block_1_111' title="bbox 1923 4811 3522 4887">
    <p class='ocr_par' dir='ltr' id='par_1_111' title="bbox 1923 4811 3522 4887">
     <span class='ocr_line' id='line_1_111' title="bbox 1923 4811 3522 4887; baseline -0.008 -14"><span class='ocrx_word' id='word_1_901' title='bbox 1923 4818 2149 4873; x_wconf 88' lang='lat' dir='ltr'>scientia</span> <span class='ocrx_word' id='word_1_902' title='bbox 2191 4816 2475 4887; x_wconf 88' lang='lat' dir='ltr'>profunda,</span> <span class='ocrx_word' id='word_1_903' title='bbox 2528 4813 2838 4885; x_wconf 89' lang='lat' dir='ltr'>eloquentia</span> <span class='ocrx_word' id='word_1_904' title='bbox 2882 4811 3071 4875; x_wconf 90' lang='lat' dir='ltr'>nitida,</span> <span class='ocrx_word' id='word_1_905' title='bbox 3121 4824 3348 4863; x_wconf 90' lang='lat' dir='ltr'>acumen</span> <span class='ocrx_word' id='word_1_906' title='bbox 3390 4822 3522 4861; x_wconf 82' lang='lat' dir='ltr'>sen—</span> 
     </span>
    </p>
   </div>
   <div class='ocr_carea' id='block_1_112' title="bbox 1922 4894 3521 4968">
    <p class='ocr_par' dir='ltr' id='par_1_112' title="bbox 1922 4894 3521 4968">
     <span class='ocr_line' id='line_1_112' title="bbox 1922 4894 3521 4968; baseline -0.008 -7"><span class='ocrx_word' id='word_1_907' title='bbox 1922 4906 2088 4961; x_wconf 86' lang='lat' dir='ltr'>tiendi</span> <span class='ocrx_word' id='word_1_908' title='bbox 2118 4905 2171 4958; x_wconf 91' lang='lat' dir='ltr'>in</span> <span class='ocrx_word' id='word_1_909' title='bbox 2203 4906 2384 4968; x_wconf 90' lang='lat' dir='ltr'>corde,</span> <span class='ocrx_word' id='word_1_910' title='bbox 2420 4903 2643 4958; x_wconf 87' lang='lat' dir='ltr'>verbum</span> <span class='ocrx_word' id='word_1_911' title='bbox 2676 4900 2991 4956; x_wconf 90' lang='lat' dir='ltr'>eruditionis</span> <span class='ocrx_word' id='word_1_912' title='bbox 3032 4899 3084 4950; x_wconf 93' lang='lat' dir='ltr'>in</span> <span class='ocrx_word' id='word_1_913' title='bbox 3117 4913 3231 4950; x_wconf 90' lang='lat' dir='ltr'>ore.</span> <span class='ocrx_word' id='word_1_914' title='bbox 3266 4894 3400 4962; x_wconf 71' lang='lat' dir='ltr'>Quae</span> <span class='ocrx_word' id='word_1_915' title='bbox 3433 4903 3521 4948; x_wconf 81' lang='lat' dir='ltr'>ta—</span> 
     </span>
    </p>
   </div>
   <div class='ocr_carea' id='block_1_113' title="bbox 1924 4984 3523 5048">
    <p class='ocr_par' dir='ltr' id='par_1_113' title="bbox 1924 4984 3523 5048">
     <span class='ocr_line' id='line_1_113' title="bbox 1924 4984 3523 5048; baseline -0.005 -1"><span class='ocrx_word' id='word_1_916' title='bbox 1924 5011 2047 5048; x_wconf 89' lang='lat' dir='ltr'>men</span> <span class='ocrx_word' id='word_1_917' title='bbox 2096 4993 2292 5047; x_wconf 87' lang='lat' dir='ltr'>utilitas</span> <span class='ocrx_word' id='word_1_918' title='bbox 2338 4994 2391 5045; x_wconf 92' lang='lat' dir='ltr'>in</span> <span class='ocrx_word' id='word_1_919' title='bbox 2437 4992 2690 5046; x_wconf 90' lang='lat' dir='ltr'>omnibus</span> <span class='ocrx_word' id='word_1_920' title='bbox 2736 4989 2868 5043; x_wconf 83' lang='lat' dir='ltr'>his?</span> <span class='ocrx_word' id='word_1_921' title='bbox 2910 4988 3049 5040; x_wconf 88' lang='lat' dir='ltr'>Nam</span> <span class='ocrx_word' id='word_1_922' title='bbox 3111 4984 3360 5038; x_wconf 86' lang='lat' dir='ltr'>universa</span> <span class='ocrx_word' id='word_1_923' title='bbox 3404 4985 3523 5039; x_wconf 74' lang='lat' dir='ltr'>haec</span> 
     </span>
    </p>
   </div>
   <div class='ocr_carea' id='block_1_114' title="bbox 1923 5071 3525 5148">
    <p class='ocr_par' dir='ltr' id='par_1_114' title="bbox 1923 5071 3525 5148">
     <span class='ocr_line' id='line_1_114' title="bbox 1923 5071 3525 5148; baseline -0.006 -13"><span class='ocrx_word' id='word_1_924' title='bbox 1923 5082 2237 5137; x_wconf 74' lang='lat' dir='ltr'>abscondita</span> <span class='ocrx_word' id='word_1_925' title='bbox 2269 5088 2410 5133; x_wconf 91' lang='lat' dir='ltr'>sunt.</span> <span class='ocrx_word' id='word_1_926' title='bbox 2447 5080 2728 5133; x_wconf 83' lang='lat' dir='ltr'>Manifesta</span> <span class='ocrx_word' id='word_1_927' title='bbox 2758 5091 2893 5148; x_wconf 89' lang='lat' dir='ltr'>ergo</span> <span class='ocrx_word' id='word_1_928' title='bbox 2925 5084 2975 5129; x_wconf 91' lang='lat' dir='ltr'>te</span> <span class='ocrx_word' id='word_1_929' title='bbox 3006 5073 3225 5138; x_wconf 91' lang='lat' dir='ltr'>mundo,</span> <span class='ocrx_word' id='word_1_930' title='bbox 3252 5079 3304 5126; x_wconf 92' lang='lat' dir='ltr'>et</span> <span class='ocrx_word' id='word_1_931' title='bbox 3322 5079 3438 5126; x_wconf 84' lang='lat' dir='ltr'>esto</span> <span class='ocrx_word' id='word_1_932' title='bbox 3470 5071 3525 5126; x_wconf 91' lang='lat' dir='ltr'>in</span> 
     </span>
    </p>
   </div>
   <div class='ocr_carea' id='block_1_115' title="bbox 1923 5160 3522 5239">
    <p class='ocr_par' dir='ltr' id='par_1_115' title="bbox 1923 5160 3522 5239">
     <span class='ocr_line' id='line_1_115' title="bbox 1923 5160 3522 5239; baseline -0.007 -15"><span class='ocrx_word' id='word_1_933' title='bbox 1923 5171 2145 5233; x_wconf 88' lang='lat' dir='ltr'>mundo,</span> <span class='ocrx_word' id='word_1_934' title='bbox 2180 5169 2233 5221; x_wconf 90' lang='lat' dir='ltr'>in</span> <span class='ocrx_word' id='word_1_935' title='bbox 2266 5184 2391 5239; x_wconf 89' lang='lat' dir='ltr'>quo,</span> <span class='ocrx_word' id='word_1_936' title='bbox 2426 5171 2470 5221; x_wconf 91' lang='lat' dir='ltr'>si</span> <span class='ocrx_word' id='word_1_937' title='bbox 2501 5168 2601 5235; x_wconf 92' lang='lat' dir='ltr'>vis,</span> <span class='ocrx_word' id='word_1_938' title='bbox 2633 5168 2707 5219; x_wconf 89' lang='lat' dir='ltr'>ita</span> <span class='ocrx_word' id='word_1_939' title='bbox 2738 5181 2860 5220; x_wconf 89' lang='lat' dir='ltr'>esse</span> <span class='ocrx_word' id='word_1_940' title='bbox 2891 5171 3067 5233; x_wconf 87' lang='lat' dir='ltr'>potes,</span> <span class='ocrx_word' id='word_1_941' title='bbox 3099 5168 3155 5215; x_wconf 90' lang='lat' dir='ltr'>ut</span> <span class='ocrx_word' id='word_1_942' title='bbox 3188 5177 3298 5216; x_wconf 89' lang='lat' dir='ltr'>non</span> <span class='ocrx_word' id='word_1_943' title='bbox 3346 5160 3422 5214; x_wconf 90' lang='lat' dir='ltr'>sis</span> <span class='ocrx_word' id='word_1_944' title='bbox 3451 5160 3522 5214; x_wconf 87' lang='lat' dir='ltr'>de</span> 
     </span>
    </p>
   </div>
   <div class='ocr_carea' id='block_1_116' title="bbox 1924 5248 3521 5326">
    <p class='ocr_par' dir='ltr' id='par_1_116' title="bbox 1924 5248 3521 5326">
     <span class='ocr_line' id='line_1_116' title="bbox 1924 5248 3521 5326; baseline -0.006 -15"><span class='ocrx_word' id='word_1_945' title='bbox 1924 5259 2143 5311; x_wconf 89' lang='lat' dir='ltr'>mundo.</span> <span class='ocrx_word' id='word_1_946' title='bbox 2176 5256 2301 5310; x_wconf 89' lang='lat' dir='ltr'>Noli</span> <span class='ocrx_word' id='word_1_947' title='bbox 2334 5256 2509 5326; x_wconf 82' lang='lat' dir='ltr'>itaque</span> <span class='ocrx_word' id='word_1_948' title='bbox 2540 5254 2737 5308; x_wconf 85' lang='lat' dir='ltr'>diutius</span> <span class='ocrx_word' id='word_1_949' title='bbox 2769 5252 2970 5306; x_wconf 89' lang='lat' dir='ltr'>includi</span> <span class='ocrx_word' id='word_1_950' title='bbox 3002 5251 3054 5302; x_wconf 90' lang='lat' dir='ltr'>in</span> <span class='ocrx_word' id='word_1_951' title='bbox 3107 5250 3270 5303; x_wconf 91' lang='lat' dir='ltr'>domo</span> <span class='ocrx_word' id='word_1_952' title='bbox 3296 5267 3310 5313; x_wconf 89' lang='lat'><strong>;</strong></span> <span class='ocrx_word' id='word_1_953' title='bbox 3343 5248 3521 5302; x_wconf 88' lang='lat' dir='ltr'>sciens</span> 
     </span>
    </p>
   </div>
   <div class='ocr_carea' id='block_1_117' title="bbox 1924 5335 3523 5404">
    <p class='ocr_par' dir='ltr' id='par_1_117' title="bbox 1924 5335 3523 5404">
     <span class='ocr_line' id='line_1_117' title="bbox 1924 5335 3523 5404; baseline -0.008 -4"><span class='ocrx_word' id='word_1_954' title='bbox 1924 5346 2089 5400; x_wconf 90' lang='lat' dir='ltr'>multo</span> <span class='ocrx_word' id='word_1_955' title='bbox 2120 5345 2214 5399; x_wconf 86' lang='lat' dir='ltr'>tibi</span> <span class='ocrx_word' id='word_1_956' title='bbox 2241 5361 2363 5399; x_wconf 89' lang='lat' dir='ltr'>esse</span> <span class='ocrx_word' id='word_1_957' title='bbox 2392 5343 2572 5397; x_wconf 89' lang='lat' dir='ltr'>utilius</span> <span class='ocrx_word' id='word_1_958' title='bbox 2595 5349 2647 5396; x_wconf 90' lang='lat' dir='ltr'>et</span> <span class='ocrx_word' id='word_1_959' title='bbox 2678 5340 3023 5404; x_wconf 85' lang='lat' dir='ltr'>fructuosius,</span> <span class='ocrx_word' id='word_1_960' title='bbox 3050 5346 3105 5391; x_wconf 88' lang='lat' dir='ltr'>ut</span> <span class='ocrx_word' id='word_1_961' title='bbox 3134 5346 3312 5392; x_wconf 90' lang='lat' dir='ltr'>tecum</span> <span class='ocrx_word' id='word_1_962' title='bbox 3344 5335 3523 5388; x_wconf 91' lang='lat' dir='ltr'>salves</span> 
     </span>
    </p>
   </div>
   <div class='ocr_carea' id='block_1_118' title="bbox 1925 5422 3521 5505">
    <p class='ocr_par' dir='ltr' id='par_1_118' title="bbox 1925 5422 3521 5505">
     <span class='ocr_line' id='line_1_118' title="bbox 1925 5422 3521 5505; baseline -0.01 -17"><span class='ocrx_word' id='word_1_963' title='bbox 1925 5434 2139 5501; x_wconf 88' lang='lat' dir='ltr'>multos,</span> <span class='ocrx_word' id='word_1_964' title='bbox 2173 5449 2335 5505; x_wconf 90' lang='lat' dir='ltr'>quam</span> <span class='ocrx_word' id='word_1_965' title='bbox 2357 5441 2408 5487; x_wconf 90' lang='lat' dir='ltr'>te</span> <span class='ocrx_word' id='word_1_966' title='bbox 2426 5432 2614 5486; x_wconf 90' lang='lat' dir='ltr'>solam.</span> <span class='ocrx_word' id='word_1_967' title='bbox 2650 5430 2746 5485; x_wconf 84' lang='lat' dir='ltr'>llis</span> <span class='ocrx_word' id='word_1_968' title='bbox 2775 5428 2994 5503; x_wconf 89' lang='lat' dir='ltr'>quidem</span> <span class='ocrx_word' id='word_1_969' title='bbox 3014 5422 3395 5481; x_wconf 87' lang='lat' dir='ltr'>blandimentis</span> <span class='ocrx_word' id='word_1_970' title='bbox 3423 5422 3521 5475; x_wconf 86' lang='lat' dir='ltr'>de-.</span> 
     </span>
    </p>
   </div>
  </div>
