3972 6052
420 187 521 239 819

1289 177 1628 235 GUIGONIS
1667 177 1715 231 II
1754 170 2158 230 CARTHUSUE
2197 168 2490 225 MAJORIS
2526 168 2828 226 PRIOBIS.

3602 171 3711 223 820

410 305 563 360 linita
592 306 756 360 stulta
798 306 934 372 haec,
968 304 1305 361 seductorios
1356 304 1587 357 libenter
1631 301 1779 355 audit
1820 306 2007 355 cantus
2027 298 2086 359 A
2112 295 2293 350 Aderit
2333 302 2479 350 certe
2511 311 2574 350 ex
2605 310 2756 349 more
2786 293 2902 348 sine
2948 308 3122 358 mora,
3156 293 3317 347 Pater
3361 291 3452 346 ille
3483 290 3708 346 miseri-

415 394 647 458 sirenae;
678 410 779 449 nec
810 394 983 449 salvat
1006 394 1115 462 jam
1147 392 1402 463 aliquem,
1437 392 1660 460 insuper
1691 398 1741 444 et
1773 388 2011 458 seipsam

413 482 611 553 perdit.
643 484 785 537 Ecce
816 499 936 553 quae
966 489 1019 536 et
1049 481 1242 552 qualia,
1265 488 1395 552 quot
1424 489 1474 534 et
1504 486 1701 549 quanta
1731 477 1876 531 mala
1898 478 2009 545 jam

414 570 641 626 incurrit
690 587 808 641 quae
838 579 1043 624 temere
1090 584 1318 641 egressa
1356 568 1472 622 fuit.
1509 568 1644 620 Nam
1689 566 1866 619 omnia
1895 565 2010 619 haec

415 675 537 728 qum
566 658 711 713 dicta
742 665 866 711 sunt
894 658 961 711 de
992 658 1149 725 Dina,
1167 657 1235 712 ad
1257 672 1378 711 eum
1409 654 1694 709 referimus
1716 654 1807 724 qui
1836 654 2012 708 curio-

415 746 571 800 sitate
617 745 777 800 nimis
841 746 1151 810 temeraria,
1201 753 1251 799 et
1299 744 1600 799 temeritate
1662 742 2009 797 nihilominus

415 834 649 900 curiosa,
696 841 806 889 tam
854 842 1035 889 mente
1083 849 1243 905 quam
1312 848 1543 903 corpore
1597 830 1874 903 egreditur
1942 830 2010 884 de

412 922 569 978 cella.

946 1071 1340 1127 CAPITULUM
1368 1071 1464 1126 XI.

415 1207 727 1289 Demag‘ni‘s
746 1206 1055 1289 multisque
1069 1204 1365 1289 ρωςίεμιὶξζ
1376 1220 1496 1275 quae
1516 1203 1615 1289 ille
1635 1202 2012 1289 incurrit,,qui

490 1272 772 1331 habitator
801 1280 886 1331 est
916 1272 1092 1339 cellai,
1117 1278 1171 1328 et
1202 1275 1267 1328 de
1298 1272 1401 1328 illa
1432 1274 1580 1327 male
1603 1274 1745 1337 exit,
1771 1276 1825 1327 ct
1854 1272 2009 1326 de’eo

487 1346 630 1419 quod
668 1362 933 1416 magnam
972 1346 1182 1419 animle
1225 1348 1438 1419 sancta:
1492 1346 1716 1419 confert
1765 1343 2009 1413 quietem

482 1414 655 1490 plena
685 1414 1044 1486 ac'perfecta
1092 1415 1328 1485 abjectio
1380 1414 1745 1468 saecularium
1794 1428 2005 1468 rerum.

486 1551 689 1619 Itaque,
723 1554 779 1601 ut
810 1546 1093 1617 Scriptura
1122 1545 1268 1612 dicit,
1305 1561 1533 1616 egressa
1563 1553 1645 1600 est
1674 1544 1828 1613 Dina,
1861 1552 1914 1599 et
1942 1532 2009 1598 ad

412 1639 515 1693 hoc
545 1651 769 1708 egressa
818 1643 899 1689 est
928 1643 984 1689 ut
1013 1635 1237 1689 videret.
1270 1636 1515 1705 Egressa
1558 1649 1689 1688 vero
1717 1634 1786 1687 ad
1817 1633 2008 1687 viven-
2031 1652 2081 1712 Β

414 1727 561 1792 dum,
595 1732 647 1779 et
667 1724 786 1794 ipsa
808 1724 879 1778 ad
899 1739 1153 1795 magnum
1183 1723 1383 1776 malum
1406 1738 1560 1776 suum
1582 1722 1698 1778 visa
1719 1729 1819 1775 est.
1842 1723 2008 1776 Porro

411 1814 545 1878 visa,
581 1812 737 1867 etiam
768 1820 849 1867 est
885 1811 1152 1865 adamata.
1187 1811 1276 1866 Sic
1305 1811 1464 1865 etiam
1513 1810 1767 1864 adamata
1813 1825 2007 1865 corru-

414 1902 653 1973 ptionem
684 1916 837 1954 suam
867 1899 1155 1965 sustinuit;
1188 1899 1256 1953 ad
1288 1914 1451 1970 quam
1480 1898 1698 1969 quidem
1730 1897 2008 1953 coactione

414 1990 643 2061 quadam
674 1988 930 2055 violenta,
964 1986 1210 2042 fortassis
1240 1993 1423 2041 tamen
1453 1986 1754 2041 voluntaria
1783 1993 2010 2041 attracta

416 2077 532 2132 fuit.
570 2076 817 2131 Carnalis
848 2075 1047 2130 etenim
1096 2074 1383 2129 delectatio
1413 2074 1469 2127 in
1496 2089 1660 2128 causa
1700 2072 1813 2141 fuit,
1864 2073 2011 2145 quod

417 2165 493 2220 sic
523 2164 665 2219 trahi
695 2163 866 2234 potuit
891 2182 905 2229 ;
939 2170 990 2217 et
1020 2162 1143 2217 ideo
1189 2162 1362 2231 potuit
1389 2162 1515 2232 quia
1545 2177 1651 2216 non
1680 2161 1841 2215 nimis
1869 2162 2009 2218 forte

416 2251 630 2319 restitit,
666 2267 767 2307 nec
809 2250 1085 2306 voluntate
1130 2249 1293 2320 plena
1335 2250 1677 2305 contradixit.
1730 2249 2007 2321 Siquidem

414 2341 506 2396 diu
529 2348 611 2395 est
632 2356 697 2393 ex
719 2355 826 2411 quo
845 2338 1080 2409 primum
1097 2339 1300 2394 dictum
1318 2346 1400 2392 est
1424 2355 1436 2391 :
1467 2338 1658 2393 Trahit
1688 2353 1792 2393 sua
1822 2355 2011 2410 quem-

415 2446 519 2503 que
552 2430 826 2499 voluptas.
858 2428 925 2481 Et
954 2443 1023 2482 ne
1053 2435 1176 2497 post
1206 2428 1321 2482 haac
1351 2426 1548 2493 omnia,
1582 2425 1784 2480 misera
1814 2428 1929 2481 haec
1960 2434 2013 2481 et

414 2517 577 2573 stulta
602 2516 1007 2587 praevaricatrix
1036 2515 1233 2569 rediret
1281 2516 1349 2569 ad
1382 2530 1495 2581 cor,
1531 2523 1582 2568 et
1613 2515 2014 2570 contristaretur

416 2606 716 2662 secundum
746 2606 919 2658 Deum
949 2604 1016 2657 ad
1044 2603 1434 2673 pmnitentiam,
1468 2603 1624 2658 etiam
1655 2602 1822 2657 tristis
1850 2604 2011 2657 blan-

414 2694 560 2748 ditiis
590 2692 863 2748 delinitur.
899 2692 944 2746 Ο
969 2707 1133 2762 quam
1162 2707 1363 2761 magna
1392 2699 1623 2762 etquam
1653 2691 1821 2746 multa
1838 2690 2008 2745 mala!

414 2783 483 2837 Et
514 2797 700 2836 eorum
745 2779 981 2834 omnium
1030 2796 1152 2850 qua:
1196 2779 1293 2832 fuit
1336 2780 1556 2834 occasio
1604 2786 1656 2833 et
1701 2779 1880 2851 origo,
1928 2779 2013 2833 vel

417 2886 537 2940 qum
565 2884 733 2925 causa
751 2869 778 2922 ἱ)
806 2868 1001 2939 Utique
1028 2867 1317 2922 temeraria
1346 2867 1591 2938 egressio
1621 2868 1735 2937 ejus
1760 2886 1772 2933 ;
1806 2867 2014 2921 nullum

421 2958 566 3014 enim
594 2958 787 3012 horum
817 2957 1087 3011 malorum
1108 2955 1439 3024 incurrisset,
1464 2955 1508 3009 si
1531 2972 1589 3010 se
1628 2955 1772 3009 intus
1810 2957 2014 3011 tenuis-

417 3054 519 3102 set.
556 3046 665 3101 Sed
696 3045 822 3116 quia
852 3044 1066 3100 curiose
1095 3044 1241 3113 exiit,
1277 3044 1347 3099 ad
1375 3046 1491 3100 haec
1519 3044 1660 3098 mala
1689 3044 2011 3099 damnabili-

421 3142 505 3190 ter
532 3134 799 3205 pervenit.
830 3135 991 3203 Nam,
1026 3134 1153 3204 quia
1202 3133 1490 3188 curiositas
1538 3134 1594 3187 in
1623 3150 1785 3189 causa
1832 3134 1929 3188 fuit
1958 3142 2016 3189 ut

420 3224 611 3292 exiret,
635 3238 736 3293 per
764 3223 869 3277 hoc
897 3221 1145 3275 nimirum
1173 3229 1340 3292 patet,
1377 3223 1522 3293 quia,
1546 3230 1682 3277 teste
1714 3223 2012 3293 Scriptura,

419 3312 488 3366 ad
519 3312 622 3366 hoc
652 3326 877 3381 egressa
907 3318 987 3365 est
1016 3318 1075 3365 ut
1118 3310 1342 3366 videret.
1392 3312 1522 3365 Erat
1571 3318 1753 3366 autem
1795 3319 1847 3365 et
1895 3311 2018 3367 huic

422 3399 717 3455 curiositati
762 3399 1007 3469 voluptas
1067 3399 1337 3467 adjuncta,
1390 3398 1517 3470 quia
1564 3414 1788 3471 egressa
1836 3407 1917 3454 est
1962 3408 2018 3454 ut

418 3486 634 3542 videret
674 3486 952 3542 mulieres.
988 3486 1033 3542 Ο
1065 3488 1347 3542 curiositas
1394 3503 1563 3557 supra
1609 3488 1831 3542 modum
1869 3490 2017 3558 peri-

421 3575 646 3632 culosa!
694 3576 835 3630 Nam
883 3574 1179 3645 pretiosum
1226 3576 1371 3630 foras
1434 3575 1740 3646 depositum
1786 3575 2019 3646 perdidit

425 3665 572 3736 quod
618 3680 892 3735 nunquam
943 3670 1135 3734 postea
1179 3680 1506 3734 recuperare
1552 3664 1727 3733 potuit
1784 3664 2018 3735 denique

422 3754 583 3825 virgo
614 3752 760 3818 exiit,
793 3760 846 3806 et
875 3760 1129 3822 corrupta
1160 3753 1351 3807 rediit:
1377 3753 1562 3823 sicque
1589 3753 1739 3807 illum
1772 3753 2018 3807 sublimis

422 3842 673 3912 puritatis
727 3848 925 3895 statum
971 3840 1121 3895 foras
1151 3858 1210 3895 se
1232 3841 1498 3896 amisisse
1524 3841 1723 3907 doluit,
1757 3841 1828 3896 ad
1856 3859 2019 3913 quem

423 3929 651 3984 ulterius
682 3928 1054 3983 conscendere
1085 3928 1344 3999 nequivit.
1381 3929 1469 3983 Sic
1500 3937 1552 3983 et
1598 3929 1804 3999 pilosus
1834 3930 1923 3984 ille
1954 3945 2019 3985 ac

426 4017 481 4071 in
512 4017 732 4071 modum
754 4015 911 4085 pellis
937 4015 1181 4085 hispidus
1212 4017 1371 4085 (Gen.
1404 4018 1608 4087 xxvu),
1633 4017 1855 4071 nimiam
1886 4018 2019 4073 foris

423 4115 629 4154 moram
663 4098 888 4166 faciens,
923 4114 952 4151 a
982 4099 1357 4154 benedictione
1388 4108 1611 4170 paterna
1642 4117 1701 4155 se
1731 4101 1856 4156 fecit
1882 4102 2019 4157 alie-

425 4204 577 4254 num,
597 4204 697 4242 nec
718 4188 787 4241 ad
819 4203 938 4241 eam
960 4187 1220 4258 deinceps
1246 4188 1419 4259 potuit
1434 4189 1741 4258 pervenire.
1780 4189 2019 4261 Cupiens

427 4276 571 4331 enim
604 4278 679 4343 (ut
708 4276 778 4329 ait
807 4276 1143 4347 Apostolus),
1179 4276 1513 4333 hwreditare
1552 4278 2016 4348 benedictionem,

2109 384 2432 452 cordiarum,
2484 391 2536 437 et
2583 384 2730 437 Deus
2778 383 2938 437 totius
2986 382 3391 449 consolationis,
3443 381 3533 452 qui
3580 388 3707 451 post

2109 474 2249 527 hanc
2278 480 2657 542 tempestatem
2701 470 3049 542 tranquillum
3081 470 3257 539 faciat,
3294 477 3343 523 et
3375 469 3615 523 nubilum
3647 468 3703 521 in

2111 577 2362 615 serenum
2389 568 2583 627 vertat,
2618 559 2939 614 confortabit
2968 558 3388 629 pusillanimem,
3420 556 3704 612 laetificans

2108 657 2379 714 mmstum,
2412 648 2704 703 invalidum
2734 648 3012 716 roborans,
3049 655 3099 701 et
3127 647 3472 701 vacillantem
3502 646 3705 700 contir-

2109 754 2281 802 mans,
2318 744 2596 790 nutantem
2627 736 2693 789 ad
2729 736 3077 790 stabilitatem
3129 735 3354 801 ducens,
3401 743 3454 788 et
3501 734 3703 806 fugatis

2110 826 2349 897 undique
2381 825 2572 891 ventis,
2608 824 2808 879 sedatis
2838 832 2890 879 et
2937 822 3209 889 ﬂuctibus,
3243 823 3705 896 mareZturbidum

2109 915 2165 968 in
2209 913 2483 986 placidum
2514 921 2565 967 et
2606 928 2857 967 securum
2903 912 3051 966 littus
3094 921 3448 967 commutans.
3504 914 3705 967 Euntes

2108 1002 2338 1072 proinde
2368 1001 2558 1055 discite
2588 1002 2717 1071 quid
2749 1000 2816 1055 sit
2849 1016 2861 1054 :
2895 1002 3014 1072 Ipse
3042 1003 3186 1055 Deus
3233 1017 3407 1068 meus,
3445 1001 3705 1057 Salvator

2108 1106 2286 1155 meus,
2320 1090 2549 1160 adjutor
2587 1104 2764 1155 meus,
2799 1105 2914 1144 non
2961 1089 3239 1159 emigrabo
3270 1090 3445 1160 (Psal.
3479 1103 3590 1156 LXI,
3624 1092 3701 1158 7).

2110 1178 2258 1233 Tunc
2288 1193 2384 1232 vos
2429 1177 2628 1231 arctius
2657 1176 2712 1231 in
2741 1177 2877 1232 cella
2926 1177 3266 1244 contineatis,
3318 1194 3437 1232 cum
3484 1178 3704 1249 aliquod

2110 1266 2164 1320 in
2194 1283 2255 1320 ea
2286 1265 2440 1330 forte,
2464 1273 2521 1319 ut
2550 1265 2769 1321 evenire
2800 1265 3119 1337 plerumque
3152 1265 3288 1320 solet
3313 1284 3327 1333 ;
3360 1266 3576 1321 taedium
3603 1282 3705 1322 vos

2111 1354 2377 1409 sustinere
2425 1354 2654 1408 sentitis.
2704 1354 2974 1409 Revocate
3004 1354 3071 1408 ad
3116 1354 3429 1409 memoriam
3458 1355 3585 1426 quia
3611 1355 3705 1409 illa

2108 1442 2308 1513 puella,
2360 1442 2589 1513 genitrix
2639 1442 2739 1496 Dei
2783 1442 2930 1497 salva
2979 1443 3282 1514 virginitate
3328 1459 3452 1498 mox
3503 1443 3701 1511 futura,

2109 1530 2251 1585 intus
2293 1530 2347 1583 in
2395 1530 2527 1601 ipsis
2574 1530 2942 1600 penetralibus
2990 1540 3068 1585 est
3120 1532 3359 1596 inventa,
3409 1533 3626 1603 quando
3674 1548 3707 1587 a

2110 1619 2366 1673 Gabriele
2391 1626 2471 1673 est
2501 1619 2734 1677 visitata.
2770 1619 2859 1674 Sic
2886 1619 3029 1674 enim
3044 1620 3226 1692 legitis
3254 1622 3571 1693 :Ingressus
3601 1639 3706 1676 an-

2110 1709 2267 1777 gelus
2298 1708 2368 1762 ad
2399 1724 2523 1763 eam
2554 1710 2707 1778 (Luc.
2739 1725 2776 1775 1,
2796 1709 2910 1778 28).
2946 1710 3097 1763 Patet
3126 1710 3252 1780 quia
3282 1726 3386 1764 non
3408 1710 3571 1779 foras,
3606 1712 3707 1765 sed

2108 1797 2253 1850 intus
2283 1804 2418 1863 erat,
2453 1798 2523 1851 ad
2554 1814 2715 1868 quam
2737 1799 2965 1870 angelus
2995 1799 3097 1852 nisi
3122 1798 3518 1871 ingrederetur,
3549 1799 3708 1870 quasi

2108 1884 2293 1939 venire
2322 1902 2431 1941 non
2461 1894 2692 1956 poterat.
2724 1887 2831 1941 Sed
2862 1904 2923 1942 ex
2955 1888 3249 1942 abundanti
3283 1896 3382 1954 est,
3409 1904 3573 1958 super
3604 1888 3709 1943 hoc

2109 1989 2457 2028 commonere
2490 1989 2586 2029 vos
2612 1993 2625 2041 ;
2657 1974 2713 2028 in
2739 1975 2901 2045 pleno
2932 1992 3167 2047 namque
3188 1992 3253 2031 ac
3277 1976 3519 2047 perfecto
3551 1992 3711 2031 exer-

2109 2062 2235 2116 citio
2286 2062 2512 2116 istorum
2555 2064 2897 2133 praevenistis
2933 2072 2985 2118 et
3015 2080 3133 2133 nos,
3170 2072 3221 2119 et
3270 2081 3553 2119 sermones
3601 2080 3706 2119 n0-

2110 2158 2271 2205 stros.
2307 2151 2434 2205 Haec
2467 2159 2645 2204 tamen
2673 2151 2874 2207 idcirco
2904 2152 3159 2219 diximus,
3193 2163 3247 2207 ut
3278 2154 3397 2223 quis
3445 2153 3512 2207 sit
3544 2153 3597 2207 in
3628 2154 3707 2207 si-

2109 2238 2274 2293 lentio
2306 2248 2358 2293 et
2384 2239 2675 2293 solitudine
2705 2241 2856 2295 cella;
2884 2240 3087 2295 fructus
3115 2242 3425 2312 spiritualis,
3459 2259 3522 2297 ex
3554 2251 3707 2313 parte

2111 2326 2291 2397 aliqua
2320 2327 2474 2382 vobis
2492 2328 2927 2383 ostenderemus.
2963 2329 3094 2398 Quae
3114 2330 3266 2385 vobis
3293 2331 3511 2401 quidem
3533 2331 3709 2403 magis

2111 2415 2333 2485 antiqua
2364 2433 2521 2487 quam
2552 2432 2695 2473 nova
2726 2426 2885 2484 sunt;
2919 2427 3103 2489 utpote
3142 2436 3261 2490 qua:
3288 2420 3399 2489 jam
3449 2436 3513 2474 ex
3544 2420 3709 2491 longo

2111 2511 2373 2573 tempore,
2407 2504 2624 2560 favente
2666 2506 2916 2575 Domino,
2952 2524 3049 2578 per
3091 2508 3276 2580 jugem
3320 2509 3709 2579 experientiam

2112 2592 2394 2647 didicistis.
2441 2594 2570 2647 Inde
2615 2602 2697 2648 est
2745 2596 2889 2665 quod
2936 2613 3096 2666 super
3141 2597 3223 2651 his
3273 2614 3372 2667 per
3419 2598 3708 2654 locutionis

2111 2688 2314 2736 nostra:
2361 2681 2722 2736 ministerium
2771 2684 2972 2738 erudiri
3037 2701 3145 2739 non
3202 2686 3478 2757 indigetis.
3543 2689 3709 2742 Porro

2113 2778 2342 2840 quantus
2374 2770 2426 2823 in
2458 2772 2614 2840 plena
2664 2772 2847 2827 saeculi
2877 2774 3180 2841 abjectione
3210 2783 3263 2829 et
3307 2792 3468 2847 quam
3497 2777 3709 2847 quietus

2115 2858 2179 2911 sit
2222 2859 2417 2914 animae
2462 2859 2683 2927 fructus,
2718 2870 2771 2915 et
2801 2862 2955 2933 quies
3002 2862 3297 2930 fructuosa,
3331 2865 3614 2920 evidenter
3642 2882 3709 2920 ex

2113 2948 2466 3015 multimodis,
2517 2966 2650 3020 quas
2694 2950 2975 3019 perferunt
3018 2953 3303 3022 angustiis,
3358 2953 3395 3007 ii
3427 2955 3517 3025 qui
3562 2955 3709 3011 curis

2113 3036 2255 3090 illius
2286 3044 2337 3091 et
2369 3036 2820 3092 sollicitudinibus
2849 3040 3215 3110 implicantur,
3248 3044 3586 3112 perpendere
3619 3061 3711 3097 va-

2113 3124 2307 3180 lemus.
2342 3127 2408 3180 Et
2438 3126 2562 3197 quia
2602 3126 2761 3180 nimis
2812 3128 3055 3201 longum,
3106 3130 3213 3184 imo
3244 3122 3580 3201 impossibile
3626 3142 3711 3188 est

2114 3213 2271 3268 nobis
2318 3215 2537 3269 easdem
2586 3216 2869 3287 angustias
2928 3217 3243 3289 singillatim
3290 3222 3599 3290 exprimere
3654 3223 3709 3277 in

2113 3303 2385 3371 praesenti,
2410 3320 2573 3357 unum
2596 3304 2724 3359 libet
2752 3321 2894 3360 nunc
2914 3296 3375 3377 exemplum’satis
3403 3326 3709 3383 congruum

2115 3406 2339 3460 ponere,
2389 3408 2489 3461 per
2536 3393 2680 3463 quod
2726 3402 2953 3464 possunt
2994 3395 3085 3466 qui
3132 3396 3395 3469 indigent,
3449 3408 3712 3468 quantum

2115 3479 2256 3533 inter
2286 3495 2473 3535 eorum
2504 3482 2932 3551 occupationem,
2958 3490 3011 3538 et
3041 3492 3353 3539 sanctorum
3388 3487 3481 3556 qui
3508 3488 3624 3541 Deo
3654 3487 3712 3541 in

2116 3568 2225 3622 otio
2256 3567 2373 3623 sine
2414 3569 2524 3623 otio
2574 3569 2835 3637 serviunt,
2886 3571 3047 3626 distet
3095 3572 3348 3643 quietem,
3398 3575 3705 3631 addiscere.

2114 3658 2260 3711 Ecce
2290 3657 2394 3727 ipsi
2425 3657 2610 3727 tepidi,
2645 3666 2695 3713 et
2726 3659 2795 3713 de
2824 3676 2919 3714 sua
2948 3660 3221 3716 multoties
3251 3662 3358 3716 vita
3389 3664 3598 3735 penitus
3627 3665 3712 3719 in-

2117 3745 2271 3810 certi,
2317 3745 2414 3800 sed
2444 3753 2495 3799 et
2524 3747 2670 3800 omni
2713 3748 3029 3820 plerumque
3071 3766 3168 3820 spe
3217 3750 3477 3817 frustrati,
3522 3761 3710 3808 contra

2115 3833 2384 3903 procellas
2402 3841 2799 3904 tempestatum,
2826 3845 3009 3891 contra
3031 3838 3261 3894 smvitias
3280 3841 3556 3907 ﬂuctuum,
3580 3858 3713 3896 con-

2117 3928 2199 3976 tra
2230 3921 2516 3978 violentias
2542 3932 2827 3978 ventorum
2857 3926 3019 3980 anxia
3047 3926 3318 3981 laborant.
3352 3929 3445 3983 Isti
3476 3946 3606 3985 vero
3637 3931 3708 3985 ab

2118 4010 2183 4064 iis
2212 4011 2485 4077 omnibus,
2521 4018 2572 4066 et
2600 4013 2814 4068 caeteris
2863 4032 2983 4086 quae
3031 4015 3084 4069 in
3128 4018 3269 4071 hunc
3315 4018 3535 4073 modum
3584 4028 3710 4074 sunt

2118 4098 2371 4168 periculis
2419 4116 2647 4169 prorsus
2678 4102 2860 4171 alieni,
2892 4103 3067 4160 securi
3096 4114 3146 4159 et
3192 4106 3318 4174 laeti,
3351 4106 3406 4161 in
3436 4124 3627 4163 serena
3659 4118 3712 4163 et

2119 4203 2335 4242 ammna
2365 4188 2772 4259 tranquillitate,
2806 4191 2860 4245 in
2903 4193 3193 4264 tranquilla
3222 4203 3273 4249 et
3311 4210 3527 4251 ammna
3557 4214 3709 4253 sere-

2119 4276 2303 4341 nitate,
2338 4277 2392 4329 in
2422 4294 2617 4333 serena
2663 4287 2714 4333 et
2744 4281 3031 4351 tranquilla
3077 4283 3385 4339 ammnitate
3433 4286 3711 4354 cujusdam

426 4365 757 4435 reprobatus
779 4369 881 4419 est.
905 4366 1023 4420 Non
1047 4367 1198 4420 enim
1222 4368 1299 4433 (ut
1320 4365 1463 4420 idem
1482 4367 1779 4437 subjungit)
1798 4361 2090 4423 invenitD
2118 4365 2475 4434 placidissimi
2519 4367 2712 4423 littoris
2760 4377 2920 4423 stant.
2968 4369 3014 4425 Ο
3063 4381 3319 4442 quantum
3368 4374 3711 4445 dispendium

423 4452 778 4523 paenitentia:
813 4454 1013 4519 locum,
1035 4471 1354 4526 quanquam
1384 4472 1511 4510 cum
1545 4456 1808 4526 lacrymis
1837 4456 2021 4527 requi-

426 4541 589 4595 sisset
610 4556 734 4596 eam
756 4541 935 4609 (Hebr.
954 4557 1055 4595 xu.
1075 4544 1183 4613 17).
1200 4543 1321 4597 Non
1335 4543 1516 4614 itaque
1529 4543 1758 4615 utlonge
1772 4544 2020 4613 superius

426 4627 630 4683 dictum
661 4635 763 4695 est,
796 4630 1039 4699 egressio
1069 4631 1137 4685 de
1167 4630 1321 4695 cella,
1353 4631 1429 4685 illi
1458 4632 1547 4702 qui
1578 4632 1761 4702 aliquo
1793 4630 1933 4686 forte
1965 4632 2020 4685 in

429 4733 492 4771 ea
522 4733 912 4787 nonnunquam
960 4718 1119 4773 taedio
1169 4718 1419 4785 afficitur,
1454 4719 1663 4775 confert
1692 4720 2021 4775 consolatio-

423 4821 569 4874 nem,
602 4806 697 4860 sed
728 4806 887 4861 infert
910 4806 1179 4877 duplicem
1202 4807 1608 4862 desolationem.
1634 4809 1702 4862 Et
1722 4808 1779 4861 fit
1801 4808 2019 4879 quidem

424 4894 529 4948 hoc
558 4894 626 4948 ad
656 4894 827 4948 instar
855 4895 1160 4965 hydropici,
1194 4895 1283 4966 qui
1315 4912 1422 4966 quo
1451 4896 1662 4951 avidius
1692 4897 1846 4965 bibit,
1871 4912 1936 4951 eo
1966 4904 2018 4952 et

422 4983 798 5037 vehementius
840 4982 895 5036 in
938 5000 996 5037 se
1038 4983 1180 5037 sitim
1227 4985 1493 5051 accendit,
1534 4993 1591 5039 ut
1634 4986 1736 5040 hoc
1783 4986 1851 5039 sit
1893 5001 2016 5040 eum

423 5069 658 5139 amplius
688 5070 837 5125 sitire
863 5089 876 5137 ;
910 5070 1139 5125 multum
1168 5072 1376 5126 bibere.
1410 5072 1552 5140 Quid
1585 5090 1718 5143 ergo
1749 5074 1875 5128 est?
1906 5074 2017 5129 Uti-

422 5173 527 5227 que
559 5172 682 5212 cum
713 5158 831 5229 quis
861 5160 1021 5214 taedio
1052 5176 1109 5214 se
1141 5160 1303 5213 sentit
1334 5159 1491 5225 affici,
1517 5162 1671 5231 quasi
1699 5177 1794 5231 pro
1824 5162 2015 5217 obside

421 5245 513 5300 det
542 5261 740 5316 corpus
762 5264 917 5301 suum
949 5248 1140 5317 parieti
1162 5249 1331 5313 cella,
1357 5258 1409 5303 et
1429 5250 1495 5303 de
1526 5267 1753 5322 egressu
1774 5251 2015 5306 funditus

418 5349 526 5388 non
556 5335 802 5405 cogitans
835 5345 1080 5390 recurrat
1109 5337 1178 5391 ad
1208 5338 1526 5401 orationem,
1558 5339 1867 5407 lectionem,
1900 5357 2015 5395 me-

416 5421 730 5479 ditationem
756 5467 769 5489 ,
828 5430 989 5495 atque
1053 5426 1121 5480 ad
1180 5425 1366 5483 utilem
1431 5427 1663 5501 aliquam
1723 5428 2010 5487 actionem.

2120 4454 2261 4523 apud
2292 4454 2433 4519 illos,
2468 4464 2725 4526 quantum
2753 4460 3135 4529 compendium
3165 4462 3309 4531 apud
3335 4462 3438 4517 isto
3469 4464 3561 4534 qui
3588 4473 3709 4519 sunt

2120 4549 2371 4613 tanquam
2401 4543 2533 4597 nihil
2580 4545 2843 4601 habentes
2874 4556 2925 4601 et
2955 4550 3137 4603 omnia
3183 4551 3545 4620 possidentes.
3598 4555 3709 4608 De—

2120 4639 2343 4700 sperant
2371 4648 2626 4703 namque,
2658 4650 2759 4690 nec
2806 4636 2946 4691 ultra
2970 4637 3083 4705 jam
3132 4639 3335 4703 vivunt,
3369 4642 3714 4713 gaudentque

2121 4719 2469 4775 vehementer
2499 4738 2561 4775 ex
2595 4723 2903 4780 inventione
2936 4727 3174 4797 sepulcri
3215 4729 3448 4801 eligente
3480 4747 3715 4801 suspen-

2119 4808 2265 4863 dium
2312 4810 2493 4864 anima
2541 4826 2749 4878 eorum,
2784 4821 2836 4867 et
2864 4822 3094 4871 mortem
3143 4817 3357 4871 ossibus
3400 4833 3628 4885 eorum;
3663 4829 3713 4875 et

2120 4896 2243 4951 ideo
2282 4898 2613 4954 dormientes
2662 4900 2838 4967 silent,
2872 4911 2923 4957 et
2953 4920 3144 4959 somno
3194 4921 3293 4959 suo
3340 4908 3707 4977 requiescunt,

2118 4985 2377 5039 malorum
2430 4987 2623 5043 timore
2673 4990 2905 5045 sublato.
2958 4992 3144 5047 Sciunt
3193 4994 3335 5048 enim
3384 4995 3439 5049 in
3470 5004 3712 5066 tempore

2118 5074 2403 5129 vacuitatis
2448 5077 2790 5132 scribendam
2823 5097 2945 5135 esse
2995 5082 3335 5152 sapientiam,
3369 5092 3421 5138 et
3449 5086 3593 5155 quod
3621 5086 3713 5155 qui

2117 5162 2417 5217 minoratur
2465 5172 2585 5220 actu
2631 5166 2746 5237 ipse
2777 5168 3014 5225 inveniet
3040 5186 3160 5225 eam
3196 5190 3208 5224 :
3242 5172 3429 5243 eisque
3463 5189 3584 5227 esse
3616 5190 3712 5227 va-

2117 5251 2369 5316 candum,
2403 5260 2457 5306 ut
2488 5254 2706 5309 videant
2749 5258 2941 5321 Deum,
2977 5259 3122 5330 quia.
3175 5261 3438 5316 Dominus
3486 5262 3603 5331 ipse
3631 5271 3715 5317 est

2116 5340 2282 5393 Deus.
2307 5341 2375 5394 Et
2398 5342 2523 5412 quia
2552 5345 2783 5416 abyssus
2813 5347 2953 5401 dicit
2973 5348 3040 5403 de
3062 5349 3331 5419 Sapientia
3357 5366 3368 5404 :
3395 5352 3511 5405 Non
3533 5355 3615 5405 est
3646 5354 3709 5405 in

2120 5434 2289 5495 mc,et
2307 5446 2464 5487 mare
2489 5432 2735 5505 loquitur
2749 5454 2766 5489 :
2778 5435 2897 5491 Non
2916 5441 2997 5493 cst
3017 5454 3237 5495 mecum
3261 5440 3377 5509 (Job
3390 5444 3623 5507 xxvnm
3637 5442 3711 5509 4).
