3972 6052
260 173 358 224 821

787 323 1183 380 CAPITULUM
1211 325 1334 378 ΧΠ.

268 466 346 518 De
377 465 743 538 saecularium
778 465 897 533 (cui
927 467 1214 538 praecipue
1251 467 1563 538 intendunt
1611 465 1859 522 Cartha-

285 547 290 550 '
335 537 570 608 sienses)
600 538 986 608 negotiorum,
1046 537 1115 592 et’
1145 537 1620 604 sollicitudinum,
1654 541 1710 592 et
1737 553 1861 608 pos-

331 607 645 662 sessionum
675 607 1008 677 abjectione.

336 766 487 820 Hanc
517 765 737 836 quidem
766 782 798 820 a
830 767 1029 823 smculo
1073 767 1509 840 segregationem
1554 783 1651 823 vos
1683 768 1860 822 abun-

263 853 455 908 danter
483 855 709 919 habetis,
746 855 835 926 qui
853 856 919 910 de
950 856 1253 910 redditibus
1287 856 1663 921 ecclesiarum,
1699 872 1862 926 paro-

259 942 525 1007 chiarum,
551 950 603 997 et
623 943 952 998 decimarum
974 960 1072 998 vos
1094 960 1198 997 non
1223 944 1602 1010 intromittitis;
1624 945 1862 1000 contenti

263 1037 580 1100 paupertate
631 1039 834 1097 vestra,
885 1032 1043 1102 plena
1092 1031 1312 1086 divitiis.
1355 1032 1502 1086 Nihil
1535 1033 1677 1087 enim
1710 1041 1863 1087 extra

263 1118 525 1174 terminos
557 1126 766 1174 vestros
797 1119 956 1175 vultis
995 1119 1294 1190 possidere,
1329 1121 1468 1176 sicut
1497 1136 1597 1176 nec
1627 1121 1858 1186 debetis,

262 1214 321 1261 ut
349 1207 711 1261 abundantius
762 1207 930 1278 quieti
976 1217 1026 1262 et
1076 1209 1198 1279 paci
1229 1217 1421 1263 vestrae
1450 1208 1762 1264 consulatis.
1796 1210 1864 1264 Ut

265 1302 449 1349 autem
480 1296 583 1351 hac
613 1295 697 1349 via
725 1296 794 1350 ad
842 1313 1072 1367 regnum
1104 1297 1202 1352 Dei
1231 1297 1638 1367 compendiosa,
1673 1311 1862 1352 secura

267 1390 321 1437 et
350 1383 550 1437 munda
597 1383 881 1450 incedatis,
930 1385 1096 1440 vestri
1131 1400 1226 1439 vos
1257 1393 1306 1440 et
1337 1384 1585 1454 exemplo
1617 1393 1668 1439 et
1699 1385 1863 1440 verbo

263 1471 500 1526 docuere
529 1471 983 1542 praedecessores,
1011 1480 1060 1527 et
1083 1474 1268 1527 Patres
1299 1473 1390 1544 qui
1411 1472 1586 1545 magis
1610 1473 1864 1527 volebant

263 1575 535 1630 pauperes
563 1576 686 1615 esse
731 1577 892 1632 quam
941 1561 1135 1616 divites
1170 1577 1181 1614 :
1218 1561 1340 1632 quia
1371 1561 1440 1629 (si
1469 1577 1577 1616 non
1609 1562 1866 1616 mentitur

1382 174 1582 229 LIBER
1621 175 1715 229 DE
1749 174 2134 233 EXERCITIO
2173 154 2432 234 CELLE.

1888 301 1938 359 A
1964 300 2321 371 propositum,
2354 302 2447 357 ubi
2480 317 2589 358 non
2638 302 2707 358 de
2744 303 3034 359 devotione
3065 303 3332 369 facientis,
3364 303 3462 358 sed
3490 303 3560 358 de

3455 183 3558 238 822

1960 389 2236 458 pascentis
2285 390 2464 460 potius
2501 391 2700 462 pendet
2745 391 2983 445 arbitrio.
3030 390 3191 444 Nulla
3240 390 3441 462 quippe
3471 391 3560 446 die

1962 477 2270 532 convivium
2302 479 2387 532 vel
2410 479 2574 532 missa
2613 479 2806 542 deerit,
2839 479 2884 532 si
2916 479 3006 550 qui
3036 486 3244 549 pascat,
3281 494 3561 550 nunquam

1962 564 2214 619 defuerit.
2262 567 2328 620 Et
2361 567 2427 620 de
2457 567 2542 620 his
2570 583 2742 639 usque
2777 567 2898 622 huc.
2933 568 3069 622 Dicit
3101 574 3279 622 autem
3310 576 3362 621 et
3391 582 3560 638 supe-

1965 652 2073 706 rius
2088 653 2232 707 idem
2251 655 2334 709 vir
2358 654 2581 726 (Guigo,
2608 657 2968 711 Statutorum
2991 672 3108 726 cap.
3131 655 3221 725 40)
3243 656 3345 710 hoc
3363 655 3527 710 modo
3548 673 3562 711 :

1965 741 2300 797 Ornamenta
2346 758 2533 812 aurea,
2582 744 2667 798 vel
2716 752 2999 813 argentea,
3031 751 3231 814 praeter
3260 743 3483 799 calicem
3514 753 3566 798 et

1963 830 2230 884 calamum
2285 848 2392 901 quo
2440 832 2666 903 sanguis
2711 832 2929 886 Domini
2974 832 3201 886 sumitur
3243 832 3297 884 in
3333 831 3563 886 ecclesia

1963 933 2070 971 non
2104 919 2398 984 habemus;
2432 920 2594 989 pallia
2644 921 2948 990 tapetiaque
2979 920 3330 990 relinquimus
3364 934 3375 972 :
3410 918 3566 974 fene-

1964 1013 2201 1060 ratorum
2236 1015 2286 1061 et
2337 1008 2928 1063 excommunicatorum
2969 1023 3198 1063 munera
3227 1023 3337 1062 non
3366 1005 3567 1077 accipi-

1965 1110 2106 1147 mus.
2141 1095 2209 1148 Et
2240 1095 2313 1148 ita
2359 1095 2654 1164 pra'dictus
2683 1097 2846 1150 homo
2875 1096 2974 1150 Dei
3006 1096 3188 1151 scribit
3219 1096 3286 1151 de
3317 1095 3420 1149 his.
3455 1096 3566 1150 Vos

1964 1190 2165 1251 autem,
2200 1199 2232 1236 ο
2275 1183 2703 1252 Carthusienses,
2753 1185 2869 1238 haec
2919 1184 3136 1254 quidem
3176 1183 3466 1255 diligenter
3515 1191 3568 1238 et

1965 1285 2089 1326 eum
2135 1270 2283 1324 omni
2330 1271 2693 1326 sollicitudine
2741 1272 3043 1336 custoditis,
3102 1279 3151 1326 et
3184 1272 3322 1326 bene
3351 1270 3565 1339 facitis;

1965 1368 2018 1413 et
2048 1359 2172 1414 ideo
2203 1360 2342 1414 bene
2373 1358 2568 1424 facitis,
2603 1359 2726 1430 quia
2759 1375 2866 1430 quo
2895 1359 3076 1414 minus
3105 1360 3173 1414 de
3202 1360 3402 1416 saeculo
3431 1359 3568 1414 acci-

1965 1447 2112 1518 pitis,
2143 1463 2209 1502 eo
2239 1456 2291 1502 et
2339 1446 2520 1502 minus
2567 1447 2616 1501 ei
2666 1447 2898 1502 debetis.
2943 1447 3050 1501 Sed
3097 1448 3201 1502 hoc
3231 1448 3561 1515 addendum,

1965 1535 2086 1606 quia
2121 1552 2229 1606 quo
2258 1536 2435 1590 minus
2467 1535 2686 1602 saeculo,
2721 1544 2772 1590 et
2801 1535 2885 1590 his
2916 1552 3037 1606 qua:
3067 1536 3250 1591 saeculi
3281 1545 3423 1606 sunt,
3455 1553 3567 1592 non

267 1623 490 1717 i’au-lus)
514 1650 609 1720 qui
630 1623 826 1704 υοιιιήι
847 1650 1045 1704 divites
1060 1649 1204 1717 ﬁeri,
1231 1623 1497 1705 incidunt
1520 1651 1582 1704 in
1608 1651 1856 1705 tentatio'

1971 1624 2147 1678 solum
2169 1640 2266 1694 per
2285 1623 2560 1691 affectum,
2581 1625 2677 1679 sed
2700 1632 2750 1679 et
2770 1641 2870 1694 per
2889 1631 3069 1680 actum
3093 1624 3390 1691 intenditis,
3417 1641 3482 1680 eo
3502 1624 3566 1678 li-

264 1753 418 1802 nem,
439 1741 492 1791 et
516 1737 794 1792 desideria
810 1738 990 1792 multa
1011 1738 1252 1793 inutilia
1274 1742 1330 1793 et
1353 1738 1572 1803 nociva,
1590 1755 1710 1810 qua:
1731 1755 1872 1794 mer-

260 1830 403 1896 gunt
423 1825 681 1880 homines
699 1826 760 1880 in
781 1826 1086 1881 interitum
1101 1826 1545 1898 etperditionem
1565 1829 1613 1898 (1
1627 1829 1766 1884 ,Τ-ἰηι.
1788 1842 1864 1890 Vl,

259 1917 354 1983 9);
390 1922 442 1968 et
478 1913 723 1984 adjungit
754 1929 766 1968 :
792 1915 972 1969 Radix
1003 1916 1155 1970 enim
1187 1917 1439 1970 omnium
1471 1917 1752 1970 malorum
1785 1919 1867 1970 est

264 2003 548 2074 cupiditas
563 2019 730 2073 quam
745 2002 972 2074 quidam
985 2007 1318 2074 appetentes
1330 2007 1663 2058 erraverunt
1685 2021 1719 2057 α
1733 2004 1863 2072 ﬁde,

265 2094 321 2146 et
345 2093 714 2145 inseruerunt
734 2107 791 2145 se
813 2090 1095 2145 doloribus
1111 2090 1508 2159 multis(ibid.,
1527 2094 1632 2159 10).
1650 2091 1717 2144 Ει
1739 2077 1865 2146 ecce

276 2178 455 2232 statim
498 2177 795 2233 admonitio
828 2177 1062 2232 salubris
1097 2195 1109 2231 :
1141 2179 1366 2234 Seetare
1402 2194 1525 2233 vero
1547 2179 1862 2248 justitiam,

263 2267 564 2338 pietatem,
578 2267 765 2335 ﬁdem,
788 2266 1145 2334 charitatem,
1165 2267 1525 2338 patientiam,
1543 2271 1867 2322 mansuetu-

267 2355 459 2410 dinem
479 2355 660 2425 (ibid.,
679 2358 697 2408 1
715 2355 786 2424 1).
810 2356 876 2409 Et
898 2355 952 2408 in
976 2353 1411 2425 praecedentibus
1437 2371 1448 2408 :
1474 2355 1764 2420 Habentes,
1791 2355 1865 2408 in-

266 2443 401 2514 quit,
423 2444 698 2498 alimenta
719 2448 773 2499 et
797 2444 993 2514 quibus
1011 2447 1285 2513 tegamur,
1305 2442 1390 2497 his
1411 2459 1510 2498 con
1522 2444 1666 2497 tenii
1686 2444 1863 2498 simus

264 2531 447 2601 (ibid.,
474 2534 549 2600 8).
578 2532 656 2585 De
697 2532 799 2586 hac
829 2531 1130 2598 abjectione
1153 2530 1493 2585 smcularium
1518 2531 1862 2602 negotiorum

259 2627 310 2674 et
354 2627 693 2674 terrenarum
741 2619 1171 2689 possessionum,
1207 2627 1263 2672 ut
1289 2618 1571 2673 immutata
1603 2627 1654 2673 et
1683 2619 1862 2674 invio—

260 2708 363 2760 lata
407 2707 460 2760 in
505 2707 697 2762 ordine
744 2707 1020 2777 perpetuis
1061 2707 1390 2777 temporibus
1440 2707 1722 2773 habeatur,
1784 2715 1862 2762 te-

260 2804 470 2860 neatur,
519 2796 874 2862 custodiatur,
908 2796 978 2849 ita
1009 2795 1110 2866 pia:
1142 2796 1419 2850 memoria
1450 2796 1528 2865 (ut
1559 2795 1662 2866 ipsi
1692 2795 1862 2866 scitis)

260 2884 342 2938 vir
372 2884 496 2938 vitae
525 2883 850 2938 venerabilis
876 2927 888 2949 ,
950 2884 1180 2938 domnus
1240 2883 1418 2955 Guigo
1476 2885 1861 2952 (Statutorum

267 2989 387 3042 cap.
424 2971 533 3041 41),
560 2972 722 3027 homo
743 2987 957 3045 magna:
985 2971 1265 3042 religionis
1295 2972 1515 3027 scribit:
1537 2972 1860 3043 Cupiditatis

260 3061 584 3116 occasiones
629 3060 787 3114 nobis
817 3069 870 3114 et
909 3059 1141 3130 posteris
1172 3060 1391 3126 nostris,
1427 3071 1705 3131 quantum,
1741 3063 1856 3116 Deo

251 3150 497 3218 juvante,
551 3164 863 3218 possumus,
916 3148 1294 3218 praecidentes,
1345 3149 1630 3218 przesentis
1670 3149 1856 3219 scripti

261 3237 543 3292 sanctione
608 3236 930 3302 statuimus;
993 3244 1260 3308 quatenus
1307 3236 1412 3292 loci
1461 3238 1615 3306 hujus
1641 3237 1853 3290 habita-

261 3333 427 3392 tores,
463 3332 611 3380 extra
643 3342 754 3380 suae
781 3324 1041 3379 terminos
1070 3325 1240 3380 eremi
1269 3325 1402 3379 nihil
1433 3325 1654 3380 omnino
1685 3324 1856 3396 possi-

256 3414 442 3479 deant,
478 3413 532 3467 id
581 3421 683 3480 est,
736 3429 844 3467 non
893 3429 1074 3484 agros,
1105 3429 1212 3468 non
1261 3413 1468 3482 vineas,
1501 3429 1610 3468 non
1641 3414 1849 3481 hortos,

255 3518 364 3556 non
395 3501 674 3570 ecclesias,
726 3518 837 3555 non
885 3501 1217 3567 coemeteria,
1251 3517 1358 3556 non
1389 3502 1709 3567 oblationes,
1745 3518 1853 3558 non

255 3589 514 3656 decimas,
549 3598 600 3645 et
651 3605 988 3661 quaecunque
1036 3590 1364 3658 hujusmodi.
1412 3590 1506 3644 His
1555 3590 1716 3644 etiam
1749 3591 1853 3645 hoc

256 3679 417 3733 modo
449 3678 531 3732 vir
559 3678 659 3732 Dei
690 3678 962 3750 adjungit.‘
989 3677 1162 3732 Simili
1190 3678 1351 3732 etiam
1375 3687 1561 3734 tenore
1583 3679 1851 3734 sancitum

253 3774 356 3835 est,
389 3774 444 3820 ut
474 3766 747 3820 neminem
793 3781 1021 3836 prorsus
1071 3766 1185 3821 sive
1215 3767 1370 3835 intra,
1402 3767 1516 3821 sive
1548 3775 1696 3822 extra
1725 3784 1850 3822 ere-

254 3872 403 3910 mum
433 3854 590 3909 istam
636 3853 948 3910 defunctum
993 3871 1092 3910 suo
1135 3855 1400 3926 sepeliant
1428 3856 1481 3909 in
1512 3856 1846 3924 caemeterio,

254 3943 358 3998 nisi
390 3943 528 3998 forte
577 3943 813 4014 aliquem
858 3945 1016 4012 hujus
1062 3945 1328 4014 propositi
1372 3945 1459 4000 hic
1490 3945 1642 3999 obire
1671 3946 1849 4000 conti-

251 4032 412 4107 gerit.
446 4032 553 4086 Sed
583 4040 637 4087 et
666 4040 989 4088 caeterarum
1023 4033 1370 4104 religionum,
1409 4034 1454 4088 si
1484 4034 1604 4105 quis
1639 4034 1723 4089 hic
1748 4036 1849 4090 de-

254 4121 470 4176 functus
499 4120 681 4186 fuerit,
717 4137 876 4192 quem
909 4137 1002 4175 sua
1031 4123 1390 4194 congregatio
1417 4123 1544 4178 hinc
1572 4132 1849 4193 asportare

251 4218 343 4264 aut
372 4208 699 4280 nequiverit,
751 4217 842 4264 aut
887 4209 1212 4282 neglexerit,
1253 4213 1394 4266 hunc
1425 4211 1706 4280 sepeliant.
1740 4213 1849 4267 No-

251 4314 376 4352 men
409 4313 540 4352 vero
590 4298 910 4369 cujusquam
960 4298 1013 4351 in
1043 4314 1140 4354 suo
1172 4314 1278 4353 non
1311 4299 1552 4354 scribent
1582 4302 1847 4370 Martyro-

1971 1711 2153 1766 berius
2165 1719 2219 1766 et
2235 1713 2442 1782 purius,
2458 1729 2522 1766 eo
2540 1712 2802 1768 sincerius
2821 1721 2869 1767 et
2885 1713 3122 1777 suavius,
3150 1729 3215 1768 eo
3235 1713 3564 1784 peramplius

1969 1808 2019 1854 et
2051 1799 2344 1870 perfectius
2371 1801 2472 1854 soli
2502 1803 2617 1856 Deo
2650 1801 2932 1855 intendere
2962 1801 3208 1870 potestis,
3242 1809 3298 1854 ut
3337 1801 3406 1855 ad
3437 1817 3566 1871 per-

1967 1888 2217 1943 fectionis
2248 1889 2530 1944 tendentes
2561 1890 2852 1956 desertum,
2885 1905 2953 1944 ne
2983 1889 3243 1961 ungulam
3273 1889 3493 1960 quidem
3511 1890 3567 1944 in

1969 1979 2201 2048 rEgypto
2247 1993 2532 2032 remanere
2578 1977 2900 2048 permittatis
2941 1994 3004 2032 ex
3035 1977 3310 2044 omnibus,
3344 1995 3464 2049 qua)
3491 1978 3560 2032 ad

1968 2065 2294 2121 sacrificium
2342 2066 2582 2120 divinum
2631 2066 2934 2120 necessaria
2967 2074 3109 2120 sunt.
3157 2067 3265 2120 Sed
3308 2066 3469 2136 plene
3499 2081 3566 2122 ac

1968 2154 2201 2224 perfecte
2252 2153 2588 2209 intellexistis
2628 2155 2745 2208 ha'c
2792 2153 2994 2219 omnia,
3045 2171 3167 2225 quae
3211 2154 3283 2208 ad
3313 2154 3428 2209 haec
3459 2153 3564 2208 tria

1965 2243 2199 2297 diximus
2249 2242 2556 2312 pertinere;
2590 2241 2843 2297 videlicet
2885 2242 2953 2296 ad
2985 2251 3262 2298 externam
3292 2243 3564 2297 exercita-

1967 2331 2168 2385 tionem
2199 2338 2458 2395 vestram,
2492 2330 2560 2384 ad
2583 2330 2772 2400 jugem
2802 2347 2963 2402 quam
2988 2330 3180 2386 tenetis
3202 2330 3355 2386 cella)
3377 2331 3564 2384 soiitu-

1965 2419 2168 2487 dinem,
2212 2420 2279 2472 ad
2327 2418 2540 2488 plenam
2583 2418 2818 2490 denique
2859 2419 3064 2488 saeculi,
3107 2426 3158 2473 et
3209 2434 3400 2474 eorum
3442 2435 3564 2489 quae

1966 2507 2154 2563 saeculi
2185 2515 2308 2561 sunt
2355 2507 2735 2575 abjectionem.
2769 2509 2891 2562 Non
2927 2508 3080 2562 vobis
3109 2509 3187 2578 (ut
3215 2507 3562 2577 arbitramur)

1965 2596 2134 2651 videri
2163 2596 2321 2650 debet
2372 2595 2692 2661 absurdum,
2741 2597 2886 2666 quod
2934 2596 3142 2650 ordinis
3181 2595 3362 2663 vestri,
3399 2611 3564 2666 quem

1964 2685 2078 2738 haec
2132 2684 2232 2738 tria
2301 2683 2703 2749 commendant,
2764 2684 3083 2738 suavitatem
3149 2683 3458 2749 sublimem,
3509 2691 3562 2738 et

1965 2772 2350 2827 sublimitatem
2417 2787 2634 2843 quoque
2680 2788 2921 2835 suavem,
2986 2772 3277 2844 quemdam
3323 2771 3558 2826 diximus

1962 2877 2085 2916 esse
2124 2860 2456 2930 paradisum.
2512 2861 2652 2915 Vere
2700 2860 2986 2930 paradisus
3017 2869 3118 2926 est,
3152 2861 3343 2915 hortus
3371 2860 3556 2930 utique

1961 2949 2295 3016 deliciarum,
2347 2948 2494 3003 omni
2544 2948 2904 3004 delectatione
2943 2948 3190 3012 refertus,
3243 2955 3296 3003 et
3325 2947 3556 3002 amoeni-

1883 3007 1928 3066 Ο
1960 3045 2068 3092 tate
2099 3007 2412 3092 omnimoda
2459 3036 2674 3107 plenus.
2726 3037 2834 3091 Sed
2883 3036 3089 3107 rigetur
3116 3036 3218 3090 iste
3245 3035 3555 3105 paradisus,

1958 3127 2062 3182 hoc
2091 3126 2235 3180 enim
2280 3125 2560 3196 probabile
2592 3132 2644 3180 et
2673 3125 2828 3179 valde
2857 3125 3079 3179 bonum.
3115 3125 3282 3178 Porro
3311 3123 3556 3194 irrigatio

1956 3215 2092 3282 ejus,
2113 3213 2484 3284 augmentatio
2505 3213 2623 3280 ejus
2650 3212 2931 3283 ;irrigatio
2953 3213 3090 3281 ejus,
3113 3211 3391 3282 profectus
3413 3211 3551 3280 ejus.

1955 3303 2096 3356 Nam
2129 3309 2255 3355 tunc
2299 3300 2571 3372 irrigatur,
2623 3316 2744 3356 cum
2776 3301 2944 3355 robur
2989 3300 3038 3355 ei
3067 3307 3121 3355 et
3157 3300 3555 3355 incrementum

1957 3389 2254 3445 confertur.
2302 3390 2371 3443 Et
2419 3388 2702 3458 paradisus
2731 3396 2832 3455 est,
2867 3396 2918 3443 et
2948 3387 3165 3458 irrigari
3195 3387 3244 3442 ei
3290 3401 3557 3443 necessa-

1954 3478 2093 3532 rium
2123 3485 2221 3532 est.
2250 3478 2309 3532 In
2329 3476 2746 3532 conversatione
2768 3475 2966 3546 quippe
2988 3475 3251 3546 spirituali
3289 3491 3397 3530 non
3418 3491 3554 3546 pro—

1953 3565 2115 3622 ticere
2137 3564 2367 3622 deficere
2389 3573 2489 3620 est.
2514 3566 2654 3619 Dum
2675 3564 2819 3619 enim
2842 3566 2920 3633 (ut
2933 3565 3209 3633 Scriptura
3239 3563 3388 3630 dicit,
3421 3579 3552 3619 cum

1952 3650 2431 3708 consummaverit
2476 3649 2656 3712 homo,
2704 3652 2840 3703 tunc
2886 3648 3091 3719 incipit
3155 3648 3350 3717 (Eccii.
3393 3663 3550 3714 xvui,

1953 3740 2028 3809 6),
2059 3739 2378 3810 paradisum
2406 3737 2623 3809 quidem
2653 3744 2814 3807 patet,
2841 3735 3151 3806 paradisum
3174 3751 3315 3804 esse,
3349 3743 3401 3790 et
3432 3736 3554 3790 irri-

1952 3829 2170 3900 gatione
2216 3835 2400 3882 tamen
2429 3825 2696 3898 indigere.
2739 3825 2986 3895 Amplius
3019 3839 3030 3878 :
3064 3825 3197 3879 Cum
3220 3825 3371 3893 juxta
3401 3826 3550 3896 quod

1954 3918 2146 3972 beatus
2189 3916 2292 3970 Job
2341 3915 2471 3971 dicit
2501 3915 2617 3984 (Job
2648 3929 2764 3980 xxv,
2801 3915 2878 3984 1),
2918 3922 2966 3969 et
2998 3929 3100 3968 nos
3128 3929 3319 3968 omnes
3344 3913 3550 3986 jugiter

1951 4006 2280 4076 experimur,
2314 4019 2592 4076 nunquam
2635 4002 2687 4056 in
2720 4002 2914 4058 eodem
2969 4009 3110 4057 statu
3142 4009 3299 4056 natus
3326 4001 3395 4056 de
3424 4018 3549 4056 mu-

1950 4095 2080 4150 liere
2110 4101 2421 4164 permaneat
2461 4093 2644 4159 homo,
2698 4091 2784 4146 vel
2816 4091 3060 4146 ascendit
3093 4091 3162 4145 ad
3191 4090 3296 4144 alta
3326 4106 3550 4146 munere

1951 4182 2254 4238 roborantis
2276 4198 2398 4237 eum
2429 4180 2640 4253 gratiae,
2673 4180 2758 4234 vel
2789 4180 3071 4235 descendit
3091 4179 3161 4234 ad
3183 4179 3290 4233 ima
3309 4178 3550 4248 pondere

1951 4269 2277 4324 infirmitatis
2323 4269 2577 4340 propriae.
2613 4267 2738 4321 ldeo
2770 4282 2842 4321 ex
2882 4267 2968 4321 his
2996 4268 3116 4322 luce
3148 4267 3348 4322 clarius
3373 4273 3542 4336 patet,

252 4386 420 4457 logio,
454 4403 554 4440 nec
584 4353 902 4457 cujusquam
925 4387 1354 4442 anniversarium
1374 4403 1437 4442 ex
1456 4403 1606 4442 more
1630 4359 1846 4443 facient.
1879 4359 1930 4418 D
1952 4359 2080 4431 qni“
2112 4359 2207 4457 qui,
2233 4358 2315 4454 de,
2349 4356 2602 4453 “gean
2633 4355 3172 4457 ῗΡξΓίΨθΙίιρῗοίθῩω
3200 4369 3300 4409 suo
3328 4353 3547 4457 some?“

256 4473 415 4542 Quod
447 4473 693 4544 profecto
723 4491 790 4529 ne
815 4474 952 4530 forte
976 4475 1136 4530 alicui
1153 4475 1313 4529 nimis
1336 4476 1530 4530 durum
1553 4485 1604 4530 et
1627 4477 1849 4532 crudele

250 4563 420 4618 videri
449 4563 663 4629 debeat,
698 4579 861 4634 quam
894 4562 1205 4618 rationabili
1236 4579 1423 4629 causa,
1458 4573 1509 4619 et
1555 4564 1850 4621 intentione

249 4651 506 4716 discreta,
557 4659 608 4706 et
657 4652 724 4706 ad
761 4667 882 4722 quae
933 4652 1290 4721 praecavenda
1328 4653 1468 4707 mala
1499 4655 1602 4708 hoc
1631 4654 1848 4708 institu-

250 4748 363 4794 tum
393 4739 549 4794 fuerit
584 4755 595 4793 :
630 4740 925 4810 pradictus
973 4739 1102 4794 Jesu
1133 4739 1331 4794 Christi
1377 4739 1632 4806 famulus,
1688 4743 1850 4796 homo

251 4843 461 4898 magnae
504 4843 602 4882 suo
648 4836 893 4899 tempore
940 4828 1021 4898 (ut
1069 4827 1244 4883 adhuc
1273 4827 1433 4883 hodie
1465 4833 1709 4898 apparet)
1742 4837 1849 4883 tam

251 4915 530 4987 religionis
579 4932 740 4988 quam
791 4916 1031 4971 scientia:
1079 4915 1360 4971 evidenter
1388 4916 1713 4981 manifestat,
1748 4919 1850 4973 hoc

249 5005 411 5058 modo
446 5005 724 5070 subdens;
757 5004 1063 5059 audivimus
1105 5004 1268 5074 enim,
1303 5005 1471 5075 (quod
1503 5021 1610 5059 non
1640 5007 1848 5076 proba-

247 5094 392 5162 mus)
439 5093 731 5164 plerosque
760 5093 921 5148 toties
953 5093 1236 5164 splendide
1267 5094 1541 5148 convivari
1576 5113 1588 5148 :
1625 5096 1849 5149 missas-

247 5197 354 5251 que
411 5180 590 5236 facere
651 5189 886 5251 paratos,
959 5182 1170 5252 quoties
1220 5181 1300 5236 eis
1348 5181 1544 5252 aliquis
1591 5200 1692 5253 pro
1735 5183 1850 5238 suis

246 5269 514 5324 voluerint
582 5270 838 5325 exhibere
892 5269 1182 5324 defunctis.
1234 5268 1367 5336 Quae
1411 5272 1749 5326 consuetudo
1796 5280 1848 5328 et

244 5356 628 5411 abstinentiam
673 5357 828 5425 tollit,
877 5366 928 5411 et
959 5357 1180 5412 venales
1223 5357 1347 5412 facit
1376 5358 1688 5424 orationes;
1721 5361 1847 5414 dum

243 5453 441 5517 quotus
472 5453 724 5516 pastuum
773 5462 1053 5511 numerus,
1102 5453 1245 5501 totus
1293 5453 1376 5501 est
1433 5455 1483 5501 et
1532 5447 1842 5503 missarum.

244 5534 360 5591 Nec
392 5533 560 5590 ullum
608 5533 684 5589 ibi
714 5534 801 5591 vel
828 5527 1131 5604 jejunandi,
1166 5534 1252 5590 vel
1279 5536 1607 5594 obsecrandi
1637 5545 1850 5596 constat

1951 4462 2060 4500 non
2090 4452 2233 4512 sunt,
2266 4444 2521 4498 nimirum
2545 4443 2599 4496 in
2615 4442 2888 4498 defectum
2908 4443 3245 4498 teterrimum
3265 4450 3544 4498 corruunt.

1951 4534 2054 4602 Qui
2084 4534 2228 4589 enim
2259 4531 2563 4601 hujusmodi
2597 4539 2720 4585 sunt
2747 4532 2823 4586 ibi
2871 4533 2951 4600 (ut
2980 4531 3144 4603 longe
3174 4540 3295 4586 ante
3325 4547 3426 4586 nos
3457 4532 3546 4586 di-

1950 4631 2096 4678 ctum
2127 4624 2234 4691 est)
2262 4620 2558 4690 deﬁciendi
2585 4619 2850 4675 incidunt
2881 4621 3231 4690 periculum,-
3261 4621 3354 4675 ubi
3371 4621 3544 4692 pro/i-

1949 4711 2133 4766 eiendi
2163 4711 2463 4782 deposuere
2493 4709 2834 4780 appetitum.
2872 4708 3076 4764 Idcirco
3109 4708 3223 4778 ipse
3253 4707 3544 4778 paradisus

1951 4799 2223 4872 irrigetur,
2259 4799 2383 4869 quia
2412 4798 2504 4868 qui
2534 4797 2676 4851 lotus
2703 4806 2804 4864 est,
2829 4797 3035 4868 indiget
3057 4812 3273 4867 quoque
3295 4803 3350 4850 ut
3378 4795 3548 4866 pedes

1951 4889 2112 4942 lavet.
2165 4888 2390 4942 Etcum
2440 4885 2692 4940 omnibus
2741 4887 3004 4956 apostolis
3056 4885 3177 4954 plus
3224 4884 3546 4938 laboraverit

1951 4977 2167 5039 Paulus,
2213 4974 2494 5046 indignum
2527 4989 2585 5029 se
2633 4983 2811 5028 tamen
2841 4973 3036 5029 asserit
3067 4980 3124 5026 ut
3151 4979 3376 5027 vocetur
3405 4987 3545 5043 apo-

1950 5063 2141 5118 stolus.

2458 5201 2851 5258 CAPITULUM
2883 5200 3032 5254 XIII.

1949 5335 2024 5389 De
2059 5337 2174 5390 loco
2197 5337 2411 5388 sancta:
2439 5335 2744 5460 volupttati;
2775 5334 2920 5459 etbde
2950 5334 3243 5406 spirituali
3265 5335 3400 5404 fuga
3421 5349 3547 5388 san-

2586 5423 2614 5460 ε
2647 5423 2665 5459 ι
2735 5422 2830 5460 aco
2873 5446 2885 5459 .

2586 5422 2665 5460 ειι
2701 5422 2885 5460 δαοοο.

2023 5536 2334 5606 Quomodo,
2367 5536 2438 5591 ait
2483 5535 2698 5608 aliquis,
2733 5536 2834 5595 iste
2863 5537 3150 5610 paradisus
3180 5535 3544 5612 irrigabitur?
