3972 6052
420 167 521 219 823

1256 162 1597 218 GUIGONIS
1654 162 1700 218 II
1749 156 2156 217 CARTHUSDE
2212 157 2505 215 MAJORIS
2561 157 2859 215 PRIORIS.

3608 159 3717 213 824

416 288 475 342 In
548 286 750 342 Genesi
803 288 931 358 quid
991 286 1252 357 scriptum
1289 288 1418 341 est?
1469 286 1741 358 quomodo
1788 284 2083 356 legitis?A
2112 256 2269 348 loco;
2322 283 2572 349 dormiat,
2624 283 2863 355 inquam,
2915 287 3175 352 quantum
3223 279 3292 334 ad
3340 279 3611 351 quietem;
3644 282 3707 336 in

413 376 607 431 Nonne
639 375 920 445 Scriptura
951 376 1098 441 dicit,
1128 375 1252 447 quia
1281 377 1490 444 ﬂuvius
1522 374 1912 444 egrediebatur
1941 376 2006 429 dc

416 464 530 518 loco
554 465 860 534 voluptatis
889 466 961 519 ad
991 464 1344 535 irrigandum
1362 464 1688 536 paradisum
1709 468 1729 517 ?
1750 463 1908 533 (Gen.
1935 464 2001 530 ΙΙ,

414 551 529 621 10.)
558 553 623 605 Et
648 552 768 622 quis
801 552 997 607 ﬂuvius
1026 552 1164 607 iste?
1193 553 1301 607 imo
1334 552 1455 623 quis
1488 552 1576 607 hic
1610 551 1897 621 voluptatis
1918 551 2005 605 lo-

312 618 325 635 .
411 641 545 694 cus?
574 642 711 694 Nam
746 641 850 695 hoc
879 641 1027 711 prius
1050 640 1424 711 quaerendum,
1451 641 1571 711 quia
1595 640 1845 694 nimirum
1868 640 2006 694 sicut

304 762 317 793 ι
405 728 474 781 de
506 728 667 783 ﬂuvio
696 729 799 783 hoc
827 729 1072 798 procedit
1103 729 1365 799 irrigatio,
1404 729 1483 783 sic
1513 738 1565 783 et
1595 728 1662 782 de
1694 728 1813 783 loco
1847 728 2003 783 volu-

406 816 567 884 ptatis
597 817 662 869 sit
694 816 841 871 ﬂuvii
872 817 1138 888 egressio.
1162 819 1348 887 Itaque
1380 825 1435 870 ut
1464 825 1607 887 patet
1640 832 1705 870 ex
1736 816 1838 882 his,
1868 815 2003 870 ditii-

404 904 526 969 cile,
580 904 688 959 imo
747 905 1101 974 impossibile,
1155 914 1211 959 ut
1242 906 1529 975 paradisus
1577 905 1678 959 iste
1722 905 1999 977 irrigetur,

404 991 508 1046 nisi
537 992 687 1062 prius
719 993 786 1047 de
834 993 954 1047 loco
985 993 1269 1063 voluptatis
1320 994 1627 1064 quicunque
1674 993 1762 1047 ille
1794 993 1862 1047 sit
1896 994 2001 1047 ﬂu-

404 1081 542 1148 vius,
575 1081 909 1151 egrediatur.
938 1082 1150 1137 Idcirco
1181 1098 1245 1137 ex
1280 1098 1384 1153 quo
1417 1082 1489 1136 ita
1520 1091 1621 1147 est,
1648 1082 1768 1152 quis
1789 1081 1876 1137 hic
1905 1098 2001 1136 vo-

402 1169 622 1239 luptatis
653 1170 804 1224 locus
839 1169 964 1225 est?
992 1170 1163 1223 Nobis
1193 1170 1405 1224 videtur
1436 1171 1505 1241 (si
1536 1170 1605 1223 ita
1639 1170 1792 1225 vobis
1825 1170 1999 1239 sedet)

401 1257 547 1327 quod
576 1257 750 1312 dulcis
797 1266 849 1311 et
887 1258 1067 1311 suavis
1118 1258 1349 1313 sincera:
1398 1258 1673 1313 charitatis
1722 1258 1998 1311 unanimi-

399 1352 501 1409 tas,
534 1359 697 1416 quam
747 1346 1047 1400 secundum
1096 1347 1269 1399 Deum
1310 1346 1365 1400 in
1396 1346 1627 1402 invicem
1658 1346 1867 1399 habetis
1894 1363 1998 1416 pu-

401 1449 519 1488 ram
551 1449 616 1489 ac
654 1425 994 1501 defaecatam,
1046 1434 1246 1488 bonam
1292 1435 1494 1505 pariter
1520 1443 1570 1489 et
1596 1435 1908 1503 jucundam,
1943 1435 1996 1489 in

400 1522 548 1578 omni
598 1523 721 1592 (pro
767 1537 950 1588 nosse,
1003 1537 1067 1577 ac
1117 1539 1217 1592 pro
1256 1539 1418 1593 posse
1471 1524 1524 1577 in
1572 1524 1815 1593 Christo)
1846 1532 1897 1578 et
1927 1524 1997 1578 ad

2108 371 2299 425 eodem
2330 370 2471 439 loco,
2527 379 2786 443 quantum
2815 370 2882 424 ad
2926 368 3263 432 suavitatem,
3298 375 3354 422 ut
3384 369 3451 422 sit
3479 369 3617 423 illius
3647 378 3707 424 et

2108 459 2263 531 quies
2294 460 2476 515 suavis
2508 468 2561 514 et
2607 460 2847 514 suavitas
2893 458 3093 529 quieta.
3129 457 3325 528 Sicque
3354 456 3409 511 in
3440 458 3709 513 suavitate

2104 548 2225 614 hac,
2260 548 2313 601 in
2348 548 2527 619 quiete
2560 548 2700 614 hac,
2735 546 3033 619 puriﬁcatis
3078 545 3272 601 videns
3308 545 3479 601 oculis
3508 548 3709 600 mentis

2106 636 2381 691 charitatis
2420 636 2656 703 scalam;
2691 645 2741 691 et
2772 635 2826 690 in
2856 635 2977 689 imis
2996 650 3093 705 per
3112 634 3546 704 compassionem
3573 651 3707 705 pro-

2104 724 2231 779 ximi
2264 725 2578 792 demissam,
2633 732 2686 780 et
2732 724 2788 778 in
2832 723 3058 778 summis
3104 738 3202 794 per
3244 721 3570 778 desiderium
3602 723 3706 778 Dei

2103 810 2331 867 defixam
2369 832 2381 867 :
2414 813 2734 885 angelorum
2767 828 3002 885 quoque,
3035 811 3124 884 qui
3153 819 3277 865 sunt
3298 811 3539 866 veritatis
3568 829 3707 883 prie-

2103 917 2290 968 cones,
2338 910 2388 956 et
2436 918 2536 971 per
2599 900 3108 972 contemplationem
3151 915 3458 970 ascensum,
3509 908 3561 955 et
3600 917 3705 971 per

2102 991 2369 1045 actionem
2403 990 2676 1044 intueatur
2721 990 3049 1045 descensum
3080 1007 3093 1043 :
3128 1005 3359 1061 eumque
3390 988 3480 1061 qui
3510 989 3703 1044 reddet

2099 1079 2414 1133 mercedem
2445 1078 2695 1133 laborum
2726 1086 3037 1134 sanctorum
3068 1093 3306 1145 suorum,
3338 1078 3513 1132 eidem
3534 1077 3699 1133 scalae

2099 1166 2360 1221 innixum.
2426 1168 2545 1221 Jam
2610 1183 2732 1222 cum
2796 1182 3002 1238 pavore
3044 1166 3434 1237 obstupescens
3482 1174 3697 1222 etcum

2100 1262 2323 1325 stupore
2354 1270 2746 1325 expavescens,
2774 1255 3085 1326 evigilanda
3115 1255 3181 1309 ad
3220 1271 3279 1310 se
3310 1271 3565 1310 reversus
3595 1271 3697 1309 ex-

2098 1342 2315 1408 clamet,
2351 1352 2402 1398 et
2432 1343 2579 1399 dicat
2614 1362 2627 1398 :
2670 1346 2796 1401 Vere
2828 1345 3100 1400 Dominus
3120 1348 3205 1399 est
3224 1346 3283 1400 in
3306 1345 3419 1399 loco
3439 1344 3566 1399 isto.
3592 1343 3698 1399 Ubi

2097 1431 2241 1484 enim
2272 1432 2556 1497 Dominus,
2591 1432 2697 1485 nisi
2742 1432 2796 1485 in
2839 1432 3018 1503 quiete
3061 1431 3147 1488 cui
3176 1432 3327 1487 deest
3358 1432 3535 1487 omnis
3563 1448 3695 1504 per-

2096 1519 2331 1573 turbatio
2354 1520 2381 1572 ?
2410 1520 2513 1573 nisi
2562 1520 2616 1573 in
2649 1520 2907 1575 suavitate
2946 1521 3033 1576 cui
3067 1520 3208 1575 inest
3243 1520 3418 1575 omnis
3439 1520 3693 1587 dulcedo,

401 1625 561 1665 omne
593 1610 791 1665 malum
813 1611 977 1676 nolle,
1004 1617 1056 1665 et
1077 1611 1143 1665 ad
1165 1627 1324 1666 omne
1365 1612 1567 1666 bonum
1593 1612 1745 1678 velle,
1770 1612 1992 1683 quidam
2019 1641 2073 1701 Β
2097 1614 2149 1661 et
2181 1607 2327 1663 nulla
2358 1623 2583 1678 prorsus
2614 1608 2967 1701 amaritudo?
2994 1613 3063 1701 Et
3096 1625 3208 1680 ego,
3246 1608 3438 1680 inquit,
3455 1611 3694 1701 nescie-

396 1715 507 1753 non
538 1698 841 1771 incongrue
868 1698 1042 1769 possit
1070 1706 1123 1753 et
1152 1700 1347 1754 debeat
1374 1701 1479 1755 dici
1501 1701 1654 1757 locus
1676 1700 1988 1771 voluptatis.

396 1788 535 1842 Vere
581 1786 732 1842 locus
785 1788 889 1853 hic,
936 1787 1087 1843 locus
1117 1788 1408 1859 voluptatis
1449 1796 1552 1855 est,
1585 1789 1873 1860 voluptatis
1903 1790 1991 1843 in-

393 1890 556 1946 quam
596 1891 704 1929 non
749 1876 1005 1941 carnalis,
1061 1877 1158 1931 sed
1207 1877 1536 1947 spiritualis;
1564 1894 1672 1933 non
1720 1894 1828 1950 qua
1867 1894 1991 1934 caro

393 1964 481 2018 vel
511 1963 735 2034 spiritus
777 1964 1105 2036 inquinatur,
1157 1966 1253 2020 sed
1302 1966 1476 2039 magis
1525 1982 1629 2038 qua
1675 1974 1727 2021 et
1772 1966 1991 2037 Spiritus

391 2059 444 2107 et
472 2067 600 2107 caro
629 2050 959 2123 puriﬁcatur,
1009 2054 1324 2121 adornatur,
1357 2054 1670 2109 decoratur.
1710 2055 1810 2110 Hic
1839 2055 1991 2111 locus

394 2140 575 2195 estad
627 2157 789 2211 quem
830 2140 977 2195 venit
1026 2142 1117 2212 qui
1146 2157 1178 2195 a
1204 2141 1338 2197 facie
1380 2150 1613 2197 mortem
1661 2143 1711 2197 ei
1759 2143 1989 2198 commi—

392 2228 572 2281 nantis
601 2228 761 2298 pilosi
807 2229 962 2299 fugit,
1013 2229 1067 2283 in
1099 2246 1205 2301 quo
1235 2230 1346 2285 vult
1378 2231 1727 2301 requiescere
1761 2246 1989 2289 occum-

390 2316 549 2371 bente
573 2317 688 2385 jam
727 2316 862 2371 sole.
898 2317 988 2372 Sic
1017 2318 1161 2372 enim
1193 2318 1247 2372 in
1278 2318 1502 2373 historia
1534 2319 1716 2375 veraci
1746 2321 1989 2376 contine-

390 2412 475 2459 tur
508 2420 520 2459 :
559 2404 800 2477 Cumque
833 2406 1073 2461 venisset
1102 2407 1268 2475 (haud
1289 2407 1513 2464 dubium
1555 2408 1687 2479 quin
1706 2408 1895 2479 Jacob)
1919 2411 1990 2465 ad

390 2494 685 2566 quemdam
707 2494 911 2561 locum,
935 2499 989 2549 et
1008 2496 1174 2551 vellet
1202 2496 1263 2550 in
1285 2513 1345 2552 eo
1362 2497 1707 2569 requiescere
1718 2502 1845 2569 post
1855 2500 1989 2555 solis

389 2583 706 2638 accubitum
737 2582 899 2653 (Gen.
934 2599 1140 2651 xxvm,
1168 2585 1276 2655 11).
1320 2584 1453 2653 Quis
1484 2586 1700 2657 fugiens
1731 2586 1851 2655 iste,
1885 2588 1989 2642 nisi

387 2670 477 2725 ille
508 2671 577 2725 de
606 2686 715 2742 quo
745 2672 1053 2741 praecipitur
1081 2673 1136 2727 in
1166 2688 1333 2727 onere
1355 2674 1409 2727 in
1439 2674 1639 2728 Arabia
1669 2691 1769 2745 per
1792 2676 1989 2731 Isaiam

387 2758 453 2812 iis
484 2758 575 2829 qui
603 2759 657 2813 in
688 2767 833 2813 terra
876 2760 1059 2814 Austri
1106 2761 1365 2831 habitant,
1418 2769 1475 2816 ut
1518 2763 1566 2817 ei
1596 2780 1718 2817 cum
1752 2764 1988 2833 panibus

388 2847 717 2901 occurrant?
746 2848 867 2917 Ipse
932 2856 1015 2902 est
1062 2848 1266 2903 electus
1312 2850 1563 2920 quislibet
1605 2849 1798 2917 ﬁdelis,
1841 2853 1989 2924 quia

386 2934 757 3006 superﬂuitate
787 2937 996 2991 carnali
1043 2954 1139 2991 seu
1166 2938 1442 3004 mundiali,
1477 2940 1654 3012 magis
1686 2957 1745 2996 se
1774 2957 1837 2997 ac
1864 2958 1986 2996 ma-

383 3023 472 3095 gis
501 3024 719 3097 elongat
757 3041 825 3080 ne
871 3034 1099 3081 mortem
1146 3026 1409 3081 incurrat.
1465 3028 1563 3083 Cui
1612 3029 1983 3085 necessarium

385 3112 546 3168 valde
574 3121 632 3167 ut
679 3130 800 3169 cum
848 3114 1079 3185 panibus
1118 3124 1428 3171 occurratur
1461 3118 1529 3171 ab
1560 3118 1982 3175 inhabitantibus

384 3208 585 3256 terram
636 3202 826 3267 austri,
877 3211 1141 3273 quatenus
1199 3205 1290 3275 qui
1335 3205 1644 3275 spirituales
1702 3215 1844 3275 sunt,
1893 3208 1981 3262 in-

383 3297 595 3344 struant
640 3290 695 3345 in
752 3291 942 3361 spiritu
989 3293 1226 3347 lenitatis
1282 3294 1621 3363 hujusmodi;
1658 3304 1711 3351 et
1751 3313 1845 3351 eos
1889 3298 1982 3369 qui

382 3378 564 3432 triduo
596 3378 861 3433 sustinent
892 3379 1064 3447 illum,
1096 3381 1153 3435 in
1181 3381 1373 3438 domos
1403 3400 1531 3438 suas
1551 3385 1816 3440 Dominus
1832 3386 1979 3455 jeju-

378 3482 480 3522 nos
510 3483 620 3521 non
648 3468 898 3535 dimittat,
933 3485 1000 3524 ne
1029 3469 1287 3526 deﬁciant
1319 3472 1373 3526 in
1395 3472 1496 3526 via.
1525 3474 1563 3527 Λ
1590 3475 1756 3543 facie,
1786 3474 1975 3546 inquit,

375 3556 696 3627 gladiorum
712 3560 1009 3629 fugerunt,
1034 3576 1069 3613 a
1088 3561 1237 3629 facie
1248 3560 1428 3631 gladii
1448 3563 1824 3631 imminentis,
1852 3566 1980 3634 afa-

384 3646 468 3701 cie
489 3662 655 3701 arcus
678 3648 925 3713 extenti,
945 3648 1137 3717 afacie
1158 3650 1345 3719 gravis
1366 3651 1837 3721 prwlii(lsa.xx1,
1864 3654 1972 3723 15).

378 3734 507 3789 Hazc
518 3734 701 3789 omnia
714 3734 783 3789 ad
796 3742 1027 3789 mortem
1042 3744 1309 3806 spectant,
1336 3753 1498 3808 quam
1520 3739 1750 3793 minatur
1770 3741 1975 3810 pilosus

374 3821 504 3889 leni,
531 3824 675 3877 Esau
697 3824 865 3878 Jacob
892 3841 904 3878 :
927 3840 1087 3896 quam
1122 3841 1189 3878 ne
1218 3825 1480 3891 incurrat,
1520 3844 1618 3897 per
1649 3827 1833 3900 fugam
1871 3830 1975 3884 sibi

376 3910 659 3965 consulere
679 3919 854 3981 parat;
878 3912 1063 3982 Itaque
1085 3911 1302 3984 fugiens
1330 3915 1476 3969 venit
1499 3916 1567 3969 ad
1590 3916 1877 3987 quemdam
1901 3918 1975 3973 lo-

376 4012 519 4053 cum.
545 3999 611 4052 Et
640 3998 756 4068 ipse
787 4007 868 4052 est
900 4000 1191 4069 voluptatis
1233 4001 1402 4067 locus,
1443 4004 1570 4073 quia
1600 4004 1754 4059 locus
1778 4006 1973 4076 quietis

374 4092 458 4140 est
484 4101 496 4139 :
521 4102 642 4140 nam
675 4094 726 4141 et
750 4088 852 4141 hoc
882 4086 1145 4159 sequitur.
1178 4090 1247 4142 Et
1280 4092 1444 4145 vellet
1467 4094 1528 4146 in
1551 4109 1609 4148 eo
1628 4096 1971 4165 requiescere

376 4178 500 4245 post
528 4176 661 4231 solis
691 4175 1032 4231 accubitum.
1068 4176 1299 4244 Quando
1331 4179 1411 4233 sol
1429 4181 1723 4238 occubuit?
1754 4185 1971 4254 quando

373 4262 559 4319 fervor
605 4264 915 4318 tentationis
953 4264 1241 4320 deferbuit.
1290 4268 1633 4338 Impossibile
1668 4279 1723 4325 ut
1754 4272 1841 4328 hic
1880 4273 1969 4327 fu-

372 4350 533 4423 giens
563 4353 888 4424 requiescat,
931 4362 1223 4427 antequam
1252 4356 1353 4411 iste
1380 4358 1463 4413 sol
1493 4361 1813 4427 occumbat;
1847 4362 1969 4433 quia
1990 4352 2041 4413 D

369 4440 605 4511 quandiu
646 4450 883 4497 mentem
914 4444 1085 4497 exurit
1129 4445 1293 4500 ardor
1324 4449 1652 4515 tentationis,
1686 4448 1741 4503 in
1770 4465 1965 4506 sereno

367 4543 477 4583 non
507 4537 703 4599 pausat
747 4529 975 4586 internae
1032 4532 1226 4603 quietis
1252 4554 1265 4600 ;
1296 4551 1359 4590 ac
1386 4552 1486 4606 per
1515 4537 1618 4592 hoc
1659 4554 1761 4593 nec
1789 4539 1966 4596 adhuc

368 4618 439 4672 ad
469 4617 650 4673 locum
689 4621 931 4689 pervenit
974 4622 1270 4693 spiritualis
1320 4626 1626 4697 voluptatis.
1662 4628 1800 4682 Nam
1831 4645 1965 4700 quo-

367 4706 532 4763 modo
562 4707 635 4762 ibi
689 4709 927 4764 suavitas
958 4711 1085 4777 ulla,
1118 4712 1210 4766 ubi
1242 4714 1607 4786 tranquillitas
1637 4716 1824 4772 nulla?
1855 4718 1963 4774 Sed

365 4803 493 4852 tunc
522 4795 738 4869 fugiens
780 4797 898 4864 iste,
952 4807 1004 4854 et
1048 4800 1118 4855 ad
1148 4802 1289 4857 hunc
1319 4802 1498 4858 locum
1530 4805 1693 4869 venit,
1729 4813 1783 4860 et
1811 4806 1865 4860 in
1896 4823 1963 4862 eo

363 4883 677 4955 requiescit,
720 4902 842 4941 cum
889 4903 1110 4942 suavem
1157 4891 1454 4945 secundum
1502 4893 1671 4946 Deum
1701 4894 1958 4965 quietem,

362 4981 416 5027 et
492 4974 731 5044 quietam
796 4976 1145 5032 nihilominus
1198 4979 1519 5033 suavitatem
1580 4984 1957 5053 apprehendit,

361 5062 781 5131 apprehendens
819 5072 984 5131 tenet,
1026 5073 1218 5121 tenens
1250 5083 1356 5123 non
1387 5068 1625 5123 dimittit.
1659 5072 1780 5125 Jam
1810 5073 1961 5143 tollat

358 5150 427 5205 de
458 5148 729 5219 lapidibus
758 5152 847 5224 qui
873 5154 1072 5221 jacent,
1107 5155 1173 5209 de
1193 5146 1322 5210 vi'ris
1344 5156 1594 5212 videlicet
1618 5158 1950 5229 divitiarum,

357 5237 447 5308 qui
480 5237 533 5291 in
565 5238 779 5294 civitate
811 5242 1027 5296 Domini
1057 5243 1337 5311 virtutum,
1372 5245 1423 5298 in
1455 5263 1595 5301 vera:
1627 5247 1957 5307 fortitudinis

356 5326 696 5382 multitudine
729 5346 787 5382 se
818 5331 1103 5385 humiliant
1138 5350 1149 5385 :
1185 5332 1333 5387 illum
1364 5336 1604 5389 omnium
1638 5349 1955 5394 sanctorum

356 5414 636 5483 Sanctum,
670 5434 901 5489 eumque
941 5420 1139 5475 mentis
1190 5438 1299 5477 suae
1346 5425 1508 5495 capiti
1559 5442 1656 5496 per
1694 5428 1951 5484 imitatio-

353 5518 481 5560 nem
512 5514 777 5578 supponat
805 5526 818 5575 ;
852 5507 1037 5580 sicque
1060 5510 1109 5566 ei
1132 5510 1399 5569 inharens
1420 5514 1655 5573 dormiat
1675 5516 1730 5573 in
1761 5518 1953 5575 eodem

2095 1696 2239 1751 bam.
2291 1696 2407 1751 Nec
2452 1696 2650 1751 mirum
2694 1712 2805 1751 non
2852 1697 2994 1752 enim
3042 1697 3147 1752 hoc
3191 1712 3256 1752 eo
3320 1697 3492 1768 potuit
3538 1698 3687 1764 sciri,

2093 1784 2270 1855 quoad
2300 1801 2468 1857 usque
2500 1785 2554 1839 id
2586 1786 2635 1840 ei
2665 1785 2848 1840 datum
2880 1794 2960 1840 est
2987 1786 3240 1857 experiri.
3263 1787 3465 1843 Verum
3494 1794 3691 1842 extunc

2093 1872 2271 1939 scivit,
2306 1889 2371 1928 ex
2408 1889 2516 1944 quo
2548 1874 2615 1928 ad
2648 1874 2829 1930 locum
2860 1874 3011 1929 illum
3040 1874 3205 1945 venit,
3239 1874 3305 1930 de
3327 1874 3693 1946 Iapidibustu—

2090 1959 2169 2029 lit,
2203 1960 2397 2018 tollens
2419 1962 2583 2033 capiti
2605 1978 2703 2018 suo
2725 1963 3008 2034 supposuit
3033 1982 3046 2029 ;
3082 1979 3394 2036 supponens
3415 1963 3688 2033 dormivit,

2092 2049 2393 2118 dormiens,
2430 2051 2635 2106 scalam
2668 2060 2720 2106 et
2750 2068 2870 2124 quae
2898 2052 2952 2107 in
2984 2068 3049 2107 ea
3073 2052 3374 2124 agebantur
3390 2052 3538 2107 vidit.
3572 2054 3690 2109 Nec

2097 2137 2175 2193 sic
2205 2138 2435 2194 dicimus
2468 2139 2590 2211 quia
2622 2140 2780 2196 scivit
2827 2140 3069 2207 veniens,
3104 2140 3317 2210 tollens,
3350 2158 3685 2213 supponens,

2094 2226 2413 2294 dormiens;
2447 2228 2602 2299 quasi
2650 2228 2699 2283 ei
2745 2229 2888 2284 hanc
2936 2229 3218 2284 scientiam
3265 2229 3513 2286 conferre
3551 2246 3686 2301 pos-

2092 2323 2229 2381 sent,
2263 2315 2307 2369 si
2338 2332 2446 2370 non
2491 2316 2714 2385 scalam,
2746 2324 2798 2372 et
2827 2318 2895 2371 ad
2928 2333 3047 2373 eam
3076 2318 3397 2389 pertinentia
3437 2319 3681 2374 vidisset.

2092 2403 2200 2458 Sed
2228 2404 2352 2475 quia
2383 2404 2499 2460 haec
2530 2413 2765 2479 quatuor
2791 2406 2861 2461 ad
2879 2406 2983 2463 hoc
3010 2416 3426 2478 praecesserunt,
3451 2417 3509 2463 ut
3528 2409 3687 2480 quin-

2091 2498 2202 2546 tum
2233 2494 2526 2548 succedere
2569 2502 2774 2565 posset,
2808 2495 2895 2551 cui
2926 2504 3157 2564 sextum,
3191 2497 3295 2553 hoc
3324 2505 3407 2552 est
3438 2497 3683 2563 scientia,

2089 2596 2197 2636 non
2231 2588 2341 2635 tam
2384 2583 2646 2638 successit
2685 2599 2849 2655 quam
2893 2585 3140 2641 accessit.
3173 2586 3343 2659 Igitur
3371 2594 3499 2641 tunc
3528 2586 3685 2642 scivit

2092 2670 2308 2740 quando
2355 2671 2526 2739 vidit;
2558 2680 2611 2725 et
2641 2672 2777 2727 sicut
2825 2673 2927 2728 nisi
2976 2674 3181 2729 videret
3230 2691 3337 2729 non
3371 2675 3551 2741 sciret,
3604 2676 3684 2730 sic

2089 2773 2198 2812 non
2218 2759 2426 2814 videret
2456 2760 2559 2815 nisi
2590 2761 2872 2832 dormiret,
2907 2778 3007 2819 nec
3036 2763 3301 2819 dormiret
3331 2764 3433 2818 nisi
3471 2780 3679 2836 suppo-

2088 2854 2263 2915 neret,
2296 2864 2406 2903 non
2452 2857 2633 2904 autem
2666 2859 2998 2922 supponeret
3028 2851 3133 2908 nisi
3164 2852 3376 2908 tolleret
3401 2870 3415 2911 :
3446 2852 3543 2907 sed
3574 2869 3681 2908 non

2088 2935 2301 2990 tolleret
2330 2936 2433 2993 nisi
2456 2938 2684 2993 veniret.
2712 2940 2899 3012 Itaque
2939 2940 3153 3012 quando
3181 2940 3311 2996 vidit
3350 2949 3474 2997 tunc
3505 2942 3677 3007 scivit,

2083 3024 2210 3095 quia
2242 3026 2456 3096 quando
2504 3036 2759 3098 expertus
2791 3036 2890 3095 est,
2925 3037 2976 3083 et
3007 3037 3265 3102 quantum
3296 3039 3547 3100 expertus
3576 3038 3677 3097 est,

2086 3112 2339 3167 nimirum
2371 3122 2498 3170 tunc
2528 3124 2579 3171 et
2610 3124 2812 3172 tantum
2844 3117 3020 3173 scivit.
3056 3119 3113 3173 In
3145 3126 3293 3173 tanta
3324 3119 3523 3190 quippe
3554 3119 3681 3173 tali-

2087 3218 2193 3272 que
2223 3219 2300 3269 re,
2334 3211 2539 3258 tantam
2571 3212 2622 3260 et
2654 3221 2763 3261 non
2810 3206 3043 3278 amplius
3074 3208 3463 3278 comprehendi
3493 3208 3680 3263 scien-

2080 3291 2230 3357 tiam,
2266 3301 2523 3363 quantum
2554 3294 2715 3348 sentit
2744 3294 2863 3365 ipsa
2884 3295 3235 3366 experientia.
3269 3296 3486 3351 Addidit
3518 3297 3678 3351 etiam

2080 3378 2149 3432 ad
2179 3380 2296 3434 haec
2330 3397 2342 3434 :
2368 3381 2545 3447 Quam
2570 3382 2844 3439 terribilis
2865 3388 2948 3439 est
2974 3385 3247 3441 locusiste
3265 3391 3283 3440 !
3304 3384 3451 3439 Nihil
3471 3384 3673 3441 verius.

2076 3467 2217 3521 Nam
2261 3469 2517 3524 terribilis
2560 3470 2798 3538 diabolo,
2841 3472 3097 3528 terribilis
3144 3473 3367 3543 mundo,
3421 3473 3677 3529 terribilis

2078 3564 2131 3611 et
2181 3558 2385 3613 homini
2432 3575 2633 3630 pravo;
2687 3569 2739 3617 et
2788 3560 2865 3616 sic
2918 3561 3193 3632 terribilis,
3255 3570 3312 3617 ut
3373 3571 3678 3619 castrorum

2078 3644 2223 3699 acies
2254 3646 2517 3702 ordinata.
2552 3648 2633 3703 Illi
2666 3649 2767 3704 soli
2799 3649 3050 3705 amabilis
3098 3657 3200 3716 est,
3246 3650 3323 3705 illi
3363 3651 3463 3706 soli
3494 3667 3678 3707 acces-

2077 3733 2249 3788 sibilis
2280 3744 2382 3801 est,
2416 3737 2505 3808 qui
2533 3737 2670 3810 fugit
2699 3754 2728 3792 a
2760 3737 2896 3794 facie
2926 3738 3105 3810 pilosi,
3140 3747 3191 3797 et
3212 3740 3266 3794 in
3287 3755 3497 3795 morem
3517 3740 3675 3812 pellis

2076 3822 2294 3894 hispidi,
2330 3840 2451 3880 cum
2504 3826 2572 3879 sit
2621 3827 2737 3898 ipse
2782 3827 2939 3883 lenis.
2983 3829 3105 3884 Non
3134 3833 3219 3883 est
3252 3827 3341 3883 hic
3373 3830 3533 3885 aliud
3562 3831 3677 3886 nisi

2076 3912 2270 3968 domus
2294 3915 2412 3979 Dei,
2445 3919 2502 3970 ct
2529 3920 2696 3986 porta
2724 3918 2870 3972 caeli.
2905 3916 3108 3972 Verum
3140 3925 3191 3972 et
3220 3918 3345 3987 hoc,
3378 3934 3555 3989 neque
3582 3918 3673 3972 ali-

2075 4001 2205 4071 quid
2238 4002 2336 4055 sub
2368 4002 2505 4057 cmlo
2537 4003 2718 4059 verius
2748 4004 2834 4060 vel
2878 4013 2977 4071 est,
3011 4004 3098 4061 vel
3126 4022 3249 4061 esse
3279 4014 3457 4078 potest
3488 4007 3539 4060 in
3569 4008 3672 4062 hoc

2075 4092 2271 4161 quippe
2302 4089 2421 4146 loco
2437 4091 2778 4162 potissimum
2798 4102 2981 4150 manet
3006 4096 3172 4165 Deus,
3197 4095 3295 4151 sed
3316 4103 3366 4151 et
3387 4095 3457 4151 ad
3476 4095 3669 4153 coelum

2072 4193 2173 4248 per
2200 4178 2378 4249 ipsum
2406 4180 2659 4237 introitus
2691 4190 2789 4238 est.

2588 4366 2984 4427 CAPITULUM
3011 4370 3159 4428 XIV.

2073 4520 2350 4598 Quomodo
2377 4525 2764 4598 spiritualiter
2784 4528 3108 4598 egrediatur
3124 4531 3333 4598 ﬂuvius
3351 4530 3417 4587 de
3441 4532 3555 4587 loco
3581 4550 3667 4589 vo-

2135 4594 2480 4731 ;zq‘pjiq‘tjsnfztd
2525 4594 2886 4668 irrigandum
2923 4594 3253 4674 paradisum
3274 4644 3287 4668 ,
3328 4607 3385 4658 et
3413 4606 3537 4675 quis
3566 4606 3665 4661 ille

2136 4800 2244 4856 Iste
2292 4802 2597 4873 specialiter
2627 4804 2779 4861 locus
2820 4807 2919 4863 Dei
2970 4816 3070 4875 est,
3112 4810 3205 4865 ubi
3237 4819 3289 4867 et
3319 4812 3536 4868 auditur
3564 4831 3665 4871 vox

2063 4890 2440 4945 commotionis
2488 4909 2719 4966 magnae,
2773 4895 3058 4953 benedicta
3100 4899 3277 4971 gloria
3336 4902 3551 4957 Domini
3600 4905 3665 4959 de

2062 4976 2183 5033 loco
2214 4995 2331 5033 suo.
2367 4980 2504 5035 Nam
2552 4982 2853 5054 sudarium,
2908 4987 3053 5057 quod
3104 4988 3275 5044 fuerat
3309 5006 3475 5061 super
3506 5002 3665 5063 caput

2063 5066 2279 5145 Domini
2308 5068 2501 5139 sepulti
2534 5070 2652 5140 ipso
2696 5072 2857 5127 etiam
2908 5076 3230 5131 resuscitato
3276 5078 3555 5135 inventum
3584 5090 3665 5136 est

2062 5154 2350 5225 separatim
2380 5155 2678 5212 involutum
2726 5160 2778 5213 in
2810 5178 2880 5216 un
2896 5179 2985 5216 um
3021 5162 3224 5219 locum.
3259 5165 3438 5234 Quare
3468 5168 3553 5224 hic
3584 5169 3667 5224 lo-

2060 5259 2156 5298 cus
2205 5243 2398 5299 dicitur
2442 5262 2601 5316 unus,
2676 5248 2777 5303 nisi
2824 5251 2957 5329 quia
2997 5250 3150 5307 locus
3199 5262 3279 5308 est
3329 5256 3664 5327 voluptatis?

2058 5332 2180 5385 Non
2212 5333 2355 5387 enim
2390 5333 2443 5387 in
2493 5336 2732 5391 scissura
2777 5340 3038 5394 mentium
3072 5343 3171 5396 sed
3208 5342 3259 5396 in
3292 5344 3487 5399 unitate
3520 5346 3665 5400 Deus

2057 5428 2176 5487 est;
2210 5428 2264 5476 et
2294 5422 2386 5477 ubi
2415 5423 2509 5478 illa
2539 5425 2710 5493 deest,
2760 5427 2836 5481 ibi
2867 5443 2999 5483 vera
3029 5430 3225 5485 animae
3254 5434 3495 5487 suavitas
3550 5450 3657 5489 non

2055 5516 2158 5564 est.
2189 5509 2288 5565 Hic
2326 5509 2480 5568 locus
2524 5521 2606 5571 est
2656 5514 2777 5572 talis
2831 5517 3162 5577 unanimitas
3192 5526 3395 5590 vestra,
3428 5522 3605 5597 qualis
3632 5538 3663 5583 α
