3972 6052
231 171 336 225 825

1360 168 1565 225 LIBER
1602 170 1697 226 DE
1734 167 2119 228 EXERCITIO
2159 172 2417 228 CELLzE.

3437 179 3538 236 826

237 291 399 347 nobis
430 291 678 361 superius
709 292 948 349 breviter
995 293 1268 364 descripta
1318 300 1419 349 est.
1460 294 1540 349 De
1588 294 1692 349 hoc
1718 293 1841 350 loco
1868 296 1923 356 Α
1945 294 2250 366 Capitulum
2284 296 2615 353 convenistis
2653 314 2665 351 :
2699 297 2766 365 si,
2796 297 3040 369 inquam,
3086 307 3170 354 est
3198 300 3342 370 apud
3373 315 3472 355 vos
3494 307 3546 354 et

239 387 493 435 emanant
520 379 666 435 ﬂuvii
694 381 881 454 magni
928 389 980 437 et
1026 381 1182 435 multi
1216 400 1229 436 :
1278 382 1551 454 siquidem
1580 382 1732 437 locus
1762 390 1845 437 est
1945 384 2087 438 intra
2116 401 2214 439 vos
2244 385 2438 440 ﬂuvius
2465 385 2586 452 iste,
2634 386 2742 440 imo
2772 387 2900 458 quia
2932 394 3033 452 est,
3070 388 3260 443 scitote
3288 388 3411 460 quia
3435 389 3546 455 jam

240 467 548 535 ﬂuviorum,
590 469 682 523 ubi
739 470 842 525 rivi
882 470 1130 525 latissimi
1178 478 1231 525 et
1272 479 1540 542 patentes.
1592 472 1699 527 Sed
1752 471 1843 527 ille

237 572 399 628 quam
429 556 662 611 maxime
692 557 886 612 ﬂuvius
929 559 997 614 de
1046 558 1169 614 loco
1216 559 1310 614 illo
1342 560 1639 630 egreditur,
1668 567 1725 614 ut
1752 575 1844 631 pa-

238 644 454 699 radisus
483 653 661 699 vester
689 644 968 719 irrigetur.
1019 647 1177 701 Nulla
1209 647 1373 703 ﬂuvio
1404 649 1530 704 huic
1559 648 1843 719 participa-

238 733 333 799 tio,
366 732 616 799 societas,
650 742 702 789 et
727 735 1015 791 conventio
1037 750 1161 791 cum
1181 735 1359 791 ﬂuviis
1380 737 1506 803 illis,
1542 737 1611 791 de
1643 737 1840 808 quibus

239 820 532 875 Dominum
563 821 841 893 alloquens
890 822 1175 878 Psalmista
1206 841 1219 878 :
1259 826 1353 892 Tu,
1388 824 1582 896 inquit,
1614 826 1842 881 siccasti

236 909 439 977 ﬂuvios
460 909 669 964 Ethan.
698 911 871 979 (Psal.
895 926 1092 977 Lxxm,
1119 912 1208 983 15)
1233 931 1246 977 ;
1272 912 1370 967 sed
1386 928 1489 968 nec
1509 929 1631 968 cum
1649 913 1753 967 illis
1771 913 1838 968 de

234 996 430 1068 quibus
459 997 638 1052 eidem
669 998 902 1054 Domino
932 999 1061 1054 dicit
1090 1000 1341 1056 Habacuc
1378 1015 1389 1054 :
1424 1002 1646 1057 Fluvios
1677 1004 1835 1057 scin-

234 1086 329 1141 des
358 1089 527 1141 terra
567 1086 794 1156 (Habac.
844 1103 925 1157 In,
961 1090 1048 1158 10)
1086 1089 1296 1144 :multo
1335 1089 1515 1143 minus
1563 1105 1687 1145 cum
1730 1090 1837 1145 illis

233 1173 329 1245 qui
371 1173 625 1229 dicuntur
690 1174 883 1229 Abana
927 1184 979 1231 et
1018 1178 1321 1248 Pharphar,
1372 1178 1519 1234 ﬂuvii
1560 1178 1833 1234 Damasci.

229 1261 409 1334 Magis
437 1270 614 1317 autem
641 1263 931 1318 assimilari
976 1272 1028 1319 et
1054 1265 1195 1321 valet
1243 1275 1296 1320 et
1325 1266 1486 1321 debet
1529 1266 1712 1331 ﬂuvio,
1746 1266 1837 1338 qui

230 1349 489 1404 Jordanis
506 1351 845 1421 appellatur;
878 1352 934 1406 in
963 1369 1070 1424 quo
1102 1354 1333 1419 lavatur,
1368 1363 1418 1409 et
1442 1355 1582 1409 lotus
1605 1355 1838 1409 munda-

225 1444 317 1492 tur
360 1438 605 1492 Naaman
648 1439 814 1511 Syrus
862 1441 956 1509 (IV
1006 1443 1136 1511 Reg.
1186 1458 1240 1510 v,
1294 1446 1385 1511 12,
1436 1442 1557 1513 tt);
1591 1451 1643 1497 et
1681 1444 1834 1514 aquis

229 1525 395 1591 Siloe,
437 1527 493 1581 in
538 1528 692 1596 cujus
739 1528 1023 1584 natatoriis
1069 1529 1210 1585 lotus
1257 1530 1585 1584 illuminatur
1651 1547 1834 1586 ctecus

231 1621 390 1669 natus
419 1615 603 1685 (Joan.
629 1630 709 1686 ix,
742 1616 820 1687 7).
855 1616 1011 1673 Valet
1057 1617 1217 1674 etiam
1264 1634 1330 1673 ex
1360 1627 1512 1689 parte
1541 1619 1832 1674 assimilari
1852 1648 1907 1709 Β

232 1701 400 1758 ﬂuvio
418 1702 526 1771 illi,
560 1704 629 1758 de
675 1720 782 1777 quo
828 1713 1046 1762 sanctus
1092 1705 1327 1763 Joannes
1372 1707 1427 1761 in
1478 1708 1829 1779 Apocalypsi,

224 1790 436 1847 visione
465 1792 693 1863 septima
737 1794 844 1849 hoc
897 1794 1060 1850 modo
1116 1795 1338 1862 scribit;
1375 1796 1635 1852 Ostendit
1692 1797 1835 1852 mihi

225 1880 391 1949 (haud
422 1880 645 1935 dubium
677 1881 806 1953 quin
860 1883 1114 1955 angelus)
1171 1885 1409 1953 ﬂuvium
1468 1901 1627 1957 aqua:
1675 1886 1830 1951 υἱυιε,

225 1969 590 2041 splendidum
604 1970 1002 2042 procedentem
1022 1973 1088 2027 de
1106 1973 1233 2028 sede
1254 1973 1353 2028 Dei
1383 1978 1438 2029 et
1461 1974 1607 2044 Agni
1638 1972 1829 2046 (Apoc.

223 2072 366 2123 χιιι,
404 2058 478 2127 1).
512 2058 655 2113 Nam
703 2059 850 2130 quod
881 2060 1043 2115 sedes
1087 2060 1188 2115 Dei
1237 2068 1290 2115 et
1336 2062 1499 2133 Agni,
1546 2061 1699 2117 locus
1746 2062 1835 2115 in-

226 2146 736 2216 comprehensibilis
767 2148 1054 2216 cujusdam
1098 2148 1389 2220 voluptatis
1428 2149 1514 2217 sit,
1550 2165 1712 2205 nemo
1742 2150 1833 2221 qui

225 2233 602 2290 contradicere
651 2234 783 2290 velit
846 2235 932 2291 vel
984 2236 1175 2307 possit.
1244 2237 1324 2292 De
1385 2238 1483 2292 hac
1544 2238 1675 2293 sede
1724 2237 1831 2292 ﬂu-

222 2321 343 2377 vius
372 2322 619 2393 procedit
646 2322 1214 2394 incomprehensibilis
1235 2324 1328 2379 illa
1356 2326 1828 2397 superabundans,

218 2410 341 2465 viva
372 2419 423 2466 et
470 2419 675 2467 aeterna
722 2410 972 2479 felicitas,
1023 2428 1129 2484 qua
1174 2412 1229 2467 in
1269 2420 1533 2469 mternum
1584 2414 1833 2470 fruentur

219 2499 417 2564 electi;
448 2498 506 2554 in
554 2500 1009 2571 contemplatione
1056 2500 1385 2557 indeficienti
1432 2502 1630 2558 divinae
1660 2504 1830 2559 visio-

227 2587 333 2643 nis.
366 2588 509 2645 Dicit
538 2588 683 2645 enim
713 2589 979 2644 Dominus
1008 2588 1077 2645 de
1107 2590 1210 2645 hoc
1266 2590 1453 2646 electis
1482 2591 1595 2645 suis
1631 2607 1642 2646 :
1677 2593 1827 2648 Men-

225 2693 421 2733 suram
433 2676 653 2743 bonam,
676 2681 732 2733 et
748 2680 1068 2750 confertam
1088 2682 1144 2735 et
1167 2680 1529 2750 coagitatam,
1550 2684 1606 2735 et
1635 2697 1829 2753 super-

224 2766 501 2835 ﬂuentem
537 2765 753 2823 dabunt
780 2767 842 2822 in
871 2768 1065 2823 sinum
1102 2771 1353 2823 vestrum
1386 2768 1549 2839 (Luc.
1598 2784 1673 2835 vr,
1714 2769 1824 2840 38).

222 2854 370 2910 Ecce
386 2870 644 2909 mensura
665 2855 782 2911 sine
794 2870 1066 2921 mensura,
1083 2855 1151 2910 de
1165 2873 1269 2927 qua
1282 2856 1427 2928 quod
1445 2856 1725 2927 superﬂuit
1738 2857 1826 2911 di-

226 2942 368 2997 citur
400 2960 414 2996 :
446 2959 632 2999 verum
662 2943 767 2999 hoc
798 2958 907 2999 non
936 2943 991 2998 in
1020 2945 1275 3015 praesenti
1303 2953 1404 3014 est,
1438 2945 1535 2999 sed
1566 2945 1621 2999 in
1650 2945 1827 3001 futuro

227 3029 348 3085 erit.
382 3032 448 3085 Et
477 3039 659 3086 tamen
688 3046 797 3087 non
829 3031 1005 3087 solum
1035 3041 1262 3103 possunt
1292 3033 1460 3089 verba
1490 3034 1607 3089 hmo
1635 3034 1703 3089 de
1733 3034 1828 3089 illa

219 3118 450 3192 intelligi
480 3118 751 3188 felicitate,
787 3136 892 3192 qua
935 3120 1184 3176 fruentur
1231 3122 1323 3193 qui
1353 3121 1506 3194 digni
1545 3122 1830 3177 habebun-

220 3215 327 3277 tur,
360 3209 415 3262 in
443 3208 684 3279 praemio,
736 3210 861 3282 quia
899 3217 1149 3280 possunt,
1193 3218 1247 3265 et
1275 3209 1344 3267 de
1393 3211 1682 3266 sanctitate
1716 3226 1826 3283 qua

220 3314 366 3353 nunc
395 3297 628 3352 ditantur
657 3297 955 3353 in'merito.
1007 3298 1077 3354 Ut
1118 3306 1299 3354 autem
1347 3315 1446 3355 vos
1489 3299 1687 3353 diutius
1718 3314 1829 3355 non

216 3387 620 3459 protrahamus,
652 3386 868 3441 videtur
918 3386 1075 3442 nobis
1123 3388 1269 3459 quod
1300 3387 1519 3444 fervens
1548 3395 1601 3443 et
1629 3387 1827 3443 indefi-

215 3476 369 3532 ciens
398 3492 551 3546 purae
589 3475 787 3531 mentis
830 3483 1027 3532 vestrae
1075 3475 1310 3543 devotio,
1358 3476 1575 3548 quidam
1621 3477 1689 3531 sit
1719 3476 1825 3532 ﬂu-

214 3564 337 3620 vius
367 3564 687 3635 perenniter
716 3564 891 3621 ﬂuens
924 3583 939 3631 ;
972 3564 1066 3637 qui
1107 3572 1233 3620 tunc
1278 3565 1497 3637 quidem
1544 3566 1827 3638 egreditur

216 3653 287 3709 de
318 3653 441 3709 loco
468 3652 780 3724 voluptatis,
832 3654 979 3724 apud
1010 3668 1109 3709 vos
1156 3653 1496 3710 extrinsecus
1525 3670 1821 3726 apparens,

216 3742 373 3813 quasi
395 3742 462 3796 ad
484 3741 759 3812 publicum
792 3741 1117 3812 procedens,
1151 3749 1204 3796 et
1232 3742 1357 3797 inde
1387 3751 1569 3798 tamen
1599 3758 1710 3797 non
1739 3759 1825 3798 re-

214 3830 437 3898 cedens,
491 3846 600 3884 non
660 3829 909 3885 exeundo
954 3829 1063 3885 exit
1122 3830 1191 3885 de
1239 3839 1452 3887 secreto
1495 3831 1729 3903 (qualem
1769 3832 1825 3885 in

206 3918 647 3990 praecedentibus
713 3917 1127 3989 descripsimus)
1191 3927 1386 3975 vestra;
1428 3919 1819 3975 unanimitatis.

209 4007 337 4078 Ipsa
364 4008 545 4079 itaque
576 4022 682 4079 qua
714 4006 1039 4062 intrinsecus
1067 4024 1200 4078 erga
1220 4008 1394 4063 Deum
1413 4018 1464 4063 et
1484 4024 1549 4065 ea
1570 4026 1690 4080 quae
1723 4009 1821 4065 Dei

212 4105 340 4151 sunt
371 4095 693 4151 inﬂammati
722 4096 852 4151 estis
873 4096 1070 4151 mentis
1098 4096 1334 4162 devotio,
1362 4097 1465 4153 iste
1493 4106 1574 4153 est
1604 4098 1819 4166 ﬂuvius,

214 4185 308 4257 qui
339 4193 469 4240 tunc
499 4185 780 4257 egreditur
810 4184 1029 4256 quando
1066 4184 1233 4240 certis
1278 4185 1427 4241 foras
1456 4186 1669 4242 indiciis
1697 4203 1820 4242 ma-

208 4273 514 4340 nifestatur,
547 4290 669 4329 cum
700 4288 823 4329 eam
852 4273 1112 4329 cohibere
1158 4289 1270 4345 prae
1314 4274 1476 4328 nimia
1508 4275 1624 4343 ejus
1651 4276 1820 4331 vehe-

1944 480 2159 544 tempus
2186 491 2298 529 non
2329 482 2438 528 tam
2472 474 2635 529 instat
2683 491 2846 546 quam
2895 484 3087 541 exstat,
3135 485 3192 530 ut
3240 477 3549 546 egrediatur

1944 562 2013 616 ad
2042 562 2383 635 irrigandum
2414 563 2749 633 paradisum.
2782 565 2850 618 Et
2878 564 3055 619 dicitis
3090 580 3101 619 :
3138 564 3425 633 Quomodo
3457 564 3550 619 fiet

1933 650 2131 704 istud?
2162 650 2449 719 Quomodo
2480 652 2733 721 superius
2782 660 3062 707 ostensum
3109 660 3209 707 est.
3254 652 3551 708 Convenite

1942 737 1996 791 in
2027 755 2193 793 unum
2227 739 2565 809 spiritualem
2604 740 2903 795 secundum
2944 742 3139 807 Deum,
3182 757 3247 795 ex
3278 741 3412 807 Deo,
3448 756 3549 810 pro

1941 827 2076 893 Deo,
2110 844 2232 882 cum
2262 828 2378 882 Deo
2409 843 2758 894 consensum,
2793 828 2936 884 sicut
2982 829 3039 882 in
3078 845 3243 883 unum
3269 830 3380 897 jam
3410 844 3547 884 con-

1942 915 2165 970 venistis
2196 916 2533 987 corporalem
2564 916 2763 982 locum,
2801 926 2853 972 et
2883 926 2993 971 tam
3044 917 3247 989 singuli
3278 934 3439 988 quam
3470 917 3542 971 si-

1938 1003 2052 1057 mul
2075 1020 2287 1068 omnes,
2322 1020 2447 1060 cum
2478 1020 2678 1074 magna
2699 1005 3009 1072 devotione,
3035 1013 3087 1060 et
3114 1006 3206 1059 illo
3229 1006 3321 1076 qui
3351 1022 3549 1061 secun-

1939 1092 2068 1146 dum
2098 1092 2383 1147 scientiam
2412 1101 2513 1158 est,
2562 1093 2699 1161 zelo,
2734 1092 2789 1146 id
2833 1102 2934 1159 est,
2983 1093 3219 1149 discreto
3248 1095 3316 1148 de
3337 1093 3547 1148 ordinis

1938 1180 2292 1250 reparatione,
2334 1180 2708 1249 renovatione,
2732 1182 3191 1248 corroboratione,
3226 1189 3335 1235 tam
3367 1182 3422 1236 in
3466 1182 3538 1235 si-

1936 1268 2142 1336 nistris,
2179 1269 2224 1322 si
2256 1285 2375 1341 quae
2403 1277 2547 1335 sunt,
2582 1270 2947 1339 corrigendis,
2992 1286 3153 1341 quam
3184 1270 3237 1324 in
3268 1270 3427 1324 bonis
3454 1269 3543 1322 in-

1938 1357 2247 1423 stituendis,
2300 1357 2659 1429 adaugendis,
2723 1357 3126 1424 confirmandis,
3179 1365 3396 1413 strenue
3444 1373 3543 1413 vos

1936 1445 2291 1500 intromittite.
2324 1447 2508 1517 Itaque
2538 1445 2716 1500 levate
2765 1446 2954 1501 oculos
3002 1454 3250 1511 vestros;
3285 1454 3337 1500 et
3366 1446 3545 1501 videte

1936 1535 2191 1606 regiones
2223 1534 2269 1587 si
2301 1534 2440 1588 albas
2498 1542 2620 1588 sunt
2672 1535 2785 1602 jam
2836 1534 2906 1587 ad
2932 1550 3190 1602 messem,
3248 1550 3316 1587 an
3375 1534 3543 1604 (quod
3608 1574 3614 1579 ι

1938 1623 2100 1692 absit)
2132 1622 2293 1677 siccae
2325 1622 2393 1676 ad
2423 1622 2631 1693 ignem.
2670 1623 2825 1677 Mane
2874 1622 3080 1694 surgite
3109 1622 3177 1676 ad
3222 1621 3430 1686 vineas,
3466 1621 3545 1677 vi-

1937 1711 2062 1766 dete
2094 1710 2137 1765 si
2160 1710 2341 1765 ﬂoruit
2370 1711 2549 1777 vinea,
2582 1711 2629 1764 si
2676 1710 2843 1765 ﬂores
2890 1709 3099 1766 fructus
3129 1710 3462 1781 parturiunt,
3497 1709 3544 1765 si

1933 1800 2227 1854 ﬂoruerunt
2249 1798 2390 1853 mala
2410 1798 2635 1869 punica.
2678 1798 2755 1852 Ibi
2786 1798 3131 1869 potissimum
3161 1798 3309 1852 dabit
3343 1813 3544 1868 sponsa

1932 1888 2105 1943 ubera
2139 1904 2239 1942 sua
2267 1903 2489 1958 sponso.
2511 1885 2633 1955 Quo
2657 1894 2837 1941 autem
2859 1888 2976 1943 haec
2996 1888 3276 1952 attineant,
3301 1887 3424 1941 ideo
3440 1886 3543 1941 de-

1933 1976 2168 2032 vitamus
2232 1976 2470 2046 apertius
2545 1992 2821 2046 exponere
2896 1976 3129 2031 scrutari
3195 1975 3540 2046 profundius,

1932 2065 2207 2135 profusius
2238 2064 2473 2133 edicere,
2500 2064 2629 2135 quia
2683 2065 2799 2119 haec
2857 2064 3009 2119 nullo
3071 2063 3233 2118 modo
3290 2062 3538 2135 potestis,

1933 2160 2192 2225 quantum
2220 2153 2288 2207 ad
2320 2153 2499 2223 ipsam
2548 2153 2811 2207 duntaxat
2860 2152 3253 2223 experientiam
3302 2158 3532 2222 spectat,

1930 2241 2205 2314 ignorare,
2239 2241 2285 2295 si
2315 2249 2556 2297 vestrum
2588 2240 2816 2296 studetis
2847 2248 2959 2295 tam
2982 2240 3186 2312 jugiter
3216 2255 3379 2310 quam
3410 2239 3541 2294 viri-

1932 2330 2057 2384 liter
2085 2346 2183 2401 pro
2213 2330 2333 2385 loco
2366 2338 2417 2384 et
2447 2338 2714 2401 tempore,
2749 2345 2846 2401 pro
2886 2329 3107 2401 negotio
3137 2336 3190 2383 et
3218 2343 3403 2393 causa,
3438 2343 3540 2397 pro

1932 2434 2191 2474 mensura
2221 2426 2273 2473 et
2302 2418 2487 2485 modo,
2524 2426 2579 2472 ut
2607 2418 2754 2483 licet,
2790 2418 2945 2473 decet
2976 2425 3029 2471 et
3057 2416 3271 2487 expedit
3301 2414 3537 2471 oﬂicium

1932 2497 2204 2564 exercere.
2240 2508 2355 2563 Hoc
2382 2514 2564 2562 autem
2594 2522 2759 2577 quam
2798 2506 3026 2562 sollicite
3056 2512 3312 2575 procuret
3342 2502 3540 2559 ﬂuvius

1930 2595 2052 2663 iste,
2086 2604 2144 2651 ut
2173 2595 2253 2652 sic
2282 2596 2593 2668 egrediatur
2624 2596 2693 2651 de
2721 2595 2844 2650 loco
2874 2594 3168 2664 voluptatis
3199 2594 3268 2647 ad
3295 2592 3536 2665 irrigan-

1931 2685 2059 2739 dum
2088 2685 2422 2755 paradisum,
2459 2693 2727 2756 quatenus
2755 2684 2882 2738 inde
2912 2684 3183 2737 dividatur
3220 2682 3276 2736 in
3307 2690 3535 2753 quatuor

1929 2774 2123 2844 capita.
2142 2775 2283 2828 Nam
2304 2773 2383 2829 sic
2403 2789 2569 2830 verax
2583 2772 2745 2827 refert
2773 2772 2994 2827 historia
3011 2772 3171 2842 (Gen.
3202 2786 3262 2836 ιι,
3282 2772 3369 2839 10)
3397 2785 3409 2823 :
3434 2785 3535 2824 nos

1930 2870 2107 2918 autem
2112 2903 2127 2930 ,
2152 2862 2196 2916 si
2210 2863 2265 2916 in
2284 2862 2542 2933 praesenti
2559 2862 2754 2916 melius
2776 2876 2885 2915 non
2906 2860 3138 2926 habetis,
3164 2860 3281 2915 haec
3302 2866 3534 2929 quatuor

1929 2952 2102 3023 capita
2132 2950 2419 3007 referimus
2442 2950 2748 3005 adtotidem
2778 2957 2979 3005 sanctae
3009 2948 3289 3020 religionis
3319 2946 3535 3002 exerci—

1933 3041 2021 3107 tia,
2068 3041 2123 3094 in
2162 3040 2359 3112 quibus
2417 3040 2537 3110 ipsa
2593 3038 2840 3095 consistit
2894 3037 3057 3092 totius
3105 3037 3309 3090 ordinis
3364 3035 3535 3090 nostri

1929 3130 2107 3185 forma
2138 3129 2328 3201 [Par.,
2361 3127 2615 3201 summa].
2642 3129 2777 3183 Sunt
2797 3135 2995 3192 autem,
3024 3125 3205 3191 lectio,
3230 3124 3529 3190 meditatio,

1928 3219 2121 3284 oratio,
2154 3218 2292 3273 actio
2325 3236 2337 3271 :
2371 3226 2607 3291 quatuor
2636 3217 2770 3282 haec,
2805 3217 2980 3284 major
3010 3222 3189 3269 autem
3220 3214 3417 3268 horum
3448 3221 3532 3267 est

1928 3306 2124 3362 oratio.
2159 3305 2320 3362 Omni
2349 3306 2550 3376 quippe
2579 3306 2713 3361 hora
2744 3321 2867 3361 cum
2896 3304 2964 3357 ab
2992 3303 3125 3373 ipsis
3154 3302 3533 3373 corporalibus

1928 3394 2345 3451 necessitatibus
2398 3410 2660 3451 vocamus
2706 3393 2928 3464 (quibus
2985 3392 3225 3463 quandiu
3271 3390 3360 3446 hic
3388 3390 3529 3446 vivi-

1927 3500 2068 3550 mus,
2103 3484 2306 3539 servire
2338 3482 2739 3554 compellimur)
2756 3482 2808 3535 in
2825 3482 3007 3553 aliquo
3036 3480 3261 3535 istorum
3292 3487 3527 3550 quatuor

1927 3572 2175 3639 inveniri,
2210 3573 2367 3644 eique
2393 3588 2557 3643 quam
2586 3572 2814 3627 sollicite
2843 3571 3127 3626 intendere
3158 3576 3428 3623 tenemur.
3464 3568 3531 3622 Et

1926 3670 2139 3733 oportet
2186 3661 2405 3733 quidem
2450 3670 2508 3716 ut
2544 3662 2705 3717 lectio
2752 3660 3032 3715 evidenter
3094 3657 3430 3729 intelligatur
3478 3664 3531 3711 et

1926 3751 2237 3806 memoriter
2264 3750 2566 3806 retineatur
2601 3768 2613 3803 :
2647 3749 2942 3815 meditatio,
2978 3756 3035 3802 ut
3059 3746 3258 3802 nullius
3288 3747 3527 3817 phanta-

1927 3840 2112 3895 smatis
2141 3840 2376 3913 caligine
2406 3840 2744 3903 obscuretur,
2779 3838 2877 3892 sed
2925 3836 3086 3907 plena
3134 3834 3379 3891 veritatis
3409 3834 3531 3890 luce

1924 3930 2258 3998 illustretur;
2291 3930 2466 3985 oratio
2493 3944 2711 4000 quoque
2738 3970 2750 3993 ,
2785 3936 2842 3981 ut
2871 3927 3082 3982 caelesti
3108 3925 3163 3980 in
3194 3925 3342 3980 omni
3373 3922 3531 3995 puri-

1925 4028 2033 4075 tate
2064 4020 2279 4075 sincera
2310 4027 2361 4073 et
2391 4018 2705 4073 sinceritate
2744 4031 2879 4087 pura
2926 4014 3198 4071 desiderio
3228 4013 3533 4068 inﬂamme-

1924 4117 2030 4174 tur,
2066 4117 2117 4164 et
2148 4108 2382 4179 integra,
2415 4114 2585 4173 recta,
2639 4106 2843 4161 directa
2882 4113 3044 4175 atque
3094 4110 3276 4158 erecta
3321 4102 3533 4173 piarum

1924 4197 2289 4269 lacrymarum
2311 4195 2574 4250 effusione
2594 4196 2953 4249 humectetur.
2972 4193 3129 4248 Actio
3147 4206 3279 4246 vero
3301 4191 3371 4245 ab
3384 4189 3533 4245 omni

1922 4303 2151 4357 prorsus
2181 4294 2390 4356 tepore,
2425 4283 2676 4354 segnitie,
2727 4290 2779 4336 et
2824 4280 3247 4351 perturbatione,
3282 4294 3347 4335 ac
3377 4295 3530 4333 mur-

207 4362 412 4417 mentia
442 4362 558 4432 ipse
592 4378 807 4434 quoque
854 4364 1068 4417 animus
1111 4378 1220 4418 non
1269 4362 1480 4417 sinitur.
1514 4363 1582 4417 Et
1609 4363 1711 4419 iste
1739 4373 1821 4419 est
1849 4365 1900 4424 D
1924 4392 2077 4430 mure
2108 4374 2306 4436 aliena,
2339 4388 2500 4427 omne
2544 4371 2692 4441 quod
2740 4378 2917 4440 potest
2960 4370 3158 4424 obesse
3206 4367 3528 4434 omittendo,

206 4449 408 4505 ﬂuvius
440 4451 529 4521 qui
558 4450 839 4522 egreditur
871 4450 939 4506 de
970 4450 1092 4507 loco
1143 4450 1431 4521 voluptatis
1477 4451 1545 4505 ad
1576 4451 1818 4524 irrigan-

208 4537 338 4591 dum
360 4538 690 4608 paradisum.
745 4540 889 4594 Ecce
935 4538 1063 4610 quia
1104 4539 1227 4611 quis
1274 4538 1375 4594 iste
1424 4539 1493 4593 sit
1528 4540 1817 4611 paradisus

205 4626 331 4697 quis
352 4626 511 4680 etiam
539 4627 692 4683 locus
735 4626 1050 4698 voluptatis,
1102 4628 1225 4698 quis
1271 4643 1403 4683 vero
1450 4628 1552 4683 iste
1596 4628 1812 4695 ﬂuvius,

205 4714 409 4786 quidve
439 4715 504 4769 sit
544 4716 688 4771 hunc
741 4716 1055 4786 paradisum
1102 4715 1334 4789 irrigari,
1385 4716 1620 4772 diximus
1660 4718 1817 4773 vobis

197 4803 338 4873 jam,
373 4811 423 4858 et
454 4803 701 4859 audistis.

665 4893 1059 4950 CAPITULUM
1090 4893 1209 4948 XV.

216 4980 488 5053 Quodqui
508 4981 582 5036 ad
601 4997 861 5053 annuum
878 4982 1226 5038 conveniunt
1241 4980 1563 5053 Capitulum
1577 4983 1814 5053 priores,

284 5051 505 5123 ordini:
536 5052 741 5107 debent
770 5053 1076 5123 diligenter
1100 5051 1399 5108 intendere
1416 5051 1771 5108 renovationi
1797 5073 1815 5107 :

279 5126 335 5176 et
368 5122 434 5195 de
490 5128 733 5195 quatuor
761 5122 979 5179 sanctis
1003 5125 1314 5188 exercitiis,
1349 5124 1547 5195 quibus
1575 5124 1816 5178 sollicite

283 5193 509 5248 studere
549 5195 706 5248 debet
743 5196 928 5249 omnis
951 5196 1127 5266 quiin
1169 5196 1314 5250 cella
1358 5193 1487 5250 ‘vult
1526 5197 1817 5265 fructuose

281 5267 640 5319 commorari.

281 5351 467 5423 Itaque
498 5352 544 5406 si
576 5360 657 5406 est
678 5354 821 5423 apud
854 5369 970 5417 vos,
995 5353 1104 5408 imo
1126 5354 1265 5408 intra
1295 5369 1393 5408 vos
1426 5352 1603 5421 (vobis
1635 5360 1817 5407 autem

207 5438 337 5503 dico
366 5441 655 5503 reverendi
686 5443 872 5497 Patres
903 5442 1074 5499 nostri
1104 5442 1333 5513 priores,
1370 5441 1459 5514 qui
1481 5441 1549 5496 ad
1578 5458 1816 5501 annuum

1918 4465 2068 4519 nulla
2098 4462 2321 4516 malitiae
2343 4460 2570 4528 alicujus
2593 4466 2745 4529 peste
2766 4465 3150 4528 corrumpatur
3173 4477 3187 4525 ;
3223 4457 3318 4512 sed
3350 4457 3530 4529 magis

1918 4569 2045 4610 cum
2114 4550 2356 4622 perfecta
2437 4547 2820 4613 sollicitudine,
2881 4546 3175 4613 alacritate,
3234 4546 3527 4615 hilaritate,

1919 4642 2248 4707 strenuitate,
2314 4637 2575 4711 quidquid
2621 4636 2761 4693 valet
2802 4636 3086 4706 prodesse,
3140 4651 3238 4706 pro
3275 4650 3438 4706 posse
3479 4642 3533 4689 et

1918 4747 2083 4786 nosse
2112 4727 2468 4793 admittendo,
2502 4726 2650 4781 omni
2696 4724 2959 4797 probabili
3006 4723 3261 4779 exercitio
3291 4723 3527 4777 adorne-

1917 4829 2023 4876 tur.
2076 4818 2194 4874 Nisi
2240 4816 2443 4873 sanctis
2489 4816 2575 4870 his
2625 4823 2853 4886 quatuor
2900 4813 3170 4868 exercitiis
3225 4810 3528 4867 sanctitatis

1917 4908 2200 4964 intendere
2230 4907 2524 4977 diligenter
2569 4913 2621 4961 et
2668 4903 3037 4958 indesinenter
3086 4915 3358 4965 curemus,
3411 4898 3528 4952 fru-

1918 5005 2104 5052 ctuose
2134 4997 2188 5050 in
2219 4995 2373 5052 caelis
2404 4995 2607 5049 nostris
2662 4992 2864 5047 morari
2914 5007 3023 5045 non
3053 4989 3314 5044 valemus.
3352 4986 3528 5055 Quam

1920 5086 2098 5151 dulce,
2136 5102 2294 5156 quam
2329 5100 2518 5153 suave,
2549 5098 2708 5155 quam
2743 5082 2965 5146 bonum,
3010 5094 3174 5150 quam
3200 5077 3523 5146 jucundum,

1918 5191 2080 5246 quam
2151 5174 2493 5239 delectabile,
2541 5188 2699 5243 quam
2746 5168 2975 5224 amabile
3016 5166 3189 5223 videri
3219 5183 3376 5222 servo
3428 5166 3524 5221 Dei

1917 5265 2099 5331 debet,
2151 5264 2335 5319 latenti
2386 5264 2438 5318 in
2484 5262 2639 5327 cella,
2707 5261 2793 5315 his
2842 5268 3072 5331 quatuor
3119 5255 3432 5313 intendere!
3470 5266 3529 5311 ut

1915 5369 2060 5409 nunc
2090 5354 2331 5408 studiose
2363 5352 2604 5407 intendat
2636 5350 2877 5413 lectioni,
2924 5364 3065 5404 nunc
3108 5364 3255 5419 purae
3308 5346 3524 5401 incum-

1917 5445 2006 5500 bat
2034 5443 2284 5510 orationi,
2319 5458 2461 5497 nunc
2509 5440 2837 5497 necessariae
2883 5453 3039 5499 suam
3084 5436 3366 5508 impendat
3396 5433 3524 5493 (11Ιί-
