3972 6052
397 179 501 235 827

1252 178 1594 235 GUIGONIS
1639 178 1687 231 ll
1730 171 2137 231 CARTHUSIZE
2183 170 2476 228 MAIORIS
2526 169 2820 227 PRIORIS.

3486 154 3489 165 λ
3589 171 3696 224 828

392 300 633 374 gentiam
665 300 863 356 actioni
887 322 905 367 ;
938 309 990 357 et
1018 301 1090 355 ita
1120 310 1176 355 ut
1205 302 1259 356 in
1309 301 1539 373 singulis
1568 300 1653 354 bis
1682 298 1831 353 nulla
1860 299 1992 352 hora
2011 298 2067 357 Α
2096 294 2193 351 sed
2220 295 2337 350 haec
2366 294 2419 349 in
2450 302 2503 350 te
2533 294 2796 350 comestio
2842 292 3016 363 magis
3047 292 3246 345 famem
3272 292 3511 364 adauget
3538 307 3707 363 quam

394 390 483 443 vel
512 398 786 445 momento
818 406 970 443 mens
1019 406 1117 444 sua
1165 390 1425 445 defecatze
1469 389 1608 443 desit
1636 386 1993 442 meditationi.

396 479 521 547 Ipsa
550 493 785 548 namque
819 494 941 533 cum
974 479 1199 550 singulis
1227 479 1311 531 his
1353 478 1551 532 absens
1583 485 1683 539 est,
1719 476 1865 529 nulla
1895 491 1997 544 pe-

398 566 543 619 nitus
572 566 626 619 in
657 566 918 620 exercitio
961 582 1057 621 suo
1089 567 1248 637 plene
1292 566 1566 621 fructuosa
1623 572 1722 619 est.
1781 563 1997 617 Etenim

394 654 600 724 absque
627 655 917 723 praesentia
958 656 1095 722 ejus,
1130 672 1229 709 nec
1286 654 1446 709 lectio
1494 654 1635 708 valet
1664 668 1764 722 per
1793 650 2025 704 intelli-‘

394 742 637 813 gentiam
668 743 1007 811 apprehendi
1034 751 1088 797 et
1118 742 1356 807 retineri,
1409 758 1507 796 nec
1554 741 1725 795 oratio
1756 740 1809 793 in
1842 756 1995 793 sum-

395 830 497 883 mis
529 830 788 899 suspendi
819 838 869 884 et
900 831 1115 895 morari,
1160 847 1260 885 nec
1308 831 1447 885 actio
1490 830 1558 883 ad
1603 828 1916 883 necessaria
1945 834 1997 881 et

395 917 543 972 utilia
576 918 789 973 extendi
827 927 879 973 et
926 918 1110 990 dirigi.
1162 917 1372 973 Idcirco
1420 916 1789 971 necessarium
1838 915 1997 969 valde

396 1012 450 1058 ut
509 1022 939 1077 unamquamque
983 1006 1313 1077 reliquarum
1357 1005 1518 1059 trium
1566 1005 1669 1057 ista
1698 1004 1992 1073 praecedat,

394 1101 447 1146 et
478 1094 783 1160 comitetur,
819 1102 870 1149 et
900 1095 1258 1164 subsequatur
1291 1110 1302 1147 ε
1334 1093 1606 1164 praecedat
1649 1092 1771 1147 dico
1802 1107 1995 1145 unam-

396 1196 689 1253 quamque,
724 1190 781 1236 ut
813 1183 951 1237 bene
978 1183 1303 1253 incipiatur;
1337 1182 1642 1245 comitetur,
1672 1188 1728 1233 ut
1752 1180 1891 1234 bene
1923 1179 1998 1232 in-

393 1278 569 1340 cepta,
623 1270 785 1339 plena
819 1279 1263 1334 consummetur;
1300 1270 1682 1340 subsequatur,
1734 1276 1790 1321 ut
1836 1267 1996 1337 plene

393 1366 789 1425 consummata,
870 1358 1097 1412 firmiter
1164 1359 1471 1413 roboretur.
1526 1356 1820 1411 Consolare
1878 1354 1997 1425 (tibi

390 1445 531 1510 dico,
568 1446 657 1515 qui
680 1446 1006 1499 inhabitator
1037 1446 1189 1500 cellae
1219 1446 1301 1516 es)
1332 1445 1633 1507 consolare,
1666 1444 1910 1513 inquam,
1945 1450 1998 1496 et

394 1529 575 1583 laetare
606 1529 659 1582 in
692 1530 948 1595 Domino,
983 1545 1108 1585 cum
1156 1530 1405 1595 Domino,
1456 1544 1557 1599 pro
1587 1529 1839 1596 Domino,
1874 1528 1996 1598 quia

393 1617 541 1670 illam
574 1633 734 1687 quam
766 1625 817 1671 te
848 1633 1036 1687 speras
1066 1618 1121 1671 in
1152 1617 1333 1672 futuro
1376 1617 1687 1671 habiturum
1737 1616 1992 1687 quietem,
2016 1650 2068 1708 B

388 1706 501 1772 jam
533 1706 692 1759 modo
723 1705 777 1759 in
808 1706 1130 1776 quibusdam
1170 1706 1280 1760 suis
1312 1706 1713 1777 quodammodo
1744 1704 1996 1775 primitiis

393 1793 566 1848 habes
598 1802 651 1848 et
682 1802 854 1849 tenes.
906 1794 1181 1849 Audenter
1222 1794 1454 1849 dicimus
1497 1794 1613 1862 tibi,
1665 1793 1791 1865 quia
1837 1793 1881 1846 si
1930 1808 1995 1847 eo

396 1882 559 1936 modo
591 1898 698 1953 quo
729 1898 851 1937 esse
881 1882 1070 1947 debes,
1115 1883 1169 1936 in
1216 1883 1356 1937 cella
1384 1898 1462 1952 es,
1507 1883 1660 1950 juxta
1708 1882 1996 1953 quemdam

391 1970 609 2024 modum
629 1971 681 2024 in
705 1970 822 2041 ipso
845 1971 984 2025 coelo
1002 1988 1081 2025 es.
1108 1971 1400 2043 Eccelegis
1418 1978 1626 2038 etoras,
1648 1969 1928 2024 meditaris
1946 1977 1999 2023 et

391 2058 633 2128 operaris
669 2074 680 2112 :
714 2060 831 2114 hatc
861 2067 983 2113 sunt
1004 2059 1261 2114 exercitia
1285 2060 1480 2130 quibus
1504 2058 1807 2112 intendisin
1837 2058 1993 2112 cella.

399 2146 571 2213 Quam
604 2155 849 2201 sanctum
882 2163 944 2201 os
975 2155 1145 2211 tuum,
1188 2162 1351 2217 quam
1384 2155 1571 2201 sancta
1599 2154 1651 2201 et
1683 2146 1830 2200 auris
1860 2154 1950 2199 tua
1982 2145 1993 2199 l

396 2234 527 2287 Cum
562 2250 725 2288 auras
756 2234 825 2305 (si
856 2243 1038 2289 tamen
1076 2251 1141 2289 eo
1199 2236 1363 2289 modo
1392 2250 1534 2300 oras,
1570 2250 1676 2305 quo
1710 2250 1865 2288 orare
1896 2234 1997 2287 de-

396 2322 540 2390 bes),
574 2338 636 2376 os
668 2331 815 2376 tuum
847 2323 899 2375 in
930 2338 1062 2377 aure
1112 2323 1209 2378 Dei
1241 2331 1341 2377 est.
1374 2324 1441 2377 Et
1470 2338 1575 2395 ego
1604 2322 1837 2377 verebor
1864 2321 1999 2375 illud

397 2425 459 2465 os
490 2418 733 2464 sanctum
795 2411 983 2466 dicere
1014 2412 1158 2482 quod
1206 2411 1259 2465 in
1289 2412 1458 2481 ipsius
1508 2427 1637 2465 aure
1695 2411 1794 2465 Dei
1841 2410 1999 2483 video

400 2498 565 2552 esse?
595 2499 728 2553 Cum
760 2515 893 2553 vero
922 2499 1078 2570 legis,
1113 2507 1167 2553 et
1224 2516 1286 2554 os
1344 2499 1442 2554 Dei
1494 2499 1548 2552 in
1597 2514 1726 2553 aure
1770 2507 1856 2552 tua
1885 2506 1991 2553 est.

394 2587 463 2640 Et
517 2604 707 2641 aurem
761 2588 904 2643 hanc
975 2604 1079 2660 ego
1137 2596 1378 2642 sanctam
1434 2604 1541 2641 non
1600 2587 1820 2642 dicam?
1875 2587 1998 2642 Sive

390 2690 523 2746 ergo
552 2682 607 2728 tu
635 2675 875 2746 loquaris
905 2677 1021 2730 Deo
1053 2677 1221 2746 (quod
1251 2677 1433 2745 utique
1464 2675 1597 2730 facis
1647 2691 1768 2730 cum
1800 2676 1947 2744 oras)
1984 2691 1996 2728 :

395 2762 510 2815 sive
568 2763 819 2833 loquatur
877 2763 973 2817 tibi
1031 2766 1177 2818 Deus
1238 2764 1404 2834 (quod
1464 2772 1589 2817 tunc
1643 2764 1894 2817 nimirum
1943 2762 2001 2817 ﬁt

396 2867 521 2904 cum
552 2851 732 2921 legis),
769 2851 985 2905 beatum
1017 2860 1067 2905 te
1098 2851 1470 2906 incunctanter
1499 2867 1706 2906 assero.
1743 2851 1882 2919 Quid
1911 2852 1998 2905 di-

390 2954 515 2993 cam
549 2939 617 2992 de
648 2939 1001 2993 meditatione
1034 2941 1212 3009 pura?
1234 2940 1364 3010 quid
1394 2940 1462 2993 de
1491 2940 1701 2995 actione
1732 2939 1999 3011 egregia?

395 3028 533 3081 Nam
588 3026 683 3080 illa
742 3026 1041 3083 sanctiﬁcat
1071 3028 1329 3094 animum,
1381 3029 1495 3082 haec
1543 3036 1721 3082 autem
1770 3035 1999 3082 exornat

394 3133 634 3171 manum.
669 3116 803 3185 Quis
832 3125 995 3188 neget
1054 3118 1229 3172 Deum
1285 3133 1407 3172 esse
1466 3118 1603 3170 intra
1661 3125 1731 3185 te,
1791 3133 1914 3172 cum
1944 3118 1998 3171 in

392 3214 575 3260 mente
606 3213 697 3259 tua
739 3205 871 3258 nihil
919 3221 1024 3260 non
1087 3206 1284 3260 bonum
1334 3214 1386 3261 et
1434 3214 1696 3270 sanctum,
1728 3205 1861 3259 nihil
1888 3221 1997 3259 non

394 3293 671 3348 sincerum
700 3301 751 3347 et
799 3293 1137 3364 religiosum,
1192 3294 1325 3348 nihil
1382 3311 1491 3349 non
1548 3302 1888 3348 mansuetum
1946 3302 1998 3348 et

396 3381 566 3451 pium,
610 3382 744 3435 nihil
774 3397 881 3436 non
912 3399 1106 3453 purum
1141 3391 1192 3437 et
1238 3384 1517 3449 mundum,
1554 3391 1815 3453 quantum
1852 3383 1997 3436 dun-

394 3477 541 3523 taxat
571 3470 640 3524 ad
682 3470 889 3525 crimen
922 3471 1187 3540 pertinet;
1222 3471 1319 3525 sed
1369 3470 1514 3541 quod
1568 3478 1651 3525 est
1698 3470 1997 3525 sanctitatis

394 3566 447 3613 et
479 3557 753 3625 bonitatis,
816 3560 961 3631 quod
1017 3559 1339 3614 sinceritatis
1396 3567 1448 3613 et
1491 3558 1792 3629 religionis,
1853 3559 1998 3629 quod

396 3647 828 3702 mansuetudinis
858 3656 909 3702 et
954 3648 1191 3718 pietatis,
1226 3648 1371 3717 quod
1420 3647 1667 3717 puritatis
1694 3655 1747 3701 et
1776 3647 1997 3701 mundi-

395 3736 501 3803 tiae,
537 3735 591 3789 in
623 3751 687 3790 ea
716 3744 978 3790 versatur.
1013 3735 1146 3803 Quis
1178 3736 1340 3789 etiam
1370 3744 1498 3790 tunc
1528 3743 1691 3805 neget
1720 3752 1843 3789 eum
1876 3751 1998 3789 esse

397 3824 543 3893 apud
574 3831 644 3889 te,
688 3839 809 3878 cum
839 3824 970 3876 nihil
1000 3823 1104 3877 nisi
1123 3825 1268 3893 quod
1286 3823 1417 3877 utile
1439 3830 1520 3877 est
1549 3823 1796 3893 Operaris
1816 3823 1842 3875 ἱ)
1865 3823 1998 3878 Sunt

397 3911 578 3980 itaque
610 3911 804 3981 quibus
832 3911 886 3964 in
915 3911 1049 3966 cella
1074 3911 1280 3981 jugiter
1308 3911 1563 3975 intendis,
1599 3911 1689 3980 qui
1733 3911 1999 3966 habitator

395 4014 455 4053 es
486 3998 657 4063 cellm,
693 4006 919 4069 quatuor
948 3998 1200 4053 exercitia
1228 4001 1346 4053 hmo
1393 3999 1553 4053 lectio
1601 3998 1846 4054 studiosa
1875 4016 1995 4055 me-

395 4085 585 4141 ditatio
615 4102 772 4157 pura,
807 4086 980 4142 oratio
1010 4087 1323 4154 medullata,
1354 4088 1493 4142 actio
1522 4087 1848 4142 necessaria.

913 4248 999 4303 CA
1008 4249 1306 4305 PITULUM
1336 4250 1461 4304 XVI
1475 4290 1487 4302 .

2098 383 2289 437 minuit
2321 401 2335 438 :
2369 391 2420 437 et
2450 383 2678 437 multum
2726 382 2916 436 bibere
2946 380 3077 434 nihil
3109 388 3187 435 est
3221 380 3361 434 aliud
3394 395 3553 450 quam
3587 396 3706 433 am-

2097 471 2240 542 plius
2270 471 2446 527 sitire.
2486 472 2682 542 Sicque
2715 486 2902 525 verum
2951 485 3072 523 esse
3104 469 3375 522 invenitur
3404 468 3550 538 quod
3581 468 3706 537 ipsa

2098 560 2165 613 de
2184 576 2242 614 se
2266 559 2541 629 Sapientia
2562 560 2716 614 dicit:
2740 559 2843 625 Qui
2864 558 3037 613 edunt
3069 574 3177 623 me,
3208 557 3388 611 adhuc.
3419 557 3697 622 esurient,

2098 653 2155 704 et
2185 650 2279 720 qui
2308 649 2503 703 bibunt
2549 665 2637 702 me
2684 646 2867 702 adhuc
2915 646 3114 701 sitient
3163 647 3355 713 (Evoti.
3391 659 3550 711 xxiv,
3582 648 3700 715 29).

2099 736 2331 804 Quando
2362 743 2413 790 te
2454 736 2651 806 poterit
2698 734 2939 805 arripere
2992 732 3410 804 pusillanimitas
3458 731 3704 802 spiritus,

2098 824 2265 878 animi
2296 830 2610 893 tempestas,
2644 823 2841 895 agonia
2869 821 3068 885 cordis,
3122 821 3209 875 vel
3251 820 3574 875 contristare
3604 818 3707 872 ali—

2100 912 2247 982 quod
2280 912 2518 977 taedium,
2555 928 2676 967 cum
2709 910 3159 982 quadripartitum
3200 910 3304 964 hoc
3351 908 3492 978 apud
3542 916 3593 961 te
3624 907 3707 961 vi-

2098 1001 2277 1072 guerit
2306 1000 2621 1055 exercitium
2641 1000 2668 1053 ‘2
2698 998 2875 1067 Quare
2922 997 3140 1069 quidam
3171 997 3324 1052 cella:
3354 996 3704 1050 solitudinem

2099 1097 2151 1143 et
2217 1089 2451 1159 quietem
2501 1088 2677 1159 [Par.,
2742 1085 3036 1158 silentium]
3097 1086 3411 1151 abhorrent,
3480 1091 3531 1139 et
3592 1084 3708 1137 suf-

2098 1176 2245 1231 ferre
2277 1192 2445 1249 grave
2494 1177 2795 1246 deputant,-
2825 1175 2931 1229 nisi
2963 1175 3085 1246 quia
3130 1190 3270 1245 quae,
3318 1172 3490 1243 qualis
3521 1187 3705 1242 quan-

2098 1272 2258 1335 taque
2288 1265 2357 1318 sit
2399 1280 2589 1319 eorum
2630 1263 2865 1317 suavitas
2909 1270 2960 1317 et
3006 1261 3238 1316 dulcedo
3284 1261 3497 1330 penitus
3540 1260 3707 1331 igno-

2099 1361 2223 1406 rant
2246 1354 2274 1407 ‘?
2305 1352 2400 1407 Cui
2429 1352 2760 1423 comparabo
2791 1359 2863 1415 te,
2897 1351 2985 1405 vel
3013 1350 3100 1405 cui
3149 1348 3464 1404 assimilabo
3502 1355 3574 1413 te,
3608 1347 3705 1417 qui

2100 1448 2313 1495 amator
2344 1449 2394 1495 et
2426 1441 2755 1495 inhabitator
2784 1456 2844 1495 es
2875 1439 3027 1495 cellae
3052 1458 3064 1505 ς
3098 1438 3189 1509 qui
3220 1454 3337 1491 eam
3369 1445 3421 1491 et
3469 1436 3704 1490 amando

2099 1529 2384 1597 inhabitas,
2434 1538 2487 1582 et
2532 1528 2882 1582 inhabitando
2931 1528 3129 1582 amas?
3174 1524 3308 1594 Quis
3354 1525 3409 1578 in
3451 1526 3551 1579 hac
3592 1523 3705 1577 vita

2100 1619 2263 1671 homo
2293 1617 2346 1670 in
2377 1618 2477 1672 hac
2506 1625 2557 1672 te
2586 1616 2886 1671 dulcedinis
2909 1614 3235 1685 experientia
3257 1612 3546 1683 superior?
3576 1612 3705 1682 quia

2097 1706 2217 1759 talis
2248 1714 2303 1759 ut
2332 1705 2463 1759 mihi
2493 1704 2706 1759 videtur
2734 1704 2915 1758 nullus
2963 1702 3253 1757 invenitur.
3299 1700 3405 1755 Sed
3454 1699 3576 1770 quis
3607 1699 3701 1752 tibi

2097 1794 2183 1849 vel
2212 1794 2413 1865 aequari
2467 1792 2707 1863 poterit?
2736 1792 2875 1846 Num
2923 1790 3117 1862 aliquis
3159 1805 3345 1845 eorum
3376 1788 3467 1860 qui
3498 1787 3700 1861 summi

2099 1890 2224 1937 sunt
2251 1898 2432 1936 rerum
2480 1880 2734 1935 domini?
2762 1879 2955 1935 Nullus
3005 1879 3244 1935 omnino.
3286 1879 3497 1946 Nempe
3541 1892 3703 1945 supe—

2098 1971 2272 2025 riores
2303 1978 2356 2025 te
2386 1985 2511 2026 esse
2538 1968 2783 2023 fortassis
2810 1968 3080 2036 videntur,
3115 1974 3373 2037 quantum
3406 1965 3475 2019 ad
3505 1979 3703 2034 quam-

2098 2060 2220 2112 dam
2254 2059 2472 2113 nomine
2519 2065 2694 2121 tenus,
2748 2065 2801 2111 et
2848 2056 3136 2126 superficie
3178 2063 3335 2108 tenus
3381 2053 3702 2123 dignitatem

2099 2147 2456 2216 periculosam
2482 2164 2496 2210 ;
2525 2146 2594 2199 de
2624 2160 2732 2215 qua
2754 2152 2805 2199 et
2834 2159 2933 2214 pro
2955 2143 3133 2215 quain
3155 2142 3400 2197 districto
3430 2141 3529 2195 Dei
3556 2140 3705 2208 judi-

2100 2235 2184 2289 cio
2215 2234 2473 2288 reddituri
2498 2242 2621 2287 sunt
2642 2233 2928 2287 rationem.
2956 2232 3062 2287 Sed
3091 2231 3253 2301 longe
3276 2238 3396 2284 sunt
3427 2238 3479 2283 te
3507 2244 3702 2283 omnes

2099 2322 2384 2377 inferiores
2415 2330 2467 2376 et
2498 2322 2740 2375 minores
2783 2327 3044 2392 quantum
3075 2320 3141 2374 ad
3172 2318 3506 2391 singularem
3536 2318 3698 2381 hanc,

2100 2411 2154 2465 in
2184 2427 2291 2481 qua
2320 2418 2375 2464 tu
2406 2410 2642 2465 exsultas
2682 2418 2735 2463 et
2784 2408 3050 2478 tripudias
3097 2407 3453 2469 suavitatem;
3487 2405 3585 2459 sed
3608 2405 3702 2473 ju-

2101 2499 2450 2563 cunditatem,
2503 2499 2596 2552 sed
2646 2497 3008 2563 dulcedinem,
3061 2495 3157 2550 sed
3203 2494 3570 2559 hilaritatem,
3603 2493 3703 2547 sed

2099 2587 2457 2655 alacritatem,
2492 2587 2586 2640 sed
2619 2585 3005 2650 ammnitatem,
3054 2585 3152 2639 sed
3199 2583 3569 2647 serenitatem,
3604 2581 3705 2636 sed

2101 2675 2481 2741 sinceritatem,
2516 2675 2613 2728 sed
2644 2674 3082 2737 delectationem,
3114 2672 3210 2727 sed
3258 2671 3434 2726 omnis
3464 2670 3703 2741 denique

2098 2764 2179 2834 (ut
2209 2764 2361 2819 brevi
2391 2763 2559 2817 multa
2589 2778 2841 2818 sermone
2886 2762 3226 2831 concludam)
3255 2759 3380 2814 boni
3409 2758 3710 2829 plenitudi-

2099 2867 2222 2906 nem
2254 2860 2307 2906 et
2337 2852 2628 2922 quamdam
2662 2850 2805 2905 illius
2835 2850 2903 2903 ad
2951 2866 3115 2920 quam
3163 2849 3496 2918 suspiramus
3528 2847 3705 2900 beati-

2099 2939 2301 2993 tudinis
2329 2939 2568 2994 ccnlestis
2589 2939 2904 3010 imaginem,
2930 2946 2985 2992 et
3014 2936 3439 2991 similitudinem.
3464 2934 3511 2991 Ο
3541 2950 3705 3006 quam

2020 3000 2064 3057 Ο
2100 3043 2296 3099 magna
2328 3043 2596 3099 quamque
2626 3026 2794 3081 multa
2824 3026 2877 3079 in
2907 3026 2991 3079 his
3022 3033 3254 3096 quatuor
3285 3022 3556 3077 exercitiis
3587 3022 3708 3076 dul-

2098 3117 2254 3181 cedo,
2309 3116 2362 3168 in
2418 3114 2681 3181 lectione,
2732 3114 2788 3168 in
2833 3113 3202 3177 meditatione,
3252 3113 3305 3166 in
3354 3111 3618 3176 oratione,
3649 3110 3707 3163 in

2097 3205 2310 3259 actione
2330 3203 2341 3257 1
2367 3205 2592 3273 Magna;
2617 3218 2721 3258 nec
2738 3202 2807 3257 ad
2821 3217 2940 3256 eam
2960 3201 3471 3271 attingitmensura;
3502 3198 3704 3262 multa;

2098 3309 2197 3347 nec
2229 3292 2386 3346 video
2418 3292 2561 3362 quod
2591 3289 2789 3361 aliquis
2818 3290 2886 3344 sit
2914 3291 3029 3359 ejus
3060 3304 3342 3343 numerus.
3375 3289 3442 3342 Et
3470 3294 3706 3358 quatuor

2097 3382 2235 3445 haec,
2270 3378 2515 3434 fortassis
2544 3379 2632 3432 illa
2666 3386 2895 3449 quatuor
2912 3385 3036 3432 sunt
3067 3377 3242 3447 capita
3274 3377 3326 3430 in
3360 3392 3480 3447 quae
3510 3374 3707 3429 ﬂuvius

2096 3468 2186 3523 ille
2226 3468 2496 3533 dividitur,
2532 3467 2621 3538 qui
2651 3467 2720 3521 ad
2751 3466 3086 3537 irrigandum
3136 3464 3447 3536 paradisum
3478 3464 3547 3517 de
3577 3463 3703 3518 loco

2097 3555 2387 3627 voluptatis
2420 3555 2721 3627 egreditur.
2756 3555 3055 3609 Videamus
3074 3554 3189 3622 jam
3218 3552 3348 3625 quid
3378 3552 3522 3607 dicat
3556 3551 3707 3606 Scri-

2097 3653 2259 3714 ptura
2286 3645 2354 3699 de
2386 3652 2618 3715 quatuor
2634 3642 3029 3713 capitibusistis
3056 3660 3067 3695 :
3093 3643 3302 3697 Nomm
3324 3643 3428 3696 uni
3456 3640 3702 3712 Physon,

2098 3748 2303 3788 nomen
2315 3732 2550 3787 secundi
2560 3733 2719 3800 ﬂuvii
2735 3732 2901 3802 Gyon,
2917 3746 3123 3785 nomen
3139 3730 3295 3785 tertii
3307 3729 3468 3797 ﬂuvii
3484 3729 3706 3799 Tygris;

2098 3821 2305 3889 ﬂuvius
2325 3836 2450 3875 vero
2476 3823 2714 3891 quartus
2735 3822 2820 3873 est
2840 3818 3172 3889 Euphrates.
3205 3818 3272 3871 Et
3293 3817 3362 3870 de
3383 3818 3600 3886 Physon
3620 3816 3705 3868 di-

2097 3910 2236 3964 citur
2264 3908 2410 3978 quod
2437 3907 2627 3963 circuit
2657 3922 2875 3961 omnem
2906 3914 3102 3959 terram
3132 3904 3368 3969 Evilath,
3422 3905 3490 3959 de
3542 3903 3701 3974 Gyon

2098 3996 2243 4068 quod
2275 3996 2467 4051 circuit
2516 4010 2732 4049 omnem
2778 4003 2981 4049 terram
3032 3994 3350 4065 zEthyopiae,
3402 4000 3456 4047 et
3502 3990 3703 4062 Tygris

2098 4084 2245 4139 vadit
2274 4091 2462 4139 contra
2493 4083 2772 4154 Assyrios.
2803 4084 2925 4137 Non
2971 4089 3149 4136 autem
3181 4081 3380 4136 dicitur
3411 4080 3559 4151 quod
3594 4080 3706 4133 Eu-

2098 4174 2322 4241 phrates
2365 4172 2600 4243 aliquam
2650 4179 2854 4226 terram
2904 4172 3219 4238 circumeat,
3252 4169 3337 4224 vel
3368 4185 3475 4239 quo
3510 4168 3703 4233 vadat,

2100 4261 2197 4315 sed
2228 4260 2572 4315 solummodo
2602 4259 2815 4327 dicitur,
2867 4260 3011 4329 quod
3060 4257 3257 4311 ﬂuvius
3308 4265 3535 4327 quartus
3585 4256 3703 4325 ipse

394 4365 468 4419 De
500 4365 983 4419 commendatione
1013 4366 1194 4429 cellae,
1231 4368 1285 4419 et
1331 4364 1397 4420 de
1436 4368 1679 4436 quatuor
1717 4365 1993 4436 capitibus

2098 4357 2179 4404 est
2219 4350 2545 4418 Euphrates.
2598 4348 2739 4401 Num
2787 4346 2992 4417 aliquid
3040 4346 3266 4400 istorum
3295 4345 3470 4400 otiose
3498 4344 3704 4399 dictum

463 4436 583 4489 illis
614 4438 674 4507 in
708 4436 1061 4507 qurejluvius
1084 4436 1381 4500 dividitur,
1410 4435 1505 4507 qui
1535 4436 1607 4507 ad
1637 4435 1995 4505 irrigandum

462 4506 793 4577 paradisum
822 4506 887 4560 de
920 4507 1033 4561 loco
1065 4507 1369 4578 voluptatis
1400 4505 1705 4575 egreditur.

466 4609 608 4679 Quid
638 4610 853 4676 melius,
902 4611 1100 4682 quidve
1142 4612 1451 4679 jucundius,
1505 4619 1560 4665 tu
1606 4611 1697 4681 qui
1727 4611 1996 4665 habitator

398 4698 551 4754 cellae
582 4715 659 4765 es,
697 4698 968 4753 aestimare
997 4700 1186 4763 debes,
1213 4716 1374 4770 quam
1399 4700 1497 4753 has
1526 4700 1612 4752 die
1635 4714 1699 4753 ac
1729 4707 1884 4753 nocte
1915 4698 1996 4752 di-

395 4787 631 4859 ligenter
661 4787 935 4842 alternare
968 4787 1159 4843 vices?
1188 4788 1326 4841 Sane
1357 4795 1467 4841 tam
1499 4787 1656 4841 dulce
1690 4787 1786 4840 tibi
1816 4786 1997 4840 inten-

395 4876 525 4931 dere
556 4876 659 4943 his,
694 4884 1004 4947 tantamque
1026 4876 1079 4930 in
1102 4892 1431 4946 unoquoque
1461 4890 1647 4930 eorum
1679 4875 1997 4929 suavitatem

395 4963 627 5031 invenis,
676 4973 731 5018 ut
786 4965 1005 5035 quando
1064 4964 1154 5017 uni
1210 4964 1464 5029 intendis,
1524 4963 1617 5018 vix
1645 4964 1713 5018 ab
1745 4979 1809 5018 eo
1840 4963 1997 5018 evelli

394 5052 573 5121 possis
606 5061 662 5106 ut
691 5054 760 5106 ad
791 5052 935 5106 aliud
966 5052 1216 5107 accedas.
1266 5053 1347 5106 Eo
1396 5051 1569 5123 magis
1619 5052 1835 5122 singula
1881 5053 1999 5107 haec

396 5139 493 5192 tibi
525 5156 718 5209 sapere
749 5149 800 5194 et
838 5141 1155 5195 dulcescere
1201 5140 1387 5207 sentis,
1441 5156 1547 5211 quo
1596 5140 1770 5210 magis
1811 5156 1997 5194 eorum

396 5243 648 5297 saporem
680 5238 731 5283 et
762 5229 1104 5284 dulcedinem
1134 5245 1236 5283 nec
1266 5236 1374 5282 tam
1395 5244 1541 5299 sape
1562 5245 1726 5299 quam
1758 5244 1995 5298 semper,

394 5331 495 5370 nec
528 5324 635 5369 tam
663 5316 973 5387 frequenter
1005 5332 1168 5387 quam
1216 5316 1588 5371 indesinenter
1636 5317 1892 5387 percipis.
1930 5317 1999 5369 Et

396 5403 616 5475 quidem
645 5405 886 5461 comedis
919 5412 969 5459 et
1001 5405 1141 5459 bibis
1170 5421 1293 5461 cum
1324 5406 1407 5460 his
1453 5406 1694 5462 studiose
1723 5404 1957 5462 intendis
1982 5423 1995 5472 ;

2096 4438 2213 4492 est?
2232 4438 2353 4491 Non
2376 4438 2582 4507 utique.
2602 4436 2722 4489 Jam
2745 4451 2876 4508 ergo
2897 4435 3244 4489 intendamus
3264 4434 3369 4488 his.
3391 4433 3466 4488 Os
3484 4432 3704 4503 pupillae

2094 4526 2277 4580 dicunt
2301 4540 2494 4579 sonare
2544 4525 2778 4595 Physon.
2829 4524 2899 4577 Et
2943 4523 2987 4577 si
3036 4524 3142 4577 hoc
3189 4538 3379 4577 verum
3410 4529 3529 4586 est,
3563 4520 3703 4575 sicut

2095 4613 2162 4667 ad
2193 4612 2446 4682 pupillam
2481 4611 2615 4666 visio
2638 4652 2652 4677 ,
2688 4611 2767 4666 sic
2814 4611 2884 4666 ad
2915 4626 2977 4665 os
3024 4610 3224 4666 locutio
3271 4609 3463 4664 referri
3493 4616 3703 4679 potest;

2097 4716 2221 4753 nam
2252 4701 2305 4753 in
2339 4715 2431 4754 ore
2461 4700 2645 4771 lingua
2666 4707 2748 4753 est
2777 4715 2880 4769 qua
2900 4697 3191 4770 loquimur,
3216 4698 3284 4752 'in
3314 4697 3475 4753 oculo
3501 4697 3706 4767 pupilla

2097 4805 2200 4859 qua
2230 4787 2500 4842 videmus.
2535 4788 2603 4840 Et
2633 4787 2724 4840 ubi
2747 4786 2892 4857 quod
2920 4802 3106 4842 verum
3140 4794 3221 4841 est
3250 4786 3518 4851 videmus,
3551 4802 3619 4840 ne
3650 4785 3705 4838 in

2097 4876 2330 4947 caligine
2363 4875 2614 4930 falsitatis
2640 4875 2981 4939 aberremus,
3019 4874 3120 4928 nisi
3152 4874 3207 4928 in
3250 4874 3494 4927 studiosa
3538 4890 3704 4927 sacrae

2097 4965 2392 5035 Scriptura:
2422 4964 2653 5018 lectione
2674 4964 2701 5017 ?
2725 4964 2789 5016 Et
2806 4963 3022 5033 quando
3043 4978 3106 5017 ex
3129 4962 3339 5016 ordinis
3366 4961 3705 5033 indulgentia

2097 5052 2291 5107 diebus
2321 5051 2474 5106 festis
2504 5051 2734 5106 locuturi
2766 5050 3141 5115 convenimus,
3168 5050 3311 5104 unde
3340 5066 3522 5120 quaeso
3554 5049 3703 5119 loqui

2097 5141 2380 5205 debemus,
2413 5139 2517 5193 nisi
2549 5140 2615 5194 de
2646 5140 2712 5193 iis
2746 5156 2866 5209 qua:
2895 5138 3054 5194 lectio
3085 5139 3139 5193 in
3170 5155 3228 5193 se
3260 5139 3499 5193 continet
3529 5154 3701 5192 sacra:

2098 5227 2390 5298 Scriptura:
2409 5228 2434 5280 ἱ)
2466 5227 2657 5282 Merito
2678 5244 2778 5297 per
2807 5243 2867 5281 os
2889 5234 2940 5281 et
2961 5226 3240 5297 pupillam,
3263 5226 3498 5280 studium
3532 5240 3703 5280 sacrae

2098 5316 2346 5387 lectionis
2378 5316 2717 5386 exprimitur,
2753 5314 2809 5368 in
2838 5331 2941 5386 qua
2988 5315 3079 5368 lux
3111 5314 3281 5386 fulget
3311 5314 3574 5379 veritatis,
3607 5330 3705 5383 per

2099 5421 2262 5477 quam
2314 5405 2391 5489 ad
2434 5404 2731 5460 claritatem
2769 5403 3127 5477 pertingimus
3175 5401 3457 5459 luminosae
3507 5400 3702 5477 cogni—
