3972 6052
263 153 366 206 829

1389 148 1587 204 LIBER
1623 147 1718 203 DE
1757 145 2138 204 EXERCITIO
2180 147 2436 204 CELLE.

267 271 430 326 tionis
463 291 477 339 ;
508 280 562 326 et
589 271 824 346 legimus
845 272 1070 327 verbum
1101 286 1268 328 sacrae
1299 271 1638 337 eruditionis,
1672 271 1742 326 de
1762 287 1869 342 quo
1897 275 1950 334 Α
1970 280 2086 327 net.
2109 272 2245 328 Hinc
2264 273 2424 327 Pater
2453 282 2506 328 et
2525 273 2632 328 dux
2664 281 2827 344 atque
2849 274 3145 329 advocatus
3168 275 3565 331 monachorum

268 359 600 415 conferimus
629 361 697 414 ad
720 361 952 415 invicem
984 361 1054 415 ad
1082 360 1464 416 documentum
1497 368 1603 415 tam
1638 361 1872 430 propriae

271 464 432 518 quam
447 447 695 502 fraternae
720 447 1112 503 aedificationis.
1141 449 1220 502 De
1252 464 1318 503 eo
1335 455 1512 502 autem
1531 447 1676 519 quod
1697 449 1873 518 primo

267 535 389 590 loco
419 537 722 606 posuimus,
752 536 992 607 loquitur
1021 536 1074 589 in
1093 536 1332 591 secunda
1351 537 1597 606 Epistola
1650 551 1748 591 sua
1773 537 1873 591 Pe-

268 631 406 690 trus,
423 625 716 690 Habemus,
734 624 1005 696 inquiens,
1024 625 1334 694 ﬁrmiorem
1345 626 1740 696 propheticum
1756 641 1873 680 scr-

267 713 624 778 monem,cui
641 713 776 767 bene
793 714 990 782 facitis
1023 713 1405 778 attendentes,
1439 716 1590 768 sicut
1627 715 1872 768 lucerna:

273 801 489 855 lucenti
521 803 582 855 in
604 802 916 871 caliginoso
942 803 1056 856 loco
1080 801 1153 868 (Il
1170 803 1323 856 Petr.
1343 816 1378 868 ι,
1405 803 1513 870 19).
1542 802 1622 856 De
1653 817 1717 856 eo
1740 817 1870 856 vero

269 889 416 960 quod
448 889 708 953 secundo,
747 896 966 943 sanctus
988 889 1160 943 David
1178 875 1361 960 ipsum
1404 905 1747 944 communem
1768 891 1872 945 Do-

267 977 474 1031 minum
506 977 764 1031 ommium
794 977 1082 1049 alloquens
1111 978 1870 1050 :Lucerna,inquit,pedibus

266 1066 411 1120 meis
447 1066 672 1121 verbum
701 1069 902 1134 tuum,
936 1069 993 1122 et
1014 1067 1207 1121 lumen
1235 1067 1456 1124 semitis
1491 1067 1631 1122 meis
1680 1068 1859 1136 (Psal.

268 1168 468 1220 cxvm,
514 1153 658 1223 105).

770 1293 1165 1350 CAPITULUM
1195 1294 1367 1350 XVII.

267 1426 420 1493 Quod
451 1427 546 1495 qui
577 1425 864 1481 habitator
880 1431 964 1480 est
978 1427 1136 1481 cella:
1149 1443 1371 1481 omnem
1389 1426 1868 1483 debeatillicitam

336 1498 587 1551 devitarc
604 1498 968 1579 locutionem,
1003 1498 1308 1579 etquwilla
1339 1499 1457 1552 sint
1491 1498 1633 1553 bona
1654 1499 1726 1553 ad
1747 1515 1868 1570 qua:

333 1583 436 1622 nos
464 1583 627 1622 sacra
661 1569 825 1622 lectio
849 1567 1137 1638 provehit.

333 1681 413 1734 Tu
435 1696 590 1751 ergo,
627 1696 782 1734 serve
812 1679 934 1745 Dei,
967 1680 1058 1752 qui
1088 1681 1143 1734 in
1175 1679 1309 1736 cella
1342 1680 1530 1748 solus;
1567 1689 1616 1735 et
1647 1698 1756 1736 non
1776 1691 1864 1738 ta-

267 1785 395 1823 men
430 1768 579 1823 solus
601 1768 818 1822 habitas
851 1788 864 1834 ;
901 1769 947 1822 si
977 1769 1157 1824 omnia
1205 1786 1327 1840 quae
1375 1770 1642 1839 pertinent
1671 1772 1738 1824 ad
1771 1788 1864 1826 sa-

267 1872 420 1912 cram
451 1857 782 1927 Seripturam
812 1873 911 1927 per
955 1857 1175 1928 plenam
1206 1857 1446 1912 notitiam
1499 1860 1864 1928 apprehendis

265 1945 334 1999 ad
364 1944 724 2000 clarissimam
757 1945 1046 2016 quamdam
1079 1946 1131 1999 in
1155 1953 1337 2000 mente
1370 1945 1635 2001 visionem
1665 1949 1864 2018 pertin-

262 2033 372 2106 gis.
408 2033 541 2088 Cum
571 2049 703 2089 vero
735 2033 946 2105 quoties
977 2034 1072 2088 tibi
1107 2034 1373 2088 indultum
1396 2035 1554 2089 fuerit
1579 2044 1638 2090 ut
1668 2036 1861 2108 loqua-

263 2123 355 2189 ris,
390 2122 435 2176 si
468 2121 521 2176 in
549 2121 633 2176 his
667 2122 910 2195 linguam
940 2130 1084 2176 tuam
1122 2138 1388 2193 occupare
1431 2124 1723 2191 studueris,
1750 2126 1859 2193 jam

259 2210 577 2265 non'solum
608 2211 784 2264 visum
817 2211 1143 2266 intrinsecus
1177 2210 1552 2278 clarificatum,
1586 2213 1682 2267 sed
1718 2223 1770 2268 et
1799 2229 1860 2268 os

259 2307 408 2353 tuum
437 2299 698 2353 mundum
727 2298 1050 2355 intrinsecus
1095 2300 1319 2354 habebis
1369 2308 1418 2355 et
1459 2308 1725 2356 ornatum.
1748 2301 1856 2369 Sic,

260 2387 360 2453 sic,
398 2403 506 2442 non
552 2387 669 2442 sine
726 2403 894 2443 causa
934 2389 1278 2459 interpretari
1319 2405 1382 2444 os
1411 2390 1628 2460 pupillae
1674 2391 1859 2447 dicere

258 2476 465 2547 poteris
486 2477 724 2546 Physon,
751 2493 850 2547 per
884 2477 1029 2548 quod
1062 2493 1273 2533 sacram
1301 2494 1402 2532 nos
1431 2495 1594 2549 posse
1636 2480 1859 2551 perde-

259 2563 494 2618 etionem
551 2564 803 2635 accipere
851 2565 1114 2632 diximus;
1146 2566 1274 2620 dum
1331 2583 1428 2637 per
1474 2583 1595 2622 eam
1657 2576 1856 2624 tantam

261 2652 501 2723 acquiris
540 2661 591 2707 et
620 2653 674 2706 in
722 2653 912 2707 intuitu
970 2653 1184 2708 interno
1245 2655 1560 2722 claritatem,
1591 2660 1655 2710 et‘
1673 2656 1726 2709 in
1761 2673 1856 2712 ore

258 2741 494 2796 exterius
528 2741 751 2796 verbum
774 2741 1033 2807 veritatis,
1063 2743 1132 2796 ad
1165 2751 1305 2797 tuam
1368 2751 1419 2798 et
1447 2760 1635 2800 eorum
1666 2745 1756 2816 qui
1803 2753 1857 2800 te

259 2829 485 2883 audiunt
523 2829 960 2885 aedificationem.
995 2831 1148 2885 Absit
1177 2832 1345 2886 semel
1369 2840 1420 2886 et
1452 2833 1664 2900 iterum,
1718 2835 1855 2888 absit

262 2933 408 2987 sazpe
430 2926 482 2972 et
503 2933 736 2988 semper,
771 2926 826 2972 ut
858 2919 913 2972 in
943 2919 1180 2974 claustro
1228 2919 1379 2974 festis
1402 2921 1594 2976 diebus
1638 2938 1759 2978 cum
1793 2940 1855 2977 os

255 3013 405 3059 tuum
437 3006 506 3060 ad
529 3006 857 3078 loquendum
888 3008 1125 3078 aperias,
1158 3009 1543 3079 loquacitatem
1576 3009 1631 3064 in
1662 3012 1854 3066 eodem

251 3109 348 3149 ore
377 3102 471 3148 tuo
489 3095 849 3150 inordinatam
881 3112 1130 3150 assumas
1161 3117 1177 3152 :
1209 3099 1310 3153 hoc
1356 3099 1498 3152 enim
1531 3100 1854 3172 gravitatem

251 3191 302 3238 et
332 3184 688 3239 maturitatem
729 3192 873 3239 tuam
908 3185 1129 3240 omnino
1187 3202 1294 3240 non
1327 3186 1503 3242 decet.
1546 3189 1667 3242 Non
1707 3189 1852 3243 mul-

250 3279 363 3325 tum
396 3280 640 3343 apparet,
691 3274 836 3344 quod
883 3273 1075 3328 diebus
1133 3273 1256 3328 aliis
1293 3275 1550 3330 studiosae
1605 3276 1841 3344 lectioni,

254 3377 406 3430 purae
436 3361 794 3428 meditationi,
829 3363 1139 3418 medullatae
1193 3364 1421 3419 orationi
1479 3365 1743 3420 intentum
1799 3373 1852 3421 te

253 3448 581 3515 exhibueris,
616 3449 661 3504 si
705 3466 766 3505 os
797 3451 865 3505 ad
893 3451 1227 3522 loquendum
1284 3453 1560 3523 aperiens,
1592 3453 1847 3526 loquaci-

250 3537 344 3591 tati
373 3545 460 3591 aut
489 3538 811 3612 garrulitati,
845 3547 898 3593 et
927 3539 1162 3595 maxime
1202 3541 1582 3612 disceptationi
1612 3551 1665 3598 et
1711 3558 1848 3598 eon-

252 3626 473 3680 tentioni
505 3626 749 3698 linguam
775 3635 920 3682 tuam
937 3645 1001 3683 ex
1021 3645 1189 3699 prava
1211 3631 1604 3686 consuetudine
1624 3647 1848 3687 accom-

252 3715 564 3770 modaveris
600 3731 611 3768 :
645 3717 760 3771 haec
793 3715 936 3771 enim
967 3717 1166 3784 omnia,
1199 3719 1295 3773 sed
1327 3726 1378 3773 et
1407 3735 1568 3775 omne
1623 3721 1848 3777 verbum

250 3802 468 3856 stultum
506 3811 558 3858 et
611 3819 861 3871 vacuum,
924 3806 1174 3875 mendax,
1252 3806 1522 3876 dolosum,
1594 3809 1844 3879 otiosum,

247 3891 600 3960 impudicum,
625 3893 1047 3960 excusatorium,
1089 3894 1496 3964 detractorium,
1549 3899 1846 3953 commina-

251 3979 467 4048 torium,
519 3980 737 4045 iratum,
794 3983 1112 4052 superbum,
1175 3984 1245 4037 ab
1310 3983 1415 4038 illis
1472 3985 1846 4055 spiritualibus

250 4068 539 4133 exercitiis,
573 4069 770 4140 quibus
801 4070 857 4124 in
887 4071 1027 4126 cella
1074 4071 1356 4127 intendere
1399 4074 1587 4136 debes,
1621 4091 1844 4146 prorsus

247 4156 420 4211 aliena
441 4165 584 4211 sunt.
619 4160 888 4214 Memento
911 4160 1039 4232 quid
1087 4177 1185 4231 per
1233 4163 1580 4232 semetipsum
1631 4165 1844 4220 Veritas

247 4245 420 4300 dicat:
449 4247 622 4302 Omne
653 4248 878 4303 verbum
908 4250 1304 4322 otiosumquod
1319 4253 1493 4307 locuti
1504 4255 1729 4322 fuerint
1748 4256 1842 4310 ho-

245 4335 446 4398 mines,
465 4334 700 4389 reddent
719 4337 1002 4392 rationem
1024 4337 1089 4392 de
1120 4354 1181 4393 eo
1203 4339 1264 4392 in
1284 4338 1374 4393 die
1385 4340 1592 4409 judicii
1615 4338 1838 4409 (Matth.

1959 4331 2035 4409 De_
2069 4329 2371 4409 generibus
2414 4335 2767 4409 sanctarum
2818 4331 3280 4409 meditationum

246 4435 344 4485 xu,
377 4425 488 4489 36).
514 4422 570 4476 Si
596 4439 729 4494 ergo
761 4432 841 4477 est
873 4425 1153 4479 reddenda
1182 4427 1314 4480 ratio
1345 4426 1412 4481 de
1445 4428 1615 4483 verbo
1644 4429 1840 4494 otioso,

244 4518 445 4581 quanto
475 4511 649 4583 magis
677 4511 745 4566 de
776 4513 982 4566 noxio?
1012 4529 1340 4586 quamquam
1379 4531 1487 4571 non
1516 4517 1688 4586 possit
1719 4535 1842 4573 esse

243 4613 352 4652 non
377 4599 599 4653 noxium
631 4599 792 4654 etiam
829 4601 1053 4655 verbum
1084 4603 1338 4657 otiosum.
1361 4604 1469 4659 Sed
1499 4605 1717 4660 noxium
1738 4608 1843 4662 hoc

238 4685 363 4740 loco
394 4688 619 4742 verbum
643 4704 922 4756 vocamus,
956 4690 1184 4745 verbum
1215 4691 1609 4762 deceptorium,
1643 4695 1838 4750 adula-

242 4774 460 4842 torium,
497 4776 813 4848 litigiosum,
863 4777 1078 4845 falsum,
1111 4787 1163 4833 et
1193 4788 1391 4835 caetera
1437 4781 1491 4835 in
1521 4784 1660 4837 hunc
1715 4800 1838 4839 mo-

237 4863 366 4916 dum
399 4865 568 4918 verba
597 4865 922 4933 criminalia,
957 4867 1240 4938 siquidem
1272 4876 1352 4922 est
1385 4869 1586 4925 crimen
1609 4872 1840 4941 plerum-

238 4968 344 5022 que
376 4951 429 5004 in
451 4968 566 5017 ore,
603 4953 811 5009 sicutet
842 4955 895 5008 in
936 4972 1188 5026 corpore.
1235 4957 1463 5022 Cmtera,
1511 4960 1750 5030 inquam,
1782 4962 1836 5016 in

237 5047 436 5116 quibus
454 5055 505 5100 et
536 5049 682 5102 Deus
719 5049 946 5104 multum
984 5049 1290 5120 offenditur,
1327 5061 1378 5107 et
1409 5055 1585 5109 omnis
1615 5056 1706 5126 qui
1735 5073 1833 5110 au-

236 5134 312 5189 dit
344 5151 450 5189 non
476 5137 827 5192 mediocriter
850 5138 1081 5206 lmditur,
1108 5141 1222 5210 ipse
1255 5142 1418 5196 etiam
1449 5145 1542 5214 qui
1573 5145 1828 5216 loquitur,

233 5223 389 5295 gravi
432 5233 657 5293 peccato
689 5226 958 5282 addicitur
990 5249 1006 5282 :
1038 5229 1156 5298 ipso
1203 5230 1434 5285 Domino
1457 5240 1593 5287 teste
1627 5251 1640 5286 :
1674 5236 1831 5290 Sicut

232 5328 305 5366 ex
324 5314 500 5367 verbis
524 5316 638 5369 tuis
653 5317 1079 5384 justi/icaberis,
1102 5319 1182 5372 sic
1203 5322 1259 5372 et
1280 5334 1354 5373 ex
1373 5320 1550 5374 verbis
1567 5323 1682 5376 tuis
1699 5338 1834 5378 con-

231 5399 585 5456 demnaberis
635 5403 855 5472 (Matth.
882 5420 1024 5470 χχιι,
1074 5407 1184 5476 37).
1223 5406 1353 5461 Vide
1385 5416 1580 5478 quanta
1627 5410 1829 5466 debeas

230 5503 543 5562 praecavere
572 5505 696 5545 cura
735 5509 802 5546 ne
831 5492 964 5550 illud
995 5493 1272 5563 incurras,
1310 5497 1456 5568 quod
1479 5505 1529 5553 te
1563 5499 1827 5557 condem-

1884 1627 1936 1686 B

1974 361 2161 426 beatus
2199 361 2542 427 Benedictus,
2577 362 2631 415 in
2658 362 2864 433 Regula
2895 363 3292 418 monachorum
3323 363 3402 419 sic
3432 364 3566 419 scri-

1972 449 2046 502 bit
2081 467 2094 502 :
2128 451 2539 515 Scurrililates,
2560 451 2646 506 vel
2669 451 2829 505 verba
2847 452 3044 516 otiosa,
3068 455 3121 508 et
3146 454 3325 506 risum
3341 468 3568 507 moven-

1975 539 2073 601 tia,
2095 543 2313 593 wterna
2328 539 2595 594 clausura
2619 541 2678 594 in
2697 539 2954 595 omnibus
2974 541 3107 596 locis
3123 540 3252 594 dam
3262 556 3484 604 namus,
3508 543 3565 594 et

1971 627 2042 680 ad
2057 627 2170 681 tale
2188 628 2473 699 eloquium
2490 629 2831 699 discipulum
2857 629 3078 699 aperire
3110 643 3168 682 os
3189 644 3303 684 non
3319 629 3566 700 permit-

1973 711 2147 765 timus
2171 709 2400 782 [Regula
2419 713 2473 766 S.
2508 712 2816 777 Benedicti,
2849 728 2898 766 c.
2934 711 3005 782 6].
3033 711 3568 778 Scito,dilectissime

1971 798 2151 868 nobis,
2183 799 2271 869 qui
2311 799 2579 853 habitator
2606 816 2666 854 es
2713 799 2885 869 cellae,
2945 799 3068 870 quia
3128 800 3570 872 tabulationeszet

1971 903 2152 957 nugae,
2179 904 2300 958 quae
2329 887 2382 941 in
2405 903 2497 942 ore
2519 875 2812 942 multorum
2841 887 3184 944 sazeularium
3217 888 3330 944 fere
3358 889 3567 943 indesi-

1970 983 2161 1029 nenter
2190 983 2330 1040 sunt,
2357 975 2410 1028 in
2430 991 2522 1030 ore
2546 976 2784 1030 virorum
2807 977 3210 1049 religiosorum,
3251 985 3303 1031 et
3333 977 3568 1033 maxime

1969 1063 2022 1117 in
2044 1079 2138 1118 ore
2183 1063 2661 1130 Carthusiensium,
2714 1065 3066 1134 blasphemiae
3107 1073 3250 1119 sunt.
3284 1066 3462 1133 Certe,
3511 1073 3570 1120 ut

1967 1152 2041 1205 ait
2071 1151 2353 1216 Dominus,
2389 1153 2563 1207 bonus
2595 1153 2754 1208 homo
2783 1153 2850 1208 de
2883 1152 3020 1209 bono
3051 1153 3316 1209 thesauro
3349 1158 3566 1225 profert

1969 1237 2109 1290 bona
2143 1236 2365 1306 (Matth.
2401 1251 2503 1299 xu,
2539 1238 2650 1306 35).
2688 1237 2744 1291 Si
2769 1237 2823 1290 in
2862 1239 3116 1292 thesauro
3157 1239 3340 1293 cordis
3370 1238 3446 1292 tui
3474 1255 3565 1292 re-

1967 1323 2143 1393 posita
2174 1331 2256 1378 est
2287 1339 2383 1393 per
2414 1339 2658 1378 amorem
2689 1325 2991 1392 ardentem,
3025 1334 3077 1380 et
3106 1325 3424 1381 exercitium
3443 1341 3570 1381 con-

1967 1412 2173 1465 tinuum
2205 1412 2384 1478 lectio,
2419 1412 2719 1482 meditatio,
2743 1413 2935 1479 oratio,
2969 1414 3116 1468 utilis
3145 1415 3285 1470 actio
3325 1414 3568 1485 proferet

1966 1499 2150 1570 utique
2199 1499 2402 1570 lingua,
2445 1500 2629 1572 aliqua
2662 1501 2888 1555 istarum
2922 1517 3044 1557 cum
3105 1519 3163 1557 se
3211 1502 3443 1558 moverit
3499 1503 3565 1555 ad

1967 1587 2320 1659 loquendum.
2344 1590 2399 1644 Si
2430 1591 2534 1646 hoc
2577 1591 2742 1646 modo
2771 1591 2972 1662 egeris,
3034 1607 3228 1646 sensus
3258 1599 3382 1646 tuus
3438 1592 3565 1646 illu-

1969 1677 2246 1744 strabitur,
2309 1686 2361 1731 et
2422 1679 2655 1733 exterius
2704 1695 2766 1733 os
2825 1687 2974 1733 tuum
3042 1680 3453 1745 venustabitur;
3514 1688 3568 1735 et

1966 1773 2252 1837 utrumque
2281 1767 2386 1822 hoc
2431 1767 2631 1822 bonum
2673 1784 2773 1838 per
2802 1768 3099 1822 studiosam
3151 1769 3244 1822 tibi
3276 1769 3564 1824 lectionem

1965 1853 2309 1919 conferetur;
2340 1863 2397 1909 ut
2426 1870 2536 1910 non
2569 1855 2684 1910 sine
2719 1871 2920 1927 magno
2951 1857 3210 1928 mysterio
3245 1859 3480 1928 Physon,
3504 1873 3563 1913 os

1962 1944 2199 2014 pupilla:
2228 1943 2638 2014 interpretetur.
2678 1946 2803 1999 Haec
2825 1953 3023 2012 autem,
3048 1947 3116 2000 de
3147 1962 3249 2017 qua
3275 1947 3387 2015 jam
3406 1961 3559 2016 qua»

1963 2037 2092 2084 dam
2128 2031 2378 2098 diximus,
2413 2032 2572 2088 lectio
2618 2033 2862 2088 studiosa
2891 2034 3061 2088 erudit
3118 2050 3237 2103 nos,
3268 2042 3323 2088 ut
3369 2043 3558 2089 cante-

1961 2135 2081 2173 mus
2102 2119 2335 2175 Domino
2358 2121 2627 2176 canticum
2658 2137 2856 2177 novum
2880 2130 2932 2176 et
2958 2130 3159 2178 sanctae
3189 2138 3407 2194 semper
3434 2123 3560 2177 vitae

1963 2207 2256 2263 novitatem
2313 2209 2681 2278 parturiamus
2716 2255 2728 2274 ,
2787 2210 2916 2280 quia
2975 2219 3026 2264 et
3101 2211 3316 2282 Physon
3372 2209 3562 2265 circuit

1961 2311 2178 2350 omnem
2208 2305 2413 2351 terram
2445 2297 2679 2353 Evilath.
2714 2299 2772 2352 In
2797 2299 2899 2354 hac
2931 2307 3128 2354 sanctae
3158 2299 3410 2355 novitatis
3431 2315 3560 2369 par-

1961 2384 2233 2453 turitione,
2287 2402 2432 2441 vera:
2458 2386 2736 2456 sapientiae
2763 2387 3006 2443 nascitur
3061 2403 3274 2454 aurum,
3309 2397 3362 2442 et
3399 2395 3559 2444 terrae

1959 2473 2103 2527 illius
2155 2489 2346 2528 aurum
2384 2476 2578 2529 horum
2638 2476 2802 2543 (haud
2863 2476 3087 2531 dubium
3141 2476 3268 2547 quin
3321 2475 3556 2546 Evilath)

1959 2561 2223 2632 Optimum
2237 2571 2338 2617 est.
2364 2562 2502 2630 Quia
2518 2563 2772 2618 nimirum
2799 2572 2882 2618 est
2911 2566 3195 2637 sapientia
3227 2564 3556 2636 quaadesur-

1959 2667 2082 2705 sum
2101 2655 2205 2717 est,
2224 2653 2473 2722 primum
2487 2653 2708 2724 quidem
2725 2653 2934 2724 pudica
2947 2658 3048 2719 est,
3075 2654 3276 2708 deinde
3291 2654 3552 2725 paciﬁca,

1958 2740 2230 2807 modesta,
2256 2741 2569 2808 suadibilis,
2589 2741 2742 2797 bonis
2757 2744 3139 2808 consentiens,
3155 2743 3327 2813 plena
3339 2742 3555 2798 miseri-

1959 2828 2148 2882 cordia
2172 2832 2229 2883 et
2249 2831 2532 2899 fructibus
2553 2829 2730 2895 bonis,
2754 2830 3024 2901 judicans
3044 2831 3165 2885 sine
3187 2831 3554 2886 simulatione
3637 2873 3641 2879 .

1957 2918 2098 2985 (Jac.
2132 2931 2254 2983 xm,
2284 2920 2392 2986 1‘7).
2428 2918 2701 2989 Sapientia
2725 2934 2869 2976 sane
2885 2934 3066 2973 nonne
3097 2918 3282 2989 sapida
3327 2918 3552 2974 scientia

1955 3006 2086 3060 est?
2115 3006 2183 3058 Et
2211 3022 2398 3060 aurum
2445 3006 2590 3077 quod
2621 3023 2729 3062 non
2777 3007 3120 3062 solummodo
3172 3008 3394 3075 bonum,
3455 3008 3552 3062 sed

1954 3093 2099 3163 quod
2131 3095 2390 3164 optimum
2423 3103 2522 3162 est,
2550 3094 2602 3148 in
2633 3103 2776 3150 terra
2797 3096 3012 3150 Evilath
3039 3095 3298 3163 nascitur,
3331 3097 3551 3167 quando

1954 3190 2005 3236 et
2033 3182 2099 3236 ab
2117 3182 2296 3236 anima
2325 3182 2432 3252 pia,
2460 3191 2510 3237 et
2541 3183 2595 3236 in
2618 3199 2725 3255 qua
2752 3200 2854 3254 per
2886 3183 3123 3238 studium
3156 3199 3327 3240 sacrae
3358 3184 3548 3240 lectio-

1951 3271 2035 3324 nis
2058 3271 2208 3326 visus
2237 3271 2464 3327 interior
2491 3272 2669 3343 [Par.,
2696 3263 3188 3353 intrinsecusjnihil
3208 3274 3550 3343 prot'erturin

1951 3374 2064 3424 ore,
2099 3359 2201 3412 nisi
2233 3361 2379 3430 quod
2401 3361 2634 3431 pertinet
2675 3361 2745 3414 ad
2783 3359 3194 3416 aedificationem
3213 3362 3241 3415 ?
3271 3378 3393 3417 cum
3419 3378 3548 3416 san-

1951 3455 2052 3502 ctae
2082 3449 2334 3503 novitatis
2383 3449 2723 3520 parturitioni
2754 3449 3000 3518 intendit,
3050 3450 3295 3522 diligitur
3325 3451 3546 3516 bonum,

1951 3544 2002 3590 et
2033 3536 2085 3589 in
2118 3535 2238 3606 ipso
2268 3537 2480 3592 interno
2521 3537 2704 3608 palato
2751 3553 2870 3604 suo,
2903 3554 3024 3593 cum
3073 3539 3286 3606 abjecta
3315 3554 3543 3608 prorsus

1949 3625 2098 3679 omni
2126 3626 2416 3682 dulcedine
2449 3625 2653 3694 illicita,
2696 3626 2829 3680 nihil
2857 3626 2906 3680 ei
2937 3625 3197 3682 dulcescit
3246 3626 3350 3680 nisi
3399 3626 3546 3680 solus

1949 3715 2118 3780 Deus,
2145 3714 2279 3784 sapit
2307 3715 2355 3769 ei
2376 3715 2522 3786 quod
2551 3715 2791 3769 omnium
2822 3723 2904 3770 est
2963 3716 3225 3770 bonorum
3258 3714 3542 3786 Optimum.

1948 3804 2015 3857 Et
2046 3803 2124 3857 sic
2147 3811 2228 3857 est
2257 3803 2350 3858 uni
2380 3820 2581 3859 nomen
2615 3805 2830 3875 Physon
2867 3822 2879 3858 :
2904 3812 2955 3859 et
2986 3804 3062 3859 sic
3106 3803 3296 3859 circuit
3325 3819 3545 3858 omnem

1946 3900 2147 3945 terram
2181 3891 2410 3958 Evilath,
2446 3893 2536 3947 ubi
2565 3893 2801 3949 nascitur
2833 3909 3042 3961 aurum,
3075 3900 3129 3949 et
3159 3909 3345 3949 aurum
3385 3899 3545 3949 terra:

1946 3979 2091 4034 illius
2124 3980 2385 4052 optimum
2419 3989 2517 4036 est.

2405 4180 2798 4236 CAPITULUM
2844 4181 3039 4236 XVIII.

2017 4346 2021 4375 ε
2069 4335 2363 4398 generibus
2436 4335 2767 4385 sanctarum
2837 4335 3280 4389 meditationum
3372 4335 3536 4392 uibus

2017 4401 2310 4472 intendere
2337 4399 2494 4454 debet
2523 4403 2619 4471 qui
2653 4404 2715 4456 in
2745 4404 2890 4457 cella
2933 4404 3224 4459 solitarius
3266 4352 3440 4472 sedet,
3475 4413 3529 4463 et

2015 4470 2082 4525 de
2114 4470 2364 4525 studiosa
2385 4470 2561 4525 sacra:
2580 4473 2892 4544 Scriptura:
2926 4476 3344 4533 recordatione.

2016 4622 2183 4676 Porro
2213 4637 2409 4677 nomen
2462 4622 2689 4680 secundi
2735 4623 2884 4679 ﬂuvii
2931 4625 3107 4696 Gyon,
3168 4626 3255 4697 qui
3314 4643 3436 4683 cum
3469 4628 3536 4683 sit

1942 4710 2251 4780 praeruptio,
2285 4711 2475 4766 circuit
2496 4727 2714 4767 omnem
2738 4721 2936 4767 terram
2958 4715 3257 4785 IEthiopize.
3293 4717 3416 4786 Ipsa
3447 4726 3529 4772 est

1940 4799 2237 4864 meditatio,
2274 4817 2394 4870 qum
2422 4801 2684 4872 quidquid
2716 4809 2798 4856 est
2835 4803 3150 4874 dithiopicae
3197 4803 3520 4875 nigredinis,

1940 4888 2008 4941 ad
2036 4888 2241 4957 peccati
2274 4888 2592 4958 pertinentis
2627 4889 3047 4957 deformitatem,
3091 4892 3403 4963 priusquam
3433 4911 3532 4964 per

1938 4991 2265 5030 consensum
2289 4977 2524 5031 animam
2558 4978 2851 5034 deformem
2887 4980 3116 5034 reddere
3138 4980 3329 5050 possit,
3363 4982 3535 5037 virili-

1938 5073 2022 5118 ter
2051 5072 2103 5118 et
2135 5065 2375 5119 valenter
2405 5066 2710 5122 resistendo
2741 5069 3065 5139 perrumpit.
3102 5069 3234 5124 Cum
3267 5070 3412 5125 enim
3445 5071 3534 5126 in-

1937 5160 2106 5208 terna:
2144 5153 2510 5208 meditationis
2532 5155 2746 5225 puritati
2783 5157 2962 5210 anima
2994 5166 3180 5214 sancta
3230 5176 3296 5214 ex
3350 5162 3533 5215 omni-

1934 5251 2087 5311 parte
2121 5258 2179 5296 se
2209 5242 2455 5312 intendit,
2490 5245 2638 5299 nulla
2669 5261 2789 5299 eam
2821 5245 2923 5299 sibi
2964 5249 3376 5316 quamtumlibet
3409 5250 3530 5304 vio-

1933 5329 2078 5384 lenta
2109 5331 2330 5386 tentatio
2365 5349 2462 5402 per
2523 5349 2851 5388 consensum
2894 5335 3163 5404 subjicere
3206 5338 3366 5392 valet.
3405 5339 3526 5393 Mox

1932 5418 2132 5488 quippe
2163 5428 2217 5473 ut
2250 5420 2318 5474 ad
2360 5421 2528 5490 ipsam
2568 5421 2764 5477 mentis
2789 5423 3013 5490 januam
3052 5425 3271 5494 pulsare
3303 5425 3525 5481 tentatio

1931 5506 2135 5580 incipit,
2169 5508 2214 5562 si
2263 5508 2316 5563 in
2359 5509 2619 5567 defaecata
2665 5511 3016 5568 meditatione
3072 5511 3313 5587 perfecte
3367 5530 3526 5576 mens
