3972 6052
375 165 472 218 831

1204 158 1546 218 GUIGONIS
1584 160 1632 215 ιι
1670 132 2081 215 αΑΒΤΗυειιιε
2118 156 2413 215 MAIORIS
2451 157 2750 232 PRIORIS.

3566 171 3674 225 832

373 294 640 360 occupata
670 286 849 342 fuerit.
881 287 1016 357 Ejus
1045 286 1301 342 nimirum
1325 285 1492 353 vires,
1548 301 1657 341 non
1688 293 1797 339 tam
1854 285 2050 357 qumA
2077 283 2328 339 fortassis
2358 283 2766 341 meditationum
2814 302 3019 358 genera
3066 304 3188 360 qua:
3232 287 3581 346 rationabiles
3614 299 3675 347 et

368 378 483 446 jam
512 384 812 432 nocuerunt
854 376 1141 446 abrumpit,
1186 391 1350 447 quam
1376 391 1444 429 ne
1475 374 1544 430 de
1600 389 1742 429 novo
1773 388 1975 428 nocere

374 465 590 520 valeant
636 465 942 535 perrumpit
997 463 1185 535 [Ρανσ.
1238 460 1596 534 praerumpit].
1634 461 1861 528 Idcirco,
1894 468 1971 526 tu,

376 552 468 623 qui
496 552 771 606 habitator
799 568 860 607 es
890 552 1061 618 cella‘,
1107 552 1247 607 sicut
1277 551 1371 605 tibi
1415 550 1556 621 sapit
1612 549 1859 605 studiosa
1888 549 1973 603 le-

375 639 500 705 ctio,
536 657 657 711 qua;
686 647 767 695 est
806 640 1041 710 Physon,
1074 655 1196 695 cum
1229 639 1345 708 ejus
1401 654 1575 710 aquas
1606 638 1769 706 bibis,
1831 638 1976 708 (quae

373 727 566 783 circuit
594 743 811 783 omnem
835 734 1033 782 terram
1064 727 1298 793 Evilath,
1332 726 1422 781 ubi
1455 726 1718 797 optimum
1738 726 1977 780 nascitur

371 830 560 871 aurum
580 817 620 885 ;)
651 815 730 871 sic
760 815 1107 870 nihilominus
1142 814 1314 886 sapiat
1346 815 1442 869 tibi
1500 814 1785 869 meditatio
1807 829 1966 884 pura,

374 920 497 977 quae
526 912 578 959 et
607 903 796 960 circuit
826 920 1045 958 omnem
1077 913 1277 958 terram
1297 903 1606 974 Ethiopian.
1649 904 1788 957 Nam
1811 901 1972 956 nimis

375 992 685 1063 periculose
716 991 924 1047 evomis
953 991 1217 1062 quidquid
1247 990 1541 1046 scribendo
1554 991 1621 1045 de
1639 990 1796 1062 aquis
1827 1007 1973 1044 sum-

369 1080 531 1151 rpsisti
565 1080 801 1151 Physon,
832 1079 937 1134 nisi
968 1080 1148 1135 statim
1161 1080 1229 1135 de
1247 1079 1402 1152 aquis
1432 1079 1590 1134 bibas
1620 1079 1796 1149 Gyon.
1824 1078 1975 1133 Sicut

375 1168 520 1223 enim
547 1167 736 1240 legere
765 1175 819 1223 et
847 1183 956 1222 non
975 1168 1282 1239 intelligere
1306 1167 1589 1239 negligere
1611 1176 1711 1232 est,
1738 1166 1817 1221 sic
1846 1182 1974 1236 pro-

373 1254 517 1311 fecto
544 1255 687 1312 lecta
717 1264 771 1310 et
797 1255 1071 1311 intellecta
1098 1255 1366 1321 oblivisci,
1398 1254 1525 1326 quid
1547 1254 1693 1308 aliud
1715 1261 1796 1308 est
1813 1270 1972 1325 quam

376 1343 598 1399 omnino
628 1343 863 1414 perdere
892 1343 1155 1415 quidquid
1217 1342 1455 1415 legendo
1513 1351 1563 1397 et
1619 1342 1975 1413 intelligendo

375 1431 657 1503 acquisisti
687 1433 715 1486 ?
741 1431 874 1485 Sunt
903 1439 1087 1485 autem
1119 1430 1306 1501 plures
1348 1429 1758 1485 meditationum
1802 1429 1972 1497 modi,

377 1520 577 1591 quibus
605 1535 730 1574 cum
768 1518 1009 1574 studiose
1039 1519 1355 1584 intenderis,
1391 1519 1461 1573 ab
1520 1518 1772 1573 stabilem
1817 1517 1977 1572 nimi-

2077 373 2464 428 convenientes
2495 389 2562 428 ex
2583 389 2643 429 se
2669 390 2860 430 causas
2882 377 3223 446 producunt;
3257 377 3357 431 sed
3380 378 3485 433 ista
3512 378 3673 434 nobis

2075 460 2129 515 in
2159 461 2413 531 praesenti
2460 471 2833 517 occurrerunt.
2894 464 2961 518 Et
2998 480 3142 520 nunc
3194 465 3320 520 audi
3362 465 3578 536 plenius
3615 475 3675 522 et

2076 548 2392 618 perfectius,
2413 557 2468 603 tu
2497 549 2589 621 qui
2619 550 2890 606 habitator
2937 551 3092 607 cellae
3117 568 3198 618 es,
3249 553 3495 624 quaedam
3548 570 3674 625 quae

2075 637 2347 707 pertinent
2375 637 2441 691 ad
2471 638 2607 693 haec.
2639 639 2847 710 Itaque,
2874 646 2931 694 ut
2960 640 3195 711 primum
3213 641 3282 696 de
3302 641 3479 711 primo
3506 642 3675 697 modo

2076 741 2385 780 sermonem
2407 726 2634 780 habeam
2665 727 2735 781 ad
2767 734 2837 798 te,
2872 728 3070 783 sedens
3093 728 3148 782 in
3180 728 3321 785 cella
3347 737 3456 799 tua,
3488 738 3677 786 mente

2075 829 2175 884 per
2202 829 2392 868 omnes
2422 813 2618 869 divinae
2635 814 2851 886 paginae
2878 815 3049 871 libros
3069 816 3351 884 discurre;
3382 818 3677 874 comitante

2076 901 2323 956 silentem
2354 902 2496 957 hanc
2521 902 2937 958 ruminationem
2968 911 3021 958 et
3062 904 3493 961 recordationem
3522 914 3675 961 tuam

2075 990 2453 1062 intelligentia,
2479 1006 2704 1062 eamque
2762 990 3115 1058 clarificante,
3156 993 3373 1048 revolve
3403 995 3547 1065 apud
3596 1003 3673 1062 te,

2074 1078 2184 1133 imo
2215 1079 2353 1132 intra
2387 1086 2455 1144 te,
2485 1078 2541 1131 in
2572 1087 2772 1149 mente,
2807 1097 2928 1152 quae
2954 1080 3009 1134 in
3040 1080 3197 1135 libris
3225 1089 3350 1137 sunt
3378 1082 3672 1153 legalibus,

2076 1172 2129 1220 et
2148 1166 2297 1220 libris
2328 1166 2802 1236 prOphetarum,et
2830 1168 3326 1240 agiographorum;
3350 1171 3448 1225 sed
3477 1178 3530 1225 et
3551 1188 3675 1241 quae

2075 1254 2420 1309 continentur
2447 1254 2502 1308 in
2530 1254 2684 1309 libris
2717 1272 2838 1326 quae
2867 1256 2936 1310 ad
2984 1257 3197 1313 Novum
3242 1258 3511 1328 pertinent
3562 1259 3675 1313 Te-

2077 1349 2423 1409 stamentum,
2454 1343 2910 1415 evangelistarum
2926 1344 3176 1400 videlicet
3206 1353 3261 1401 et
3281 1346 3672 1417 apostolorum,

2075 1437 2236 1501 atque
2265 1430 2551 1486 doctorum
2581 1431 2969 1487 catholicorum
3012 1432 3352 1488 narrationes
3389 1441 3444 1488 et
3498 1451 3676 1507 gene-

2076 1518 2337 1583 rationes,
2372 1526 2597 1573 eventus
2628 1526 2681 1573 et
2713 1528 2871 1591 gesta
2902 1539 2916 1587 ;
2944 1519 3057 1575 sive
3086 1536 3209 1593 quae
3236 1521 3515 1588 historice,
3558 1523 3677 1579 sive

375 1614 764 1662 rummentem
796 1613 945 1661 tuam
988 1606 1367 1673 maturitatem,
1400 1614 1452 1662 et
1478 1614 1742 1661 maturam
1801 1606 1972 1660 stabi-
1995 1632 2048 1693 Β
2078 1623 2199 1678 quae
2228 1606 2524 1678 allegorice
2554 1614 2643 1661 aut
2674 1608 3033 1680 tropologice,
3063 1608 3149 1663 vel
3182 1617 3327 1665 certe
3346 1610 3675 1681 anagogice,

374 1694 584 1750 litatem
612 1694 948 1767 restringere
977 1695 1202 1766 poteris.
1227 1695 1425 1767 Sicque
1455 1710 1623 1765 coges
1653 1709 1775 1749 eam
1805 1701 1862 1748 ut
1892 1709 1976 1749 so-

374 1782 485 1839 lide
515 1782 775 1838 subsistat
801 1783 857 1836 in
877 1799 957 1849 se,
991 1798 1094 1839 nec
1124 1798 1184 1838 se
1212 1782 1299 1838 vel
1328 1782 1563 1837 inaniter
1592 1782 1771 1838 elevet
1809 1797 1975 1853 supra

376 1887 457 1936 se,
488 1870 575 1926 vel
604 1871 876 1926 enerviter
904 1870 1123 1940 dejiciat
1158 1871 1346 1926 subtus
1378 1888 1457 1926 se.
1509 1872 1626 1926 Nec
1655 1870 1958 1939 sordescat,

371 1959 612 2031 inquam,
644 1975 766 2015 cum
797 1958 954 2014 fuerit
982 1960 1049 2014 ab
1096 1959 1191 2015 illo
1219 1975 1433 2015 summo
1483 1959 1752 2032 magistro
1808 1974 1975 2029 super

374 2056 617 2104 tumenta
645 2055 805 2103 terra:
836 2048 1061 2115 edocta;
1094 2063 1196 2104 nec
1224 2048 1509 2105 inanescat
1538 2062 1661 2103 cum
1692 2063 1859 2118 super
1888 2063 1978 2103 vo-

371 2136 551 2193 lucres
580 2136 704 2192 cmli
742 2135 974 2191 erudita.
1007 2136 1159 2192 Sicut
1187 2144 1373 2192 autem
1403 2136 1562 2206 hujus
1583 2136 1652 2191 de
1685 2151 1792 2207 qua
1824 2135 1979 2207 loqui

376 2224 731 2296 proponimus
757 2216 1126 2280 meditationis
1165 2224 1366 2281 diversi
1424 2224 1574 2280 modi
1616 2232 1759 2289 sunt,
1793 2224 1867 2278 ita
1924 2231 1978 2279 et

374 2312 625 2368 diversas
652 2311 708 2366 in
736 2312 919 2367 animo
951 2313 1262 2368 meditantis
1305 2328 1500 2368 causas
1556 2312 1809 2385 gignunt.
1860 2312 1977 2367 Nos

380 2408 563 2457 autem
599 2400 751 2456 illum
797 2401 972 2472 primo
1011 2401 1133 2458 loco
1182 2402 1406 2456 modum
1452 2401 1724 2472 ponimus,
1786 2416 1892 2472 quo
1921 2400 1976 2454 in

380 2489 694 2545 meditantis
741 2498 920 2545 mente
952 2504 1119 2545 causa
1181 2490 1431 2561 procedit
1485 2489 1801 2544 eruditionis
1835 2507 1848 2555 ;
1884 2504 1977 2543 se-

382 2578 581 2648 cundo,
611 2578 705 2651 qui
731 2594 950 2655 causam
981 2578 1157 2650 gignit
1187 2578 1393 2633 doloris
1425 2586 1478 2633 et
1533 2577 1741 2633 timoris
1773 2597 1787 2643 ;
1820 2576 1977 2631 tertio

379 2682 510 2723 vero
538 2666 660 2722 loco
688 2666 942 2738 ponimus
965 2667 1136 2732 illum,
1160 2667 1253 2738 qui
1273 2666 1616 2722 occasionem
1634 2665 1978 2720 administrat

380 2754 587 2809 amoris
615 2762 669 2808 et
700 2754 1117 2821 consolationis;
1141 2762 1337 2827 quarto
1367 2770 1602 2826 quoque,
1631 2755 1699 2808 de
1723 2769 1830 2824 quo
1851 2769 1977 2825 per-

376 2842 508 2914 cipit
544 2858 698 2897 mens
728 2856 956 2898 causam
997 2842 1211 2913 pietatis
1241 2857 1295 2898 et
1324 2842 1755 2913 compassionis;
1789 2842 1977 2913 quinto

378 2930 631 2998 vero,.de
661 2945 767 3002 quo
796 2929 1142 2987 discretionis
1172 2946 1336 2986 causa
1364 2930 1511 2985 venit
1556 2938 1609 2986 et
1635 2929 1975 3000 abjectionis;

380 3027 532 3075 sexto
561 3019 684 3075 loco
713 3018 867 3074 illum
896 3019 1151 3091 ponimus
1208 3019 1449 3086 modum,
1479 3020 1549 3074 de
1605 3034 1713 3091 quo
1746 3018 1892 3075 venit
1920 3018 1976 3071 in

377 3108 558 3164 anima
587 3108 956 3163 renovationis
1008 3124 1121 3164 suae
1152 3122 1315 3164 causa
1344 3116 1398 3164 et
1437 3107 1802 3179 reparationis
1834 3126 1849 3175 ;
1882 3123 1975 3162 se-

374 3197 545 3268 ptimo
575 3213 813 3269 quoque,
848 3197 916 3252 de
947 3213 1055 3268 quo
1085 3197 1320 3268 stuporis
1349 3211 1517 3253 causa
1546 3197 1694 3252 venit
1713 3203 1766 3252 et
1794 3196 1975 3251 admi-

377 3285 653 3352 rationis;
710 3292 906 3341 octavo
957 3284 1111 3340 illum
1166 3285 1417 3357 ponimus
1465 3286 1705 3351 modum,
1757 3301 1866 3358 quo
1919 3285 1975 3340 in

375 3382 559 3430 mente
587 3373 897 3429 meditantis
927 3373 1025 3429 illa
1056 3375 1423 3443 revolvuntur,
1459 3389 1579 3447 quae
1608 3382 1733 3429 sunt
1788 3372 1975 3430 invisi-

375 3462 508 3517 bilia
535 3469 588 3518 et
601 3461 899 3533 spiritualia
916 3481 930 3530 ;
947 3462 1045 3517 sed
1075 3471 1125 3518 et
1156 3463 1309 3518 illum
1329 3463 1677 3518 nihilominus
1696 3462 1971 3533 ponimus,

378 3566 487 3623 quo
514 3566 670 3607 mens
708 3551 897 3606 sobria
926 3559 980 3606 et
1010 3559 1200 3607 sancta
1229 3552 1299 3606 ab
1327 3551 1474 3607 omni
1498 3567 1607 3607 non
1626 3550 1970 3607 solummodo

374 3638 662 3697 affectione
690 3639 923 3711 impura,
958 3640 1056 3695 sed
1086 3647 1139 3695 et
1167 3640 1236 3695 ab
1266 3640 1414 3695 omni
1445 3640 1773 3713 cogitatione
1802 3639 1976 3695 otiosa

373 3744 601 3800 prorsus
633 3744 830 3799 expers
861 3726 1053 3784 effecta
1084 3736 1138 3783 et
1166 3727 1366 3795 aliena,
1398 3744 1495 3799 per
1549 3728 1817 3783 visionem
1866 3743 1977 3783 non

369 3817 486 3885 jam
516 3815 874 3887 spiritualem,
907 3816 1006 3870 sed
1035 3831 1138 3871 nec
1167 3815 1501 3881 rationalem,
1551 3816 1649 3872 sed
1678 3831 1777 3886 per
1804 3814 1975 3871 visio-

372 3919 500 3959 nem
527 3903 709 3974 potius
750 3903 1193 3971 intellectualem,
1227 3904 1281 3957 in
1305 3903 1435 3974 ipsis
1490 3903 1636 3959 veris
1679 3904 1852 3974 ipsam
1881 3919 1971 3959 ve-

366 3990 584 4046 ritatem
606 3990 789 4048 beatis
820 3991 1105 4061 conspicit.
1155 3991 1255 4047 Hic
1284 4007 1438 4062 purae
1470 3991 1666 4046 mentis
1699 3991 1893 4047 beatus
1916 3989 1977 4066 fit

372 4078 622 4135 excelsus
648 4078 703 4133 in
733 4079 926 4145 Deum,
965 4078 1055 4150 qui
1080 4079 1196 4148 jam
1224 4095 1335 4135 non
1389 4079 1619 4150 simplex
1676 4079 1970 4147 meditatio,

373 4168 472 4224 sed
501 4167 777 4223 excellens
799 4167 1341 4239 valetcontemplatio
1362 4167 1568 4224 vocari.
1585 4169 1645 4222 In
1659 4183 1725 4223 ea
1746 4182 1975 4240 eamque

374 4256 467 4329 pia
495 4264 547 4312 et
576 4272 844 4313 succensa
871 4272 1046 4322 mens,
1082 4272 1245 4312 omne
1275 4272 1493 4328 corpus,
1527 4273 1827 4329 omnesque
1848 4272 1974 4311 cor-

368 4360 571 4418 poreas
600 4344 869 4415 imagines
913 4345 1405 4417 similitudinesque
1447 4346 1891 4410 transcendens;
1917 4344 2045 4403 inD

374 4435 496 4505 ipsa
521 4434 640 4489 luce
667 4433 946 4503 Veritatis,
980 4434 1036 4488 in
1064 4450 1171 4506 qua
1212 4451 1339 4490 vere
1371 4443 1424 4490 et
1452 4450 1583 4490 vera
1628 4442 1754 4489 sunt
1801 4433 1982 4488 omnia

379 4522 672 4595 praeterita,
706 4522 997 4592 praesentia
1027 4530 1080 4578 et
1114 4522 1331 4589 futura;
1364 4539 1466 4579 nec
1497 4522 1654 4578 aliter
1684 4522 1979 4593 praeterita,

379 4626 543 4684 quam
590 4609 763 4664 futura
818 4610 905 4666 vel
951 4612 1275 4682 praesentia;
1326 4626 1428 4666 nec
1479 4610 1636 4665 aliter
1666 4609 1978 4680 praesentia,

375 4716 532 4771 quam
555 4688 838 4770 praeterita
866 4698 952 4754 vel
986 4698 1186 4767 futura,-
1218 4715 1321 4755 nec
1364 4698 1519 4754 aliter
1561 4697 1758 4765 futura,
1818 4713 1982 4770 quam

374 4787 681 4861 praesentia,
722 4788 810 4843 vel
838 4788 1135 4859 praeterita;
1170 4787 1266 4843 sed
1326 4786 1505 4853 simul,
1567 4794 1619 4842 et
1660 4801 1895 4856 semper,
1930 4794 1984 4840 et

372 4877 568 4932 eodem
589 4876 753 4931 modo
784 4876 984 4942 omnia,
1021 4891 1360 4948 quaecunque
1394 4874 1444 4929 ei
1476 4874 1687 4930 Veritas
1718 4873 1985 4930 revelavit

378 4965 613 5036 simplici
641 4966 833 5020 intuitu
863 4963 1284 5035 contemplatur.
1321 4962 1599 5035 Quidquid
1621 4962 1675 5017 in
1699 4964 1802 5018 hac
1820 4961 1985 5017 fuerit

376 5050 587 5106 visione
607 5050 676 5104 ab
706 5051 889 5104 anima
919 5058 1111 5105 sancta
1145 5063 1281 5119 pure
1313 5048 1769 5118 comprehensum
1795 5090 1806 5113 ,
1856 5062 1983 5101 vere

378 5138 706 5193 luminosum
754 5154 877 5192 esse
926 5144 1159 5203 constat,
1194 5142 1248 5191 et
1282 5144 1508 5191 certum.
1544 5137 1671 5206 Ipsa
1727 5143 1809 5190 est
1864 5151 1984 5207 qua)

378 5234 587 5283 semota
620 5225 825 5281 visione
855 5225 1177 5298 imaginaria
1199 5230 1407 5296 pariter
1437 5232 1490 5279 et
1519 5223 1880 5294 phantastica,
1905 5222 1983 5278 vi-

381 5316 589 5371 sionem
620 5315 924 5370 sensualem
957 5322 1007 5369 et
1038 5313 1375 5384 spiritualem
1404 5310 1684 5381 clariﬁcat,
1718 5319 1776 5366 ut
1805 5311 1899 5367 ﬁat
1928 5311 1983 5366 in

381 5420 447 5459 ea
472 5404 683 5474 videns,
715 5404 801 5459 vel
832 5401 1092 5474 mysteria
1114 5402 1363 5474 loquens,
1397 5402 1487 5457 vel
1534 5400 1747 5457 occulta
1777 5399 1986 5471 patefa-

381 5491 551 5560 ciens,
577 5492 662 5550 vel
691 5500 922 5548 ventura
951 5490 1344 5562 praanuntians.
1391 5491 1529 5548 Sunt
1566 5497 1747 5547 autem
1793 5497 1846 5546 et
1876 5488 1984 5545 alia

2076 1703 2220 1750 recte
2251 1703 2303 1750 et
2332 1695 2596 1751 catholice
2616 1695 2967 1768 intelligenda
2998 1704 3139 1751 sunt.
3186 1698 3301 1753 Duc
3355 1699 3678 1754 considera-

2072 1783 2276 1839 tionem
2293 1792 2442 1838 tuam
2462 1784 2529 1837 ab
2559 1783 2678 1855 ipso
2710 1784 2897 1839 mundi
2917 1785 3163 1852 exordio,
3194 1802 3296 1856 per
3326 1801 3391 1841 ea
3414 1803 3535 1858 qua:
3578 1802 3679 1857 per

2074 1879 2308 1944 quatuor
2337 1872 2749 1927 successionum
2799 1873 3156 1928 variationem
3202 1873 3350 1945 [Ραν.
3404 1874 3674 1930 narratio;

2073 1960 2194 2032 nes]
2246 1968 2372 2014 sunt
2417 1960 2561 2016 facta
2606 1968 2659 2015 et
2688 1961 2852 2029 dicta,
2888 1977 2983 2032 per
3026 1970 3214 2017 aetates
3246 1979 3362 2031 sex,
3402 1979 3502 2034 per
3548 1971 3683 2017 tem-

2074 2064 2212 2119 pora
2243 2048 2362 2114 tria,
2379 2064 2477 2119 per
2497 2056 2668 2103 status
2689 2048 2827 2104 duos
2851 2066 2865 2103 :
2885 2057 2939 2104 et
2955 2057 3244 2121 atempore
3282 2050 3681 2106 Incarnationis

2077 2136 2274 2192 Christi
2312 2152 2485 2207 usque
2545 2136 2612 2191 ad
2662 2137 2820 2205 hujus
2861 2137 3123 2208 temporis
3168 2137 3363 2204 fecem,
3430 2153 3549 2209 quae
3605 2138 3679 2192 ad

2075 2224 2252 2296 ipsum
2284 2224 2576 2290 Christum,
2610 2241 2732 2296 quae
2762 2225 2923 2279 etiam
2951 2225 3022 2280 ad
3051 2225 3347 2296 apostolos,
3381 2234 3434 2281 et
3463 2233 3678 2297 marty-

2078 2329 2188 2379 res,
2222 2320 2275 2368 et
2307 2311 2674 2378 confessores,
2695 2321 2748 2368 et
2778 2313 3021 2386 virgines
3062 2321 3329 2385 spectant.
3364 2313 3539 2384 Quam
3567 2330 3682 2369 ma-

2077 2417 2244 2473 gnum
2277 2401 2377 2455 sub
2408 2399 2621 2456 silentio
2650 2401 2704 2455 in
2737 2402 2903 2457 corde
2935 2409 3024 2456 tuo
3054 2402 3456 2474 multiloquium
3485 2402 3540 2457 in
3574 2401 3681 2456 sin-

2077 2489 2223 2560 gulis
2258 2488 2270 2544 ι
2304 2489 2447 2544 Num
2480 2489 2698 2560 quando
2728 2491 2845 2546 haec
2888 2491 3073 2545 omnia
3102 2500 3155 2545 et
3183 2478 3423 2563 singular
3455 2491 3596 2545 intra
3625 2499 3680 2546 te

2079 2578 2337 2644 ruminas,
2363 2594 2486 2633 esse
2507 2577 2657 2633 solus
2690 2578 2745 2632 in
2773 2577 2910 2633 cella
2941 2578 3206 2633 dicendus
3227 2595 3287 2633 es
3305 2578 3468 2635 ?Non
3492 2579 3680 2650 utique

2076 2673 2207 2722 tunc
2245 2666 2394 2720 solus
2423 2682 2502 2724 es.
2529 2667 2657 2738 quia
2685 2682 2807 2721 cum
2839 2665 2925 2720 his
2953 2666 3245 2739 diligenter
3273 2666 3529 2736 intendis,
3563 2667 3681 2722 uni-

2079 2770 2256 2810 versae
2294 2755 2361 2809 de
2393 2755 2589 2826 quibus
2621 2755 2732 2827 agit
2762 2760 2915 2811 vetus
2944 2762 2998 2810 et
3025 2770 3168 2810 nova
3198 2755 3494 2826 Scriptura,
3527 2763 3581 2810 et
3608 2755 3681 2811 de

2078 2842 2274 2914 quibus
2304 2842 2359 2897 in
2394 2843 2685 2914 Scripturis
2705 2843 2923 2898 Patrum
2954 2843 3048 2915 qui
3076 2851 3197 2914 post
3247 2844 3678 2899 Incarnationem

2080 2930 2299 2986 fuerunt
2330 2932 2532 2988 mentio
2570 2930 2647 2998 ﬁt,
2692 2942 2872 2988 tecum
2929 2932 3166 3004 quodam
3219 2933 3385 2988 modo
3427 2948 3679 3004 persona:

2077 3028 2220 3075 sunt.
2252 3020 2370 3075 Nisi
2400 3020 2525 3093 quia
2556 3021 2661 3077 hoc
2683 3019 2930 3076 fortassis
2949 3020 3284 3092 peramplius
3308 3028 3361 3077 et
3379 3021 3676 3093 perfectius

2077 3116 2179 3178 est,
2215 3109 2344 3181 quia
2366 3109 2420 3163 in
2454 3118 2505 3165 te
2529 3125 2746 3181 quoque
2778 3116 2904 3164 sunt
2938 3123 2950 3163 :
2982 3116 3035 3164 et
3063 3124 3316 3183 magnam
3360 3109 3577 3181 quidem
3610 3124 3680 3165 ac

2078 3198 2306 3253 multam
2335 3198 2423 3254 hic
2443 3198 2713 3270 percipies
2756 3197 3135 3265 eruditionem,
3190 3198 3280 3270 qui
3310 3198 3482 3270 ipsam
3539 3197 3683 3253 intra

2077 3294 2130 3343 te
2153 3302 2325 3343 sacrae
2357 3286 2654 3358 Scripturaa
2684 3285 3106 3357 comprehendis
3137 3286 3570 3344 universitatem.

2578 3463 2974 3522 CAPITULUM
3001 3465 3157 3520 XIX.

2078 3614 2155 3671 De
2182 3614 2283 3671 illo
2313 3614 2709 3671 meditationis
2723 3616 2904 3681 modo,
2940 3616 3109 3688 quiin
3130 3616 3322 3672 animo
3339 3615 3677 3671 meditantis

2153 3701 2372 3756 timoris
2404 3700 2586 3772 gignit
2614 3716 2849 3757 causam
2878 3704 2934 3756 et
2964 3698 3189 3767 doloris,
3212 3700 3393 3772 quiin
3413 3703 3534 3756 octo
3550 3715 3674 3757 mo-

2149 3787 2244 3845 do:
2289 3788 2589 3844 dividitur.

2148 3922 2486 3979 Meditationi
2514 3923 2641 3980 huic
2670 3922 2915 3980 succedit
2936 3923 3062 3990 alia,
3088 3931 3142 3978 et
3160 3931 3242 3980 est
3257 3922 3314 3995 (ο
3341 3929 3418 3991 tu,
3450 3923 3541 3995 qui
3570 3923 3677 3978 ha-

2080 4011 2281 4067 bitator
2318 4028 2378 4065 es
2422 4010 2601 4081 cellae)
2659 4028 2781 4082 qua),
2831 4012 3142 4084 specialiter
3188 4012 3421 4083 pertinet
3477 4012 3549 4067 ad
3600 4020 3675 4068 te.

2080 4100 2291 4157 Sedens
2320 4099 2500 4171 itaque
2530 4100 2585 4154 in
2613 4100 2750 4156 cella
2785 4109 2875 4155 tua
2928 4101 3173 4174 recogita
3202 4101 3257 4155 in
3313 4100 3680 4156 amaritudine

2078 4188 2276 4244 animae
2305 4196 2411 4244 tuae
2441 4203 2617 4243 annos
2647 4197 2701 4243 et
2729 4188 2849 4243 dies
2899 4196 3056 4256 tuos;
3103 4189 3330 4245 volvens
3357 4188 3501 4243 intra
3548 4196 3600 4244 te
3628 4197 3684 4244 et

2077 4276 2370 4333 revolvens
2401 4293 2520 4349 qua:
2552 4285 2606 4332 et
2661 4285 2863 4348 quanta
2893 4284 2947 4332 et
3005 4277 3189 4348 qualia
3242 4277 3416 4347 mala,
3474 4277 3571 4331 ubi
3626 4285 3682 4332 et

2083 4366 2321 4438 quando,
2355 4381 2463 4437 qua
2493 4365 2769 4422 voluntate
2798 4372 2851 4421 et
2878 4364 3196 4430 intentione,
3230 4366 3328 4420 sed
3356 4365 3683 4436 etquandiu

2084 4455 2199 4511 sive
2229 4454 2285 4508 in
2314 4462 2497 4510 mente
2527 4454 2642 4509 sive
2671 4454 2726 4508 in
2756 4469 2920 4509 carne
2949 4462 3042 4508 tua
3087 4453 3427 4510 commisisti.
3488 4452 3684 4526 Cogita

2084 4550 2137 4599 et
2169 4543 2418 4615 recogita
2446 4542 2587 4597 intra
2617 4550 2690 4608 te,
2725 4558 2889 4613 quam
2921 4542 2997 4597 sis
3041 4551 3096 4598 et
3124 4549 3306 4598 mente
3340 4550 3393 4598 et
3448 4557 3684 4612 corpore

2083 4623 2348 4691 inﬁrmus,
2381 4641 2541 4696 quam
2571 4624 2831 4695 proclivis
2865 4624 2932 4679 ad
2984 4625 3133 4695 vitia,
3194 4640 3359 4697 quam
3414 4624 3685 4681 invalidus

2083 4714 2153 4768 ad
2185 4713 2426 4779 virtutes,
2460 4728 2626 4785 quam
2654 4713 2838 4768 multis
2881 4713 2957 4768 sis
3013 4714 3300 4769 timoribus
3345 4720 3681 4779 contractus,

2083 4801 2366 4857 doloribus
2394 4800 2640 4867 afﬂictus,
2700 4800 2979 4857 erroribus
3034 4818 3227 4875 vagus,
3285 4801 3430 4857 curis
3488 4801 3685 4857 anxius

2085 4889 2487 4961 suspicionibus
2511 4889 2821 4961 inquietus:
2856 4889 3050 4961 quibus
3090 4889 3414 4962 quantisque
3467 4889 3690 4960 pericu-

2083 4978 2151 5034 lis
2178 4978 2254 5033 sis
2285 4978 2592 5048 expositus,
2625 4976 2856 5034 vinculis
2884 4977 3108 5049 ligatus,
3140 4977 3395 5033 sordibus
3425 4978 3680 5050 inquina-

2084 5074 2191 5134 tus,
2222 5066 2452 5138 piaculis
2480 5066 2737 5137 repletus,
2771 5082 2932 5137 quam
2987 5081 3320 5139 magnorum
3372 5067 3447 5121 sis
3475 5066 3682 5121 multo-
3754 5086 3763 5089 λ

2086 5172 2311 5228 rumque
2348 5154 2618 5210 malorum
2647 5154 2882 5209 molibus
2912 5171 3230 5226 oppressus.
3292 5154 3540 5224 Qualiter
3570 5154 3684 5210 fere

2083 5244 2425 5301 incessanter
2453 5243 2650 5298 alienis
2680 5258 2713 5297 a
2743 5251 2813 5312 te,
2848 5242 3132 5298 dilanieris
3159 5242 3216 5296 in
3247 5250 3320 5309 te,
3364 5243 3685 5298 dilacereris

2084 5333 2225 5387 intra
2250 5340 2321 5400 te,
2354 5332 2638 5403 dissiperis
2669 5339 2818 5386 extra
2848 5339 2921 5396 te,
2983 5331 3259 5400 dejiciaris
3299 5329 3441 5385 infra
3498 5338 3551 5386 te
3607 5332 3688 5400 (et

2082 5420 2458 5492 prosternaris
2488 5420 2679 5475 subtus
2708 5428 2782 5487 te,
2815 5420 2913 5475 sed
2935 5427 2982 5475 et
3008 5419 3245 5476 inaniter
3263 5418 3494 5475 eleveris
3515 5434 3687 5490 supra

2083 5517 2160 5566 te.
2190 5510 2260 5565 Et
2289 5509 2416 5582 quia
2446 5509 2609 5564 nimis
2639 5508 2864 5580 longum
2895 5515 2998 5577 est,
3030 5509 3142 5565 imo
3189 5507 3529 5580 impossibile
3584 5521 3689 5565 no-
