3972 6052
242 212 343 271 833

1365 214 1567 270 LIBER
1607 215 1700 269 DE
1737 210 2121 268 EXERCITIO
2162 208 2419 266 CELLzE.

3434 208 3537 265 834

234 341 318 395 bis
351 348 431 395 est
459 357 649 395 omnes
694 356 984 396 numerare
1023 339 1379 403 calamitates,
1430 355 1567 410 quas
1615 341 1757 395 intus
1788 346 1841 392 et
1860 340 1913 397 A
1944 351 2063 400 xxv,
2099 336 2210 406 30).
2234 336 2380 391 Unus
2411 335 2574 389 homo
2607 342 2723 388 erat
2741 332 2832 405 qui
2852 350 2953 405 pro
2984 350 3049 389 eo
3080 335 3227 389 solus
3253 334 3535 405 ingressus

236 438 385 484 extra
419 429 582 483 miser
632 429 833 498 patitur
875 429 1058 493 homo,
1098 428 1278 499 cogita
1308 429 1583 498 quomodo
1614 429 1688 481 sis
1721 428 1836 497 ipse

241 517 432 571 similis
479 516 938 572 descendentibus
985 517 1040 569 in
1087 514 1262 572 lacum
1296 532 1307 570 :
1344 523 1395 570 et
1440 516 1547 570 nisi
1591 516 1684 570 tibi
1714 532 1837 587 gra-

239 606 372 660 tuita
422 605 727 660 Conditoris
764 605 839 659 tui
886 605 1029 660 adsit
1075 605 1267 677 gratia,
1320 604 1443 658 talis
1471 622 1531 659 es
1572 605 1627 658 in
1657 612 1837 659 tenta-

238 694 403 759 tione,
456 694 629 764 qualis
678 702 760 748 est
810 693 893 748 vel
941 700 1067 749 cera
1110 710 1139 747 a
1169 693 1308 749 facie
1349 693 1513 765 ignis,
1551 694 1633 748 vel
1664 693 1839 763 pulvis

236 777 544 833 levissimus
574 778 626 831 in
660 777 790 831 flatu
820 777 1285 833 vehementissimi
1318 778 1483 832 venti.
1519 780 1840 848 Repraesen-

239 874 312 921 tet
348 866 441 919 tibi
468 872 594 936 post
640 866 757 921 haec
799 866 854 919 in
903 874 1083 921 mente
1124 874 1212 920 tua
1256 866 1375 936 ipsa
1420 866 1698 921 meditatio
1729 874 1836 930 tua,

243 970 408 1025 quam
436 953 691 1008 terribilis
738 954 808 1007 sit
852 954 968 1024 ipse
996 955 1261 1009 universa:
1292 963 1553 1010 creaturae
1583 954 1843 1009 Conditor

240 1042 296 1105 in
328 1041 568 1096 consiliis
616 1057 781 1112 super
831 1040 970 1097 filios
1016 1043 1316 1112 hominum,
1351 1044 1713 1113 reproborum
1743 1058 1843 1097 nec

188 1198 195 1205 _
241 1130 388 1184 mala
418 1129 652 1196 diluens,
686 1145 788 1184 nec
821 1130 965 1185 bona
994 1139 1308 1201 acceptans,
1342 1131 1567 1202 insuper
1599 1139 1649 1185 et
1680 1131 1845 1185 corda

243 1234 436 1273 eorum
467 1220 613 1287 justo
645 1219 742 1273 sed
791 1219 1001 1273 occulto
1031 1219 1239 1287 judicio
1271 1235 1369 1273 suo
1398 1235 1506 1273 non
1538 1219 1843 1287 emolliens,

244 1306 342 1361 sed
373 1306 536 1361 etiam
568 1306 850 1374 indurans,
883 1323 952 1362 ne
975 1315 1323 1362 convertatur
1353 1316 1405 1362 et
1435 1316 1585 1361 sanet
1606 1323 1721 1361 eos.
1744 1308 1846 1362 Co-

242 1395 356 1467 gita
383 1394 519 1448 intra
550 1402 600 1449 te
633 1396 775 1466 quod
806 1395 1169 1451 Ecclesiastes
1199 1396 1348 1461 dicit,
1385 1396 1510 1465 quia
1539 1400 1674 1450 sunt
1705 1398 1846 1465 justi

245 1488 298 1539 el
311 1485 615 1555 sapientes,
642 1488 696 1539 et
717 1500 885 1556 Opera
907 1500 1099 1539 eorum
1120 1486 1183 1539 in
1196 1501 1373 1539 manu
1388 1485 1485 1539 Dei
1498 1490 1632 1539 sunt
1656 1505 1673 1551 ;
1696 1488 1750 1539 et
1768 1488 1847 1539 tu-

246 1588 379 1627 men
409 1574 593 1627 nescit
640 1573 801 1627 homo
838 1576 1035 1627 utrum
1067 1589 1257 1628 amore
1285 1590 1361 1628 an
1388 1573 1509 1629 odio
1540 1573 1743 1642 dignus
1773 1575 1847 1627 sit

249 1660 454 1729 (Eccle.
487 1674 568 1725 Ix,
603 1660 655 1729 1)
682 1678 695 1725 ;
730 1659 827 1715 sed
844 1660 1025 1715 omnia
1045 1660 1098 1714 in
1115 1659 1349 1714 futurum
1372 1669 1677 1715 servantur.
1699 1662 1847 1715 Tunc
1868 1692 1919 1752 B

247 1755 402 1801 erunt
432 1755 602 1813 certa,
647 1747 865 1818 quando
914 1755 970 1802 ut
1001 1764 1059 1803 se
1104 1749 1357 1803 emendet
1398 1750 1583 1813 homo,
1631 1765 1732 1803 nec
1762 1749 1845 1804 lo-

248 1852 373 1891 cum
396 1836 507 1904 jam
536 1836 777 1903 habebit,
810 1852 911 1891 nec
940 1844 1173 1907 tempus.
1207 1837 1348 1892 Dicit
1377 1837 1505 1891 item
1526 1838 1669 1891 idem
1691 1837 1808 1907 ipse
1834 1855 1847 1891 :

200 1922 205 1925 “
248 1924 548 1979 Considera
576 1940 745 1995 opera
778 1924 904 1989 Dei,
941 1924 1083 1996 quod
1117 1940 1282 1979 nemo
1326 1926 1506 1996 possit
1547 1926 1846 1995 corrigere,

248 2027 412 2083 quem
434 2013 533 2067 ille
554 2012 875 2083 despexerit
896 2012 1101 2083 (Eccle.
1126 2027 1223 2078 vn,
1252 2014 1360 2083 14).
1388 2014 1570 2068 Statue
1591 2020 1713 2083 post
1736 2014 1852 2067 haec

254 2108 377 2154 ante
408 2100 597 2156 oculos
626 2100 1084 2155 considerationis
1113 2108 1237 2165 tuas,
1261 2100 1437 2171 ipsum
1465 2101 1660 2156 animai
1682 2109 1787 2155 tuae
1821 2115 1854 2155 a

251 2204 483 2258 corpore
512 2204 796 2260 egressum
824 2188 1129 2261 depingens
1159 2189 1322 2243 modo
1366 2190 1508 2243 intra
1557 2198 1625 2254 te,
1688 2205 1854 2259 quam

256 2276 515 2330 terribilis
564 2276 660 2331 tibi
694 2277 793 2331 erit
823 2278 955 2331 hora
985 2276 1095 2343 illa,
1136 2285 1186 2331 et
1217 2277 1339 2332 ideo
1366 2293 1475 2331 non
1504 2277 1854 2332 mediocriter

256 2364 418 2419 etiam
457 2381 600 2421 nunc
642 2366 932 2421 metuenda
952 2366 981 2422 7
1010 2373 1214 2437 quanta
1243 2366 1346 2421 erit
1376 2374 1521 2434 tunc,
1558 2374 1611 2420 et
1640 2365 1693 2419 in
1731 2366 1852 2420 ani-

256 2468 343 2507 ma
376 2461 465 2508 tua
494 2454 801 2524 trepidatio,
837 2461 888 2508 et
918 2454 973 2508 in
1003 2469 1231 2525 corpore
1254 2463 1345 2509 tuo
1367 2454 1601 2523 afﬂictio,
1635 2456 1854 2525 quando

256 2542 395 2596 duos
424 2542 555 2597 istos
591 2544 670 2611 (ut
718 2542 795 2598 sic
824 2542 1026 2613 dicam)
1059 2543 1257 2609 socios,
1294 2543 1386 2613 qui
1416 2543 1573 2597 simul
1602 2543 1853 2614 aliquan-

256 2638 313 2685 to
343 2629 561 2686 fuerunt
592 2632 737 2700 (dico
782 2640 963 2686 autem
994 2632 1064 2686 de
1109 2648 1343 2701 corpore
1375 2640 1466 2687 tuo
1496 2640 1548 2687 et
1576 2632 1645 2687 de
1674 2632 1857 2686 anima

258 2718 375 2789 tua)
426 2719 702 2790 separabit
730 2720 799 2774 ab
839 2720 1071 2776 invicem
1120 2736 1302 2775 amara
1343 2728 1395 2775 et
1436 2720 1656 2776 inimica
1684 2736 1853 2775 mors.

259 2807 523 2863 Meditare
579 2825 721 2863 nunc
769 2808 913 2879 apud
966 2816 1038 2877 te,
1090 2809 1199 2863 imo
1258 2810 1402 2864 intra
1443 2818 1513 2876 te,
1565 2826 1680 2880 qua
1733 2818 1858 2864 tunc

262 2896 363 2951 erit
394 2896 490 2949 tibi
519 2896 574 2949 in
613 2904 811 2962 mente,
864 2912 973 2952 non
1012 2897 1187 2952 solum
1235 2898 1475 2953 omnium
1519 2916 1639 2969 quae
1671 2899 1727 2952 in
1755 2899 1859 2953 hoc

260 2985 464 3039 mundo
524 2994 646 3039 sunt
694 3002 893 3054 rerum,
945 2986 1044 3040 sed
1092 2993 1143 3040 et
1182 2994 1499 3042 cunctorum
1549 2989 1854 3055 charorum,

263 3073 559 3127 amicorum
589 3082 641 3129 et
669 3082 956 3144 parentum
986 3074 1213 3129 oblivio.
1252 3075 1319 3129 Et
1352 3075 1453 3130 erit
1485 3083 1610 3129 tunc
1640 3075 1861 3145 quidem

262 3162 389 3215 hinc
419 3161 686 3233 egressio,
722 3162 818 3217 sed
849 3162 1137 3235 ignoratur
1166 3162 1378 3232 penitus
1410 3180 1516 3233 quo
1546 3163 1859 3235 emigratio;

266 3249 637 3320 sicutquidem
661 3251 735 3305 ait
757 3251 823 3305 de
842 3250 1024 3321 seipso
1059 3266 1071 3304 :
1107 3251 1391 3322 Egreiiar,
1414 3252 1511 3306 sed
1530 3254 1717 3307 nescio
1734 3268 1860 3323 quo,

267 3338 361 3393 sed
398 3341 588 3394 nescio
634 3341 901 3411 quando;
940 3355 1044 3394 nec
1073 3339 1254 3410 aliqua
1297 3340 1519 3410 spiritus
1565 3341 1634 3394 ad
1665 3356 1864 3410 corpus

265 3435 390 3482 ante
420 3427 773 3482 novissimum
805 3428 951 3483 diem
981 3436 1232 3499 speratur
1254 3429 1516 3495 reversio,
1538 3429 1690 3498 juxta
1717 3429 1864 3483 illam

265 3530 450 3569 veram
481 3516 651 3570 sancti
701 3514 798 3570 viri
843 3516 1190 3582 sententiam,
1225 3533 1347 3587 qua:
1377 3516 1501 3571 talis
1532 3524 1615 3571 est
1650 3532 1661 3570 :
1696 3519 1864 3573 Ilomo

269 3619 400 3657 cum
418 3604 711 3659 dormierit
732 3620 849 3660 non
870 3605 1135 3676 refulget,
1162 3605 1336 3660 donec
1354 3609 1646 3661 atteratur
1666 3608 1867 3661 caelum

274 3708 388 3747 non
417 3692 581 3761 evigil
590 3692 727 3757 abit,
761 3709 865 3748 nec
897 3697 1195 3764 consurget
1219 3694 1284 3747 de
1305 3709 1515 3749 sommo
1537 3711 1634 3749 suo
1654 3695 1724 3763 (II
1743 3694 1865 3749 Cor.

272 3795 327 3844 v,
366 3782 474 3850 10).
525 3780 739 3835 Deserit
783 3796 979 3850 corpus
1010 3780 1251 3850 spiritus,
1286 3781 1513 3853 ipsoque
1544 3782 1674 3835 illud
1705 3783 1869 3837 dese-

272 3875 427 3923 rente
468 3868 691 3923 moritur
733 3884 953 3940 corpus.
1000 3869 1184 3940 Itaque
1232 3884 1431 3940 corpus
1464 3870 1609 3941 quod
1647 3870 1776 3925 vivit
1805 3886 1870 3925 ex

272 3955 471 4023 anima,
505 3954 563 4009 ﬁt
608 3957 876 4012 exanime.
909 3959 978 4013 Ut
1006 3958 1151 4012 enim
1170 3958 1359 4013 beatus
1378 3959 1509 4014 dicit
1538 3958 1872 4031 Augustinus

272 4044 443 4115 (quod
474 4052 525 4099 et
562 4061 664 4100 nos
701 4046 940 4116 quotidie
978 4046 1034 4100 in
1076 4046 1144 4101 iis
1174 4046 1267 4118 qui
1314 4063 1414 4103 nos
1444 4048 1753 4117 praecedunt
1783 4046 1872 4100 in-

275 4140 524 4199 tuemur;
559 4133 696 4188 sicut
752 4142 805 4189 et
856 4134 911 4187 in
958 4134 1137 4201 nobis,
1199 4152 1321 4190 cum
1370 4143 1583 4206 tempus
1626 4144 1873 4191 nostrum

275 4222 577 4289 advenerit,
622 4222 713 4293 qui
753 4231 909 4277 erunt
936 4224 1257 4294 superstites
1288 4224 1658 4295 intuebuntur)
1688 4225 1872 4280 disce-

275 4311 436 4364 dente
468 4310 667 4376 anima,
702 4310 791 4381 qui
839 4312 1152 4366 ambulabat
1200 4313 1365 4381 jacet,
1420 4312 1514 4383 qui
1550 4312 1877 4383 loquebatur

1939 433 2043 479 est'
2068 423 2186 478 sine
2244 422 2476 487 macula,
2509 422 2601 494 qui
2631 430 2684 477 et
2714 423 2861 476 solus
2920 423 3059 477 liber
3104 423 3245 477 inter
3284 431 3530 477 mortuos

1940 512 2061 578 fuit,
2094 512 2244 566 solus
2276 527 2491 583 quoque
2526 512 2711 567 dicere
2739 511 2909 581 potuit
2940 529 2955 568 :
2996 512 3153 567 Venit
3173 512 3245 565 ad
3269 528 3354 567 me
3369 512 3536 582 prin-

1939 617 2064 671 ceps
2084 601 2288 655 mundi
2319 602 2509 671 hujus,
2563 604 2617 654 et
2648 601 2712 654 in
2744 616 2831 654 me
2859 616 2975 655 non
3017 600 3179 655 habet
3211 600 3532 671 quidquam.

1939 689 2062 742 Non
2105 697 2185 742 est
2212 688 2407 759 aliquis
2452 696 2695 742 nostrum
2743 687 2797 740 in
2831 704 2936 758 quo
2966 703 3076 741 non
3106 688 3305 743 habeat
3333 687 3540 759 aliquid

1941 792 2117 830 suum.
2143 777 2358 831 Intuere
2387 784 2511 846 post
2532 778 2646 831 hmo
2667 776 3116 830 considerationis
3147 784 3250 830 tua:
3280 775 3460 841 oculo,
3483 775 3538 829 in

1941 864 2062 934 ipsa
2107 863 2318 919 interna
2358 864 2707 919 meditatione
2741 872 2864 931 tua,
2900 864 3029 935 quid
3058 864 3126 918 de
3171 872 3262 918 tuo
3310 878 3541 934 corpore

1944 952 2066 1018 erit,
2100 960 2390 1023 postquam
2422 953 2492 1007 ab
2524 969 2589 1007 eo
2619 953 2798 1007 anima
2829 960 2921 1007 tua
2949 952 3263 1007 recesserit.
3293 952 3417 1007 Non
3445 968 3541 1006 au-

1944 1048 2052 1095 tem
2097 1056 2325 1095 necesse
2355 1041 2518 1095 habet
2561 1041 2786 1095 multum
2818 1040 3071 1095 laborare
3110 1041 3164 1093 in
3193 1040 3542 1110 praevidendo

1944 1130 2048 1183 hoc
2077 1129 2354 1183 meditatio
2386 1137 2515 1195 tua;
2553 1129 2680 1199 quia
2710 1129 2839 1199 quid
2877 1145 3040 1199 super
3060 1129 3165 1183 hoc
3204 1128 3397 1183 debeat
3418 1144 3544 1183 sen-

1945 1218 2066 1285 tire,
2098 1217 2216 1287 ipse
2251 1233 2468 1287 quoque
2500 1225 2551 1271 te
2577 1224 2783 1272 certum
2815 1216 2992 1271 reddit
3022 1216 3323 1287 corporalis
3344 1233 3541 1287 aspec-

1944 1313 2050 1359 tus.
2086 1306 2227 1359 Nam
2257 1305 2397 1360 vade
2445 1306 2624 1371 modo,
2652 1314 2705 1359 et
2762 1306 2915 1374 cujus
2948 1304 3184 1359 volueris
3223 1306 3419 1359 mortui
3448 1321 3542 1360 se-

1946 1394 2197 1464 pulcrum
2230 1393 2382 1464 aperi
2430 1402 2484 1448 et
2514 1393 2743 1463 inspice.
2786 1394 2979 1447 Nonne
3011 1394 3054 1447 si
3105 1394 3210 1449 hoc
3242 1393 3458 1453 feceris.
3488 1393 3543 1446 in

1948 1489 2154 1535 tantum
2203 1489 2255 1536 et
2287 1481 2532 1551 aspectui
2592 1482 2694 1535 erit
2726 1490 2779 1535 et
2811 1480 3033 1536 olfactui
3079 1481 3223 1551 quod
3265 1480 3547 1551 apparebit

1945 1569 2182 1637 horrori,
2218 1578 2274 1623 ut
2305 1577 2553 1624 neutrum
2584 1568 2767 1639 aliquo
2812 1568 2985 1639 possit
3015 1569 3179 1623 modo
3208 1568 3293 1624 vel
3323 1570 3394 1623 ad
3422 1584 3545 1623 mo-

1950 1665 2191 1712 mentum
2224 1658 2489 1712 sustinere
2511 1658 2538 1711 ‘l
2568 1658 2727 1712 Certe
2749 1657 3031 1727 apparebit
3050 1658 3286 1713 cadaver
3314 1656 3548 1711 horribi-

1952 1746 2132 1801 biliter
2188 1745 2384 1811 fetens,
2419 1746 2707 1816 putredine
2757 1754 2994 1811 scatens,
3042 1746 3314 1801 vermibus
3370 1753 3549 1799 scatu-

1950 1834 2099 1888 riens
2134 1848 2145 1886 :
2181 1841 2232 1888 et
2258 1850 2430 1904 usque
2452 1834 2521 1887 ad
2552 1834 2656 1888 hoc
2687 1833 2937 1888 deveniet
2968 1833 3111 1887 istud
3142 1834 3209 1888 de
3238 1850 3345 1904 quo
3375 1832 3549 1903 loqui-

1951 1938 2072 1975 mur
2100 1938 2321 1991 corpus,
2356 1930 2413 1975 ut
2459 1920 2527 1976 sit
2556 1930 2677 1992 post
2738 1922 2941 1976 exitum
3001 1921 3215 1986 animae,
3247 1922 3402 1987 fetor,
3429 1927 3552 1991 post

1954 2010 2204 2076 fetorem,
2252 2011 2518 2079 putredo;
2551 2018 2676 2080 post
2736 2010 3100 2080 putredinem,
3152 2010 3394 2075 vermis;
3427 2015 3552 2079 post

1954 2115 2219 2167 vermem,
2253 2099 2401 2153 omni
2456 2097 2681 2169 pulvere
2740 2098 3024 2168 abjectior,
3058 2098 3236 2167 vilior,
3270 2097 3465 2165 Iedior,
3498 2102 3553 2151 et

1953 2186 2168 2241 fetidior
2212 2186 2409 2257 pulvis.

2480 2335 2883 2390 CAPITULUM
2911 2334 3017 2389 XX
3031 2376 3043 2389 .

1955 2471 2031 2525 De
2076 2470 2331 2540 generali
2386 2470 2805 2525 resurrectione
2851 2472 3226 2540 mortuorum,
3278 2472 3333 2523 et
3368 2470 3551 2540 prunis

2026 2540 2450 2601 damnatorum,
2486 2544 2541 2595 et
2572 2540 2820 2610 qualiter
2848 2540 3026 2610 repeti
3056 2539 3291 2594 debeant
3310 2539 3402 2593 illi
3430 2543 3551 2595 octo

2031 2611 2201 2679 modi,
2236 2614 2299 2665 in
2330 2612 2525 2683 quibus
2559 2611 2779 2665 timoris
2808 2611 3011 2665 existit
3035 2626 3205 2664 causa
3235 2614 3289 2664 et
3322 2610 3547 2665 doloris.

2028 2726 2147 2780 Jam
2182 2724 2297 2793 tibi,
2332 2724 2423 2795 qui
2450 2724 2719 2779 habitator
2753 2741 2812 2779 es
2842 2725 2995 2779 cellm
3034 2732 3435 2795 praemonstret,
3486 2724 3555 2781 de

1965 2829 2075 2883 qua
2106 2829 2418 2868 sermonem
2447 2813 2622 2867 habeo
2652 2812 2718 2866 ad
2749 2820 2821 2878 te,
2850 2821 2940 2867 tua
2968 2813 3268 2878 meditatio,
3293 2813 3472 2883 aliqua
3488 2813 3556 2867 de

1960 2902 2142 2957 futura
2173 2902 2267 2956 illa
2294 2902 2350 2955 in
2380 2902 2677 2957 novissimo
2709 2902 2796 2956 die
2846 2901 3176 2957 resurrectio
3218 2909 3555 2956 mortuorum

1959 2990 2205 3062 generali
2233 3009 2246 3057 ;
2281 2991 2500 3062 quando
2529 2991 2583 3044 in
2617 2989 2722 3044 fine
2754 2989 2935 3045 saeculi
2966 2990 3148 3045 veniet
3176 2990 3294 3060 ipse
3320 2991 3434 3045 Rex
3465 3006 3555 3045 re-

1960 3095 2108 3150 gum,
2144 3088 2195 3133 et
2217 3078 2384 3146 judex
2414 3079 2662 3133 vivorum
2692 3086 2745 3132 et
2791 3087 3146 3133 mortuorum.
3181 3079 3246 3132 Et
3276 3078 3455 3133 veniet
3500 3078 3555 3132 in

1961 3175 2225 3237 potestate
2258 3182 2456 3237 magna
2486 3174 2538 3221 et
2568 3168 2846 3235 majestate
2858 3166 3214 3235 judicalurus,
3249 3165 3340 3235 qui
3385 3166 3440 3219 in
3469 3166 3557 3220 in-

1964 3255 2219 3309 firmitate
2250 3263 2301 3310 et
2328 3255 2625 3309 humilitate
2682 3255 2885 3308 dudum
2939 3256 3087 3309 venit
3118 3254 3464 3323 judicandus.
3488 3255 3558 3309 Et

1965 3360 2086 3399 cum
2119 3344 2282 3413 (sicut
2310 3343 2427 3414 ipse
2486 3342 2761 3414 promisit)
2820 3343 2899 3397 sic
2956 3343 3181 3409 venerit,
3242 3344 3471 3399 venient
3502 3347 3558 3399 et

1966 3444 2157 3483 omnes
2186 3430 2377 3500 angeli
2405 3430 2525 3499 ejus
2550 3444 2681 3483 cum
2710 3444 2790 3492 eo,
2827 3431 2881 3481 et
2912 3428 3403 3498 congregabuntur
3422 3431 3559 3483 ante

1967 3533 2095 3572 eum
2117 3532 2311 3571 omnes
2331 3519 2552 3587 gentes.
2582 3517 2733 3571 Tunc
2753 3514 2895 3570 dicet
2910 3514 3092 3583 justis,
3120 3523 3171 3569 et
3202 3516 3324 3569 ideo
3347 3516 3562 3571 salvan-

1966 3605 2053 3659 dis
2088 3622 2102 3659 :
2140 3606 2354 3673 Venite,
2382 3605 2696 3670 benedicti;
2728 3603 2957 3672 injustis,
2984 3612 3036 3657 et
3055 3603 3178 3657 ideo
3199 3603 3519 3658 damnandis
3544 3618 3558 3657 :

1968 3692 2245 3748 Discedite
2273 3710 2309 3747 a
2337 3708 2445 3757 me,
2470 3692 2784 3747 maledicti.
2817 3692 2929 3745 Illis
2961 3691 3106 3746 dicet
3135 3709 3147 3744 :
3171 3692 3453 3747 Possidete
3473 3708 3563 3747 re-

1967 3798 2182 3853 gnum;
2216 3782 2334 3835 istis
2354 3796 2483 3837 vero
2519 3797 2531 3835 :
2565 3782 2646 3837 Ite
2668 3784 2729 3835 in
2760 3782 2947 3851 ignem
2966 3784 3271 3836 aeternum.
3314 3780 3359 3835 Ο
3388 3779 3398 3833 l
3433 3796 3561 3851 pos-

1970 3870 2143 3925 sidete
2173 3886 2423 3941 regnum.
2460 3869 2505 3924 Ο
2530 3868 2540 3924 l
2577 3870 2647 3924 ite
2678 3870 2731 3922 in
2760 3870 2943 3939 ignem
2973 3877 3252 3925 aeternum.
3285 3870 3403 3923 Erit
3434 3876 3563 3925 tunc

1970 3958 2249 4028 impletum
2282 3958 2546 4014 veraciter
2576 3958 2717 4029 quod
2759 3959 2826 4012 de
2875 3958 3121 4028 reprobis
3148 3958 3200 4011 in
3234 3958 3566 4029 Apocalypsi

1973 4062 2071 4100 sua
2102 4054 2325 4102 sanctus
2346 4047 2585 4102 Joannes
2613 4046 2847 4100 narravit
2868 4046 3021 4117 quasi
3037 4045 3393 4117 praeteritum,
3418 4046 3565 4117 quod

1973 4135 2151 4190 adhuc
2185 4143 2267 4189 est
2322 4134 2587 4189 futurum.
2625 4136 2892 4201 Sustulit,
2935 4134 3125 4204 inquit,
3161 4136 3394 4203 angelus
3419 4135 3565 4205 lapi-

1973 4223 2099 4277 dem
2120 4224 2281 4295 quasi
2302 4225 2577 4278 molarem
2605 4240 2895 4292 magnum,
2923 4225 2979 4277 et
3000 4223 3157 4276 misit
3190 4223 3251 4275 in
3270 4238 3449 4287 mare,
3474 4223 3566 4277 di-

1974 4326 2108 4365 cens
2143 4328 2155 4363 :
2182 4312 2288 4365 Hoc
2306 4311 2525 4381 impetu
2545 4313 2813 4366 mittetur
2833 4310 3078 4380 Babylon
3098 4311 3203 4365 illa
3223 4312 3427 4365 civitas
3444 4326 3569 4366 ma-

277 4405 417 4453 tacet
452 4415 465 4452 :
497 4398 668 4453 clausi
711 4399 852 4454 oculi
894 4400 1071 4455 lucem
1102 4416 1211 4455 non
1256 4400 1493 4471 capiunt,
1538 4416 1697 4455 aures
1740 4401 1873 4455 nulli
1895 4404 1948 4463 D
1977 4416 2108 4469 gna,
2136 4403 2193 4452 et
2230 4399 2390 4453 ultra
2420 4415 2532 4454 non
2564 4400 2891 4453 invenietur
2912 4399 3103 4470 (Apoc.
3140 4413 3301 4465 xvm,
3327 4400 3440 4469 21).
3468 4399 3569 4455 Hic

250 4486 399 4557 {voci
429 4494 730 4556 patescunt,
774 4487 957 4543 omnia
996 4489 1367 4544 membrorum
1409 4488 1581 4544 oﬂicia
1609 4489 1874 4559 conquie-

280 4582 454 4629 scunt.
487 4577 609 4630 Non
640 4584 722 4631 est
743 4576 833 4647 qui
856 4586 1068 4633 moveat
1088 4594 1349 4649 egressus
1370 4578 1437 4631 ad
1467 4578 1872 4648 ambulandum,

279 4678 473 4716 manus
515 4665 585 4718 ad
644 4664 1005 4735 operandum,
1063 4682 1257 4719 sensus
1315 4666 1383 4719 ad
1442 4667 1871 4737 percipiendum.

279 4751 475 4805 Nonne
504 4752 603 4806 ista
635 4761 717 4807 est
755 4754 968 4818 domus,
1010 4769 1171 4823 quam
1211 4754 1397 4809 nescio
1441 4755 1561 4825 quis
1591 4755 1877 4809 invisibilis

279 4838 550 4895 habitator
579 4842 850 4897 ornabat?
878 4842 1124 4898 Recessit
1170 4834 1261 4912 qui
1310 4858 1419 4897 non
1450 4843 1754 4913 videbatur,
1786 4860 1876 4897 re-

284 4928 485 4981 mansit
517 4930 664 4999 quod
703 4946 825 4985 cum
864 4930 1051 4985 dolore
1080 4930 1346 4986 videatur.
1382 4931 1510 4986 Haec
1540 4931 1729 4986 beatus
1761 4934 1876 4986 Au-

282 5016 532 5087 gustinus
561 5017 629 5071 de
659 5018 762 5071 his.
800 5018 1091 5073 Convertat
1121 5035 1180 5074 se
1204 5019 1315 5088 jam
1335 5019 1403 5073 ad
1424 5019 1571 5073 aliud
1602 5019 1877 5074 meditatio

287 5114 397 5169 tua,
435 5112 488 5159 et
517 5105 812 5175 pravideat
858 5115 1019 5177 prout
1048 5115 1226 5177 potest
1255 5108 1732 5177 praesentationem
1762 5110 1879 5162 ani-

284 5210 388 5247 mae
418 5201 524 5248 tua:
551 5210 580 5247 a
612 5210 844 5264 corpore
886 5204 1079 5262 exutae,
1124 5196 1192 5250 ad
1233 5196 1466 5250 tribunal
1512 5196 1655 5250 illius
1680 5196 1880 5264 judicis

288 5282 567 5350 terribilis,
608 5283 808 5351 judicis
854 5283 1101 5339 districti.
1148 5286 1213 5339 Ut
1257 5284 1399 5338 enim
1432 5285 1724 5353 Apostolus
1756 5284 1829 5337 ait
1865 5299 1876 5337 :

286 5370 487 5425 Omnes
508 5387 609 5426 nos
626 5374 993 5442 mani/estari
1011 5376 1228 5444 oportet
1242 5377 1378 5447 ante
1394 5374 1647 5428 tribunal
1660 5374 1883 5429 Domini

292 5459 475 5513 nostri
495 5461 627 5515 Jesu
655 5458 898 5527 Christi;
930 5465 997 5515 ut
1023 5463 1403 5534 unusquisque
1421 5466 1635 5532 referat
1651 5462 1884 5533 propria

290 5549 559 5619 corporis,
574 5552 741 5620 prout
760 5549 951 5618 gessit,
967 5550 1080 5606 sive
1093 5550 1318 5621 bonum,
1337 5552 1449 5608 sive
1465 5552 1683 5608 malum
1695 5551 1880 5619 (Joan.

1977 4486 2203 4557 angelus
2232 4486 2322 4541 ille
2351 4495 2451 4553 est,
2484 4486 2576 4557 qui
2604 4500 2827 4541 vocatur
2860 4487 3043 4558 magni
3074 4486 3287 4542 consilii
3309 4488 3568 4558 angelus;

1976 4575 2131 4630 fortis
2182 4575 2421 4646 quidem,
2475 4576 2600 4645 quia
2650 4578 2921 4631 Dominus
2951 4579 3067 4647 ipse
3087 4579 3255 4647 fortis
3294 4581 3349 4631 et
3370 4582 3572 4649 potens

1979 4666 2135 4731 (Psal
2167 4680 2324 4730 xxxu,
2360 4666 2433 4735 8).
2466 4665 2586 4735 Ipse
2622 4681 2872 4736 magnam
2894 4664 3038 4719 illam
3081 4666 3443 4735 reproborum
3470 4665 3570 4719 sti-

1977 4754 2166 4825 pulum
2181 4754 2383 4809 siccam
2400 4753 2616 4808 aeternis
2638 4754 2905 4809 incendiis
2923 4761 3283 4824 praeparatam
3309 4753 3453 4823 (qnaa
3484 4753 3572 4807 la-

1978 4842 2062 4913 pis
2083 4842 2298 4909 dicitur,
2342 4850 2563 4911 prOpter
2609 4842 2980 4897 insensibilem
3028 4841 3318 4905 duritiam;
3350 4839 3573 4895 molaris

1980 4946 2131 4997 vero,
2158 4930 2283 5001 quia
2304 4932 2367 4985 in
2406 4933 2657 4986 circuitu
2688 4933 2852 5002 impii
2872 4931 3171 4985 ambulant
3195 4929 3367 5000 [PsaL
3391 4945 3471 4997 x1,
3496 4928 3574 5001 9])

1981 5020 2153 5073 mittet
2168 5019 2221 5072 in
2246 5034 2395 5073 mare
2418 5028 2630 5075 mternae
2642 5019 3022 5074 damnationis.
3049 5016 3153 5085 Qui
3174 5017 3313 5087 lapis
3330 5017 3572 5086 molaris,

1981 5108 2072 5161 illa
2091 5116 2173 5161 est
2194 5107 2430 5178 Babylon
2453 5124 2671 5179 magna,
2706 5124 2826 5179 qua:
2850 5106 2928 5161 sic
2945 5107 2997 5159 in
3021 5107 3121 5161 hoc
3144 5122 3294 5161 mare
3314 5106 3572 5175 mittetur,

1984 5196 2129 5266 quod
2150 5197 2286 5249 ultra
2318 5212 2427 5250 non
2471 5197 2792 5261 invenietur,
2829 5196 2895 5249 Et
2951 5210 3206 5266 magnam
3237 5195 3459 5266 quidem
3488 5210 3577 5249 so-

1982 5284 2056 5338 let
2084 5286 2201 5340 hzec
2230 5285 2283 5338 in
2314 5286 2497 5339 anima
2552 5284 2832 5340 meditatio
2891 5283 3069 5339 facere
3119 5300 3347 5353 moram,
3381 5282 3578 5352 depin-

1985 5388 2123 5443 gens
2154 5374 2298 5444 apud
2351 5390 2493 5439 eam,
2527 5374 2635 5427 imo
2691 5373 2827 5427 intra
2885 5389 3008 5427 eam
3055 5372 3203 5426 illum
3228 5371 3428 5439 judicis
3486 5370 3581 5441 qui

1986 5469 2117 5517 tunc
2136 5462 2433 5533 apparebit,
2471 5461 2765 5517 maximum
2802 5469 3089 5529 terrorem,
3122 5459 3362 5515 omnium
3391 5458 3582 5514 occul-

1987 5557 2164 5605 torum
2184 5550 2559 5621 aperitionem.
2591 5551 2733 5606 Nam
2787 5548 3051 5618 judicium
3105 5546 3313 5605 sedebit
3360 5556 3413 5603 et
3457 5546 3584 5605 libri
