3972 6052
424 300 527 352 835

1274 294 1617 353 GUIGONIS
1664 297 1712 351 II
1757 291 2166 350 ΟΑΒΤΗΠΞΙᾸΞ
2211 288 2505 347 MAJORIS
2550 288 2846 347 PRIORIS.
2944 368 2952 376 .

3621 293 3729 348 836

419 422 817 494 prmteritarum
861 421 1341 483 conversationum
1389 429 1442 475 et
1496 421 1834 475 internarum
1882 434 2009 474 con-
2033 421 2084 479 Α
2109 416 2313 486 judicio
2344 416 2456 484 illo,
2491 417 2561 471 ad
2600 417 2745 487 quod
2775 416 2895 487 ipsa
2917 415 3354 487 congregabitur
3374 415 3593 487 generis
3616 418 3724 472 hu-

426 510 776 567 scientiarum
836 510 1183 580 aperientur;
1243 518 1294 563 et
1356 509 1742 577 judicabuntur
1797 508 2017 579 singuli,

426 598 725 655 secundum
780 599 833 652 id
878 600 1024 669 quod
1080 599 1339 669 scriptum
1386 598 1663 651 habebunt
1708 596 1854 651 libri.
1907 598 2019 651 De-

427 687 594 760 pinge
656 704 872 758 quoque
931 688 1156 741 virtutes
1214 687 1473 743 caelorum
1521 695 1715 751 motas,
1768 685 1938 741 coelos
1968 692 2021 738 et

427 784 606 830 terras
644 776 923 842 ardentes,
957 777 1131 846 ipsam
1163 791 1379 847 quoque
1413 776 1707 830 terribilem
1759 784 1811 829 et
1834 773 2019 828 horri-

427 864 590 919 bilem
615 881 773 935 quam
797 865 851 917 in
872 865 1142 935 reprobos
1163 864 1436 919 cxercebit
1471 864 1785 929 vindictam,
1801 879 2018 935 ponens

421 970 511 1009 eos
532 959 599 1008 ut
638 956 925 1009 clibanum
966 955 1114 1024 ignis
1142 954 1206 1007 in
1229 957 1476 1023 tempore
1514 953 1702 1007 vultus
1734 952 1843 1016 sui,
1885 967 2017 1022 quos

418 1043 537 1114 ipse
559 1042 998 1110 conturbabit,et
1016 1042 1299 1097 devorabit
1319 1058 1409 1097 eos
1430 1042 1580 1111 ignis
1600 1042 1772 1107 (Psal.
1794 1057 1879 1105 xx,
1905 1040 2011 1108 10).

418 1130 566 1202 Ignis
612 1130 797 1200 utique
828 1130 917 1200 qui
971 1138 1027 1185 ut
1083 1130 1333 1201 legimus,
1387 1146 1497 1183 non
1526 1128 1908 1201 exstinguitur.
1948 1128 2017 1181 Et

413 1218 583 1273 multa
621 1218 728 1272 alia
750 1218 1032 1286 terribilia,
1084 1227 1136 1273 et
1172 1218 1472 1283 horribilia,
1509 1226 1673 1288 atque
1708 1216 2011 1281 tremenda,

418 1324 539 1379 quae
567 1315 749 1378 potest
804 1307 985 1361 anima
1017 1315 1288 1377 utcunque
1346 1306 1682 1376 przevidere,
1741 1321 1861 1375 quae
1890 1304 2016 1358 huic

419 1397 684 1452 studuerit
736 1395 1077 1450 meditationi
1134 1395 1360 1450 sollicite
1404 1403 1455 1448 et
1509 1393 1801 1465 diligenter
1830 1393 2014 1446 inten-

416 1486 568 1541 dere.
602 1486 722 1540 Jam
753 1499 885 1539 vero
915 1491 1039 1554 post
1068 1485 1185 1539 hzec
1214 1483 1507 1538 circumeat
1529 1481 1807 1536 meditatio
1826 1488 1935 1548 tua,
1961 1488 2013 1535 et

417 1572 761 1645 perambulet
794 1577 1005 1628 terram
1037 1574 1202 1627 illam
1242 1572 1614 1636 tenebrosam,
1654 1574 1707 1625 et
1756 1572 2011 1641 opertam

415 1664 616 1718 mortis
638 1661 902 1729 caligine,
929 1665 1141 1716 terram
1156 1661 1403 1715 miserita
1425 1663 1479 1714 et
1508 1659 1891 1722 tenebrarum,
1917 1658 2012 1711 ubi

413 1750 613 1805 umbra
632 1751 834 1804 mortis
864 1752 919 1804 et
938 1750 1135 1804 nullus
1158 1748 1306 1813 ordo,
1352 1748 1445 1803 sed
1480 1747 2005 1819 sempiternushor-
2036 1770 2088 1830 Β

410 1855 506 1894 ror
534 1839 819 1893 inhabitat
868 1838 1001 1908 (Job,
1035 1852 1095 1905 Χ,
1128 1840 1217 1903 21,
1250 1837 1360 1907 22).
1400 1836 1593 1891 Videat
1642 1835 1694 1887 in
1740 1843 1886 1889 terra
1914 1833 2007 1887 illa

413 1942 605 1997 poenas
637 1934 868 1982 aeternas
898 1926 1274 1996 reproborum,
1309 1926 1617 1997 gehennam
1658 1922 2001 1987 infernalem,

410 2016 504 2070 ubi
533 2016 678 2087 ignis
734 2016 832 2069 erit
862 2014 1345 2085 inexstinguibilis,
1378 2013 1579 2068 vermis
1638 2011 1954 2065 immortalis
1988 2028 2001 2064 :

409 2104 501 2158 ubi
521 2104 682 2159 etiam
705 2104 782 2170 (ut
821 2104 1106 2157 innumera
1137 2103 1305 2157 verbo
1354 2100 1677 2156 brevissimo
1703 2100 2002 2155 concluda-

408 2194 552 2262 mus)
583 2192 714 2246 nihil
738 2192 913 2246 aderit
933 2191 1078 2256 boni,
1099 2190 1227 2244 nihil
1251 2190 1425 2244 deerit
1448 2189 1596 2243 mali.
1624 2190 1766 2244 Ecce
1780 2188 2005 2241 medita-

410 2281 586 2335 tiones
607 2289 747 2349 octo,
775 2296 911 2351 quas
939 2279 1056 2344 tibi,
1083 2279 1174 2349 qui
1206 2278 1476 2332 habitator
1498 2294 1557 2332 es
1579 2277 1751 2342 cellze,
1793 2292 2002 2347 prepo-

409 2369 646 2435 sui;sex
673 2368 889 2439 quidem
916 2368 971 2421 in
1018 2367 1252 2438 capitulo
1300 2365 1650 2437 praacedenti,
1685 2366 1819 2419 duas
1871 2380 2000 2419 vero

406 2457 461 2512 in
509 2459 613 2513 hoc
637 2456 903 2528 sequenti.
940 2458 999 2510 In
1028 2458 1127 2509 has
1149 2471 1282 2510 vero
1314 2462 1439 2511 octo
1462 2454 1847 2508 meditationes
1870 2452 1999 2507 illud

404 2545 702 2601 secundum
734 2545 1147 2600 meditationum
1170 2560 1344 2615 genus
1392 2543 1667 2611 dividitur,
1695 2543 1749 2596 in
1790 2557 1897 2612 quo
1928 2541 1999 2595 ti-

404 2635 573 2689 moris
602 2635 808 2705 pariter
826 2649 987 2689 causa
1018 2633 1265 2688 consistit
1293 2640 1345 2686 et
1378 2631 1604 2686 doloris.
1638 2632 1750 2684 Has
1782 2645 1998 2701 quoque

403 2723 784 2777 meditationes
815 2730 955 2787 octo,
991 2721 1309 2791 repetitione
1332 2720 1582 2775 volumus
1612 2718 1997 2788 compendiosa

403 2827 677 2877 enarrare,
716 2818 771 2864 ut
804 2826 897 2864 eas
928 2817 981 2863 et
1024 2810 1224 2864 arctius
1263 2808 1318 2863 in
1365 2808 1628 2862 memoria
1657 2806 1910 2873 retinere,
1944 2814 1996 2861 et

403 2917 527 2956 cum
565 2898 799 2955 volueris
828 2898 968 2952 intra
1008 2905 1058 2952 te
1099 2897 1279 2967 possis
1325 2896 1627 2951 revolvere.
1658 2895 1843 2949 Prima
1872 2903 1992 2960 est;

402 2989 471 3044 de
502 2988 697 3059 multis
733 2994 993 3059 quantum
1046 2986 1115 3040 ad
1146 3001 1245 3041 nos
1292 2985 1499 3055 absque
1548 2999 1795 3049 numero,
1837 2991 1885 3037 et
1926 2983 1993 3037 de

403 3077 620 3149 magnis
651 3058 767 3131 sine
799 3091 1054 3130 mensura
1095 3074 1431 3142 excessibus,
1466 3089 1601 3144 quos
1650 3080 1698 3126 et
1730 3072 1783 3125 in
1813 3078 1992 3126 mente

403 3173 455 3220 et
484 3166 540 3219 in
570 3182 728 3221 carne
776 3164 1159 3218 damnabiliter
1206 3162 1593 3218 commisimus.
1626 3160 1893 3230 Secunda,
1926 3161 1993 3214 de

403 3253 656 3319 miseriis,
689 3268 808 3324 quae
853 3259 904 3306 et
932 3252 1065 3322 ipsae
1114 3267 1427 3306 mensuram
1485 3249 1771 3315 excedunt,
1797 3257 1848 3303 et
1890 3265 1995 3303 nu-

402 3358 614 3395 merum
646 3357 753 3396 non
783 3340 1085 3408 admittunt,
1124 3356 1258 3411 quas
1288 3339 1343 3393 in
1373 3339 1539 3394 corde
1576 3347 1628 3393 et
1671 3337 1726 3391 in
1763 3352 1993 3407 corpore

403 3431 764 3496 sustinemus;
798 3438 906 3485 tam
955 3428 1062 3483 illis
1085 3446 1206 3500 quze
1228 3429 1295 3482 ad
1328 3428 1537 3499 culpam
1568 3426 1841 3497 pertinent
1891 3442 1995 3495 qua

400 3518 709 3589 polluimur,
743 3533 907 3590 quam
958 3534 1079 3588 quae
1137 3518 1203 3571 ad
1241 3532 1457 3588 pcenam
1509 3532 1612 3587 qua
1663 3515 1989 3571 cruciamur.

400 3607 582 3662 Tertia
613 3615 713 3673 est,
748 3607 815 3661 de
859 3605 1244 3672 secretissima,
1282 3603 1646 3670 severissima,
1671 3612 1722 3658 et
1751 3603 1804 3656 in
1831 3611 1993 3659 azter-

398 3696 565 3751 nitate
630 3694 978 3749 immobiliter
1034 3692 1136 3747 fixa
1213 3692 1699 3756 animadversione,
1735 3707 1841 3761 qua
1902 3690 1992 3745 ille

399 3783 656 3837 terribilis
705 3790 871 3853 super
920 3780 1060 3836 filios
1115 3781 1415 3845 hominum,
1460 3781 1635 3847 justus
1667 3787 1720 3833 et
1748 3779 1993 3834 oculatus

397 3878 557 3941 atque
580 3871 858 3924 districtus
884 3870 1049 3938 judex
1081 3869 1229 3923 Deus
1257 3868 1448 3939 vigilat
1489 3883 1657 3937 super
1687 3875 1991 3922 creaturam

396 3958 779 4014 rationabilem
809 3957 1140 4027 reprobam;
1176 3972 1338 4027 quam
1382 3964 1434 4009 et
1466 3956 1533 4010 ab
1561 3964 1762 4010 aeterno
1793 3970 1990 4026 repro-

396 4048 507 4113 bat,
535 4049 660 4101 etin
689 4054 946 4101 aeternum
977 4045 1218 4100 damnat.
1254 4046 1314 4098 In
1345 4059 1451 4115 qua
1481 4043 1832 4098 meditatione
1888 4044 1990 4098 de-

396 4135 786 4207 prehendimus
816 4150 916 4189 nos
944 4149 1052 4188 non
1082 4133 1290 4203 absque
1328 4132 1525 4204 grandi
1567 4132 1760 4187 timore
1790 4140 1843 4187 et
1873 4140 1988 4186 ter—

398 4240 520 4280 rore
545 4225 826 4297 ignorare,
852 4223 906 4277 in
938 4238 1043 4293 qua
1064 4222 1150 4277 via
1180 4221 1387 4277 habitet
1416 4220 1527 4286 lux,
1558 4229 1610 4276 et
1644 4221 1988 4276 tenebrarum

395 4313 517 4384 quis
546 4313 702 4368 locus
731 4313 818 4379 sit,
853 4320 905 4367 et
965 4310 1182 4367 nescire
1263 4318 1444 4365 utrum
1476 4326 1665 4365 amore
1721 4310 1891 4363 simus
1920 4325 1988 4362 an

394 4401 521 4456 odio
549 4401 720 4471 digni.
756 4400 959 4469 Quarta
1002 4416 1221 4472 quoque
1251 4406 1334 4455 est
1377 4399 1445 4455 de
1504 4399 1597 4454 illa
1636 4398 1986 4453 resolutionis

2121 501 2265 555 mani
2296 501 2619 556 universitas
2644 519 2658 566 ;
2691 502 2759 555 de
2792 508 2991 555 terrore
3016 500 3216 568 judieis
3244 499 3301 553 in
3329 516 3435 571 quo
3465 502 3719 572 reprobis

2121 590 2444 660 apparebit;
2480 590 2548 644 de
2594 589 2895 659 prolatione
2942 588 3196 643 terribilis
3240 588 3540 652 sententiae,
3591 607 3714 660 quae

2131 678 2255 731 talis
2277 678 2375 732 erit
2399 695 2410 730 :
2434 679 2533 743 Ite,
2558 676 2872 742 maledicti,
2896 679 2959 732 in
2980 677 3163 747 ignem
3186 681 3463 732 aeternum
3485 678 3713 747 (Matth.

2117 782 2257 831 xxv,
2292 765 2401 834 41).
2438 766 2641 821 Octava
2680 773 2760 821 est
2789 765 2857 820 de
2886 764 3166 835 suppliciis
3187 766 3505 820 eorumdem
3526 781 3719 835 repro-

2118 854 2314 909 borum
2362 854 2415 908 in
2461 862 2727 909 aeternum
2764 855 3171 919 damnatorum;
3206 854 3276 908 ad
3307 870 3428 925 quae
3475 854 3712 924 pertinet

2118 942 2205 997 ille
2235 944 2303 997 de
2335 958 2440 1014 quo
2468 943 2637 997 Isaias
2666 942 2813 1008 dicit,
2846 942 2990 1013 ignis
3016 938 3264 1007 exurens,
3302 941 3501 996 vermis
3530 957 3714 997 corro-

2117 1031 2252 1085 dens
2297 1031 2427 1101 (lsa.
2474 1045 2629 1096 LXVI,
2662 1030 2777 1101 24),
2813 1038 2866 1084 et
2912 1030 3193 1100 utriusque
3242 1029 3555 1095 aeternitas;
3586 1030 3711 1101 quia

2117 1120 2185 1173 de
2206 1119 2298 1173 illo
2327 1119 2525 1174 dicitur
2556 1119 2699 1189 quod
2722 1118 2820 1173 erit
2840 1117 3297 1190 inexstinguibilis
3321 1137 3334 1185 ;
3368 1117 3435 1173 de
3456 1117 3559 1172 isto
3581 1133 3712 1172 vero

2118 1208 2242 1279 quia
2270 1208 2373 1262 erit
2402 1207 2743 1263 immortalis.

2622 1402 3016 1458 CAPITULUM
3044 1401 3193 1455 XXI.

2115 1560 2373 1627 Qualiter
2400 1563 2463 1615 in
2510 1562 2701 1616 animo
2746 1561 3085 1616 meditantis
3117 1561 3288 1614 timor
3317 1561 3557 1629 expellit
3585 1561 3710 1616 cla-

2187 1634 2415 1696 tionem,
2484 1636 2539 1686 et
2584 1632 2649 1686 de
2715 1634 2886 1686 tertio
2933 1630 3321 1686 meditationis
3385 1631 3564 1695 modo,
3614 1634 3712 1701 qui

2181 1704 2531 1758 occasionem
2559 1703 2928 1758 administrat
2961 1703 3173 1766 amoris
3203 1705 3258 1756 et
3281 1702 3704 1757 consolationis.

2180 1844 2300 1896 Istae
2330 1842 2728 1910 meditationes,
2779 1857 2914 1912 quas
2944 1856 3170 1896 numero
3200 1847 3322 1896 octo
3352 1840 3446 1893 tibi
3478 1841 3570 1911 qui
3600 1841 3705 1895 ha-

2106 1930 2305 1985 bitator
2354 1947 2413 1985 es
2452 1931 2622 1997 cellae,
2674 1930 3076 2001 proposuimus,
3128 1929 3196 1983 ad
3243 1929 3394 1982 illum
3431 1929 3706 1999 pertinent

2104 2019 2471 2074 meditationis
2509 2018 2727 2074 modum
2779 2035 2941 2089 quem
2990 2018 3230 2073 secundo
3259 2017 3381 2072 loco
3409 2017 3703 2087 proposui-

2102 2124 2242 2173 mus,
2296 2108 2364 2162 de
2421 2124 2528 2179 quo
2577 2108 2740 2162 etiam
2789 2107 3022 2160 diximus
3066 2106 3209 2177 quod
3258 2105 3463 2160 doloris
3512 2105 3702 2177 gignat

2103 2211 2325 2250 causam
2355 2205 2407 2250 et
2438 2196 2669 2250 timoris.
2705 2197 2771 2250 Et
2801 2211 2985 2250 verum
3018 2195 3238 2265 quidem
3269 2194 3501 2247 diximus
3534 2210 3545 2246 :
3573 2193 3703 2263 quid

2103 2284 2247 2338 enim
2282 2284 2334 2337 in
2368 2284 2597 2355 singulis
2627 2292 2750 2339 octo
2779 2284 2864 2337 his
2894 2283 3040 2337 aliud
3066 2284 3278 2336 animus
3297 2282 3501 2336 invenit
3520 2281 3701 2335 medi-

2102 2372 2284 2438 tantis,
2320 2388 2481 2443 quam
2513 2373 2658 2443 quod
2688 2372 2849 2426 validi
2887 2372 2937 2426 ei
2969 2370 3176 2425 timoris
3208 2386 3427 2426 causam
3461 2369 3703 2425 occasio-

2102 2477 2333 2531 nemque
2374 2461 2580 2533 gignat,
2617 2468 2668 2515 et
2699 2460 2952 2514 doloris?
2982 2460 3103 2513 Istae
3135 2468 3257 2513 sunt
3294 2458 3697 2526 meditationes,

2102 2566 2222 2619 quae
2270 2556 2504 2604 mentem
2559 2566 2683 2603 cum
2730 2549 2809 2603 eis
2852 2549 3144 2619 diligenter
3191 2547 3513 2609 intenderit;
3550 2562 3697 2616 pun-

2098 2646 2233 2710 gunt
2261 2646 2311 2692 et
2338 2638 2663 2708 percutiunt,
2694 2637 2985 2692 verberant
3010 2644 3061 2690 et
3092 2636 3383 2708 ﬂagellant,
3418 2635 3700 2691 vulnerant

2099 2734 2151 2780 et
2189 2726 2449 2793 cruciant,
2493 2726 2560 2778 ad
2600 2724 3070 2795 compunctionem
3101 2731 3399 2793 provocant
3428 2730 3480 2777 et
3508 2722 3575 2776 ad
3608 2722 3694 2776 la-

2097 2826 2311 2881 crymas
2344 2810 2604 2865 excitant.
2658 2809 2815 2864 Dolet
2845 2809 3043 2880 quippe
3073 2824 3235 2879 supra
3264 2808 3482 2861 modum
3515 2806 3693 2861 anima

2096 2899 2180 2953 his
2212 2899 2355 2953 intra
2385 2915 2444 2954 se
2466 2898 2905 2953 meditationibus
2926 2896 3524 2969 diligenterintendcns
3550 2914 3563 2962 ;
3596 2895 3695 2949 do-

2094 2988 2169 3043 let
2198 2988 2419 3059 inquam
2465 2995 2518 3041 et
2546 2988 2713 3042 timet.
2758 2987 2917 3041 Dolet
2964 2986 3210 3050 multum,
3264 2985 3391 3055 quia
3433 3000 3492 3039 se
3530 2983 3693 3037 sentit

2094 3076 2149 3129 in
2179 3076 2433 3146 praesenti
2470 3075 2583 3146 pati
2614 3083 2723 3129 tam
2757 3075 2987 3147 gravia;
3022 3075 3120 3128 sed
3150 3073 3323 3145 magis
3362 3072 3530 3138 timet,
3563 3071 3693 3142 quia

2096 3164 2349 3219 formidat
2376 3180 2443 3219 ne
2472 3164 2527 3217 in
2559 3164 2738 3218 futuro
2780 3163 3013 3234 patiatur
3042 3162 3201 3218 valde
3229 3161 3503 3231 graviora.
3538 3161 3692 3214 Hunc

2096 3252 2149 3306 in
2180 3269 2239 3308 se
2269 3252 2458 3307 habuit
2502 3252 2749 3307 dolorem
2798 3259 2851 3305 et
2882 3251 3152 3319 timorem,
3185 3250 3277 3321 qui
3307 3264 3607 3305 concussus
3638 3256 3692 3302 et

2096 3349 2471 3411 compunctus,
2504 3340 2581 3394 illi
2612 3339 2835 3395 terribili
2861 3339 3030 3408 judici
3070 3340 3173 3394 hoc
3202 3338 3419 3393 dicebat
3456 3352 3467 3390 :
3506 3338 3572 3391 In
3602 3352 3689 3391 me

2098 3416 2469 3486 transierunt
2486 3431 2588 3484 iraa
2612 3434 2742 3494 tute,
2769 3431 2824 3483 et
2842 3432 3080 3484 terrores
3099 3428 3189 3482 tui
3208 3426 3691 3482 conturbauerunt

2094 3536 2183 3574 me
2217 3519 2389 3591 (Psal.
2442 3532 2700 3583 Lxxxvn,
2754 3518 2860 3586 17).
2915 3518 3207 3586 Postquam
3238 3514 3332 3569 ira
3364 3530 3476 3569 suae
3504 3513 3561 3566 in
3587 3528 3689 3567 nos

2094 3606 2438 3671 transierunt,
2488 3614 2726 3660 terrores
2757 3605 2915 3659 etiam
2947 3604 3028 3658 sui
3059 3619 3161 3658 nos
3191 3603 3531 3668 conturbant,
3566 3600 3689 3671 quia

2094 3711 2216 3751 cum
2247 3711 2405 3766 supra
2452 3695 2672 3749 modum
2720 3693 2877 3748 nobis
2909 3692 3194 3747 videantur
3223 3691 3361 3746 dura
3391 3706 3511 3762 quae
3542 3706 3686 3743 nunc

2093 3784 2403 3848 toleramus,
2439 3783 2729 3837 metuimus
2773 3797 2991 3853 quoque
3032 3797 3101 3835 ne
3140 3780 3483 3852 exigentibus
3513 3777 3687 3847 culpis

2094 3872 2316 3937 nostris,
2350 3872 2417 3926 ad
2458 3871 2736 3927 toleranda
2766 3871 2818 3924 in
2848 3870 2954 3925 ﬁne
2985 3869 3101 3924 sine
3132 3870 3237 3923 tine
3268 3869 3433 3940 longe
3464 3867 3688 3921 duriora

2090 3960 2491 4030 perveniamus.
2524 3961 2630 4015 Iste
2660 3957 3027 4013 meditationis
3058 3958 3273 4026 modus,
3309 3972 3467 4027 quem
3489 3955 3541 4008 in
3563 3963 3685 4010 octo

2091 4049 2284 4103 modos
2313 4048 2617 4114 divisimus,
2654 4048 2749 4102 tibi
2781 4047 2871 4118 qui
2900 4046 3175 4101 habitator
3204 4062 3263 4101 es
3295 4045 3464 4109 cellae,
3496 4059 3684 4114 quem-

2091 4137 2218 4191 dam
2248 4138 2339 4191 dat
2367 4136 2600 4208 ignitum
2638 4136 2841 4190 sentire
2872 4134 3125 4191 affectum
3157 4152 3170 4201 ;
3205 4133 3342 4189 sicut
3370 4131 3683 4203 praecedens

2088 4226 2198 4291 ille,
2234 4226 2304 4281 ad
2346 4225 2673 4280 luminosum
2719 4225 3011 4296 quemdam
3041 4231 3093 4278 et
3120 4222 3443 4293 praeclarum
3474 4229 3523 4275 te
3554 4236 3682 4291 per-

2088 4314 2234 4369 ducit
2263 4301 2612 4369 intellectum:
2663 4313 2731 4367 Et
2760 4328 2884 4368 cum
2914 4320 3137 4383 uterque
3168 4311 3364 4366 modus
3394 4310 3463 4364 sit
3490 4309 3681 4363 admo-

2089 4404 2216 4458 dum
2244 4404 2439 4469 bonus,
2491 4402 2669 4474 magis
2715 4401 2812 4456 tibi
2861 4401 2963 4455 iste
3013 4409 3097 4456 est
3144 4399 3507 4465 necessarius,
3559 4396 3681 4468 quia

392 4490 530 4545 hora
557 4488 804 4557 terribili,
840 4488 895 4542 in
942 4505 1046 4559 qua
1076 4504 1274 4559 corpus
1332 4488 1400 4541 ab
1452 4487 1633 4541 anima
1672 4494 1724 4541 et
1752 4479 2057 4541 animamD
2088 4492 2177 4546 ille
2207 4492 2423 4563 quidem
2456 4499 2507 4546 te
2556 4490 2793 4553 instruit,
2831 4489 2928 4544 sed
2956 4488 3059 4543 iste
3087 4497 3140 4543 te
3177 4487 3375 4554 afﬁcit;
3409 4486 3498 4542 ille
3528 4483 3681 4556 quasi

394 4594 426 4633 a
455 4593 684 4649 corpore
716 4577 993 4649 continget
1015 4577 1272 4648 separari.
1310 4575 1509 4644 Quinta
1530 4584 1610 4630 est
1630 4575 1699 4629 de
1728 4575 1986 4629 manifes-

393 4667 591 4722 tatione
612 4666 805 4721 animas
836 4674 962 4722 ante
991 4665 1227 4720 tribunal
1251 4664 1486 4734 judicis;
1518 4663 1737 4735 quando
1758 4664 1882 4718 talis
1912 4663 1986 4717 ibi

394 4756 831 4827 prmsentatibur,
852 4754 1029 4827 qualis
1050 4754 1175 4809 hinc
1196 4753 1513 4825 egredietur
1544 4769 1558 4806 :
1591 4752 1678 4807 cui
1699 4752 1985 4822 apparebit

394 4852 446 4899 et
475 4845 666 4910 hostis,
720 4843 787 4897 de
831 4842 1085 4897 omnibus
1124 4857 1244 4896 eam
1276 4856 1397 4911 quae
1446 4839 1718 4894 commisit
1759 4839 1979 4907 illicitis,

393 4949 514 5003 qua:
542 4948 642 5002 per
670 4931 1044 5001 pmnitentiam
1077 4938 1128 4984 et
1148 4928 1548 4985 confessionem
1580 4936 1628 4983 et
1661 4927 1983 4982 satisfactio-

391 5036 517 5075 nem
544 5020 719 5074 deleta
750 5036 861 5074 non
903 5026 1044 5085 sunt,
1097 5032 1361 5073 accusans
1396 5033 1408 5071 :
1444 5024 1497 5072 et
1543 5016 1872 5072 conscientia
1914 5016 1981 5070 iis

394 5115 677 5175 attestans,
725 5116 777 5162 et
814 5108 931 5179 ipse
982 5107 1149 5176 judex
1222 5105 1515 5161 secundum
1556 5121 1655 5159 sua
1712 5106 1760 5159 ei
1787 5108 1982 5160 merita

390 5195 655 5252 reddens.
698 5196 857 5251 Sexta
887 5195 1129 5266 profecto
1159 5201 1241 5249 est
1270 5194 1338 5248 de
1369 5209 1433 5249 eo
1482 5194 1628 5265 quod
1657 5202 1980 5249 evacuatum

387 5286 567 5340 anima
607 5300 803 5355 corpus
836 5284 1127 5354 sepulturae
1156 5283 1406 5351 traditur,
1437 5290 1581 5338 terra
1613 5290 1769 5338 terrae
1824 5298 1979 5337 com-

385 5372 696 5439 mendatur,
727 5372 863 5428 cinis
911 5372 967 5426 in
997 5372 1236 5426 cinerem
1270 5370 1581 5436 revertitur,
1615 5386 1745 5426 caro
1776 5372 1979 5427 vermi-

389 5462 490 5517 bus
520 5477 649 5518 esca
669 5462 848 5528 datur,
881 5460 935 5514 in
965 5459 1307 5530 putredinem
1337 5458 1606 5531 redigitur
1633 5468 1757 5531 post
1788 5467 1978 5529 putre-

386 5550 571 5605 dinem
600 5549 999 5619 abiectissimus
1026 5548 1205 5620 pulvis
1236 5547 1486 5605 edicitur.
1537 5548 1780 5619 Septima
1810 5549 1978 5603 estde

385 5637 631 5708 generali
682 5638 1073 5693 resurrectione
1122 5644 1473 5702 mortuorum,
1516 5643 1569 5691 et
1598 5636 1665 5692 de
1696 5636 1978 5692 tremendo

2085 4580 2280 4634 multas
2310 4579 2524 4634 divitias
2574 4579 2828 4644 ostendit,
2864 4578 2965 4632 iste
2995 4592 3124 4632 vero
3155 4577 3222 4631 ad
3253 4591 3439 4631 earum
3468 4582 3517 4629 te
3546 4588 3678 4644 pos-

2086 4668 2387 4723 sessionem
2434 4666 2702 4738 perducit.
2738 4666 2876 4721 Vide
2916 4665 3039 4737 quia
3075 4665 3166 4720 ille
3198 4664 3306 4719 dici
3333 4664 3487 4717 dives
3516 4661 3677 4717 debet

2085 4757 2175 4827 qui
2205 4756 2421 4812 divitias
2463 4756 2663 4810 multas
2693 4755 2959 4825 possidet,
2989 4770 3098 4808 non
3129 4761 3308 4808 autem
3342 4752 3433 4807 ille
3461 4751 3551 4822 qui
3582 4764 3676 4804 eas

2084 4845 2425 4900 solummodo
2469 4847 2614 4912 (cum
2644 4843 2752 4897 sint
2794 4842 3038 4907 alterius,
3088 4850 3138 4896 et
3183 4857 3291 4896 non
3342 4839 3477 4909 sure)
3506 4837 3678 4893 oculis

2082 4933 2246 4989 videt.
2300 4933 2378 4987 Ibi
2404 4932 2670 5003 percipies
2702 4931 3005 4995 scientiam,
3044 4930 3131 4985 hic
3160 4938 3339 4983 autem
3371 4926 3632 4998 sapientia
3658 4945 3672 4991 ;

2081 5021 2155 5075 ibi
2184 5029 2238 5075 ut
2282 5020 2633 5093 agnoscendo
2682 5019 2843 5087 scias,
2877 5027 2929 5073 et
2978 5018 3201 5074 sciendo
3230 5031 3541 5089 agnoscas;
3590 5014 3677 5068 hic

2080 5117 2262 5164 autem
2291 5117 2349 5163 ut
2387 5108 2625 5164 timendo
2660 5108 2866 5173 doleas,
2918 5115 2969 5162 et
2998 5107 3234 5162 dolendo
3259 5106 3477 5159 timeas.
3518 5102 3675 5170 Quod

2080 5198 2154 5252 ibi
2202 5205 2301 5266 est,
2338 5198 2495 5268 quasi
2539 5197 2773 5252 tenuiter
2802 5196 3005 5268 fragrat
3036 5196 3090 5249 in
3122 5194 3337 5260 olfactu,
3372 5193 3515 5263 quod
3546 5207 3675 5247 vero

2079 5286 2167 5341 hic
2197 5294 2296 5355 est,
2338 5286 2497 5357 plene
2528 5286 2668 5356 sapit
2697 5285 2753 5339 in
2782 5293 2973 5356 gustu.
3023 5283 3105 5338 Illi
3137 5282 3439 5345 intendere,
3466 5280 3568 5333 nisi
3601 5280 3674 5332 si-

2079 5375 2279 5429 militer
2323 5374 2574 5429 intendas
2615 5382 2667 5428 et
2713 5373 2818 5439 isti,
2867 5372 3230 5443 periculosum
3264 5378 3347 5425 est
3384 5368 3519 5435 tibi;
3550 5367 3677 5438 quia

2078 5463 2168 5518 ille
2199 5478 2591 5533 nonnunquam
2635 5460 2976 5528 administrat
3023 5461 3332 5524 elationem,
3376 5457 3461 5512 hic
3492 5464 3672 5511 autem

2079 5566 2294 5621 semper
2320 5550 2691 5615 humilitatem,
2726 5565 2854 5604 nam
2885 5549 3113 5604 scientia
3140 5548 3308 5613 inﬂat,
3352 5555 3406 5601 et
3434 5544 3677 5618 cognitio

2076 5646 2313 5696 mentem
2341 5638 2573 5693 inaniter
2601 5638 2802 5692 exaltat
2836 5653 2847 5691 :
2885 5636 3039 5692 dolor
3066 5651 3214 5703 vero,
3244 5635 3373 5690 dum
3405 5649 3675 5704 compun-
