3972 6052
264 232 368 287 837

1388 222 1588 283 LIBER
1626 224 1721 279 DE
1758 219 2144 279 EXERCITIO
2184 225 2440 281 CELLzE.

3466 228 3567 282 838

258 355 443 427 gendo
474 354 732 425 ﬂagellat,
766 353 1095 407 inﬂationem
1127 352 1500 407 detumescere
1533 349 1691 413 facit;
1724 354 1775 401 et
1796 345 1867 399 ti—
1897 346 1951 404 A
1972 346 2139 416 dium,
2174 350 2406 420 proditio
2433 369 2445 415 ;
2479 349 2656 404 foedus
2689 350 2824 420 ipse,
2856 358 3110 405 cruentus
3143 357 3194 405 et
3225 351 3469 406 dolosus.
3502 352 3570 405 Et

264 458 401 508 mor,
457 443 585 496 dum
647 442 799 512 quasi
876 441 1135 495 minando
1193 440 1479 505 excruciat,
1537 438 1756 491 inanem
1813 433 1867 487 in

262 538 444 585 mente
477 530 861 584 exaltationem
892 529 1106 600 premit.
1148 530 1333 599 Itaque
1362 542 1534 582 causa
1565 533 1645 579 est
1675 524 1867 577 multo-

270 618 371 671 ties
404 618 627 673 scientia
674 626 727 671 et
762 618 1021 689 cognitio,
1069 616 1358 681 elationis;
1393 615 1488 669 sed
1522 622 1601 668 est
1632 612 1787 667 dolor
1817 618 1870 665 et

262 706 421 761 timor
462 723 680 776 semper
710 722 872 760 causa
902 704 1186 775 profundae
1236 703 1567 777 humilitatis.
1604 704 1785 771 Itaque
1814 699 1869 752 in

268 795 443 865 primo
475 795 568 849 illo
591 794 955 849 meditationis
985 793 1167 859 modo,
1203 792 1357 864 quasi
1388 791 1565 847 cernis
1598 790 1868 861 quandam

264 883 558 937 maximam
592 882 808 947 lucem;
843 882 898 935 in
928 884 1030 936 hoc
1064 882 1303 937 secundo
1362 880 1650 951 quemdam
1691 876 1869 930 maxi-

267 987 416 1025 mum
462 970 629 1025 sentis
680 970 919 1027 calorem
955 987 967 1023 :
1003 977 1054 1024 et
1107 969 1312 1024 idcirco
1372 968 1549 1021 statim
1581 974 1869 1037 postquam

271 1059 565 1131 diligenter
601 1058 901 1113 intenderis
950 1058 1049 1124 illi,
1092 1058 1310 1111 intende
1350 1072 1457 1110 non
1515 1054 1710 1108 minori
1742 1052 1868 1107 dili-

267 1148 452 1218 gentia
484 1155 535 1201 et
594 1147 700 1208 isti,
734 1155 793 1200 ut
850 1146 895 1200 si
951 1146 1090 1200 forte
1136 1144 1428 1216 inquinasti
1456 1144 1509 1197 in
1557 1142 1648 1196 illo
1700 1141 1869 1211 pedes

270 1244 413 1301 tuos,
446 1235 499 1287 in
530 1234 634 1289 isto
694 1249 911 1305 quoque
941 1234 1091 1287 laves
1133 1249 1246 1288 eos.
1299 1233 1521 1295 Verum,
1567 1231 1706 1285 sicut
1748 1230 1867 1299 pri-

272 1339 395 1376 mus
427 1322 515 1377 ille
545 1323 742 1377 modus
772 1322 978 1394 indiget
1007 1322 1109 1376 isto
1168 1321 1429 1383 secundo,
1463 1336 1531 1374 ne
1562 1318 1721 1372 nimis
1749 1318 1870 1370 ina-

264 1411 404 1464 niter
433 1427 530 1480 per
561 1418 825 1465 tumorem
876 1409 1122 1464 elationis
1171 1410 1382 1479 erigat;
1413 1408 1485 1462 ita
1516 1406 1867 1461 nihilominus

272 1507 325 1553 et
354 1499 455 1553 iste
487 1499 760 1554 secundus
792 1498 999 1570 indiget
1032 1498 1261 1569 quodam
1293 1496 1472 1562 tertio,
1508 1511 1575 1549 ne
1597 1495 1756 1548 nimis
1786 1494 1870 1548 le-

272 1587 484 1641 thaliter
508 1603 605 1657 per
623 1588 910 1642 horrorem
933 1585 1329 1656 desperationis
1352 1584 1586 1652 dejiciat.
1614 1582 1752 1651 Quia
1770 1582 1873 1653 igi-

1972 436 2189 493 diﬁicile
2221 439 2440 509 quidem
2472 438 2580 492 imo
2619 438 2954 509 impossibile
2984 447 3039 493 ut
3072 447 3431 509 rumperetur,
3466 439 3569 493 nisi

1974 526 2100 595 quia
2129 526 2220 579 ubi
2242 527 2536 581 abundavit
2566 526 2822 581 delictum
2850 570 2861 593 ,
2904 528 3385 597 superabundavit,
3418 527 3471 580 in
3503 542 3568 582 eo

1972 622 2023 667 et
2052 614 2248 685 gratia.
2283 616 2423 668 Nam
2472 616 2585 669 haec
2617 616 2733 683 ejus
2789 624 3009 685 peccata
3058 624 3249 681 erant;
3306 616 3567 681 incestus,

1973 703 2291 770 crudelitas,
2325 711 2375 756 et
2407 704 2584 757 dolus.
2613 704 2720 757 Sed
2750 703 2841 756 ubi
2871 704 3159 757 abundavit
3186 705 3446 771 incestus,
3482 720 3571 757 su-

1974 790 2367 859 perabundavit
2414 791 2711 856 munditia;
2743 791 2836 844 ubi
2902 792 3190 845 abundavit
3244 792 3561 858 crudelitas,

1974 879 2435 947 superabundavit
2495 880 2705 948 pietas;
2741 880 3199 949 superabundavit
3258 889 3309 935 et
3356 880 3571 951 simpli-

1973 966 2108 1019 citas
2137 967 2407 1035 puritatis,
2432 968 2521 1020 ubi
2545 968 2833 1021 abundavit
2856 968 3012 1022 dolus
3043 968 3385 1038 proditionis.
3411 969 3571 1023 Certe

1973 1054 2403 1124 multiplicantur
2431 1072 2597 1125 super
2627 1072 2909 1110 numerum
2941 1056 3031 1127 qui
3062 1057 3196 1110 tales
3226 1066 3367 1123 sunt,
3404 1058 3448 1111 si
3471 1074 3570 1113 ve—

1973 1140 2136 1195 limus
2169 1142 2338 1213 (quod
2370 1151 2547 1197 tamen
2581 1160 2687 1198 non
2720 1144 3032 1213 possumus)
3064 1161 3321 1200 revocare
3350 1146 3419 1199 ad
3447 1162 3569 1199 me-

1973 1230 2197 1283 moriam
2227 1232 2513 1286 universos
2540 1248 2767 1303 quorum
2825 1232 3135 1288 misericors
3167 1235 3312 1288 Deus
3366 1241 3417 1289 et
3450 1234 3571 1304 pius

1974 1319 2196 1372 remittit
2236 1319 2564 1391 iniquitates,
2616 1320 2747 1391 tegit
2787 1330 3050 1390 peccata;
3083 1321 3311 1377 abluens
3379 1338 3493 1387 eos,
3520 1331 3572 1377 et

1966 1406 2312 1475 justificans,
2348 1423 2413 1463 ac
2470 1407 2816 1463 sanctiﬁcans
2877 1409 2929 1461 in
2980 1409 3179 1478 Spiritu
3240 1419 3449 1466 sancto.
3482 1410 3570 1467 Sic

1973 1496 2070 1561 sic,
2106 1504 2367 1566 quantum
2400 1496 2561 1550 distat
2602 1504 2754 1551 ortus
2786 1497 2855 1550 ab
2910 1497 3215 1563 occidente,
3247 1498 3411 1570 longe
3444 1499 3569 1554 fecit

1973 1584 2041 1637 ab
2073 1584 2152 1638 eis
2184 1584 2494 1655 iniquitates
2524 1600 2731 1647 eorum,
2783 1602 2992 1656 ponens
3023 1586 3074 1638 in
3108 1584 3187 1640 eis
3245 1587 3446 1641 bonum
3479 1588 3571 1641 ubi

272 1682 361 1728 tur
380 1674 512 1728 nihil
532 1675 583 1728 in
602 1676 704 1729 hoc
726 1674 967 1729 secundo
986 1673 1349 1728 meditationis
1371 1673 1533 1727 modo
1556 1680 1666 1737 tua,
1701 1687 1752 1737 ο,
1777 1670 1867 1741 qui
1892 1694 1943 1752 Β
1973 1680 2086 1726 erat
2118 1673 2337 1737 malum,
2370 1674 2461 1727 ubi
2508 1673 2762 1742 injustitia
2819 1674 2892 1727 ibi
2948 1674 3224 1740 meritum,
3259 1683 3311 1729 et
3343 1676 3575 1748 gratiam

276 1762 549 1817 habitator
580 1778 638 1817 es
670 1762 842 1826 cella},
872 1778 1026 1816 mens
1056 1761 1258 1816 invenit
1289 1761 1395 1814 nisi
1423 1760 1565 1831 quod
1598 1766 1677 1814 est
1707 1759 1864 1812 dolo-

272 1850 370 1919 ris,
436 1850 579 1922 quod
610 1866 826 1922 magna:
856 1857 939 1905 est
993 1848 1407 1915 amaritudinis;
1439 1864 1508 1903 ne
1540 1847 1677 1902 forte
1700 1847 1870 1918 (quod

276 1938 440 2007 absit)
494 1937 878 1993 abundantiori
945 1937 1159 1991 tristitia
1232 1937 1590 1991 absorbeatur
1652 1935 1871 2006 quando

278 2028 395 2082 hmc
424 2027 647 2098 cogitat,
681 2026 817 2080 bene
841 2025 967 2080 facit
1013 2025 1058 2079 si
1092 2024 1194 2078 sibi
1224 2024 1347 2079 lteta
1376 2025 1623 2095 quaedam
1672 2032 1725 2077 et
1754 2023 1875 2076 dul-

282 2115 384 2180 cia,
444 2114 512 2169 ad
554 2114 848 2186 mitiganda
878 2113 1053 2167 tristia
1080 2114 1195 2168 haec
1217 2156 1231 2178 ,
1284 2120 1335 2167 et
1383 2112 1451 2166 ad
1480 2111 1776 2166 minuenda
1804 2127 1873 2165 ne

278 2203 333 2257 in
363 2203 417 2257 id
440 2203 586 2274 quod
606 2202 768 2256 nimis
797 2210 879 2257 est
910 2218 967 2257 se
999 2201 1289 2256 extendant
1310 2216 1496 2254 amara
1529 2200 1648 2261 ista,
1684 2216 1875 2269 reprae-

278 2299 468 2345 sentnt.
508 2290 734 2346 'Idcirco
773 2298 1131 2360 repraesentet
1157 2289 1246 2344 hic
1277 2289 1461 2342 tertius
1504 2286 1873 2343 meditationis

273 2378 469 2432 modus
500 2385 605 2432 tua}
636 2377 961 2431 intrinsecus
1002 2376 1192 2441 menti,
1228 2384 1445 2447 quantae
1473 2376 1541 2428 sit
1569 2374 1873 2429 dulcedinis

276 2474 329 2521 et
357 2465 592 2536 pietatis,
623 2474 839 2537 quantm
859 2464 1161 2519 clementiae
1192 2471 1244 2518 et
1274 2463 1531 2517 bonitatis
1563 2464 1679 2532 ipse
1703 2464 1869 2527 Deus,

278 2554 423 2625 quod
455 2554 634 2609 suavis
666 2554 1035 2608 estuniversis
1072 2552 1215 2623 quod
1248 2551 1626 2606 miserationes
1649 2552 1761 2619 ejus
1777 2567 1874 2603 su-

278 2660 375 2714 per
402 2642 586 2698 omnia
614 2658 779 2713 opera
801 2659 935 2710 ejus,
963 2641 1105 2712 quod
1124 2640 1324 2694 multus
1356 2648 1438 2695 est
1478 2640 1545 2694 ad
1578 2640 1874 2709 ignoscen-

278 2731 424 2797 dum,
461 2731 605 2802 quod
654 2731 978 2801 prastabilis
1036 2746 1200 2800 super
1231 2728 1449 2795 malitia,
1501 2729 1645 2799 quod
1673 2728 1874 2798 longa-

278 2819 439 2873 nimis
470 2827 551 2874 est
581 2819 634 2873 in
695 2818 1081 2889 exspectando,
1132 2818 1275 2889 quod
1302 2818 1530 2871 multum
1561 2816 1875 2871 misericors

277 2909 332 2962 in
364 2907 708 2975 remittendo,
762 2907 906 2977 quod
957 2908 1116 2961 Pater
1172 2914 1253 2960 est
1291 2905 1793 2960 misericordiarum
1822 2911 1877 2959 et

278 2998 424 3051 Deus
484 2995 644 3050 totius
675 2994 1080 3061 consolationis,
1132 2994 1223 3065 qui
1268 2993 1582 3049 consolatur
1635 3009 1762 3048 suos
1819 2992 1875 3047 in

282 3085 429 3139 omni
459 3083 804 3138 tribulatione
849 3099 1054 3149 eorum,
1107 3083 1253 3153 quod
1284 3082 1557 3153 quomodo
1585 3082 1879 3136 miseretur

280 3181 437 3243 pater
465 3171 703 3227 ﬁliorum
742 3172 815 3225 ita
874 3171 1051 3243 [Par.,
1094 3170 1257 3243 ipse.]
1315 3186 1532 3242 quoque
1563 3170 1877 3225 timentibus

281 3278 341 3317 se
370 3261 674 3316 miseretur.
697 3260 756 3314 Id
777 3268 959 3314 autem
991 3274 1151 3330 quam
1175 3260 1407 3312 maxime
1437 3258 1736 3324 meditatio,
1761 3258 1879 3313 haec

281 3350 448 3404 menti
483 3356 585 3403 tuae
629 3355 1001 3418 repraesentet,
1039 3346 1181 3417 quod
1216 3346 1438 3418 proprio
1478 3347 1611 3401 Filio
1642 3362 1740 3400 suo
1769 3361 1879 3401 non

281 3437 543 3509 pepercit,
578 3436 675 3491 sed
705 3452 802 3506 pro
833 3436 990 3491 nobis
1011 3436 1261 3490 omnibus
1292 3435 1515 3489 tradidit
1535 3435 1684 3489 illum
1718 3451 1731 3488 :
1763 3449 1879 3488 om-

280 3525 372 3578 nia
401 3524 557 3579 nobis
587 3524 640 3578 in
699 3524 791 3578 illo
848 3525 1095 3589 donans;
1130 3531 1181 3578 et
1213 3523 1268 3577 in
1291 3523 1428 3594 ipso,
1450 3530 1501 3577 et
1540 3540 1640 3593 per
1679 3523 1876 3592 ipsum,

284 3608 542 3663 mundum
617 3608 719 3662 sibi
778 3608 1162 3664 reconcilians.
1224 3607 1379 3676 Quod
1413 3608 1554 3662 idem
1612 3606 1777 3660 Filius
1823 3606 1879 3659 in

281 3705 488 3751 tantum
518 3712 617 3751 nos
647 3696 835 3751 dilexit
866 3697 1009 3767 quod
1038 3695 1167 3750 lavit
1197 3712 1299 3749 nos
1345 3712 1376 3750 a
1414 3695 1649 3766 peccatis
1678 3695 1880 3749 nostris

283 3786 338 3839 in
358 3785 624 3857 sanguine
656 3801 790 3851 suo;
821 3784 967 3856 quod
998 3800 1099 3855 pro
1130 3784 1289 3839 nobis
1320 3783 1541 3838 indutus
1580 3791 1661 3839 est
1693 3799 1876 3848 carne,

285 3881 531 3944 turpatus
588 3888 748 3929 cruce
775 3917 787 3939 ,
866 3873 1125 3927 multatus
1171 3880 1366 3927 morte.
1454 3872 1613 3941 Quod
1656 3887 1881 3927 carnem

285 3977 441 4016 suam
498 3969 549 4017 et
601 3962 925 4034 sanguinem
956 3978 1113 4015 suum
1170 3961 1319 4016 dedit
1350 3960 1526 4026 nobis,
1563 3968 1615 4015 et
1643 3961 1882 4014 animam

285 4065 386 4120 pro
440 4048 895 4115 nobis;carnem
956 4049 1025 4103 ad
1083 4049 1296 4113 duram,
1332 4057 1383 4103 et
1442 4049 1639 4114 diram,
1692 4056 1743 4104 et
1792 4048 1881 4119 ig-

288 4137 649 4192 nominiosam
732 4138 1047 4208 passionem
1114 4156 1128 4205 ;
1187 4137 1513 4207 sanguinem
1590 4153 1723 4193 vero
1812 4136 1881 4190 ad

284 4226 651 4297 largissimam
680 4226 749 4281 de
789 4226 1025 4298 quinque
1083 4225 1218 4281 locis
1279 4225 1629 4281 sacratissimi
1679 4240 1881 4295 corpo-

288 4313 362 4367 ris
417 4314 499 4367 sui
557 4312 917 4380 effusionem,
968 4313 1205 4368 animam
1264 4314 1333 4368 ad
1381 4314 1756 4368 emissionem.
1814 4314 1884 4366 Et

1972 1761 2063 1814 ubi
2096 1760 2274 1831 culpa.
2315 1762 2382 1814 Et
2412 1761 2501 1817 hic
2533 1770 2613 1816 est
2645 1762 2831 1816 tertius
2861 1763 3227 1817 meditationis
3253 1765 3470 1829 modus,
3505 1764 3573 1817 de

1978 1864 2085 1918 quo
2119 1848 2213 1901 tibi
2244 1849 2498 1914 diximus,
2535 1850 2624 1920 qui
2654 1849 2927 1904 habitator
2948 1866 3009 1904 es
3046 1851 3218 1917 cellae,
3254 1853 3381 1921 quia
3412 1868 3575 1907 occa-

1975 1936 2186 1991 sionem
2217 1937 2393 2008 gignit
2425 1944 2475 1991 et
2525 1952 2744 1992 causam
2801 1938 3004 1993 amoris
3035 1947 3087 1993 et
3144 1940 3570 2007 consolationis;

1975 2025 2113 2078 sicut
2155 2026 2492 2094 praecedens,
2527 2026 2618 2095 qui
2649 2027 2919 2080 secundus
2961 2035 3061 2095 est,
3096 2028 3305 2082 timoris
3334 2029 3572 2082 admini-

1976 2120 2105 2166 strat
2129 2128 2348 2167 causam
2383 2122 2435 2167 et
2464 2112 2686 2167 doloris.
2720 2115 2789 2167 Et
2818 2115 3189 2169 necessarium
3220 2116 3375 2171 valde
3407 2124 3463 2170 ut
3484 2116 3573 2171 hic

1974 2201 2170 2254 modus
2200 2201 2389 2254 tertius
2412 2201 2670 2257 succedat
2690 2202 2888 2271 primo,
2916 2211 3178 2273 quatenus
3210 2205 3572 2274 quemadmo-

1979 2289 2107 2342 dum
2139 2284 2410 2343 secu'ndus
2441 2289 2493 2341 in
2522 2290 2699 2359 primo
2730 2300 2952 2345 evacuat
2984 2299 3248 2345 tumorem
3293 2292 3564 2359 elationis,

1976 2376 2047 2429 ita
2077 2385 2130 2431 et
2160 2376 2345 2431 tertius
2390 2379 2673 2431 horrorem
2703 2393 2734 2431 a
2760 2379 3002 2433 secundo
3061 2379 3268 2434 auferat
3298 2381 3567 2450 despera-

1975 2464 2162 2518 tionis.
2202 2465 2400 2535 Sicque
2432 2465 2484 2518 in
2526 2466 2738 2520 duobus
2768 2467 2851 2519 his
2910 2467 3107 2533 modis,
3143 2470 3383 2523 secundo
3415 2470 3571 2523 vide-

1975 2552 2101 2607 licet
2132 2560 2183 2607 et
2213 2554 2371 2607 tertio
2402 2569 2556 2608 mens
2587 2562 2673 2607 tua
2704 2556 2818 2608 Deo
2847 2562 3068 2609 cantare
3116 2557 3313 2621 valeat,
3348 2574 3455 2611 non
3480 2573 3571 2612 so-

1976 2640 2086 2694 lum
2127 2641 2583 2706 misericordiam,
2615 2658 2683 2696 ne
2723 2658 2841 2696 eam
2882 2643 3055 2697 elevet
3112 2645 3396 2699 temeraria
3423 2663 3570 2715 prte-

1978 2730 2231 2797 sumptio,
2284 2744 2387 2784 nec
2458 2730 2632 2784 solum
2698 2730 2981 2798 judicium,
3018 2748 3085 2786 ne
3142 2749 3258 2786 eam
3289 2734 3574 2788 absorbeat

1976 2817 2255 2872 mortifera
2319 2818 2670 2888 desperatio;
2706 2820 2802 2873 sed
2872 2819 3306 2875 misericordiam
3370 2823 3571 2892 pariter

1977 2914 2029 2960 et
2052 2906 2315 2974 judicium
2346 2914 2402 2961 ut
2434 2923 2777 2978 nequaquam
2810 2907 2865 2960 in
2900 2924 3060 2962 unam
3085 2909 3167 2962 sui
3195 2918 3401 2979 partem
3435 2911 3580 2965 clau-

1976 2994 2139 3059 dicet,
2174 3010 2241 3049 ne
2274 2995 2441 3066 (quod
2482 2995 2643 3065 absit)
2677 3011 2708 3049 a
2740 3004 2886 3051 recta
2933 2996 3124 3050 semita
3155 2998 3440 3063 exorbitat,
3475 2999 3575 3053 sed

1977 3082 2060 3137 via
2092 3089 2237 3137 recta
2267 3083 2520 3137 incedere
2551 3091 2706 3138 curet
2740 3101 2751 3136 :
2787 3100 2894 3138 non
2925 3084 3224 3153 declinans,
3256 3086 3343 3140 vel
3373 3102 3405 3140 a
3435 3086 3573 3140 dex-

1979 3170 2093 3237 tris,
2120 3170 2442 3241 insipienter
2479 3172 2532 3224 in
2557 3188 2653 3241 spe
2682 3187 2820 3226 vana
2850 3171 3024 3243 [Par.,
3061 3173 3250 3245 vacua]
3284 3174 3529 3229 exultans
3556 3195 3571 3242 ;
3658 3202 3662 3211 ε

1976 3258 2063 3312 vel
2119 3275 2149 3311 a
2195 3258 2445 3327 sinistris,
2505 3260 2884 3315 damnabiliter
2920 3261 2975 3315 in
3031 3262 3409 3332 desperatione
3439 3280 3562 3335 pro-

1978 3345 2145 3401 funda
2210 3348 2506 3419 trepidans.

2466 3562 2863 3618 CAPITULUM
2930 3564 3108 3618 XXII.

1978 3720 2285 3797 De_quar_to
2333 3719 2723 3797 meditatiouis
2758 3721 2953 3797 modo,
2991 3722 3087 3793 qui
3126 3740 3357 3779 causam
3386 3728 3573 3797 gignit

2050 3790 2111 3866 in
2143 3792 2333 3866 animo
2364 3791 2702 3866 meditantis
2730 3792 2964 3866 pictatis
2998 3790 3071 3866 ἐι
3120 3790 3522 3866 εονηραιςδῖοὴἱε
3557 3814 3570 3852 :

2051 3865 2109 3914 et
2135 3861 2551 3935 quodquwdam
2573 3880 2695 3932 qua:
2724 3861 2976 3917 uidemus
2999 3865 3064 3918 ab
3095 3866 3227 3920 aliis
3244 3861 3401 3921 'mala
3420 3869 3568 3935 ﬁeri,

2050 3932 2227 4000 magis
2255 3931 2550 4008 debeamus
2582 3931 2740 4008 intra
2774 3949 2875 3988 nos
2921 3935 3253 4008 plerumque
3275 3931 3571 4006 excusare,

2053 4017 2225 4073 quam
2269 4005 2480 4058 temere
2504 4004 2807 4073 judicare.

2052 4142 2412 4198 Meditationis
2461 4160 2679 4215 quoque
2717 4155 2936 4217 quartus
2984 4148 3177 4202 modus
3220 4157 3320 4214 est,
3356 4150 3424 4205 de
3464 4167 3572 4222 quo

1980 4230 2261 4300 percipere
2293 4232 2463 4285 debes
2493 4240 2567 4297 tu,
2603 4233 2694 4303 qui
2740 4234 3009 4289 habitator
3037 4252 3096 4291 es
3131 4236 3300 4302 cella},
3346 4254 3570 4293 causam

1980 4318 2196 4388 pietatis
2218 4326 2270 4372 et
2299 4319 2713 4388 compassionis.
2734 4322 2801 4374 Et
2838 4331 2961 4392 apte
2990 4325 3186 4379 modus
3216 4324 3336 4392 iste,
3360 4326 3436 4379 illi
3458 4344 3576 4383 suc-

288 4401 335 4456 si
408 4401 658 4457 volumus
739 4402 944 4474 aliquid
1027 4402 1256 4457 interius
1322 4402 1377 4455 in
1464 4402 1549 4456 his
1626 4400 1875 4471 scrutari,
1907 4393 2125 4460 Dcedit
2152 4406 2310 4460 tertio
2342 4407 2523 4472 modo,
2561 4407 2653 4477 qui
2681 4398 2904 4463 causam
2935 4411 3027 4465 tibi
3075 4413 3414 4469 administrat
3437 4432 3573 4471 con-

286 4490 444 4545 nobis
501 4498 553 4545 et
583 4506 805 4547 carnem
862 4491 1011 4546 dedit
1039 4491 1094 4545 in
1138 4491 1339 4557 cibum,
1373 4498 1424 4545 et
1472 4490 1791 4562 sanguinem
1824 4490 1879 4544 in

288 4584 493 4648 potum,
528 4587 578 4633 et
608 4578 845 4633 animam
903 4579 959 4632 in
989 4579 1240 4649 pretium.
1301 4577 1443 4646 Quid
1497 4579 1603 4634 hoc
1632 4578 1701 4632 ad
1733 4579 1880 4633 nos?

287 4664 517 4719 multum
601 4683 701 4737 per
759 4683 974 4722 omnem
1035 4668 1295 4732 modum;
1356 4674 1413 4720 ut
1442 4665 1754 4721 reficiamur
1801 4666 1881 4721 vi-

290 4753 487 4809 delicet
535 4754 725 4823 jejuni,
769 4763 1019 4825 potemur
1049 4755 1206 4820 aridi,
1270 4754 1604 4809 redimamur
1658 4755 1875 4825 captivi.

290 4840 395 4909 Qui
442 4849 519 4896 tot
576 4851 629 4896 et
686 4851 835 4898 tanta
864 4860 1059 4913 passus
1113 4850 1195 4897 est
1251 4858 1350 4913 pro
1409 4850 1462 4897 te
1520 4850 1675 4912 putas
1736 4843 1881 4913 quod

286 4928 503 4984 deserat
550 4931 649 4985 te?
707 4930 861 4985 Absit
915 4938 971 4985 ut
1038 4932 1141 4986 hoc
1197 4938 1373 5000 putes.
1425 4930 1600 4998 Quam
1658 4931 1877 4994 multos,

285 5016 378 5087 qui
399 5016 614 5088 longius
632 5034 797 5088 quam
819 5027 873 5073 tu
896 5026 1233 5074 recesserant
1264 5019 1333 5071 ab
1364 5034 1429 5073 eo
1452 5018 1662 5074 vocavit
1684 5020 1754 5073 ad
1776 5035 1833 5074 se
1854 5019 1882 5072 ?

285 5104 423 5158 Nam
458 5105 572 5175 ipse
604 5114 704 5171 est,
740 5106 833 5176 qui
882 5107 973 5160 ubi
1028 5106 1321 5160 abundavit
1349 5106 1625 5176 delictum,
1661 5122 1882 5177 supera-

286 5191 534 5246 bundare
566 5194 793 5263 gratiam
827 5193 973 5249 facit.
997 5193 1173 5248 Testis
1204 5201 1285 5247 est
1315 5203 1531 5250 sanctus
1562 5196 1755 5258 David,
1791 5195 1881 5266 qui

284 5280 531 5347 peccavit
559 5290 841 5351 peccatum
873 5282 1100 5353 grande.
1134 5283 1294 5347 Nam,
1319 5282 1585 5337 adulterio
1617 5284 1875 5353 pollutus,

284 5367 578 5423 homicidio
637 5377 911 5437 cruentus,
945 5370 1172 5424 adauxit
1203 5385 1419 5440 quoque
1458 5371 1735 5442 geminum
1765 5385 1880 5424 ma-

278 5454 392 5509 lum
426 5456 530 5510 hoc
558 5456 889 5511 abominatio
920 5457 1259 5527 proditionis.
1299 5458 1431 5512 Erat
1478 5466 1655 5513 autem
1679 5474 1787 5529 quo
1817 5458 1880 5511 li-

285 5550 445 5615 gntus
502 5543 599 5598 fuit
653 5544 921 5600 funiculus
978 5545 1217 5616 triplex;
1252 5546 1596 5613 adulterium,
1646 5546 1879 5602 homici-

1982 4493 2300 4559 solationis;
2334 4502 2390 4548 ut
2419 4502 2479 4549 tu
2528 4496 2797 4551 numirum
2857 4500 3166 4555 consolatus
3215 4519 3570 4575 quoscunque

1980 4582 2183 4637 videris
2212 4582 2297 4637 vel
2321 4583 2537 4638 miseria
2567 4585 2813 4652 aﬂlictos,
2851 4588 2937 4641 vel
2981 4589 3141 4660 culpa
3172 4592 3570 4647 contaminatos

1980 4670 2156 4741 magis
2186 4671 2442 4741 prosilias
2470 4673 2538 4726 ad
2567 4675 3025 4745 compatiendum,
3060 4694 3220 4749 quam
3240 4681 3306 4734 ad
3322 4681 3575 4748 judican-

1980 4759 2107 4813 dum
2132 4778 2145 4825 ;
2179 4760 2357 4831 magis
2384 4761 2452 4813 ad
2480 4756 2868 4817 consolandum
2886 4771 2937 4819 te
2957 4775 3266 4836 promptum
3289 4769 3565 4835 exhibeas,

1981 4864 2138 4917 quam
2168 4849 2239 4902 ad
2271 4848 2858 4917 exprobrandum.Hoc
2888 4852 3010 4908 ideo
3039 4854 3294 4923 diximus,
3328 4857 3455 4927 quia
3474 4858 3572 4925 illi,

1982 4936 2073 5006 qui
2102 4936 2286 4990 habitu
2314 4937 2599 5007 religionis
2646 4938 2819 4993 induti
2857 4941 3123 5006 videntur,
3159 4959 3254 4997 seu
3302 4946 3569 5013 monachi,

1982 5040 2077 5077 seu
2108 5023 2269 5078 etiam
2300 5024 2485 5079 clerici
2515 5027 2814 5097 regulares,
2847 5028 2900 5081 in
2933 5030 3182 5084 claustris
3212 5032 3324 5085 suis
3345 5049 3572 5088 moran-

1980 5119 2081 5180 tes,
2116 5112 2200 5165 vel
2228 5128 2328 5166 nos
2358 5129 2572 5185 quoque
2604 5117 2949 5171 anachoreta:
2983 5126 3035 5172 et
3064 5119 3322 5186 eremitaa,
3358 5122 3447 5192 qui
3474 5122 3575 5177 soli

1981 5200 2231 5271 degimus
2261 5202 2337 5271 (et
2366 5202 2568 5257 utinam
2602 5204 2745 5273 soli),
2772 5220 2893 5259 cum
2924 5206 3130 5278 aliquid
3176 5208 3451 5264 intuentur
3472 5211 3575 5280 ipsi

1982 5288 2126 5358 quod
2157 5288 2235 5342 eis
2268 5288 2536 5358 displicet,
2558 5291 2830 5345 intuemur
2861 5301 2912 5347 et
2953 5312 3053 5349 nos
3074 5296 3223 5350 nulla
3243 5297 3574 5353 discretione

1978 5392 2094 5444 prae
2134 5376 2305 5431 oculis
2360 5378 2561 5443 habita,
2596 5380 2801 5449 absque
2858 5383 3237 5453 compassione
3271 5385 3470 5455 aliqua.
3507 5386 3575 5440 Et

1978 5461 2337 5519 illimultoties
2361 5466 2429 5519 ad
2445 5466 2801 5534 judicandum
2820 5470 2997 5539 potius
3018 5487 3181 5542 quam
3199 5471 3269 5525 ad
3286 5471 3573 5528 consolan-

1980 5550 2111 5606 dum
2158 5562 2486 5609 concurrunt
2539 5556 2914 5613 concurrimus
2947 5574 3109 5629 quam
3164 5576 3312 5631 saepe
3342 5568 3395 5616 et
3450 5577 3573 5618 nos.
