3972 6052
418 275 521 328 839

1283 277 1625 336 GUlGONIS
1666 280 1713 334 [Ι
1759 274 2166 335 (ΖΑῐὶΤΗΠΞΙλΕ
2213 278 2505 337 MAIORIS
2551 280 2852 338 PRIORIS.

3612 274 3719 333 840

413 399 479 453 Ut
512 398 639 469 quid
672 406 723 453 tu
756 399 847 471 qui
875 397 929 454 in
960 398 1176 474 angulis
1206 404 1357 459 cellae
1387 414 1492 461 tua:
1520 405 1718 471 latitas,
1754 405 1890 461 alios
1915 407 2008 474 ju-
2116 405 2299 475 passio
2328 406 2490 463 debet
2519 408 2734 462 adesse.
2796 403 3003 461 Idcirco
3043 419 3166 460 cum
3202 400 3479 458 sinistrum
3510 403 3718 475 aliquid

417 487 604 552 dicas;
636 504 743 541 non
774 489 992 559 quidem
1018 491 1131 559 jam
1164 492 1230 545 ad
1265 493 1670 549 similitudinem
1705 495 1822 565 lupi
1852 511 2015 565 rapa-

412 575 510 640 cis,
546 576 642 630 sed
673 578 851 649 magis
881 578 1141 633 mordens
1172 581 1241 634 ad
1272 580 1443 635 instar
1472 583 1666 653 pulicis
1698 583 1968 638 mordacis
1989 583 2017 637 ?

411 662 528 719 Nec
550 664 782 733 judicas,
827 674 884 720 ut
940 667 1029 722 ille
1075 668 1247 736 judex
1291 670 1489 737 justus,
1524 671 1579 724 in
1608 672 1881 743 aequitate,
1917 672 2015 725 sed

410 752 589 822 magis
621 761 675 806 ut
699 754 865 821 judex
893 755 1129 826 iniquus,
1162 758 1255 827 qui
1286 774 1387 813 nec
1422 759 1673 814 homines
1705 760 1885 828 times,
1910 776 2012 816 nec

411 838 586 895 Deum
608 843 896 908 revereris,
918 844 971 897 in
995 844 1291 915 iniquitate.
1326 848 1465 901 Nam
1497 848 1755 919 impingis
1785 848 1839 901 in
1868 848 2009 919 prio-

409 945 522 983 rem
555 938 724 998 tuum,
753 939 844 984 aut
873 931 928 985 in
984 948 1104 987 eum
1137 933 1228 1004 qui
1282 934 1401 990 loco
1438 936 1571 1002 ejus,
1634 936 1753 1006 ipso
1785 937 2010 991 absente

406 1017 501 1071 tibi
533 1026 750 1088 prmest,
777 1036 872 1073 seu
905 1019 961 1073 in
996 1022 1337 1091 proviserem
1374 1030 1543 1089 tuum,
1570 1024 1656 1078 vel
1688 1025 1739 1077 in
1772 1024 2007 1095 aliquem

408 1106 637 1160 fratrum
669 1115 898 1162 tuorum.
929 1110 1213 1180 Nunquam
1233 1111 1467 1181 aliquem
1501 1116 1727 1166 istorum
1748 1112 2003 1183 reperies,

406 1192 495 1265 qui
527 1211 633 1249 non
669 1195 761 1249 tibi
807 1196 1082 1251 multoties
1111 1199 1557 1268 reprehensibilis
1587 1208 1869 1270 appareat,
1904 1201 2005 1255 etsi

403 1284 776 1354 unusquisque
809 1286 1077 1341 veraciter
1106 1287 1632 1356 irreprehensibilis,
1668 1288 1804 1343 sicut
1842 1290 2005 1343 homo

406 1387 527 1426 esse
556 1381 735 1442 potest
767 1373 975 1427 existat.
1011 1373 1319 1441 Quomodo,
1354 1375 1443 1440 ait,
1478 1376 1577 1430 erit
1606 1376 1768 1446 istud,
1793 1385 1850 1431 ut
1880 1393 2005 1432 cum

401 1460 596 1531 aliquis
639 1477 823 1516 eorum
873 1463 1069 1516 merito
1118 1464 1440 1533 reprehendi
1479 1480 1588 1519 non
1622 1466 1839 1531 debeat,
1872 1465 2002 1520 mihi

402 1565 620 1619 quoque
649 1550 1019 1620 unusquisque
1042 1567 1228 1606 eorum
1255 1552 1375 1620 jure
1405 1553 1887 1621 reprehendendus
1916 1571 2005 1625 ap-

400 1637 636 1707 pareat?
663 1638 744 1691 Ex
778 1654 842 1692 eo
876 1639 1096 1709 quidem
1128 1648 1210 1693 est
1249 1641 1393 1710 quod
1426 1649 1481 1694 tu
1514 1642 1786 1711 superbus
1818 1650 1871 1696 et
1899 1642 2001 1696 ira-

2121 493 2239 548 tieri
2261 495 2479 561 videris,
2514 504 2645 565 puta
2686 495 2739 549 id
2768 493 2988 549 evenire
3020 508 3092 547 ex
3123 490 3457 558 infirmitate,
3490 500 3619 563 puta
3649 509 3717 547 ex

2117 582 2482 654 subreptione,
2497 592 2629 654 puta
2646 601 2710 638 ex
2728 599 2875 639 casu.
2894 583 3111 637 Excusa
3123 580 3473 636 intentionem
3492 596 3719 651 Operan-

2118 670 2204 737 tis,
2240 671 2285 725 si
2315 688 2572 727 excusare
2602 688 2707 727 non
2737 679 2893 742 potes
2922 671 3102 741 ipsum
3148 686 3303 740 opus.
3341 668 3500 737 Quod
3530 668 3575 722 si
3607 684 3713 724 nec

2116 758 2291 829 ipsam
2322 761 2526 815 videris
2556 776 2784 833 prorsus
2809 760 3046 831 aliquam
3076 758 3480 813 excusationem
3513 757 3719 811 admit-

2115 854 2247 915 tere,
2267 856 2391 918 puta
2416 850 2768 905 tentationem
2789 848 2951 903 nimis
2972 847 3141 902 fuisse
3163 847 3559 902 vehementem.
3582 846 3723 901 Cum

2115 935 2293 1007 itaque
2322 936 2556 1008 aliquem
2589 937 2792 993 videris
2814 935 3167 1007 spiritualiter
3186 943 3475 1006 zegrotare,
3500 934 3578 990 sic
3600 934 3723 1003 ejus

2115 1024 2210 1078 tibi
2241 1023 2529 1095 displiceat
2589 1026 2879 1098 aegritudo,
2926 1032 2984 1078 ut
3014 1024 3228 1095 placeat
3257 1028 3441 1077 tamen
3474 1022 3568 1076 tibi
3618 1021 3717 1093 qui

2113 1121 2352 1183 mgrotus
2369 1114 2517 1182 jacet
2540 1132 2552 1167 :
2573 1131 2675 1170 nec
2696 1114 2792 1168 tibi
2813 1114 3026 1185 placeat
3056 1111 3199 1184 quod
3221 1119 3463 1183 azgrotus
3493 1119 3594 1177 est,
3615 1111 3720 1165 sed

2114 1200 2203 1255 ille
2225 1201 2321 1255 tibi
2351 1202 2565 1272 placeat
2588 1202 2680 1274 qui
2708 1210 2945 1274 aegrotus
2985 1209 3086 1256 est.
3138 1200 3249 1267 Sic,
3284 1199 3362 1255 sic
3392 1199 3587 1269 diliges
3607 1199 3719 1253 ho-

2113 1288 2334 1358 minem,
2370 1297 2424 1345 et
2452 1290 2797 1362 persequeris
2845 1297 3190 1360 peccatorem
3224 1305 3237 1341 :
3272 1287 3365 1360 qui
3388 1295 3568 1343 tamen
3594 1286 3717 1357 pla-

2114 1392 2239 1432 cere
2276 1378 2371 1433 tibi
2417 1378 2595 1444 debet,
2658 1394 2767 1434 non
2823 1378 2951 1449 quia
2999 1384 3255 1448 peccator
3310 1383 3409 1441 est,
3458 1375 3555 1429 sed
3587 1375 3718 1447 quia

2113 1465 2277 1521 homo
2310 1474 2417 1521 est.
2461 1469 2523 1520 In
2551 1466 2708 1521 malis
2749 1466 2997 1536 proinde,
3045 1481 3166 1536 qua:
3196 1462 3399 1519 videris
3448 1479 3715 1534 apparere

2118 1554 2170 1607 in
2205 1554 2534 1623 hominibus,
2572 1571 2674 1610 nec
2703 1554 2852 1609 zelus
2887 1554 3003 1621 tibi,
3054 1568 3155 1608 nec
3194 1550 3501 1623 compassio
3524 1551 3666 1606 desit
3697 1565 3713 1604 :

2113 1651 2163 1697 et
2194 1643 2271 1698 sic
2300 1651 2408 1698 tam
2440 1643 2528 1698 ille
2559 1659 2721 1714 quam
2742 1642 2842 1697 ista
2871 1642 2925 1696 in
2951 1651 3002 1696 te
3026 1642 3111 1707 sit,
3136 1649 3191 1695 ut
3222 1640 3502 1711 utriusque
3523 1653 3710 1705 causa,

408 1726 635 1816 cundus,
675 1726 895 1780 immitis
943 1736 995 1782 et
1025 1727 1317 1798 impatiens
1343 1745 1423 1794 es,
1471 1736 1522 1783 et
1553 1746 1828 1801 nunquam
1876 1747 2002 1800 pro—
2024 1755 2076 1816 Β
2111 1732 2432 1801 principium
2461 1748 2696 1803 quoque,
2733 1740 2785 1787 et
2814 1730 3096 1797 medietas,
3131 1737 3293 1801 atque
3322 1727 3465 1796 finis,
3498 1728 3712 1784 sincera

402 1811 575 1884 priam
607 1822 773 1881 tuam,
815 1823 1290 1887 quantuncumque
1322 1816 1481 1871 fuerit
1524 1834 1785 1887 perversa
1806 1818 2003 1873 volun-

402 1911 565 1957 tatem
615 1902 695 1956 vis
725 1902 1013 1975 frangere;
1072 1905 1168 1959 sed
1200 1921 1316 1958 eam
1351 1921 1570 1975 semper
1618 1914 1808 1961 contra
1831 1906 1921 1974 jus
1952 1913 2005 1960 et

402 1990 501 2061 fas,
532 1998 822 2071 protervus
863 2000 915 2046 et
957 1992 1197 2058 rebellis,
1263 2001 1426 2064 atque
1466 2003 1724 2065 quantum
1754 1994 1810 2048 in
1841 2002 1892 2048 te
1923 2002 2003 2049 est

398 2080 611 2150 penitus
642 2080 967 2135 invincibilis
990 2081 1205 2135 conaris
1230 2081 1550 2151 adimplere.
1578 2082 1821 2153 Cumque
1842 2098 2003 2137 omne

401 2169 548 2240 quod
580 2169 635 2222 in
661 2176 713 2223 te
747 2176 847 2233 est,
884 2169 962 2224 sic
995 2169 1061 2223 sit
1094 2170 1147 2223 in
1180 2178 1250 2235 te,
1284 2177 1469 2224 utnon
1507 2170 1577 2224 ab
1636 2170 1817 2241 aliquo
1869 2170 1999 2239 alio,

316 2274 327 2287 κ
402 2256 501 2311 sed
534 2273 566 2311 a
594 2257 770 2326 teipso
802 2255 908 2321 sit;
950 2266 1003 2310 tu
1036 2266 1215 2311 tamen
1245 2273 1351 2311 non
1388 2258 1440 2311 id
1473 2257 1588 2323 tibi,
1619 2258 1715 2313 sed
1746 2258 1864 2312 aliis
1894 2274 1999 2329 po-

405 2344 511 2399 tius
540 2345 792 2415 imputas,
830 2346 954 2416 quia
975 2347 1163 2403 oculos
1192 2345 1411 2416 quidem
1434 2354 1557 2400 tuos
1592 2347 1663 2401 ad
1696 2346 1832 2401 alios
1864 2362 2002 2416 ape-

401 2434 494 2499 ris,
530 2434 598 2489 ad
629 2435 861 2505 teipsum
893 2444 1069 2490 autem
1098 2452 1162 2490 ex
1193 2442 1303 2488 toto
1334 2450 1427 2489 eos
1459 2434 1667 2489 claudis
1705 2450 1717 2488 :
1750 2435 1893 2490 unde
1944 2433 2002 2488 fit

397 2532 454 2577 ut
485 2524 773 2578 salubriter
815 2524 1046 2593 teipsum
1074 2524 1261 2579 videre
1304 2540 1413 2578 non
1447 2523 1647 2593 possis,
1701 2523 1829 2577 dum
1861 2540 2001 2577 nun-

402 2629 563 2684 quam
595 2621 665 2682 te,
700 2614 797 2668 sed
828 2630 1043 2683 semper
1068 2613 1201 2667 alios
1233 2612 1487 2667 attendis.
1536 2612 1591 2667 Si
1630 2612 1771 2667 enim
1805 2620 1926 2666 tuus
1951 2621 2001 2668 te

399 2702 590 2758 oculus
635 2702 796 2771 plene
853 2702 1090 2765 videret,
1143 2700 1324 2754 nullus
1380 2700 1653 2755 multoties
1708 2700 1804 2753 tibi
1862 2700 2000 2754 alius

404 2788 698 2861 quisquam
730 2806 896 2861 quam
928 2790 1126 2859 tuipse,
1178 2788 1379 2859 tibiipsi
1421 2788 1865 2859 reprehensibilis
1904 2804 2000 2859 ap-

400 2886 641 2949 pareret.
668 2878 776 2933 Sed
826 2878 946 2948 quia
983 2877 1217 2948 quadam
1275 2876 1438 2930 nimis
1499 2876 1658 2947 gravi
1688 2876 1999 2931 inﬁrmitate

399 2967 721 3037 deprimeris
762 2983 858 3021 eos
887 2966 979 3037 qui
1010 2965 1173 3020 etiam
1230 2964 1367 3019 bene
1399 2964 1494 3018 tibi
1525 2965 1578 3018 in
1608 2964 1861 3019 omnibus
1890 2964 1999 3018 mi-

398 3056 650 3121 nistrant,
679 3071 897 3125 semper
926 3053 1279 3125 reprehendis
1313 3067 1324 3107 :
1364 3069 1486 3109 cum
1524 3054 1625 3108 hoc
1653 3061 1707 3107 te
1737 3061 1896 3125 cogat
1921 3054 1998 3106 fa-

400 3162 523 3201 cere
567 3161 674 3200 non
715 3160 901 3199 eorum
946 3143 1128 3214 aliqua
1166 3143 1311 3213 (quia
1350 3159 1574 3212 prorsus
1603 3142 1747 3196 nulla
1779 3141 1883 3213 est)
1902 3158 1997 3196 ne-

407 3234 690 3307 gligentia,
718 3249 837 3289 cum
876 3232 1023 3287 omni
1051 3232 1251 3301 tibiipsi
1283 3231 1523 3287 serviant
1544 3230 1826 3302 diligentia
1852 3248 1865 3296 ;
1900 3230 1998 3285 sed

400 3331 488 3376 tua
519 3323 697 3392 potius
750 3319 1034 3375 infirmitas
1072 3335 1290 3391 magna.
1323 3321 1437 3375 Nec
1485 3320 1588 3373 ista
1620 3319 1822 3374 idcirco
1862 3318 1998 3372 dixi-

399 3427 541 3475 mus,
578 3411 725 3481 quod
770 3410 1094 3481 omniaquae
1144 3409 1213 3462 ab
1246 3408 1366 3462 aliis
1422 3407 1575 3462 vides
1607 3406 1743 3476 ﬁeri,
1778 3422 1997 3477 semper

398 3500 637 3555 debeant
662 3498 893 3562 laudari,
929 3506 979 3551 et
1023 3512 1299 3569 nunquam
1344 3512 1442 3566 pro
1472 3496 1593 3551 loco
1651 3504 1703 3549 et
1733 3503 1992 3565 tempore,

395 3605 497 3659 pro
519 3604 751 3658 persona
781 3596 833 3641 et
864 3602 1028 3641 causa
1060 3601 1091 3639 a
1125 3593 1175 3640 te
1205 3584 1535 3655 reprehendi
1572 3585 1719 3651 (cum
1749 3598 1859 3637 non
1887 3590 1995 3637 tam

396 3694 560 3748 saape,
609 3693 770 3749 quam
803 3676 917 3731 fere
947 3692 1166 3745 semper
1215 3674 1390 3747 magis
1426 3672 1881 3743 reprehendenda
1910 3671 1996 3726 vi-

394 3766 525 3821 deas
561 3782 725 3837 quam
755 3765 1063 3833 laudanda),
1102 3762 1197 3817 sed
1228 3771 1284 3816 ut
1314 3762 1409 3827 sic,
1445 3778 1566 3823 cum
1606 3777 1769 3815 causa
1804 3759 1991 3829 exigit,

393 3855 527 3909 alios
559 3870 803 3919 accuses,
840 3861 892 3907 ut
924 3853 979 3906 in
1019 3851 1085 3905 iis
1114 3852 1170 3904 in
1202 3851 1396 3921 quibus
1429 3850 1605 3919 tuipse
1640 3849 1804 3920 digne
1835 3865 1996 3903 accu-

396 3942 506 3997 sari
539 3942 725 4007 debes,
762 3949 813 3995 te
853 3955 1129 4011 nunquam
1175 3954 1420 3994 excuses.
1456 3939 1519 3992 Et
1551 3937 1630 3991 sic
1658 3936 1750 3991 fiet
1781 3944 1837 3989 ut
1867 3937 1995 3991 dum

396 4030 732 4085 incessanter
752 4028 986 4083 attendis
1018 4042 1181 4098 quam
1214 4026 1401 4096 gravia
1425 4033 1547 4079 sunt
1578 4024 1723 4078 mala
1750 4024 1990 4095 propria,

392 4118 765 4173 tolerabiliora
790 4117 885 4171 tibi
917 4116 1202 4172 videantur
1230 4114 1438 4181 aliena;
1473 4122 1528 4168 ut
1559 4113 1685 4167 dum
1708 4112 1995 4168 zelustuus

396 4206 557 4278 plene
613 4214 949 4277 temperatus
1016 4204 1177 4258 fuerit
1232 4204 1395 4258 etiam
1454 4202 1651 4256 nimius
1711 4218 1833 4256 esse
1884 4218 1993 4257 non

394 4296 585 4366 possit.
620 4296 843 4366 Eritque
874 4296 979 4349 hoc
1027 4310 1147 4349 cum
1194 4307 1469 4362 nunquam
1501 4291 1661 4345 nimis
1701 4290 1787 4346 vel
1822 4290 1995 4345 subsi-

394 4393 544 4439 stens
572 4383 727 4448 citra,
752 4382 838 4437 vel
872 4399 930 4437 se
964 4381 1264 4436 extendens
1292 4380 1457 4445 ultra,
1492 4380 1591 4434 sub
1621 4380 1783 4433 modo
1815 4395 1874 4433 se
1895 4394 1993 4433 co-

2106 1828 2157 1874 et
2191 1820 2429 1875 ordinata
2466 1820 2705 1876 cbaritas
2751 1820 2913 1875 adsit.

2605 1997 3007 2053 CAPITULUM
3070 1995 3276 2050 XXIII.

2111 2113 2366 2180 Qualiter
2423 2114 2689 2185 quintum
2722 2112 3111 2169 meditationi:
3160 2110 3709 2185 modumppponcre

2175 2182 2473 2239 debeamus
2518 2186 2579 2239 in
2635 2188 2828 2239 mente
2859 2187 3080 2249 nostra,
3110 2187 3311 2238 contra
3364 2182 3549 2246 illam,
3598 2198 3708 2249 qua

2175 2200 2473 2239 debeamus
2518 2201 2579 2239 ιη
2635 2200 2828 2239 meme
2859 2200 3080 2249 nostra,
3110 2200 3311 2238 contra
3364 2200 3549 2246 mam,
3633 2200 3708 2235 ua

2166 2256 2390 2379 jtttgiter
2413 2256 2751 2379 iubemur,
2802 2255 3180 2311 tentationem
3228 2252 3461 2318 carnis,
3499 2200 3720 2307 diagoli'

2175 2342 2203 2380 e
2269 2342 2409 2380 mun
2450 2344 2489 2380 ι.

2170 2437 2251 2492 De
2280 2437 2470 2508 quinto
2500 2435 2866 2492 meditationis
2894 2435 3079 2501 modo,
3138 2432 3507 2505 despectionis
3538 2447 3708 2488 causa

2102 2525 2250 2579 venit
2279 2534 2331 2579 et
2360 2525 2703 2594 abjectionis,
2742 2533 2793 2580 et
2822 2525 2971 2580 venit
2999 2526 3104 2579 hoc
3132 2524 3316 2578 modo.
3350 2522 3507 2593 Jugis
3527 2530 3579 2576 te
3606 2538 3708 2575 ex-

2107 2614 2379 2683 perientia
2410 2614 2573 2669 debet
2604 2614 2837 2669 reddere
2870 2622 3101 2679 certum,
3136 2612 3228 2683 qui
3257 2611 3528 2666 habitator
3557 2610 3711 2665 cella:

2109 2717 2189 2769 es,
2226 2702 2351 2772 quia
2409 2703 2719 2757 nullatenus
2775 2703 2981 2772 absque
3029 2700 3322 2755 tentatione
3358 2714 3479 2753 esse
3527 2709 3703 2768 potes.

2102 2789 2158 2843 Si
2185 2789 2329 2844 enim
2358 2805 2487 2845 vera
2508 2798 2591 2845 est
2621 2791 2709 2844 illa
2740 2789 2913 2845 sancti
2942 2788 3044 2843 viri
3092 2787 3360 2841 sententia
3394 2801 3405 2839 :
3446 2787 3704 2843 Tentatio

2100 2881 2182 2932 est
2209 2878 2326 2932 vita
2349 2878 2593 2933 hominis
2614 2894 2783 2951 super
2833 2881 3047 2933 terram
3078 2877 3212 2943 (Job.
3242 2890 3280 2941 ι,
3314 2876 3387 2944 7),
3422 2874 3553 2938 imo,
3578 2873 3704 2944 quia

2100 2981 2233 3021 vera
2281 2975 2385 3033 est,
2439 2968 2664 3022 tentatio
2703 2981 2979 3037 nunquam
3009 2964 3205 3019 deesse
3253 2970 3431 3033 potest
3459 2961 3703 3034 quandiu

2099 3055 2210 3108 vita
2250 3071 2415 3125 super
2458 3064 2663 3111 terram
2694 3063 2775 3109 est
2811 3054 2839 3108 ?
2871 3054 3222 3123 Consequens
3253 3051 3479 3122 proinde
3510 3058 3610 3116 est,
3644 3057 3703 3103 ut

2099 3158 2219 3197 cum
2236 3143 2351 3211 jam
2379 3158 2488 3199 non
2516 3161 2682 3215 super
2704 3152 2910 3197 terram
2942 3141 3175 3211 amplius
3207 3139 3365 3205 vivis,
3390 3140 3531 3195 scias
3553 3137 3700 3209 quod

2096 3246 2441 3302 nequaquam
2491 3241 2635 3301 ante,
2678 3231 2775 3286 sed
2826 3239 2953 3285 tunc
2982 3230 3217 3300 primum
3258 3228 3375 3282 sine
3405 3225 3699 3281 tentatione

2097 3329 2195 3382 sis.
2231 3321 2387 3377 Nunc
2433 3329 2485 3375 te
2528 3328 2698 3375 tentat
2745 3335 2894 3385 caro,
2947 3325 3117 3372 tentat
3160 3316 3417 3380 mundus,
3451 3322 3617 3369 tentat
3648 3320 3703 3369 et

2097 3416 2187 3470 ille
2217 3412 2390 3469 hostis
2421 3409 2690 3481 antiquus.
2725 3408 2967 3462 Trahere
3000 3416 3051 3460 te
3097 3406 3285 3459 nititur
3315 3419 3460 3468 caro,
3495 3403 3565 3457 ad
3593 3418 3697 3457 vo-

2099 3504 2363 3575 luptatem
2396 3544 2408 3566 ,
2455 3498 2689 3552 mundus
2718 3496 2784 3550 ad
2814 3496 3106 3551 vanitatem
3125 3537 3137 3559 ,
3172 3492 3421 3547 diabolus
3449 3491 3517 3545 ad
3544 3490 3695 3544 illum

2097 3608 2205 3664 quo
2227 3591 2345 3661 ipse
2374 3588 2566 3659 plenus
2596 3593 2697 3653 est,
2732 3583 3005 3655 superbia:
3024 3590 3077 3637 et
3098 3580 3345 3646 tumoris,
3392 3578 3608 3633 invidiae
3646 3585 3701 3633 et

2096 3678 2303 3743 livoris,
2328 3678 2449 3737 iraa.
2480 3674 2609 3739 odii,
2651 3681 2705 3727 et
2748 3672 2983 3727 aliorum
3022 3686 3143 3741 quae
3190 3669 3245 3722 in
3297 3669 3439 3723 hunc
3470 3666 3695 3721 modum

2096 3776 2218 3824 sunt
2247 3766 2497 3822 vitiorum
2522 3761 2883 3833 spiritualium
2912 3761 3218 3815 horrorem.
3252 3758 3331 3811 Tu
3364 3764 3542 3810 autem
3572 3770 3698 3811 cum

2097 3857 2281 3928 aliqua
2309 3854 2536 3909 istarum
2578 3850 2938 3906 tentationum
2971 3845 3180 3918 pulsari
3210 3853 3261 3899 te
3292 3844 3481 3913 sentis,
3518 3850 3695 3897 statue

2096 3954 2147 4001 te
2186 3952 2308 3999 ante
2336 3951 2417 4010 te,
2446 3940 2643 3995 sedens
2700 3938 2753 3992 in
2785 3937 2922 3993 cella
2952 3943 3079 3990 tua:
3106 3943 3157 3989 et
3188 3933 3242 3987 in
3271 3933 3484 3988 interna
3514 3930 3699 3986 medi-

2097 4034 2298 4089 tatione
2332 4039 2419 4085 tua
2448 4029 2573 4084 vide
2595 4034 2648 4081 et
2668 4026 2954 4082 considera
2985 4023 3215 4095 qualiter
3234 4038 3354 4077 eam
3383 4020 3692 4091 despicere,

2095 4130 2148 4179 et
2177 4137 2210 4176 a
2239 4129 2293 4175 te
2326 4118 2564 4187 abjicere
2584 4115 2785 4187 possis.
2818 4114 2951 4168 Cum
2972 4120 3024 4167 te
3044 4126 3172 4167 caro
3193 4108 3449 4165 tentando
3471 4106 3698 4179 alloqui-

2093 4219 2199 4276 tur,
2232 4207 2355 4263 voci
2386 4206 2503 4274 ejus
2533 4204 2756 4258 nefariae
2786 4217 2895 4256 non
2922 4200 3170 4271 praebeas
3229 4213 3433 4262 aurem,
3469 4195 3567 4251 sed
3598 4195 3695 4249 ab-

2094 4315 2229 4370 sque
2259 4296 2407 4353 omni
2462 4309 2610 4349 mora
2654 4291 2741 4347 fac
2798 4306 2919 4345 eam
2971 4290 3130 4343 silere
3163 4305 3177 4342 :
3207 4286 3295 4343 fac
3342 4293 3523 4340 autem
3578 4285 3684 4339 hoc

2094 4387 2278 4443 modo.
2313 4383 2611 4441 Considera
2646 4381 2700 4434 in
2745 4377 3097 4434 meditatione
3137 4384 3226 4430 tua
3258 4390 3419 4447 quam
3454 4373 3692 4443 impura,

392 4473 575 4527 hibeat
604 4479 656 4526 et
700 4486 989 4534 mensura;
1030 4470 1118 4524 via
1147 4469 1366 4541 quidem
1417 4469 1569 4539 regia
1630 4467 1910 4521 ambulans
1941 4474 1992 4520 et
2012 4465 2064 4524 D
2096 4490 2364 4547 quamque
2386 4472 2508 4527 feda
2541 4470 2608 4524 sit
2638 4470 2755 4523 haec
2786 4482 2916 4523 caro
2957 4481 3122 4537 quam
3152 4472 3357 4535 portas,
3390 4478 3555 4533 quam
3592 4461 3696 4515 im-

391 4576 738 4633 nequaquam
756 4559 915 4613 nimis
940 4566 1144 4613 temere
1179 4559 1311 4613 vela
1341 4558 1545 4612 dextris
1576 4557 1661 4612 vel
1692 4573 1721 4609 a
1754 4555 1985 4609 sinistris

392 4650 691 4705 declinans.
715 4650 899 4719 Itaque
930 4655 984 4701 tu
1014 4648 1105 4718 qui
1135 4647 1408 4702 habitator
1437 4662 1497 4700 es
1526 4645 1698 4709 cellae,
1720 4660 1843 4699 cum
1874 4659 1983 4697 non

388 4739 535 4793 nulla
564 4737 649 4793 vel
681 4736 919 4791 audieris
937 4736 1023 4791 vel
1046 4735 1247 4790 videris
1265 4751 1296 4789 a
1318 4734 1645 4805 quibusdam
1662 4732 1801 4786 mala
1825 4748 1973 4787 com-

390 4827 544 4895 mitti,
580 4826 658 4881 sic
689 4842 753 4881 ea
782 4841 880 4895 per
929 4823 1101 4879 zelum
1132 4832 1185 4877 et
1214 4822 1596 4877 rectitudinem
1648 4836 1892 4885 accuses,
1926 4828 1983 4874 ut

390 4932 455 4970 ex
487 4914 742 4969 nonnulla
786 4922 938 4984 parte
988 4928 1087 4982 per
1136 4910 1390 4981 pietatem
1444 4918 1495 4964 et
1548 4908 1987 4979 compassionem

392 5020 637 5058 excuses.
662 5004 1021 5073 Nequaquam
1052 5000 1383 5054 laudandum
1406 5006 1563 5068 putes
1587 4998 1729 5069 quod
1745 4998 1866 5065 jure
1884 4997 1986 5051 de-

391 5092 481 5146 bet
540 5091 883 5160 reprehendi,
920 5090 1059 5144 sicut
1116 5104 1218 5143 nec
1270 5086 1801 5157 reprehendendum,
1840 5085 1985 5155 quod

389 5180 582 5234 merito
604 5178 812 5233 laudari
850 5196 861 5231 :
895 5194 964 5232 ne
995 5177 1125 5230 illud
1160 5176 1533 5246 prOphcticum
1563 5175 1805 5229 incurras
1839 5173 1985 5243 quod

391 5268 500 5323 tale
514 5274 625 5322 est:
649 5269 731 5322 Vae
751 5266 845 5338 qui
860 5266 1057 5321 dicunt
1072 5266 1291 5319 malum
1317 5264 1543 5327 bonum,
1570 5267 1625 5317 et
1642 5262 1846 5316 bonum
1864 5278 1985 5315 ma-

394 5360 548 5425 lum;
575 5358 849 5428 ponentes
879 5370 1141 5408 amarum
1162 5354 1224 5407 in
1259 5350 1440 5415 dulce,
1466 5355 1523 5405 et
1549 5349 1711 5405 dulce
1734 5352 1795 5404 in
1818 5366 1983 5403 ama-

388 5462 535 5512 rum,
578 5447 851 5516 ponentes
884 5444 1067 5497 lucem
1107 5441 1380 5503 tenebras,
1419 5443 1475 5494 et
1518 5437 1775 5494 tenebras
1802 5439 1983 5492 lucem

387 5542 518 5613 (Isa.
550 5544 741 5610 v,20);
783 5538 880 5594 sed
928 5538 1068 5595 sicut
1097 5553 1312 5608 semper
1352 5552 1474 5591 cum
1504 5535 1714 5602 laudas,
1739 5533 1981 5589 adulatio

384 5629 542 5684 debet
576 5629 791 5693 abesse;
818 5627 889 5681 ita
920 5626 1272 5681 nihilominus
1303 5641 1423 5681 cum
1444 5623 1793 5695 reprehendis
1824 5638 1979 5679 com-

2092 4563 2293 4619 munda
2324 4569 2376 4615 et
2407 4559 2591 4615 brevis
2621 4556 2687 4611 sit
2722 4556 2898 4611 omnis
2929 4553 3219 4609 delectatio
3249 4552 3385 4619 ejus,
3407 4549 3554 4621 quod
3572 4554 3698 4619 post

2090 4652 2362 4707 modicum
2393 4647 2556 4703 morti
2578 4653 2660 4701 est
2692 4644 2971 4709 tradenda,
3003 4651 3055 4697 et
3084 4649 3208 4712 post
3243 4647 3474 4694 mortem
3512 4637 3694 4691 futura

2089 4749 2172 4796 est
2201 4738 2426 4805 vermis,
2461 4744 2513 4791 et
2545 4734 2797 4806 putredo,
2830 4740 2883 4787 et
2904 4732 3079 4797 fetor;
3117 4736 3238 4800 post
3268 4742 3507 4783 vermem
3534 4740 3691 4789 vero,

2088 4828 2317 4884 fetorem
2348 4834 2400 4881 et
2428 4823 2791 4896 putredinem,
2844 4818 3244 4888 abjectissimus
3293 4824 3345 4870 et
3393 4813 3690 4869 vilissimus

2086 4916 2285 4988 pulvis.
2319 4916 2453 4969 Cum
2481 4912 2644 4983 i‘gitur
2680 4911 2749 4964 ad
2782 4906 3175 4978 experientiam
3206 4904 3406 4959 illicita:
3438 4909 3491 4957 et
3518 4900 3693 4956 scele-

2086 5013 2238 5071 ratae,
2272 5018 2338 5058 ac
2370 5002 2493 5056 ideo
2514 4998 2809 5054 mortifera:
2828 4994 3131 5051 dulcedinis
3149 4993 3367 5047 trahere
3400 4998 3453 5044 te
3482 4988 3686 5052 nititur,

2086 5091 2303 5162 depicta
2340 5090 2410 5143 ab
2450 5088 2541 5143 illo
2575 5087 2863 5142 seductore
2909 5083 3109 5137 callido
3144 5096 3327 5135 coram
3358 5076 3558 5132 mentis
3589 5084 3694 5130 tuae

2084 5179 2277 5244 oculis,
2310 5176 2542 5232 carnalis
2580 5174 2793 5245 species
2826 5171 3049 5236 formae;
3082 5168 3393 5232 considera,
3418 5181 3527 5220 non
3562 5163 3691 5234 qui-

2084 5270 2207 5322 dem
2240 5266 2415 5337 qualis
2444 5273 2715 5334 utcunque
2757 5260 3093 5315 extrinsecus
3126 5256 3340 5311 videtur
3392 5268 3679 5324 apparere,

2084 5356 2180 5410 sed
2210 5356 2388 5425 magis
2415 5352 2588 5424 qualis
2620 5352 2674 5405 in
2704 5350 2825 5421 ipsa
2852 5348 2932 5403 rei
2955 5346 3203 5410 veritate,
3236 5344 3291 5397 in
3321 5342 3503 5413 seipsa
3524 5340 3689 5395 etiam

2081 5460 2224 5499 nunc
2254 5444 2309 5496 in
2336 5442 2443 5499 vita
2474 5442 2561 5505 sit,
2594 5448 2648 5494 et
2676 5438 2854 5509 qualis
2874 5442 2999 5507 post
3028 5442 3254 5488 mortem
3288 5430 3459 5485 futura
3490 5429 3579 5482 sit.
3607 5427 3699 5481 Vi-

2081 5532 2239 5588 debis
2259 5539 2467 5603 aperte,
2500 5529 2628 5600 quia
2658 5527 2815 5599 quasi
2846 5539 3041 5580 saccus
3075 5520 3294 5593 quidem
3334 5518 3466 5573 foris
3494 5514 3699 5571 nitidus

2080 5628 2322 5692 apparet,
2357 5619 2451 5673 sed
2484 5617 2624 5671 intus
2655 5614 2801 5670 omni
2834 5609 3122 5683 spurcitia,
3158 5615 3211 5664 et
3244 5604 3613 5669 immunditia,
3648 5609 3703 5659 et
