  <div class='ocr_page' id='page_1' title='image "/cluster/home/n/w/nwhite01/storage/ocr_20150623/153/hvd.32044054760111/426.png"; bbox 0 0 3972 6052; ppageno 0'>
   <div class='ocr_carea' id='block_1_1' title="bbox 216 302 309 354">
    <p class='ocr_par' dir='ltr' id='par_1_1' title="bbox 216 302 309 354">
     <span class='ocr_line' id='line_1_1' title="bbox 216 302 309 354; baseline -0.011 0"><span class='ocrx_word' id='word_1_1' title='bbox 216 302 309 354; x_wconf 67' lang='grc'>841</span> 
     </span>
    </p>
   </div>
   <div class='ocr_carea' id='block_1_2' title="bbox 1330 278 2381 344">
    <p class='ocr_par' dir='ltr' id='par_1_2' title="bbox 1330 278 2381 344">
     <span class='ocr_line' id='line_1_2' title="bbox 1330 278 2381 344; baseline -0.012 0"><span class='ocrx_word' id='word_1_2' title='bbox 1330 287 1534 344; x_wconf 86' lang='lat' dir='ltr'>LIBER</span> <span class='ocrx_word' id='word_1_3' title='bbox 1571 286 1665 339; x_wconf 88' lang='lat' dir='ltr'>DE</span> <span class='ocrx_word' id='word_1_4' title='bbox 1702 278 2085 340; x_wconf 80' lang='lat' dir='ltr'><strong>EXERCITIO</strong></span> <span class='ocrx_word' id='word_1_5' title='bbox 2126 278 2381 334; x_wconf 68' lang='lat' dir='ltr'>CELLIE.</span> 
     </span>
    </p>
   </div>
   <div class='ocr_carea' id='block_1_3' title="bbox 3403 275 3506 331">
    <p class='ocr_par' dir='ltr' id='par_1_3' title="bbox 3403 275 3506 331">
     <span class='ocr_line' id='line_1_3' title="bbox 3403 275 3506 331; baseline 0.039 -5"><span class='ocrx_word' id='word_1_6' title='bbox 3403 275 3506 331; x_wconf 77' lang='grc'>842</span> 
     </span>
    </p>
   </div>
   <div class='ocr_carea' id='block_1_4' title="bbox 214 392 3502 492">
    <p class='ocr_par' dir='ltr' id='par_1_4' title="bbox 214 392 3502 492">
     <span class='ocr_line' id='line_1_4' title="bbox 214 392 3502 492; baseline -0.004 -14"><span class='ocrx_word' id='word_1_7' title='bbox 214 420 563 492; x_wconf 80' lang='lat' dir='ltr'>corruptione</span> <span class='ocrx_word' id='word_1_8' title='bbox 594 417 921 473; x_wconf 85' lang='lat' dir='ltr'>intolerabili</span> <span class='ocrx_word' id='word_1_9' title='bbox 948 416 1095 471; x_wconf 91' lang='lat' dir='ltr'>fetet.</span> <span class='ocrx_word' id='word_1_10' title='bbox 1128 417 1286 471; x_wconf 90' lang='lat' dir='ltr'>Nunc</span> <span class='ocrx_word' id='word_1_11' title='bbox 1306 414 1504 468; x_wconf 92' lang='lat' dir='ltr'>mentis</span> <span class='ocrx_word' id='word_1_12' title='bbox 1526 420 1630 467; x_wconf 67' lang='lat' dir='ltr'>tum</span> <span class='ocrx_word' id='word_1_13' title='bbox 1650 427 1809 467; x_wconf 84' lang='lat' dir='ltr'>cons-</span> <span class='ocrx_word' id='word_1_14' title='bbox 1830 412 1879 469; x_wconf 87' lang='lat' dir='ltr'><strong>A</strong></span> <span class='ocrx_word' id='word_1_15' title='bbox 1912 392 2272 475; x_wconf 44' lang='lat' dir='ltr'>lacrimarum</span> <span class='ocrx_word' id='word_1_16' title='bbox 2302 404 2532 468; x_wconf 69' lang='lat' dir='ltr'>humor;</span> <span class='ocrx_word' id='word_1_17' title='bbox 2566 400 2858 471; x_wconf 66' lang='lat' dir='ltr'>Spiriluatis</span> <span class='ocrx_word' id='word_1_18' title='bbox 2887 400 2941 453; x_wconf 74' lang='lat' dir='ltr'>in</span> <span class='ocrx_word' id='word_1_19' title='bbox 2978 406 3027 452; x_wconf 65' lang='lat' dir='ltr'>te</span> <span class='ocrx_word' id='word_1_20' title='bbox 3050 397 3314 453; x_wconf 66' lang='grc' dir='ltr'>Θωθιΐουίι</span> <span class='ocrx_word' id='word_1_21' title='bbox 3333 397 3502 464; x_wconf 71' lang='grc' dir='ltr'>νίΓοΓ,</span> 
     </span>
    </p>
   </div>
   <div class='ocr_carea' id='block_1_5' title="bbox 216 500 1811 581">
    <p class='ocr_par' dir='ltr' id='par_1_5' title="bbox 216 500 1811 581">
     <span class='ocr_line' id='line_1_5' title="bbox 216 500 1811 581; baseline -0.008 -16"><span class='ocrx_word' id='word_1_22' title='bbox 216 510 462 581; x_wconf 91' lang='lat' dir='ltr'>pectibus</span> <span class='ocrx_word' id='word_1_23' title='bbox 494 508 615 562; x_wconf 92' lang='lat' dir='ltr'>talis</span> <span class='ocrx_word' id='word_1_24' title='bbox 645 523 743 577; x_wconf 90' lang='lat' dir='ltr'>per</span> <span class='ocrx_word' id='word_1_25' title='bbox 770 505 950 561; x_wconf 88' lang='lat' dir='ltr'>omnia</span> <span class='ocrx_word' id='word_1_26' title='bbox 977 512 1236 575; x_wconf 83' lang='lat' dir='ltr'>appareat</span> <span class='ocrx_word' id='word_1_27' title='bbox 1266 503 1473 566; x_wconf 87' lang='lat' dir='ltr'>vivens,</span> <span class='ocrx_word' id='word_1_28' title='bbox 1511 501 1688 572; x_wconf 87' lang='lat' dir='ltr'>qualis</span> <span class='ocrx_word' id='word_1_29' title='bbox 1710 500 1811 554; x_wconf 91' lang='lat' dir='ltr'>erit</span> 
     </span>
    </p>
   </div>
   <div class='ocr_carea' id='block_1_6' title="bbox 217 590 1811 666">
    <p class='ocr_par' dir='ltr' id='par_1_6' title="bbox 217 590 1811 666">
     <span class='ocr_line' id='line_1_6' title="bbox 217 590 1811 666; baseline -0.006 -13"><span class='ocrx_word' id='word_1_30' title='bbox 217 608 428 653; x_wconf 87' lang='lat' dir='ltr'>mortua</span> <span class='ocrx_word' id='word_1_31' title='bbox 453 597 507 651; x_wconf 92' lang='lat' dir='ltr'>in</span> <span class='ocrx_word' id='word_1_32' title='bbox 540 596 789 666; x_wconf 88' lang='lat' dir='ltr'>sepulcro</span> <span class='ocrx_word' id='word_1_33' title='bbox 804 596 1014 662; x_wconf 86' lang='lat' dir='ltr'>jacens,</span> <span class='ocrx_word' id='word_1_34' title='bbox 1038 601 1089 647; x_wconf 92' lang='lat' dir='ltr'>et</span> <span class='ocrx_word' id='word_1_35' title='bbox 1109 592 1386 648; x_wconf 81' lang='lat' dir='ltr'>vermibus</span> <span class='ocrx_word' id='word_1_36' title='bbox 1408 590 1734 654; x_wconf 83' lang='lat' dir='ltr'>scaturiens,</span> <span class='ocrx_word' id='word_1_37' title='bbox 1759 598 1811 644; x_wconf 88' lang='lat' dir='ltr'>et</span> 
     </span>
    </p>
   </div>
   <div class='ocr_carea' id='block_1_7' title="bbox 220 678 1806 754">
    <p class='ocr_par' dir='ltr' id='par_1_7' title="bbox 220 678 1806 754">
     <span class='ocr_line' id='line_1_7' title="bbox 220 678 1806 754; baseline -0.006 -14"><span class='ocrx_word' id='word_1_38' title='bbox 220 686 499 741; x_wconf 78' lang='lat' dir='ltr'>evidenter</span> <span class='ocrx_word' id='word_1_39' title='bbox 522 683 900 754; x_wconf 86' lang='lat' dir='ltr'>deprehendes</span> <span class='ocrx_word' id='word_1_40' title='bbox 931 682 1076 752; x_wconf 92' lang='lat' dir='ltr'>quod</span> <span class='ocrx_word' id='word_1_41' title='bbox 1108 698 1229 736; x_wconf 91' lang='lat' dir='ltr'>cum</span> <span class='ocrx_word' id='word_1_42' title='bbox 1268 682 1356 734; x_wconf 89' lang='lat' dir='ltr'>illa</span> <span class='ocrx_word' id='word_1_43' title='bbox 1388 678 1806 749; x_wconf 76' lang='lat' dir='ltr'>concupiscitur,</span> 
     </span>
    </p>
   </div>
   <div class='ocr_carea' id='block_1_8' title="bbox 218 768 1810 844">
    <p class='ocr_par' dir='ltr' id='par_1_8' title="bbox 218 768 1810 844">
     <span class='ocr_line' id='line_1_8' title="bbox 218 768 1810 844; baseline -0.004 -16"><span class='ocrx_word' id='word_1_44' title='bbox 218 775 351 828; x_wconf 88' lang='lat' dir='ltr'>nihil</span> <span class='ocrx_word' id='word_1_45' title='bbox 370 774 515 829; x_wconf 81' lang='lat' dir='ltr'>aliud</span> <span class='ocrx_word' id='word_1_46' title='bbox 538 788 699 844; x_wconf 91' lang='lat' dir='ltr'>quam</span> <span class='ocrx_word' id='word_1_47' title='bbox 717 773 872 826; x_wconf 82' lang='lat' dir='ltr'>tabes</span> <span class='ocrx_word' id='word_1_48' title='bbox 885 780 937 826; x_wconf 92' lang='lat' dir='ltr'>et</span> <span class='ocrx_word' id='word_1_49' title='bbox 957 771 1184 841; x_wconf 89' lang='lat' dir='ltr'>putredo</span> <span class='ocrx_word' id='word_1_50' title='bbox 1200 770 1565 825; x_wconf 81' lang='lat' dir='ltr'>desideratur.</span> <span class='ocrx_word' id='word_1_51' title='bbox 1586 768 1675 823; x_wconf 87' lang='lat' dir='ltr'>Sic</span> <span class='ocrx_word' id='word_1_52' title='bbox 1688 783 1810 822; x_wconf 91' lang='lat' dir='ltr'>cum</span> 
     </span>
    </p>
   </div>
   <div class='ocr_carea' id='block_1_9' title="bbox 216 857 1811 930">
    <p class='ocr_par' dir='ltr' id='par_1_9' title="bbox 216 857 1811 930">
     <span class='ocr_line' id='line_1_9' title="bbox 216 857 1811 930; baseline -0.004 -14"><span class='ocrx_word' id='word_1_53' title='bbox 216 864 377 918; x_wconf 92' lang='lat' dir='ltr'>beato</span> <span class='ocrx_word' id='word_1_54' title='bbox 387 862 507 925; x_wconf 86' lang='lat' dir='ltr'>Job,</span> <span class='ocrx_word' id='word_1_55' title='bbox 523 869 663 916; x_wconf 89' lang='lat' dir='ltr'>testa</span> <span class='ocrx_word' id='word_1_56' title='bbox 674 861 881 915; x_wconf 91' lang='lat' dir='ltr'>saniem</span> <span class='ocrx_word' id='word_1_57' title='bbox 904 859 1066 915; x_wconf 88' lang='lat' dir='ltr'>rades</span> <span class='ocrx_word' id='word_1_58' title='bbox 1088 860 1203 930; x_wconf 88' lang='lat' dir='ltr'>(Job</span> <span class='ocrx_word' id='word_1_59' title='bbox 1226 875 1284 925; x_wconf 85' lang='lat' dir='ltr'><strong>II,</strong></span> <span class='ocrx_word' id='word_1_60' title='bbox 1309 860 1364 927; x_wconf 87' lang='grc'>9)</span> <span class='ocrx_word' id='word_1_61' title='bbox 1385 878 1398 924; x_wconf 82' lang='lat'>-,</span> <span class='ocrx_word' id='word_1_62' title='bbox 1423 858 1503 912; x_wconf 90' lang='lat' dir='ltr'>sic</span> <span class='ocrx_word' id='word_1_63' title='bbox 1523 857 1592 911; x_wconf 93' lang='lat' dir='ltr'>ad</span> <span class='ocrx_word' id='word_1_64' title='bbox 1605 865 1811 926; x_wconf 88' lang='lat' dir='ltr'>petram</span> 
     </span>
    </p>
   </div>
   <div class='ocr_carea' id='block_1_10' title="bbox 216 945 1812 1019">
    <p class='ocr_par' dir='ltr' id='par_1_10' title="bbox 216 945 1812 1019">
     <span class='ocr_line' id='line_1_10' title="bbox 216 945 1812 1019; baseline -0.003 -15"><span class='ocrx_word' id='word_1_65' title='bbox 216 951 432 1005; x_wconf 69' lang='lat' dir='ltr'>miserae</span> <span class='ocrx_word' id='word_1_66' title='bbox 447 950 573 1005; x_wconf 63' lang='lat' dir='ltr'>filiae</span> <span class='ocrx_word' id='word_1_67' title='bbox 591 949 881 1019; x_wconf 85' lang='lat' dir='ltr'>Babylonis</span> <span class='ocrx_word' id='word_1_68' title='bbox 901 948 1154 1019; x_wconf 89' lang='lat' dir='ltr'>parvulos</span> <span class='ocrx_word' id='word_1_69' title='bbox 1174 946 1385 1001; x_wconf 88' lang='lat' dir='ltr'>allides.</span> <span class='ocrx_word' id='word_1_70' title='bbox 1405 947 1540 1000; x_wconf 89' lang='lat' dir='ltr'>Cum</span> <span class='ocrx_word' id='word_1_71' title='bbox 1554 954 1735 1000; x_wconf 91' lang='lat' dir='ltr'>autem</span> <span class='ocrx_word' id='word_1_72' title='bbox 1756 945 1812 999; x_wconf 91' lang='lat' dir='ltr'>in</span> 
     </span>
    </p>
   </div>
   <div class='ocr_carea' id='block_1_11' title="bbox 219 1035 1810 1107">
    <p class='ocr_par' dir='ltr' id='par_1_11' title="bbox 219 1035 1810 1107">
     <span class='ocr_line' id='line_1_11' title="bbox 219 1035 1810 1107; baseline -0.004 -14"><span class='ocrx_word' id='word_1_73' title='bbox 219 1039 442 1094; x_wconf 81' lang='lat' dir='ltr'>auribus</span> <span class='ocrx_word' id='word_1_74' title='bbox 470 1038 577 1092; x_wconf 87' lang='lat' dir='ltr'>tuis</span> <span class='ocrx_word' id='word_1_75' title='bbox 605 1054 668 1092; x_wconf 92' lang='lat' dir='ltr'>os</span> <span class='ocrx_word' id='word_1_76' title='bbox 694 1037 868 1107; x_wconf 88' lang='lat' dir='ltr'>aperit</span> <span class='ocrx_word' id='word_1_77' title='bbox 890 1037 1124 1091; x_wconf 89' lang='lat' dir='ltr'>mundus</span> <span class='ocrx_word' id='word_1_78' title='bbox 1144 1035 1477 1103; x_wconf 90' lang='lat' dir='ltr'>immundus,</span> <span class='ocrx_word' id='word_1_79' title='bbox 1502 1050 1810 1106; x_wconf 84' lang='lat' dir='ltr'>suggerens</span> 
     </span>
    </p>
   </div>
   <div class='ocr_carea' id='block_1_12' title="bbox 213 1123 1806 1197">
    <p class='ocr_par' dir='ltr' id='par_1_12' title="bbox 213 1123 1806 1197">
     <span class='ocr_line' id='line_1_12' title="bbox 213 1123 1806 1197; baseline -0.003 -16"><span class='ocrx_word' id='word_1_80' title='bbox 213 1127 311 1181; x_wconf 89' lang='lat' dir='ltr'>tibi</span> <span class='ocrx_word' id='word_1_81' title='bbox 341 1135 398 1181; x_wconf 91' lang='lat' dir='ltr'>ut</span> <span class='ocrx_word' id='word_1_82' title='bbox 425 1126 571 1180; x_wconf 89' lang='lat' dir='ltr'>illam</span> <span class='ocrx_word' id='word_1_83' title='bbox 602 1142 704 1197; x_wconf 90' lang='lat' dir='ltr'>qua</span> <span class='ocrx_word' id='word_1_84' title='bbox 734 1126 851 1196; x_wconf 93' lang='lat' dir='ltr'>ipse</span> <span class='ocrx_word' id='word_1_85' title='bbox 880 1125 1073 1195; x_wconf 90' lang='lat' dir='ltr'>plenus</span> <span class='ocrx_word' id='word_1_86' title='bbox 1094 1132 1177 1179; x_wconf 89' lang='lat' dir='ltr'>est</span> <span class='ocrx_word' id='word_1_87' title='bbox 1196 1123 1475 1178; x_wconf 90' lang='lat' dir='ltr'>desideres</span> <span class='ocrx_word' id='word_1_88' title='bbox 1496 1123 1806 1188; x_wconf 86' lang='lat' dir='ltr'>vanitatem,</span> 
     </span>
    </p>
   </div>
   <div class='ocr_carea' id='block_1_13' title="bbox 215 1211 1812 1285">
    <p class='ocr_par' dir='ltr' id='par_1_13' title="bbox 215 1211 1812 1285">
     <span class='ocr_line' id='line_1_13' title="bbox 215 1211 1812 1285; baseline -0.004 -15"><span class='ocrx_word' id='word_1_89' title='bbox 215 1215 505 1271; x_wconf 87' lang='lat' dir='ltr'>considera</span> <span class='ocrx_word' id='word_1_90' title='bbox 526 1215 671 1285; x_wconf 92' lang='lat' dir='ltr'>quod</span> <span class='ocrx_word' id='word_1_91' title='bbox 692 1213 837 1268; x_wconf 91' lang='lat' dir='ltr'>fumo</span> <span class='ocrx_word' id='word_1_92' title='bbox 855 1213 1046 1268; x_wconf 89' lang='lat' dir='ltr'>similis</span> <span class='ocrx_word' id='word_1_93' title='bbox 1066 1221 1148 1268; x_wconf 91' lang='lat' dir='ltr'>est</span> <span class='ocrx_word' id='word_1_94' title='bbox 1159 1212 1335 1267; x_wconf 88' lang='lat' dir='ltr'>omnis</span> <span class='ocrx_word' id='word_1_95' title='bbox 1355 1211 1580 1266; x_wconf 88' lang='lat' dir='ltr'>altitudo</span> <span class='ocrx_word' id='word_1_96' title='bbox 1598 1212 1734 1280; x_wconf 85' lang='lat' dir='ltr'>ejus,</span> <span class='ocrx_word' id='word_1_97' title='bbox 1760 1218 1812 1264; x_wconf 91' lang='lat' dir='ltr'>et</span> 
     </span>
    </p>
   </div>
   <div class='ocr_carea' id='block_1_14' title="bbox 214 1300 1811 1377">
    <p class='ocr_par' dir='ltr' id='par_1_14' title="bbox 214 1300 1811 1377">
     <span class='ocr_line' id='line_1_14' title="bbox 214 1300 1811 1377; baseline -0.003 -18"><span class='ocrx_word' id='word_1_98' title='bbox 214 1304 392 1359; x_wconf 90' lang='lat' dir='ltr'>omnis</span> <span class='ocrx_word' id='word_1_99' title='bbox 422 1303 597 1377; x_wconf 84' lang='lat' dir='ltr'>gloria</span> <span class='ocrx_word' id='word_1_100' title='bbox 616 1304 731 1371; x_wconf 84' lang='lat' dir='ltr'>ejus</span> <span class='ocrx_word' id='word_1_101' title='bbox 752 1302 822 1358; x_wconf 91' lang='lat' dir='ltr'>ad</span> <span class='ocrx_word' id='word_1_102' title='bbox 844 1301 1005 1357; x_wconf 88' lang='lat' dir='ltr'>ﬁnem</span> <span class='ocrx_word' id='word_1_103' title='bbox 1027 1301 1449 1373; x_wconf 87' lang='lat' dir='ltr'>ignominiosum</span> <span class='ocrx_word' id='word_1_104' title='bbox 1469 1300 1811 1355; x_wconf 85' lang='lat' dir='ltr'>velocissime</span> 
     </span>
    </p>
   </div>
   <div class='ocr_carea' id='block_1_15' title="bbox 216 1388 1811 1462">
    <p class='ocr_par' dir='ltr' id='par_1_15' title="bbox 216 1388 1811 1462">
     <span class='ocr_line' id='line_1_15' title="bbox 216 1388 1811 1462; baseline -0.003 -15"><span class='ocrx_word' id='word_1_105' title='bbox 216 1392 408 1447; x_wconf 88' lang='lat' dir='ltr'>tendit.</span> <span class='ocrx_word' id='word_1_106' title='bbox 442 1393 577 1447; x_wconf 87' lang='lat' dir='ltr'>Cum</span> <span class='ocrx_word' id='word_1_107' title='bbox 606 1391 845 1462; x_wconf 87' lang='lat' dir='ltr'>aliquem</span> <span class='ocrx_word' id='word_1_108' title='bbox 874 1390 1078 1446; x_wconf 90' lang='lat' dir='ltr'>videris</span> <span class='ocrx_word' id='word_1_109' title='bbox 1107 1390 1161 1444; x_wconf 89' lang='lat' dir='ltr'>in</span> <span class='ocrx_word' id='word_1_110' title='bbox 1192 1405 1258 1445; x_wconf 92' lang='lat' dir='ltr'>eo</span> <span class='ocrx_word' id='word_1_111' title='bbox 1282 1390 1594 1458; x_wconf 85' lang='lat' dir='ltr'>exaltatum,</span> <span class='ocrx_word' id='word_1_112' title='bbox 1621 1397 1672 1443; x_wconf 92' lang='lat' dir='ltr'>et</span> <span class='ocrx_word' id='word_1_113' title='bbox 1701 1388 1811 1443; x_wconf 91' lang='lat' dir='ltr'>elc-</span> 
     </span>
    </p>
   </div>
   <div class='ocr_carea' id='block_1_16' title="bbox 215 1478 1802 1547">
    <p class='ocr_par' dir='ltr' id='par_1_16' title="bbox 215 1478 1802 1547">
     <span class='ocr_line' id='line_1_16' title="bbox 215 1478 1802 1547; baseline -0.003 -12"><span class='ocrx_word' id='word_1_114' title='bbox 215 1488 400 1537; x_wconf 88' lang='lat' dir='ltr'>vatum</span> <span class='ocrx_word' id='word_1_115' title='bbox 429 1480 567 1535; x_wconf 83' lang='lat' dir='ltr'>sicut</span> <span class='ocrx_word' id='word_1_116' title='bbox 608 1480 805 1535; x_wconf 89' lang='lat' dir='ltr'>cedros</span> <span class='ocrx_word' id='word_1_117' title='bbox 846 1479 1055 1547; x_wconf 89' lang='lat' dir='ltr'>Libani,</span> <span class='ocrx_word' id='word_1_118' title='bbox 1090 1478 1282 1547; x_wconf 88' lang='lat' dir='ltr'>transi,</span> <span class='ocrx_word' id='word_1_119' title='bbox 1316 1485 1369 1532; x_wconf 88' lang='lat' dir='ltr'>et</span> <span class='ocrx_word' id='word_1_120' title='bbox 1398 1494 1527 1533; x_wconf 89' lang='lat' dir='ltr'>ecce</span> <span class='ocrx_word' id='word_1_121' title='bbox 1555 1492 1665 1532; x_wconf 92' lang='lat' dir='ltr'>non</span> <span class='ocrx_word' id='word_1_122' title='bbox 1694 1484 1802 1531; x_wconf 89' lang='lat' dir='ltr'>est.</span> 
     </span>
    </p>
   </div>
   <div class='ocr_carea' id='block_1_17' title="bbox 216 1566 1812 1639">
    <p class='ocr_par' dir='ltr' id='par_1_17' title="bbox 216 1566 1812 1639">
     <span class='ocr_line' id='line_1_17' title="bbox 216 1566 1812 1639; baseline -0.003 -16"><span class='ocrx_word' id='word_1_123' title='bbox 216 1571 359 1623; x_wconf 88' lang='lat' dir='ltr'>Nam</span> <span class='ocrx_word' id='word_1_124' title='bbox 388 1568 507 1623; x_wconf 87' lang='lat' dir='ltr'>laus</span> <span class='ocrx_word' id='word_1_125' title='bbox 537 1568 655 1636; x_wconf 86' lang='lat' dir='ltr'>ejus</span> <span class='ocrx_word' id='word_1_126' title='bbox 682 1568 866 1623; x_wconf 88' lang='lat' dir='ltr'>brevis</span> <span class='ocrx_word' id='word_1_127' title='bbox 897 1576 997 1633; x_wconf 92' lang='lat' dir='ltr'>est,</span> <span class='ocrx_word' id='word_1_128' title='bbox 1031 1576 1084 1621; x_wconf 91' lang='lat' dir='ltr'>et</span> <span class='ocrx_word' id='word_1_129' title='bbox 1113 1566 1371 1639; x_wconf 85' lang='lat' dir='ltr'>gaudium</span> <span class='ocrx_word' id='word_1_130' title='bbox 1402 1568 1519 1636; x_wconf 89' lang='lat' dir='ltr'>ejus</span> <span class='ocrx_word' id='word_1_131' title='bbox 1540 1566 1610 1621; x_wconf 90' lang='lat' dir='ltr'>ad</span> <span class='ocrx_word' id='word_1_132' title='bbox 1642 1566 1812 1619; x_wconf 90' lang='lat' dir='ltr'>instar</span> 
     </span>
    </p>
   </div>
   <div class='ocr_carea' id='block_1_18' title="bbox 216 1655 1806 1729">
    <p class='ocr_par' dir='ltr' id='par_1_18' title="bbox 216 1655 1806 1729">
     <span class='ocr_line' id='line_1_18' title="bbox 216 1655 1806 1729; baseline -0.002 -17"><span class='ocrx_word' id='word_1_133' title='bbox 216 1658 420 1729; x_wconf 91' lang='lat' dir='ltr'>puncti.</span> <span class='ocrx_word' id='word_1_134' title='bbox 457 1658 514 1711; x_wconf 91' lang='lat' dir='ltr'>Si</span> <span class='ocrx_word' id='word_1_135' title='bbox 542 1657 852 1712; x_wconf 86' lang='lat' dir='ltr'>ascenderit</span> <span class='ocrx_word' id='word_1_136' title='bbox 878 1673 1051 1728; x_wconf 90' lang='lat' dir='ltr'>usque</span> <span class='ocrx_word' id='word_1_137' title='bbox 1081 1657 1150 1710; x_wconf 91' lang='lat' dir='ltr'>ad</span> <span class='ocrx_word' id='word_1_138' title='bbox 1179 1656 1374 1712; x_wconf 88' lang='lat' dir='ltr'>coelum</span> <span class='ocrx_word' id='word_1_139' title='bbox 1393 1655 1649 1726; x_wconf 86' lang='lat' dir='ltr'>superbia</span> <span class='ocrx_word' id='word_1_140' title='bbox 1671 1655 1806 1723; x_wconf 86' lang='lat' dir='ltr'>ejus,</span> 
     </span>
    </p>
   </div>
   <div class='ocr_carea' id='block_1_19' title="bbox 219 1744 1883 1819">
    <p class='ocr_par' dir='ltr' id='par_1_19' title="bbox 219 1744 1883 1819">
     <span class='ocr_line' id='line_1_19' title="bbox 219 1744 1883 1819; baseline -0.004 -17"><span class='ocrx_word' id='word_1_141' title='bbox 219 1754 274 1802; x_wconf 90' lang='lat' dir='ltr'>et</span> <span class='ocrx_word' id='word_1_142' title='bbox 303 1754 464 1817; x_wconf 88' lang='lat' dir='ltr'>caput</span> <span class='ocrx_word' id='word_1_143' title='bbox 493 1747 608 1814; x_wconf 90' lang='lat' dir='ltr'>ejus</span> <span class='ocrx_word' id='word_1_144' title='bbox 636 1746 812 1799; x_wconf 89' lang='lat' dir='ltr'>nubes</span> <span class='ocrx_word' id='word_1_145' title='bbox 843 1746 1097 1816; x_wconf 80' lang='lat' dir='ltr'>tetigerit,</span> <span class='ocrx_word' id='word_1_146' title='bbox 1140 1744 1297 1816; x_wconf 91' lang='lat' dir='ltr'>quasi</span> <span class='ocrx_word' id='word_1_147' title='bbox 1328 1744 1725 1814; x_wconf 90' lang='lat' dir='ltr'>sterquilinium</span> <span class='ocrx_word' id='word_1_148' title='bbox 1755 1744 1807 1796; x_wconf 92' lang='lat' dir='ltr'>in</span> <span class='ocrx_word' id='word_1_149' title='bbox 1831 1761 1883 1819; x_wconf 81' lang='grc' dir='ltr'>Β</span> 
     </span>
    </p>
   </div>
   <div class='ocr_carea' id='block_1_20' title="bbox 218 1831 1813 1906">
    <p class='ocr_par' dir='ltr' id='par_1_20' title="bbox 218 1831 1813 1906">
     <span class='ocr_line' id='line_1_20' title="bbox 218 1831 1813 1906; baseline -0.002 -17"><span class='ocrx_word' id='word_1_150' title='bbox 218 1835 326 1889; x_wconf 84' lang='lat' dir='ltr'>ﬁne</span> <span class='ocrx_word' id='word_1_151' title='bbox 360 1834 632 1906; x_wconf 90' lang='lat' dir='ltr'>perdetur,</span> <span class='ocrx_word' id='word_1_152' title='bbox 659 1842 711 1889; x_wconf 92' lang='lat' dir='ltr'>et</span> <span class='ocrx_word' id='word_1_153' title='bbox 744 1834 836 1906; x_wconf 90' lang='lat' dir='ltr'>qui</span> <span class='ocrx_word' id='word_1_154' title='bbox 866 1850 990 1888; x_wconf 91' lang='lat' dir='ltr'>eum</span> <span class='ocrx_word' id='word_1_155' title='bbox 1029 1834 1291 1897; x_wconf 86' lang='lat' dir='ltr'>viderant,</span> <span class='ocrx_word' id='word_1_156' title='bbox 1321 1831 1537 1888; x_wconf 89' lang='lat' dir='ltr'>dicent:</span> <span class='ocrx_word' id='word_1_157' title='bbox 1564 1833 1666 1888; x_wconf 92' lang='lat' dir='ltr'>Ubi</span> <span class='ocrx_word' id='word_1_158' title='bbox 1685 1841 1767 1887; x_wconf 92' lang='lat' dir='ltr'>est</span> <span class='ocrx_word' id='word_1_159' title='bbox 1787 1833 1813 1886; x_wconf 62' lang='grc' dir='ltr'><strong><em>Ὺ</em></strong></span> 
     </span>
    </p>
   </div>
   <div class='ocr_carea' id='block_1_21' title="bbox 215 1921 1815 1989">
    <p class='ocr_par' dir='ltr' id='par_1_21' title="bbox 215 1921 1815 1989">
     <span class='ocr_line' id='line_1_21' title="bbox 215 1921 1815 1989; baseline -0.002 -11"><span class='ocrx_word' id='word_1_160' title='bbox 215 1924 373 1978; x_wconf 85' lang='lat' dir='ltr'>Velut</span> <span class='ocrx_word' id='word_1_161' title='bbox 416 1923 687 1978; x_wconf 90' lang='lat' dir='ltr'>somnium</span> <span class='ocrx_word' id='word_1_162' title='bbox 735 1922 979 1987; x_wconf 87' lang='lat' dir='ltr'>avolans,</span> <span class='ocrx_word' id='word_1_163' title='bbox 1031 1938 1140 1977; x_wconf 92' lang='lat' dir='ltr'>non</span> <span class='ocrx_word' id='word_1_164' title='bbox 1185 1921 1535 1989; x_wconf 88' lang='lat' dir='ltr'>invenietur;</span> <span class='ocrx_word' id='word_1_165' title='bbox 1569 1921 1815 1975; x_wconf 86' lang='lat' dir='ltr'>transibit</span> 
     </span>
    </p>
   </div>
   <div class='ocr_carea' id='block_1_22' title="bbox 214 2010 1812 2085">
    <p class='ocr_par' dir='ltr' id='par_1_22' title="bbox 214 2010 1812 2085">
     <span class='ocr_line' id='line_1_22' title="bbox 214 2010 1812 2085; baseline -0.001 -19"><span class='ocrx_word' id='word_1_166' title='bbox 214 2013 369 2085; x_wconf 90' lang='lat' dir='ltr'>quasi</span> <span class='ocrx_word' id='word_1_167' title='bbox 396 2011 532 2067; x_wconf 91' lang='lat' dir='ltr'>visio</span> <span class='ocrx_word' id='word_1_168' title='bbox 562 2020 831 2067; x_wconf 92' lang='lat' dir='ltr'>nocturna</span> <span class='ocrx_word' id='word_1_169' title='bbox 850 2010 967 2082; x_wconf 87' lang='lat' dir='ltr'>(Job</span> <span class='ocrx_word' id='word_1_170' title='bbox 997 2026 1100 2077; x_wconf 84' lang='lat' dir='ltr'>xx,</span> <span class='ocrx_word' id='word_1_171' title='bbox 1129 2013 1237 2081; x_wconf 80' lang='grc'>5-8)</span> <span class='ocrx_word' id='word_1_172' title='bbox 1262 2030 1276 2077; x_wconf 86' lang='grc'>;</span> <span class='ocrx_word' id='word_1_173' title='bbox 1312 2018 1366 2065; x_wconf 89' lang='lat' dir='ltr'>et</span> <span class='ocrx_word' id='word_1_174' title='bbox 1385 2018 1583 2065; x_wconf 73' lang='lat' dir='ltr'>caetera</span> <span class='ocrx_word' id='word_1_175' title='bbox 1604 2027 1724 2081; x_wconf 88' lang='lat' dir='ltr'>quae</span> <span class='ocrx_word' id='word_1_176' title='bbox 1744 2011 1812 2064; x_wconf 93' lang='lat' dir='ltr'>ab</span> 
     </span>
    </p>
   </div>
   <div class='ocr_carea' id='block_1_23' title="bbox 213 2098 1813 2170">
    <p class='ocr_par' dir='ltr' id='par_1_23' title="bbox 213 2098 1813 2170">
     <span class='ocr_line' id='line_1_23' title="bbox 213 2098 1813 2170; baseline -0.002 -15"><span class='ocrx_word' id='word_1_177' title='bbox 213 2100 447 2155; x_wconf 92' lang='lat' dir='ltr'>inimicis</span> <span class='ocrx_word' id='word_1_178' title='bbox 479 2099 653 2155; x_wconf 89' lang='lat' dir='ltr'>sancti</span> <span class='ocrx_word' id='word_1_179' title='bbox 682 2099 803 2165; x_wconf 92' lang='lat' dir='ltr'>viri,</span> <span class='ocrx_word' id='word_1_180' title='bbox 835 2099 1175 2154; x_wconf 88' lang='lat' dir='ltr'>mendaciter</span> <span class='ocrx_word' id='word_1_181' title='bbox 1206 2098 1444 2170; x_wconf 90' lang='lat' dir='ltr'>quidem,</span> <span class='ocrx_word' id='word_1_182' title='bbox 1476 2098 1544 2153; x_wconf 92' lang='lat' dir='ltr'>de</span> <span class='ocrx_word' id='word_1_183' title='bbox 1576 2114 1642 2153; x_wconf 90' lang='lat' dir='ltr'>eo</span> <span class='ocrx_word' id='word_1_184' title='bbox 1669 2098 1813 2154; x_wconf 88' lang='lat' dir='ltr'>dicta</span> 
     </span>
    </p>
   </div>
   <div class='ocr_carea' id='block_1_24' title="bbox 217 2186 1809 2259">
    <p class='ocr_par' dir='ltr' id='par_1_24' title="bbox 217 2186 1809 2259">
     <span class='ocr_line' id='line_1_24' title="bbox 217 2186 1809 2259; baseline -0.001 -16"><span class='ocrx_word' id='word_1_185' title='bbox 217 2197 360 2256; x_wconf 92' lang='lat' dir='ltr'>sunt,</span> <span class='ocrx_word' id='word_1_186' title='bbox 385 2187 483 2243; x_wconf 91' lang='lat' dir='ltr'>sed</span> <span class='ocrx_word' id='word_1_187' title='bbox 513 2187 778 2243; x_wconf 85' lang='lat' dir='ltr'>veraciter</span> <span class='ocrx_word' id='word_1_188' title='bbox 805 2188 873 2242; x_wconf 92' lang='lat' dir='ltr'>de</span> <span class='ocrx_word' id='word_1_189' title='bbox 895 2188 1135 2258; x_wconf 90' lang='lat' dir='ltr'>superbo</span> <span class='ocrx_word' id='word_1_190' title='bbox 1174 2187 1415 2259; x_wconf 89' lang='lat' dir='ltr'>quolibet</span> <span class='ocrx_word' id='word_1_191' title='bbox 1436 2194 1489 2242; x_wconf 90' lang='lat' dir='ltr'>et</span> <span class='ocrx_word' id='word_1_192' title='bbox 1506 2186 1672 2257; x_wconf 90' lang='lat' dir='ltr'>impio</span> <span class='ocrx_word' id='word_1_193' title='bbox 1699 2186 1809 2258; x_wconf 85' lang='lat' dir='ltr'>qui,</span> 
     </span>
    </p>
   </div>
   <div class='ocr_carea' id='block_1_25' title="bbox 218 2274 1813 2348">
    <p class='ocr_par' dir='ltr' id='par_1_25' title="bbox 218 2274 1813 2348">
     <span class='ocr_line' id='line_1_25' title="bbox 218 2274 1813 2348; baseline -0.003 -16"><span class='ocrx_word' id='word_1_194' title='bbox 218 2276 543 2348; x_wconf 88' lang='lat' dir='ltr'>contemptis</span> <span class='ocrx_word' id='word_1_195' title='bbox 573 2276 795 2331; x_wconf 91' lang='lat' dir='ltr'>omnino</span> <span class='ocrx_word' id='word_1_196' title='bbox 826 2275 1157 2340; x_wconf 72' lang='lat' dir='ltr'>caelestibus,</span> <span class='ocrx_word' id='word_1_197' title='bbox 1192 2276 1309 2330; x_wconf 87' lang='lat' dir='ltr'>sola</span> <span class='ocrx_word' id='word_1_198' title='bbox 1329 2292 1452 2347; x_wconf 67' lang='lat' dir='ltr'>qua:</span> <span class='ocrx_word' id='word_1_199' title='bbox 1471 2274 1657 2329; x_wconf 91' lang='lat' dir='ltr'>mundi</span> <span class='ocrx_word' id='word_1_200' title='bbox 1689 2282 1813 2329; x_wconf 90' lang='lat' dir='ltr'>sunt</span> 
     </span>
    </p>
   </div>
   <div class='ocr_carea' id='block_1_26' title="bbox 216 2364 1813 2436">
    <p class='ocr_par' dir='ltr' id='par_1_26' title="bbox 216 2364 1813 2436">
     <span class='ocr_line' id='line_1_26' title="bbox 216 2364 1813 2436; baseline -0.003 -15"><span class='ocrx_word' id='word_1_201' title='bbox 216 2365 418 2436; x_wconf 84' lang='lat' dir='ltr'>cogitat</span> <span class='ocrx_word' id='word_1_202' title='bbox 448 2373 501 2420; x_wconf 90' lang='lat' dir='ltr'>et</span> <span class='ocrx_word' id='word_1_203' title='bbox 532 2373 696 2419; x_wconf 90' lang='lat' dir='ltr'>amat.</span> <span class='ocrx_word' id='word_1_204' title='bbox 745 2366 864 2418; x_wconf 86' lang='lat' dir='ltr'>Jam</span> <span class='ocrx_word' id='word_1_205' title='bbox 911 2379 1039 2418; x_wconf 88' lang='lat' dir='ltr'>vero</span> <span class='ocrx_word' id='word_1_206' title='bbox 1088 2364 1157 2418; x_wconf 90' lang='lat' dir='ltr'>ad</span> <span class='ocrx_word' id='word_1_207' title='bbox 1194 2364 1582 2418; x_wconf 90' lang='lat' dir='ltr'>destruendam</span> <span class='ocrx_word' id='word_1_208' title='bbox 1621 2379 1813 2419; x_wconf 88' lang='lat' dir='ltr'>vocem</span> 
     </span>
    </p>
   </div>
   <div class='ocr_carea' id='block_1_27' title="bbox 215 2451 1813 2522">
    <p class='ocr_par' dir='ltr' id='par_1_27' title="bbox 215 2451 1813 2522">
     <span class='ocr_line' id='line_1_27' title="bbox 215 2451 1813 2522; baseline -0.001 -15"><span class='ocrx_word' id='word_1_209' title='bbox 215 2452 375 2508; x_wconf 88' lang='lat' dir='ltr'>amici</span> <span class='ocrx_word' id='word_1_210' title='bbox 417 2452 718 2522; x_wconf 90' lang='lat' dir='ltr'>versipellis</span> <span class='ocrx_word' id='word_1_211' title='bbox 765 2460 818 2507; x_wconf 94' lang='lat' dir='ltr'>et</span> <span class='ocrx_word' id='word_1_212' title='bbox 864 2451 1140 2518; x_wconf 89' lang='lat' dir='ltr'>malitiosi,</span> <span class='ocrx_word' id='word_1_213' title='bbox 1189 2452 1321 2506; x_wconf 86' lang='lat' dir='ltr'>nihil</span> <span class='ocrx_word' id='word_1_214' title='bbox 1370 2454 1449 2520; x_wconf 92' lang='lat' dir='ltr'>(ut</span> <span class='ocrx_word' id='word_1_215' title='bbox 1479 2452 1610 2505; x_wconf 87' lang='lat' dir='ltr'>mihi</span> <span class='ocrx_word' id='word_1_216' title='bbox 1656 2452 1813 2508; x_wconf 88' lang='lat' dir='ltr'>vide-</span> 
     </span>
    </p>
   </div>
   <div class='ocr_carea' id='block_1_28' title="bbox 215 2539 1813 2611">
    <p class='ocr_par' dir='ltr' id='par_1_28' title="bbox 215 2539 1813 2611">
     <span class='ocr_line' id='line_1_28' title="bbox 215 2539 1813 2611; baseline 0 -16"><span class='ocrx_word' id='word_1_217' title='bbox 215 2542 326 2611; x_wconf 88' lang='lat' dir='ltr'>tur)</span> <span class='ocrx_word' id='word_1_218' title='bbox 358 2541 595 2598; x_wconf 88' lang='lat' dir='ltr'>vivacius</span> <span class='ocrx_word' id='word_1_219' title='bbox 618 2541 815 2611; x_wconf 90' lang='lat' dir='ltr'>poterit</span> <span class='ocrx_word' id='word_1_220' title='bbox 837 2540 1059 2611; x_wconf 86' lang='lat' dir='ltr'>Opponi,</span> <span class='ocrx_word' id='word_1_221' title='bbox 1085 2556 1247 2611; x_wconf 89' lang='lat' dir='ltr'>quam</span> <span class='ocrx_word' id='word_1_222' title='bbox 1270 2540 1577 2596; x_wconf 90' lang='lat' dir='ltr'>omnimoda</span> <span class='ocrx_word' id='word_1_223' title='bbox 1599 2539 1813 2611; x_wconf 88' lang='lat' dir='ltr'>perfec-</span> 
     </span>
    </p>
   </div>
   <div class='ocr_carea' id='block_1_29' title="bbox 219 2629 1812 2701">
    <p class='ocr_par' dir='ltr' id='par_1_29' title="bbox 219 2629 1812 2701">
     <span class='ocr_line' id='line_1_29' title="bbox 219 2629 1812 2701; baseline 0 -18"><span class='ocrx_word' id='word_1_224' title='bbox 219 2630 294 2685; x_wconf 92' lang='lat' dir='ltr'>tio</span> <span class='ocrx_word' id='word_1_225' title='bbox 326 2630 413 2684; x_wconf 90' lang='lat' dir='ltr'>illa</span> <span class='ocrx_word' id='word_1_226' title='bbox 446 2630 748 2685; x_wconf 88' lang='lat' dir='ltr'>sanctitatis</span> <span class='ocrx_word' id='word_1_227' title='bbox 797 2631 983 2701; x_wconf 89' lang='lat' dir='ltr'>(quam</span> <span class='ocrx_word' id='word_1_228' title='bbox 1014 2629 1069 2682; x_wconf 92' lang='lat' dir='ltr'>in</span> <span class='ocrx_word' id='word_1_229' title='bbox 1116 2631 1282 2684; x_wconf 88' lang='lat' dir='ltr'>corde</span> <span class='ocrx_word' id='word_1_230' title='bbox 1312 2629 1520 2694; x_wconf 88' lang='lat' dir='ltr'>habuit,</span> <span class='ocrx_word' id='word_1_231' title='bbox 1555 2637 1607 2683; x_wconf 92' lang='lat' dir='ltr'>et</span> <span class='ocrx_word' id='word_1_232' title='bbox 1633 2629 1687 2682; x_wconf 91' lang='lat' dir='ltr'>in</span> <span class='ocrx_word' id='word_1_233' title='bbox 1717 2645 1812 2683; x_wconf 88' lang='lat' dir='ltr'>ore</span> 
     </span>
    </p>
   </div>
   <div class='ocr_carea' id='block_1_30' title="bbox 215 2717 1813 2790">
    <p class='ocr_par' dir='ltr' id='par_1_30' title="bbox 215 2717 1813 2790">
     <span class='ocr_line' id='line_1_30' title="bbox 215 2717 1813 2790; baseline -0.001 -18"><span class='ocrx_word' id='word_1_234' title='bbox 215 2718 458 2790; x_wconf 88' lang='lat' dir='ltr'>protulit,</span> <span class='ocrx_word' id='word_1_235' title='bbox 493 2727 544 2773; x_wconf 89' lang='lat' dir='ltr'>et</span> <span class='ocrx_word' id='word_1_236' title='bbox 573 2734 736 2788; x_wconf 92' lang='lat' dir='ltr'>opere</span> <span class='ocrx_word' id='word_1_237' title='bbox 767 2718 1025 2786; x_wconf 89' lang='lat' dir='ltr'>ostendit)</span> <span class='ocrx_word' id='word_1_238' title='bbox 1073 2717 1367 2772; x_wconf 88' lang='lat' dir='ltr'>Salvatoris</span> <span class='ocrx_word' id='word_1_239' title='bbox 1399 2718 1494 2771; x_wconf 90' lang='lat' dir='ltr'>tui.</span> <span class='ocrx_word' id='word_1_240' title='bbox 1531 2719 1597 2773; x_wconf 92' lang='lat' dir='ltr'>Ut</span> <span class='ocrx_word' id='word_1_241' title='bbox 1626 2717 1813 2772; x_wconf 90' lang='lat' dir='ltr'>clavus</span> 
     </span>
    </p>
   </div>
   <div class='ocr_carea' id='block_1_31' title="bbox 217 2805 1813 2877">
    <p class='ocr_par' dir='ltr' id='par_1_31' title="bbox 217 2805 1813 2877">
     <span class='ocr_line' id='line_1_31' title="bbox 217 2805 1813 2877; baseline -0.001 -15"><span class='ocrx_word' id='word_1_242' title='bbox 217 2806 433 2862; x_wconf 88' lang='lat' dir='ltr'>clavum</span> <span class='ocrx_word' id='word_1_243' title='bbox 467 2806 710 2876; x_wconf 85' lang='lat' dir='ltr'>expellit,</span> <span class='ocrx_word' id='word_1_244' title='bbox 743 2806 799 2859; x_wconf 92' lang='lat' dir='ltr'>in</span> <span class='ocrx_word' id='word_1_245' title='bbox 828 2805 1054 2859; x_wconf 89' lang='lat' dir='ltr'>nihilum</span> <span class='ocrx_word' id='word_1_246' title='bbox 1085 2806 1299 2875; x_wconf 90' lang='lat' dir='ltr'>penitus</span> <span class='ocrx_word' id='word_1_247' title='bbox 1328 2806 1537 2877; x_wconf 86' lang='lat' dir='ltr'>redigat</span> <span class='ocrx_word' id='word_1_248' title='bbox 1563 2806 1618 2860; x_wconf 92' lang='lat' dir='ltr'>in</span> <span class='ocrx_word' id='word_1_249' title='bbox 1647 2807 1813 2861; x_wconf 90' lang='lat' dir='ltr'>corde</span> 
     </span>
    </p>
   </div>
   <div class='ocr_carea' id='block_1_32' title="bbox 215 2894 1813 2965">
    <p class='ocr_par' dir='ltr' id='par_1_32' title="bbox 215 2894 1813 2965">
     <span class='ocr_line' id='line_1_32' title="bbox 215 2894 1813 2965; baseline -0.001 -15"><span class='ocrx_word' id='word_1_250' title='bbox 215 2903 308 2950; x_wconf 89' lang='lat' dir='ltr'>tuo</span> <span class='ocrx_word' id='word_1_251' title='bbox 338 2895 721 2949; x_wconf 89' lang='lat' dir='ltr'>abundantiam</span> <span class='ocrx_word' id='word_1_252' title='bbox 751 2894 971 2949; x_wconf 68' lang='lat' dir='ltr'>malitia:</span> <span class='ocrx_word' id='word_1_253' title='bbox 992 2894 1212 2959; x_wconf 89' lang='lat' dir='ltr'>diaboli,</span> <span class='ocrx_word' id='word_1_254' title='bbox 1233 2895 1413 2949; x_wconf 87' lang='lat' dir='ltr'>habita</span> <span class='ocrx_word' id='word_1_255' title='bbox 1435 2911 1653 2965; x_wconf 90' lang='lat' dir='ltr'>semper</span> <span class='ocrx_word' id='word_1_256' title='bbox 1672 2912 1813 2965; x_wconf 68' lang='lat' dir='ltr'>pra:-</span> 
     </span>
    </p>
   </div>
   <div class='ocr_carea' id='block_1_33' title="bbox 214 2982 1812 3055">
    <p class='ocr_par' dir='ltr' id='par_1_33' title="bbox 214 2982 1812 3055">
     <span class='ocr_line' id='line_1_33' title="bbox 214 2982 1812 3055; baseline -0.001 -17"><span class='ocrx_word' id='word_1_257' title='bbox 214 2983 389 3039; x_wconf 92' lang='lat' dir='ltr'>oculis</span> <span class='ocrx_word' id='word_1_258' title='bbox 418 2984 615 3038; x_wconf 90' lang='lat' dir='ltr'>mentis</span> <span class='ocrx_word' id='word_1_259' title='bbox 663 2990 784 3052; x_wconf 65' lang='lat' dir='ltr'>tuas,</span> <span class='ocrx_word' id='word_1_260' title='bbox 836 2982 1231 3037; x_wconf 68' lang='lat' dir='ltr'>inaestimabilis</span> <span class='ocrx_word' id='word_1_261' title='bbox 1282 2983 1458 3055; x_wconf 90' lang='lat' dir='ltr'>[Par.,</span> <span class='ocrx_word' id='word_1_262' title='bbox 1501 2982 1812 3054; x_wconf 71' lang='lat' dir='ltr'>ineffabilis]</span> 
     </span>
    </p>
   </div>
   <div class='ocr_carea' id='block_1_34' title="bbox 214 3071 1812 3142">
    <p class='ocr_par' dir='ltr' id='par_1_34' title="bbox 214 3071 1812 3142">
     <span class='ocr_line' id='line_1_34' title="bbox 214 3071 1812 3142; baseline 0 -17"><span class='ocrx_word' id='word_1_263' title='bbox 214 3072 303 3125; x_wconf 89' lang='lat' dir='ltr'>illa</span> <span class='ocrx_word' id='word_1_264' title='bbox 324 3072 601 3142; x_wconf 91' lang='lat' dir='ltr'>plenitudo</span> <span class='ocrx_word' id='word_1_265' title='bbox 622 3071 913 3126; x_wconf 87' lang='lat' dir='ltr'>sanctitatis</span> <span class='ocrx_word' id='word_1_266' title='bbox 935 3071 1153 3126; x_wconf 91' lang='lat' dir='ltr'>Domini</span> <span class='ocrx_word' id='word_1_267' title='bbox 1174 3079 1225 3125; x_wconf 89' lang='lat' dir='ltr'>et</span> <span class='ocrx_word' id='word_1_268' title='bbox 1246 3071 1621 3141; x_wconf 87' lang='lat' dir='ltr'>Redemptoris</span> <span class='ocrx_word' id='word_1_269' title='bbox 1634 3072 1812 3126; x_wconf 89' lang='lat' dir='ltr'>nostri</span> 
     </span>
    </p>
   </div>
   <div class='ocr_carea' id='block_1_35' title="bbox 214 3158 1807 3230">
    <p class='ocr_par' dir='ltr' id='par_1_35' title="bbox 214 3158 1807 3230">
     <span class='ocr_line' id='line_1_35' title="bbox 214 3158 1807 3230; baseline 0.001 -17"><span class='ocrx_word' id='word_1_270' title='bbox 214 3160 342 3215; x_wconf 86' lang='lat' dir='ltr'>Jesu</span> <span class='ocrx_word' id='word_1_271' title='bbox 372 3160 591 3214; x_wconf 88' lang='lat' dir='ltr'>Christi.</span> <span class='ocrx_word' id='word_1_272' title='bbox 621 3160 767 3215; x_wconf 90' lang='lat' dir='ltr'>Nihil</span> <span class='ocrx_word' id='word_1_273' title='bbox 797 3159 1020 3214; x_wconf 91' lang='lat' dir='ltr'>omnino</span> <span class='ocrx_word' id='word_1_274' title='bbox 1050 3158 1377 3230; x_wconf 65' lang='lat' dir='ltr'>ad:mortem</span> <span class='ocrx_word' id='word_1_275' title='bbox 1408 3160 1686 3229; x_wconf 90' lang='lat' dir='ltr'>pertinens</span> <span class='ocrx_word' id='word_1_276' title='bbox 1718 3160 1807 3215; x_wconf 90' lang='lat' dir='ltr'>ille</span> 
     </span>
    </p>
   </div>
   <div class='ocr_carea' id='block_1_36' title="bbox 212 3248 1809 3319">
    <p class='ocr_par' dir='ltr' id='par_1_36' title="bbox 212 3248 1809 3319">
     <span class='ocr_line' id='line_1_36' title="bbox 212 3248 1809 3319; baseline -0.001 -17"><span class='ocrx_word' id='word_1_277' title='bbox 212 3248 309 3302; x_wconf 92' lang='lat' dir='ltr'>tibi</span> <span class='ocrx_word' id='word_1_278' title='bbox 339 3264 440 3318; x_wconf 90' lang='lat' dir='ltr'>per</span> <span class='ocrx_word' id='word_1_279' title='bbox 468 3263 794 3303; x_wconf 91' lang='lat' dir='ltr'>consensum</span> <span class='ocrx_word' id='word_1_280' title='bbox 824 3248 1109 3303; x_wconf 87' lang='lat' dir='ltr'>infundere</span> <span class='ocrx_word' id='word_1_281' title='bbox 1138 3248 1353 3318; x_wconf 88' lang='lat' dir='ltr'>poterit,</span> <span class='ocrx_word' id='word_1_282' title='bbox 1388 3249 1533 3319; x_wconf 90' lang='lat' dir='ltr'>quod</span> <span class='ocrx_word' id='word_1_283' title='bbox 1553 3264 1659 3303; x_wconf 93' lang='lat' dir='ltr'>non</span> <span class='ocrx_word' id='word_1_284' title='bbox 1690 3248 1809 3303; x_wconf 92' lang='lat' dir='ltr'>fun-</span> 
     </span>
    </p>
   </div>
   <div class='ocr_carea' id='block_1_37' title="bbox 217 3336 1811 3407">
    <p class='ocr_par' dir='ltr' id='par_1_37' title="bbox 217 3336 1811 3407">
     <span class='ocr_line' id='line_1_37' title="bbox 217 3336 1811 3407; baseline 0.001 -17"><span class='ocrx_word' id='word_1_285' title='bbox 217 3336 361 3391; x_wconf 91' lang='lat' dir='ltr'>ditus</span> <span class='ocrx_word' id='word_1_286' title='bbox 384 3337 645 3391; x_wconf 86' lang='lat' dir='ltr'>annihilet</span> <span class='ocrx_word' id='word_1_287' title='bbox 674 3337 729 3391; x_wconf 92' lang='lat' dir='ltr'>in</span> <span class='ocrx_word' id='word_1_288' title='bbox 757 3345 940 3392; x_wconf 91' lang='lat' dir='ltr'>mente</span> <span class='ocrx_word' id='word_1_289' title='bbox 956 3344 1066 3405; x_wconf 87' lang='lat' dir='ltr'>tua,</span> <span class='ocrx_word' id='word_1_290' title='bbox 1081 3337 1529 3407; x_wconf 89' lang='lat' dir='ltr'>superabundans</span> <span class='ocrx_word' id='word_1_291' title='bbox 1550 3338 1811 3392; x_wconf 89' lang='lat' dir='ltr'>sanctitas</span> 
     </span>
    </p>
   </div>
   <div class='ocr_carea' id='block_1_38' title="bbox 212 3425 1811 3497">
    <p class='ocr_par' dir='ltr' id='par_1_38' title="bbox 212 3425 1811 3497">
     <span class='ocr_line' id='line_1_38' title="bbox 212 3425 1811 3497; baseline 0.001 -18"><span class='ocrx_word' id='word_1_292' title='bbox 212 3426 391 3494; x_wconf 90' lang='lat' dir='ltr'>hujus,</span> <span class='ocrx_word' id='word_1_293' title='bbox 425 3441 546 3479; x_wconf 91' lang='lat' dir='ltr'>cum</span> <span class='ocrx_word' id='word_1_294' title='bbox 576 3426 739 3495; x_wconf 91' lang='lat' dir='ltr'>plene</span> <span class='ocrx_word' id='word_1_295' title='bbox 767 3434 821 3480; x_wconf 89' lang='lat' dir='ltr'>et</span> <span class='ocrx_word' id='word_1_296' title='bbox 848 3425 1091 3496; x_wconf 83' lang='lat' dir='ltr'>perfecte</span> <span class='ocrx_word' id='word_1_297' title='bbox 1139 3442 1240 3496; x_wconf 91' lang='lat' dir='ltr'>per</span> <span class='ocrx_word' id='word_1_298' title='bbox 1284 3442 1475 3497; x_wconf 88' lang='lat' dir='ltr'>puram</span> <span class='ocrx_word' id='word_1_299' title='bbox 1507 3426 1811 3481; x_wconf 89' lang='lat' dir='ltr'>meditatio-</span> 
     </span>
    </p>
   </div>
   <div class='ocr_carea' id='block_1_39' title="bbox 211 3513 1811 3585">
    <p class='ocr_par' dir='ltr' id='par_1_39' title="bbox 211 3513 1811 3585">
     <span class='ocr_line' id='line_1_39' title="bbox 211 3513 1811 3585; baseline 0.001 -18"><span class='ocrx_word' id='word_1_300' title='bbox 211 3529 359 3579; x_wconf 90' lang='lat' dir='ltr'>nem,</span> <span class='ocrx_word' id='word_1_301' title='bbox 392 3528 515 3568; x_wconf 88' lang='lat' dir='ltr'>cum</span> <span class='ocrx_word' id='word_1_302' title='bbox 542 3513 829 3569; x_wconf 82' lang='lat' dir='ltr'>devotione</span> <span class='ocrx_word' id='word_1_303' title='bbox 859 3521 910 3569; x_wconf 88' lang='lat' dir='ltr'>et</span> <span class='ocrx_word' id='word_1_304' title='bbox 938 3530 1119 3569; x_wconf 90' lang='lat' dir='ltr'>amore</span> <span class='ocrx_word' id='word_1_305' title='bbox 1140 3514 1280 3568; x_wconf 91' lang='lat' dir='ltr'>intra</span> <span class='ocrx_word' id='word_1_306' title='bbox 1308 3523 1360 3569; x_wconf 91' lang='lat' dir='ltr'>te</span> <span class='ocrx_word' id='word_1_307' title='bbox 1388 3524 1811 3585; x_wconf 89' lang='lat' dir='ltr'>perseveranter</span> 
     </span>
    </p>
   </div>
   <div class='ocr_carea' id='block_1_40' title="bbox 210 3601 1813 3673">
    <p class='ocr_par' dir='ltr' id='par_1_40' title="bbox 210 3601 1813 3673">
     <span class='ocr_line' id='line_1_40' title="bbox 210 3601 1813 3673; baseline 0.002 -19"><span class='ocrx_word' id='word_1_308' title='bbox 210 3601 488 3655; x_wconf 86' lang='lat' dir='ltr'>manserit.</span> <span class='ocrx_word' id='word_1_309' title='bbox 522 3603 650 3657; x_wconf 67' lang='lat' dir='ltr'>Haec</span> <span class='ocrx_word' id='word_1_310' title='bbox 679 3602 855 3673; x_wconf 87' lang='lat' dir='ltr'>itaque</span> <span class='ocrx_word' id='word_1_311' title='bbox 882 3602 1161 3657; x_wconf 88' lang='lat' dir='ltr'>meditatio</span> <span class='ocrx_word' id='word_1_312' title='bbox 1192 3610 1292 3669; x_wconf 88' lang='lat' dir='ltr'>est,</span> <span class='ocrx_word' id='word_1_313' title='bbox 1318 3618 1539 3658; x_wconf 90' lang='lat' dir='ltr'>causam</span> <span class='ocrx_word' id='word_1_314' title='bbox 1557 3604 1651 3657; x_wconf 91' lang='lat' dir='ltr'>tibi</span> <span class='ocrx_word' id='word_1_315' title='bbox 1681 3619 1813 3658; x_wconf 86' lang='lat' dir='ltr'>con-</span> 
     </span>
    </p>
   </div>
   <div class='ocr_carea' id='block_1_41' title="bbox 213 3690 1806 3761">
    <p class='ocr_par' dir='ltr' id='par_1_41' title="bbox 213 3690 1806 3761">
     <span class='ocr_line' id='line_1_41' title="bbox 213 3690 1806 3761; baseline 0.002 -18"><span class='ocrx_word' id='word_1_316' title='bbox 213 3690 392 3745; x_wconf 87' lang='lat' dir='ltr'>ferens</span> <span class='ocrx_word' id='word_1_317' title='bbox 421 3690 699 3759; x_wconf 83' lang='lat' dir='ltr'>cuiusdam</span> <span class='ocrx_word' id='word_1_318' title='bbox 750 3691 907 3746; x_wconf 86' lang='lat' dir='ltr'>bonae</span> <span class='ocrx_word' id='word_1_319' title='bbox 953 3690 1319 3761; x_wconf 90' lang='lat' dir='ltr'>despectionis</span> <span class='ocrx_word' id='word_1_320' title='bbox 1357 3700 1409 3745; x_wconf 92' lang='lat' dir='ltr'>et</span> <span class='ocrx_word' id='word_1_321' title='bbox 1440 3692 1760 3759; x_wconf 90' lang='lat' dir='ltr'>abjectionis</span> <span class='ocrx_word' id='word_1_322' title='bbox 1794 3708 1806 3746; x_wconf 93' lang='lat'><strong>:</strong></span> 
     </span>
    </p>
   </div>
   <div class='ocr_carea' id='block_1_42' title="bbox 213 3779 1805 3849">
    <p class='ocr_par' dir='ltr' id='par_1_42' title="bbox 213 3779 1805 3849">
     <span class='ocr_line' id='line_1_42' title="bbox 213 3779 1805 3849; baseline 0.002 -16"><span class='ocrx_word' id='word_1_323' title='bbox 213 3779 419 3834; x_wconf 90' lang='lat' dir='ltr'>docens</span> <span class='ocrx_word' id='word_1_324' title='bbox 451 3779 702 3835; x_wconf 90' lang='lat' dir='ltr'>videlicet</span> <span class='ocrx_word' id='word_1_325' title='bbox 744 3786 796 3833; x_wconf 92' lang='lat' dir='ltr'>te</span> <span class='ocrx_word' id='word_1_326' title='bbox 826 3780 1107 3849; x_wconf 89' lang='lat' dir='ltr'>despicere</span> <span class='ocrx_word' id='word_1_327' title='bbox 1132 3780 1186 3832; x_wconf 93' lang='lat' dir='ltr'>in</span> <span class='ocrx_word' id='word_1_328' title='bbox 1218 3787 1289 3845; x_wconf 89' lang='lat' dir='ltr'>te,</span> <span class='ocrx_word' id='word_1_329' title='bbox 1324 3787 1377 3835; x_wconf 92' lang='lat' dir='ltr'>et</span> <span class='ocrx_word' id='word_1_330' title='bbox 1407 3781 1645 3849; x_wconf 88' lang='lat' dir='ltr'>abjiccre</span> <span class='ocrx_word' id='word_1_331' title='bbox 1673 3798 1703 3834; x_wconf 92' lang='lat' dir='ltr'>a</span> <span class='ocrx_word' id='word_1_332' title='bbox 1734 3790 1805 3847; x_wconf 91' lang='lat' dir='ltr'>te,</span> 
     </span>
    </p>
   </div>
   <div class='ocr_carea' id='block_1_43' title="bbox 210 3866 1806 3940">
    <p class='ocr_par' dir='ltr' id='par_1_43' title="bbox 210 3866 1806 3940">
     <span class='ocr_line' id='line_1_43' title="bbox 210 3866 1806 3940; baseline 0.002 -19"><span class='ocrx_word' id='word_1_333' title='bbox 210 3866 472 3940; x_wconf 85' lang='lat' dir='ltr'>quidquid</span> <span class='ocrx_word' id='word_1_334' title='bbox 504 3868 597 3921; x_wconf 91' lang='lat' dir='ltr'>tibi</span> <span class='ocrx_word' id='word_1_335' title='bbox 626 3868 874 3940; x_wconf 88' lang='lat' dir='ltr'>suggerit</span> <span class='ocrx_word' id='word_1_336' title='bbox 903 3883 1193 3922; x_wconf 90' lang='lat' dir='ltr'>susurrans</span> <span class='ocrx_word' id='word_1_337' title='bbox 1225 3868 1278 3921; x_wconf 91' lang='lat' dir='ltr'>in</span> <span class='ocrx_word' id='word_1_338' title='bbox 1310 3868 1524 3923; x_wconf 89' lang='lat' dir='ltr'>interna</span> <span class='ocrx_word' id='word_1_339' title='bbox 1544 3886 1669 3925; x_wconf 88' lang='lat' dir='ltr'>aure</span> <span class='ocrx_word' id='word_1_340' title='bbox 1694 3878 1806 3937; x_wconf 88' lang='lat' dir='ltr'>tua,</span> 
     </span>
    </p>
   </div>
   <div class='ocr_carea' id='block_1_44' title="bbox 211 3955 1806 4027">
    <p class='ocr_par' dir='ltr' id='par_1_44' title="bbox 211 3955 1806 4027">
     <span class='ocr_line' id='line_1_44' title="bbox 211 3955 1806 4027; baseline 0.001 -17"><span class='ocrx_word' id='word_1_341' title='bbox 211 3956 300 4010; x_wconf 89' lang='lat' dir='ltr'>vel</span> <span class='ocrx_word' id='word_1_342' title='bbox 331 3971 455 4010; x_wconf 91' lang='lat' dir='ltr'>caro</span> <span class='ocrx_word' id='word_1_343' title='bbox 486 3956 553 4010; x_wconf 89' lang='lat' dir='ltr'>ad</span> <span class='ocrx_word' id='word_1_344' title='bbox 586 3955 787 4011; x_wconf 75' lang='lat' dir='ltr'>fmdam</span> <span class='ocrx_word' id='word_1_345' title='bbox 819 3957 1171 4027; x_wconf 86' lang='lat' dir='ltr'>voluptatem,</span> <span class='ocrx_word' id='word_1_346' title='bbox 1205 3958 1291 4012; x_wconf 91' lang='lat' dir='ltr'>vel</span> <span class='ocrx_word' id='word_1_347' title='bbox 1324 3959 1559 4012; x_wconf 91' lang='lat' dir='ltr'>mundus</span> <span class='ocrx_word' id='word_1_348' title='bbox 1589 3959 1657 4013; x_wconf 89' lang='lat' dir='ltr'>ad</span> <span class='ocrx_word' id='word_1_349' title='bbox 1689 3959 1806 4012; x_wconf 93' lang='lat' dir='ltr'>ins-</span> 
     </span>
    </p>
   </div>
   <div class='ocr_carea' id='block_1_45' title="bbox 207 4044 1808 4118">
    <p class='ocr_par' dir='ltr' id='par_1_45' title="bbox 207 4044 1808 4118">
     <span class='ocr_line' id='line_1_45' title="bbox 207 4044 1808 4118; baseline 0.002 -20"><span class='ocrx_word' id='word_1_350' title='bbox 207 4044 426 4099; x_wconf 89' lang='lat' dir='ltr'>tabilem</span> <span class='ocrx_word' id='word_1_351' title='bbox 455 4044 765 4110; x_wconf 87' lang='lat' dir='ltr'>vanitatem,</span> <span class='ocrx_word' id='word_1_352' title='bbox 800 4046 887 4101; x_wconf 89' lang='lat' dir='ltr'>vel</span> <span class='ocrx_word' id='word_1_353' title='bbox 917 4045 1006 4101; x_wconf 91' lang='lat' dir='ltr'>ille</span> <span class='ocrx_word' id='word_1_354' title='bbox 1036 4062 1266 4118; x_wconf 83' lang='lat' dir='ltr'>magnus</span> <span class='ocrx_word' id='word_1_355' title='bbox 1309 4046 1480 4101; x_wconf 91' lang='lat' dir='ltr'>hostis</span> <span class='ocrx_word' id='word_1_356' title='bbox 1528 4054 1713 4102; x_wconf 90' lang='lat' dir='ltr'>noster</span> <span class='ocrx_word' id='word_1_357' title='bbox 1741 4048 1808 4103; x_wconf 92' lang='lat' dir='ltr'>ad</span> 
     </span>
    </p>
   </div>
   <div class='ocr_carea' id='block_1_46' title="bbox 211 4132 985 4204">
    <p class='ocr_par' dir='ltr' id='par_1_46' title="bbox 211 4132 985 4204">
     <span class='ocr_line' id='line_1_46' title="bbox 211 4132 985 4204; baseline -0.001 -16"><span class='ocrx_word' id='word_1_358' title='bbox 211 4132 578 4188; x_wconf 89' lang='lat' dir='ltr'>omnimodam</span> <span class='ocrx_word' id='word_1_359' title='bbox 609 4133 985 4204; x_wconf 90' lang='lat' dir='ltr'>perditionem.</span> 
     </span>
    </p>
   </div>
   <div class='ocr_carea' id='block_1_47' title="bbox 707 4284 1329 4343">
    <p class='ocr_par' dir='ltr' id='par_1_47' title="bbox 707 4284 1329 4343">
     <span class='ocr_line' id='line_1_47' title="bbox 707 4284 1329 4343; baseline 0 -2"><span class='ocrx_word' id='word_1_360' title='bbox 707 4284 1103 4343; x_wconf 85' lang='lat' dir='ltr'>CAPITULUM</span> <span class='ocrx_word' id='word_1_361' title='bbox 1128 4286 1329 4342; x_wconf 84' lang='lat' dir='ltr'>XXIV.</span> 
     </span>
    </p>
   </div>
   <div class='ocr_carea' id='block_1_48' title="bbox 210 4426 1808 4511">
    <p class='ocr_par' dir='ltr' id='par_1_48' title="bbox 210 4426 1808 4511">
     <span class='ocr_line' id='line_1_48' title="bbox 210 4426 1808 4511; baseline 0.003 -30"><span class='ocrx_word' id='word_1_362' title='bbox 210 4426 286 4482; x_wconf 87' lang='lat' dir='ltr'>De</span> <span class='ocrx_word' id='word_1_363' title='bbox 320 4427 480 4511; x_wconf 64' lang='lat' dir='ltr'>taedio</span> <span class='ocrx_word' id='word_1_364' title='bbox 520 4426 661 4499; x_wconf 82' lang='lat' dir='ltr'>quod</span> <span class='ocrx_word' id='word_1_365' title='bbox 706 4428 1180 4511; x_wconf 45' lang='lat' dir='ltr'>aliquis&#39;patitur</span> <span class='ocrx_word' id='word_1_366' title='bbox 1210 4430 1305 4511; x_wconf 73' lang='lat' dir='ltr'>qui</span> <span class='ocrx_word' id='word_1_367' title='bbox 1334 4430 1493 4485; x_wconf 71' lang='lat' dir='ltr'>cellae</span> <span class='ocrx_word' id='word_1_368' title='bbox 1524 4429 1808 4486; x_wconf 76' lang='lat' dir='ltr'>habitator</span> 
     </span>
    </p>
   </div>
   <div class='ocr_carea' id='block_1_49' title="bbox 283 4499 1803 4574">
    <p class='ocr_par' dir='ltr' id='par_1_49' title="bbox 283 4499 1803 4574">
     <span class='ocr_line' id='line_1_49' title="bbox 283 4499 1803 4574; baseline 0.003 -21"><span class='ocrx_word' id='word_1_369' title='bbox 283 4502 384 4561; x_wconf 87' lang='lat' dir='ltr'>est,</span> <span class='ocrx_word' id='word_1_370' title='bbox 420 4502 473 4552; x_wconf 80' lang='lat' dir='ltr'>et</span> <span class='ocrx_word' id='word_1_371' title='bbox 495 4499 759 4569; x_wconf 85' lang='lat' dir='ltr'>quomodo</span> <span class='ocrx_word' id='word_1_372' title='bbox 787 4499 934 4574; x_wconf 78' lang='lat' dir='ltr'>illud</span> <span class='ocrx_word' id='word_1_373' title='bbox 964 4516 999 4554; x_wconf 89' lang='lat' dir='ltr'>a</span> <span class='ocrx_word' id='word_1_374' title='bbox 1026 4516 1082 4555; x_wconf 83' lang='lat' dir='ltr'>se</span> <span class='ocrx_word' id='word_1_375' title='bbox 1112 4499 1413 4571; x_wconf 82' lang='lat' dir='ltr'>repellere,</span> <span class='ocrx_word' id='word_1_376' title='bbox 1446 4517 1608 4574; x_wconf 81' lang='lat' dir='ltr'>seque</span> <span class='ocrx_word' id='word_1_377' title='bbox 1636 4518 1803 4558; x_wconf 88' lang='lat' dir='ltr'>reno-</span> 
     </span>
    </p>
   </div>
   <div class='ocr_carea' id='block_1_50' title="bbox 284 4572 969 4640">
    <p class='ocr_par' dir='ltr' id='par_1_50' title="bbox 284 4572 969 4640">
     <span class='ocr_line' id='line_1_50' title="bbox 284 4572 969 4640; baseline 0.001 -17"><span class='ocrx_word' id='word_1_378' title='bbox 284 4584 413 4624; x_wconf 81' lang='lat' dir='ltr'>vare</span> <span class='ocrx_word' id='word_1_379' title='bbox 445 4585 511 4624; x_wconf 87' lang='lat' dir='ltr'>ac</span> <span class='ocrx_word' id='word_1_380' title='bbox 533 4584 741 4640; x_wconf 85' lang='lat' dir='ltr'>parare</span> <span class='ocrx_word' id='word_1_381' title='bbox 766 4572 969 4640; x_wconf 78' lang='lat' dir='ltr'>possit.</span> 
     </span>
    </p>
   </div>
   <div class='ocr_carea' id='block_1_51' title="bbox 281 4690 1805 4763">
    <p class='ocr_par' dir='ltr' id='par_1_51' title="bbox 281 4690 1805 4763">
     <span class='ocr_line' id='line_1_51' title="bbox 281 4690 1805 4763; baseline 0.004 -18"><span class='ocrx_word' id='word_1_382' title='bbox 281 4691 364 4745; x_wconf 84' lang='lat' dir='ltr'>Ad</span> <span class='ocrx_word' id='word_1_383' title='bbox 394 4707 459 4746; x_wconf 89' lang='lat' dir='ltr'>ea</span> <span class='ocrx_word' id='word_1_384' title='bbox 488 4707 619 4746; x_wconf 89' lang='lat' dir='ltr'>vero</span> <span class='ocrx_word' id='word_1_385' title='bbox 640 4690 694 4745; x_wconf 91' lang='lat' dir='ltr'>in</span> <span class='ocrx_word' id='word_1_386' title='bbox 717 4692 910 4763; x_wconf 91' lang='lat' dir='ltr'>quibus</span> <span class='ocrx_word' id='word_1_387' title='bbox 934 4694 1415 4749; x_wconf 73' lang='lat' dir='ltr'>renovationistum</span> <span class='ocrx_word' id='word_1_388' title='bbox 1436 4696 1615 4751; x_wconf 84' lang='lat' dir='ltr'>existit</span> <span class='ocrx_word' id='word_1_389' title='bbox 1638 4712 1805 4753; x_wconf 88' lang='lat' dir='ltr'>causa</span> 
     </span>
    </p>
   </div>
   <div class='ocr_carea' id='block_1_52' title="bbox 206 4780 1803 4853">
    <p class='ocr_par' dir='ltr' id='par_1_52' title="bbox 206 4780 1803 4853">
     <span class='ocr_line' id='line_1_52' title="bbox 206 4780 1803 4853; baseline 0.004 -18"><span class='ocrx_word' id='word_1_390' title='bbox 206 4786 259 4835; x_wconf 91' lang='lat' dir='ltr'>et</span> <span class='ocrx_word' id='word_1_391' title='bbox 289 4780 662 4850; x_wconf 89' lang='lat' dir='ltr'>reparationis,</span> <span class='ocrx_word' id='word_1_392' title='bbox 696 4781 790 4834; x_wconf 90' lang='lat' dir='ltr'>tibi</span> <span class='ocrx_word' id='word_1_393' title='bbox 819 4781 959 4847; x_wconf 89' lang='lat' dir='ltr'>dico,</span> <span class='ocrx_word' id='word_1_394' title='bbox 994 4782 1087 4853; x_wconf 93' lang='lat' dir='ltr'>qui</span> <span class='ocrx_word' id='word_1_395' title='bbox 1116 4783 1386 4838; x_wconf 89' lang='lat' dir='ltr'>habitator</span> <span class='ocrx_word' id='word_1_396' title='bbox 1408 4784 1556 4839; x_wconf 74' lang='lat' dir='ltr'>cellae</span> <span class='ocrx_word' id='word_1_397' title='bbox 1577 4802 1655 4850; x_wconf 91' lang='lat' dir='ltr'>es,</span> <span class='ocrx_word' id='word_1_398' title='bbox 1675 4802 1803 4841; x_wconf 86' lang='lat' dir='ltr'>sex-</span> 
     </span>
    </p>
   </div>
   <div class='ocr_carea' id='block_1_53' title="bbox 206 4868 1803 4942">
    <p class='ocr_par' dir='ltr' id='par_1_53' title="bbox 206 4868 1803 4942">
     <span class='ocr_line' id='line_1_53' title="bbox 206 4868 1803 4942; baseline 0.005 -21"><span class='ocrx_word' id='word_1_399' title='bbox 206 4876 295 4921; x_wconf 90' lang='lat' dir='ltr'>tus</span> <span class='ocrx_word' id='word_1_400' title='bbox 326 4868 686 4923; x_wconf 80' lang='lat' dir='ltr'>meditationis</span> <span class='ocrx_word' id='word_1_401' title='bbox 714 4870 947 4939; x_wconf 88' lang='lat' dir='ltr'>pertinct</span> <span class='ocrx_word' id='word_1_402' title='bbox 978 4872 1192 4937; x_wconf 87' lang='lat' dir='ltr'>modus,</span> <span class='ocrx_word' id='word_1_403' title='bbox 1229 4888 1393 4942; x_wconf 90' lang='lat' dir='ltr'>quam</span> <span class='ocrx_word' id='word_1_404' title='bbox 1408 4873 1513 4928; x_wconf 88' lang='lat' dir='ltr'>hoc</span> <span class='ocrx_word' id='word_1_405' title='bbox 1534 4874 1695 4929; x_wconf 89' lang='lat' dir='ltr'>modo</span> <span class='ocrx_word' id='word_1_406' title='bbox 1715 4875 1803 4928; x_wconf 90' lang='lat' dir='ltr'>in—</span> 
     </span>
    </p>
   </div>
   <div class='ocr_carea' id='block_1_54' title="bbox 210 4958 1805 5029">
    <p class='ocr_par' dir='ltr' id='par_1_54' title="bbox 210 4958 1805 5029">
     <span class='ocr_line' id='line_1_54' title="bbox 210 4958 1805 5029; baseline 0.004 -18"><span class='ocrx_word' id='word_1_407' title='bbox 210 4964 294 5012; x_wconf 91' lang='lat' dir='ltr'>tra</span> <span class='ocrx_word' id='word_1_408' title='bbox 322 4965 373 5012; x_wconf 92' lang='lat' dir='ltr'>te</span> <span class='ocrx_word' id='word_1_409' title='bbox 402 4958 568 5013; x_wconf 84' lang='lat' dir='ltr'>debes</span> <span class='ocrx_word' id='word_1_410' title='bbox 616 4958 840 5013; x_wconf 88' lang='lat' dir='ltr'>habere.</span> <span class='ocrx_word' id='word_1_411' title='bbox 876 4960 1248 5029; x_wconf 86' lang='lat' dir='ltr'>Apprchendit</span> <span class='ocrx_word' id='word_1_412' title='bbox 1299 4969 1350 5015; x_wconf 90' lang='lat' dir='ltr'>te</span> <span class='ocrx_word' id='word_1_413' title='bbox 1380 4962 1652 5017; x_wconf 90' lang='lat' dir='ltr'>multoties</span> <span class='ocrx_word' id='word_1_414' title='bbox 1683 4980 1805 5017; x_wconf 90' lang='lat' dir='ltr'>cum</span> 
     </span>
    </p>
   </div>
   <div class='ocr_carea' id='block_1_55' title="bbox 209 5045 1801 5123">
    <p class='ocr_par' dir='ltr' id='par_1_55' title="bbox 209 5045 1801 5123">
     <span class='ocr_line' id='line_1_55' title="bbox 209 5045 1801 5123; baseline 0.006 -25"><span class='ocrx_word' id='word_1_415' title='bbox 209 5045 361 5100; x_wconf 90' lang='lat' dir='ltr'>solus</span> <span class='ocrx_word' id='word_1_416' title='bbox 391 5046 443 5099; x_wconf 89' lang='lat' dir='ltr'>in</span> <span class='ocrx_word' id='word_1_417' title='bbox 476 5046 614 5101; x_wconf 89' lang='lat' dir='ltr'>cella</span> <span class='ocrx_word' id='word_1_418' title='bbox 646 5063 723 5112; x_wconf 89' lang='lat' dir='ltr'>es,</span> <span class='ocrx_word' id='word_1_419' title='bbox 767 5047 964 5101; x_wconf 89' lang='lat' dir='ltr'>inertia</span> <span class='ocrx_word' id='word_1_420' title='bbox 995 5050 1264 5118; x_wconf 74' lang='lat' dir='ltr'>quaedam,</span> <span class='ocrx_word' id='word_1_421' title='bbox 1299 5050 1531 5121; x_wconf 85' lang='lat' dir='ltr'>languor</span> <span class='ocrx_word' id='word_1_422' title='bbox 1560 5052 1801 5123; x_wconf 88' lang='lat' dir='ltr'>spiritus,</span> 
     </span>
    </p>
   </div>
   <div class='ocr_carea' id='block_1_56' title="bbox 206 5134 1805 5213">
    <p class='ocr_par' dir='ltr' id='par_1_56' title="bbox 206 5134 1805 5213">
     <span class='ocr_line' id='line_1_56' title="bbox 206 5134 1805 5213; baseline 0.005 -26"><span class='ocrx_word' id='word_1_423' title='bbox 206 5134 422 5188; x_wconf 65' lang='lat' dir='ltr'>tardium</span> <span class='ocrx_word' id='word_1_424' title='bbox 459 5135 672 5200; x_wconf 86' lang='lat' dir='ltr'>cordis;</span> <span class='ocrx_word' id='word_1_425' title='bbox 706 5136 979 5207; x_wconf 91' lang='lat' dir='ltr'>quoddam</span> <span class='ocrx_word' id='word_1_426' title='bbox 1012 5146 1061 5191; x_wconf 89' lang='lat' dir='ltr'>et</span> <span class='ocrx_word' id='word_1_427' title='bbox 1092 5139 1309 5209; x_wconf 90' lang='lat' dir='ltr'>quidem</span> <span class='ocrx_word' id='word_1_428' title='bbox 1341 5140 1499 5195; x_wconf 87' lang='lat' dir='ltr'>valde</span> <span class='ocrx_word' id='word_1_429' title='bbox 1529 5158 1691 5213; x_wconf 82' lang='lat' dir='ltr'>grave</span> <span class='ocrx_word' id='word_1_430' title='bbox 1722 5141 1805 5195; x_wconf 88' lang='lat' dir='ltr'>fa-</span> 
     </span>
    </p>
   </div>
   <div class='ocr_carea' id='block_1_57' title="bbox 211 5223 1808 5295">
    <p class='ocr_par' dir='ltr' id='par_1_57' title="bbox 211 5223 1808 5295">
     <span class='ocr_line' id='line_1_57' title="bbox 211 5223 1808 5295; baseline 0.006 -19"><span class='ocrx_word' id='word_1_431' title='bbox 211 5223 430 5277; x_wconf 90' lang='lat' dir='ltr'>stidium</span> <span class='ocrx_word' id='word_1_432' title='bbox 464 5224 629 5277; x_wconf 89' lang='lat' dir='ltr'>sentis</span> <span class='ocrx_word' id='word_1_433' title='bbox 658 5223 712 5277; x_wconf 91' lang='lat' dir='ltr'>in</span> <span class='ocrx_word' id='word_1_434' title='bbox 743 5232 793 5278; x_wconf 93' lang='lat' dir='ltr'>te</span> <span class='ocrx_word' id='word_1_435' title='bbox 824 5225 974 5295; x_wconf 88' lang='lat' dir='ltr'>ipso;</span> <span class='ocrx_word' id='word_1_436' title='bbox 1009 5234 1062 5279; x_wconf 90' lang='lat' dir='ltr'>tu</span> <span class='ocrx_word' id='word_1_437' title='bbox 1084 5227 1176 5280; x_wconf 92' lang='lat' dir='ltr'>tibi</span> <span class='ocrx_word' id='word_1_438' title='bbox 1199 5229 1349 5283; x_wconf 88' lang='lat' dir='ltr'>oneri</span> <span class='ocrx_word' id='word_1_439' title='bbox 1373 5245 1452 5295; x_wconf 89' lang='lat' dir='ltr'>es,</span> <span class='ocrx_word' id='word_1_440' title='bbox 1474 5229 1684 5283; x_wconf 88' lang='lat' dir='ltr'>interna</span> <span class='ocrx_word' id='word_1_441' title='bbox 1715 5230 1808 5286; x_wconf 86' lang='lat' dir='ltr'>illa</span> 
     </span>
    </p>
   </div>
   <div class='ocr_carea' id='block_1_58' title="bbox 209 5311 1809 5384">
    <p class='ocr_par' dir='ltr' id='par_1_58' title="bbox 209 5311 1809 5384">
     <span class='ocr_line' id='line_1_58' title="bbox 209 5311 1809 5384; baseline 0.006 -19"><span class='ocrx_word' id='word_1_442' title='bbox 209 5328 314 5382; x_wconf 89' lang='lat' dir='ltr'>qua</span> <span class='ocrx_word' id='word_1_443' title='bbox 359 5320 463 5365; x_wconf 88' lang='lat' dir='ltr'>tam</span> <span class='ocrx_word' id='word_1_444' title='bbox 507 5311 735 5367; x_wconf 88' lang='lat' dir='ltr'>feliciter</span> <span class='ocrx_word' id='word_1_445' title='bbox 776 5313 852 5366; x_wconf 90' lang='lat' dir='ltr'>uti</span> <span class='ocrx_word' id='word_1_446' title='bbox 893 5314 1107 5368; x_wconf 88' lang='lat' dir='ltr'>solebas</span> <span class='ocrx_word' id='word_1_447' title='bbox 1153 5317 1409 5381; x_wconf 81' lang='lat' dir='ltr'>suavitas,</span> <span class='ocrx_word' id='word_1_448' title='bbox 1457 5318 1567 5384; x_wconf 93' lang='lat' dir='ltr'>jam</span> <span class='ocrx_word' id='word_1_449' title='bbox 1614 5319 1809 5375; x_wconf 86' lang='lat' dir='ltr'>defecit</span> 
     </span>
    </p>
   </div>
   <div class='ocr_carea' id='block_1_59' title="bbox 211 5400 1805 5471">
    <p class='ocr_par' dir='ltr' id='par_1_59' title="bbox 211 5400 1805 5471">
     <span class='ocr_line' id='line_1_59' title="bbox 211 5400 1805 5471; baseline 0.006 -18"><span class='ocrx_word' id='word_1_450' title='bbox 211 5400 327 5454; x_wconf 90' lang='lat' dir='ltr'>tibi.</span> <span class='ocrx_word' id='word_1_451' title='bbox 362 5400 603 5455; x_wconf 89' lang='lat' dir='ltr'>Dulcedo</span> <span class='ocrx_word' id='word_1_452' title='bbox 654 5416 774 5471; x_wconf 62' lang='lat' dir='ltr'>quae</span> <span class='ocrx_word' id='word_1_453' title='bbox 822 5401 916 5455; x_wconf 91' lang='lat' dir='ltr'>tibi</span> <span class='ocrx_word' id='word_1_454' title='bbox 965 5402 1138 5458; x_wconf 89' lang='lat' dir='ltr'>inerat</span> <span class='ocrx_word' id='word_1_455' title='bbox 1186 5405 1301 5459; x_wconf 88' lang='lat' dir='ltr'>heri</span> <span class='ocrx_word' id='word_1_456' title='bbox 1332 5412 1386 5459; x_wconf 90' lang='lat' dir='ltr'>et</span> <span class='ocrx_word' id='word_1_457' title='bbox 1414 5406 1805 5464; x_wconf 86' lang='lat' dir='ltr'>nudiustertius</span> 
     </span>
    </p>
   </div>
   <div class='ocr_carea' id='block_1_60' title="bbox 202 5487 1806 5563">
    <p class='ocr_par' dir='ltr' id='par_1_60' title="bbox 202 5487 1806 5563">
     <span class='ocr_line' id='line_1_60' title="bbox 202 5487 1806 5563; baseline 0.007 -22"><span class='ocrx_word' id='word_1_458' title='bbox 202 5489 321 5557; x_wconf 88' lang='lat' dir='ltr'>jam</span> <span class='ocrx_word' id='word_1_459' title='bbox 370 5487 421 5542; x_wconf 91' lang='lat' dir='ltr'>in</span> <span class='ocrx_word' id='word_1_460' title='bbox 472 5504 727 5559; x_wconf 87' lang='lat' dir='ltr'>magnam</span> <span class='ocrx_word' id='word_1_461' title='bbox 772 5489 1188 5547; x_wconf 88' lang='lat' dir='ltr'>amaritudinem</span> <span class='ocrx_word' id='word_1_462' title='bbox 1231 5510 1389 5548; x_wconf 87' lang='lat' dir='ltr'>versa</span> <span class='ocrx_word' id='word_1_463' title='bbox 1439 5503 1551 5563; x_wconf 83' lang='lat' dir='ltr'>est;</span> <span class='ocrx_word' id='word_1_464' title='bbox 1587 5512 1649 5551; x_wconf 88' lang='lat' dir='ltr'>ex</span> <span class='ocrx_word' id='word_1_465' title='bbox 1693 5506 1806 5553; x_wconf 93' lang='lat' dir='ltr'>toto</span> 
     </span>
    </p>
   </div>
   <div class='ocr_carea' id='block_1_61' title="bbox 207 5577 1806 5653">
    <p class='ocr_par' dir='ltr' id='par_1_61' title="bbox 207 5577 1806 5653">
     <span class='ocr_line' id='line_1_61' title="bbox 207 5577 1806 5653; baseline 0.006 -22"><span class='ocrx_word' id='word_1_466' title='bbox 207 5577 351 5631; x_wconf 85' lang='lat' dir='ltr'>aruit</span> <span class='ocrx_word' id='word_1_467' title='bbox 424 5577 514 5632; x_wconf 91' lang='lat' dir='ltr'>ille</span> <span class='ocrx_word' id='word_1_468' title='bbox 576 5593 684 5647; x_wconf 91' lang='lat' dir='ltr'>quo</span> <span class='ocrx_word' id='word_1_469' title='bbox 749 5577 1212 5637; x_wconf 89' lang='lat' dir='ltr'>abundantissime</span> <span class='ocrx_word' id='word_1_470' title='bbox 1275 5582 1525 5653; x_wconf 84' lang='lat' dir='ltr'>perfundi</span> <span class='ocrx_word' id='word_1_471' title='bbox 1593 5585 1806 5643; x_wconf 89' lang='lat' dir='ltr'>solebas</span> 
     </span>
    </p>
   </div>
   <div class='ocr_carea' id='block_1_62' title="bbox 360 5699 820 5754">
    <p class='ocr_par' dir='ltr' id='par_1_62' title="bbox 360 5699 820 5754">
     <span class='ocr_line' id='line_1_62' title="bbox 360 5699 820 5754; baseline -0.002 0"><span class='ocrx_word' id='word_1_472' title='bbox 360 5701 597 5754; x_wconf 66' lang='lat' dir='ltr'>Paraon.</span> <span class='ocrx_word' id='word_1_473' title='bbox 641 5699 820 5754; x_wconf 88' lang='lat' dir='ltr'>CLIII.</span> 
     </span>
    </p>
   </div>
   <div class='ocr_carea' id='block_1_63' title="bbox 1915 484 3508 552">
    <p class='ocr_par' dir='ltr' id='par_1_63' title="bbox 1915 484 3508 552">
     <span class='ocr_line' id='line_1_63' title="bbox 1915 484 3508 552; baseline -0.006 -5"><span class='ocrx_word' id='word_1_474' title='bbox 1915 493 2117 548; x_wconf 89' lang='lat' dir='ltr'>interiit</span> <span class='ocrx_word' id='word_1_475' title='bbox 2147 494 2330 547; x_wconf 91' lang='lat' dir='ltr'>decor.</span> <span class='ocrx_word' id='word_1_476' title='bbox 2368 490 2691 544; x_wconf 88' lang='lat' dir='ltr'>Dilaniatam</span> <span class='ocrx_word' id='word_1_477' title='bbox 2724 496 2775 543; x_wconf 92' lang='lat' dir='ltr'>et</span> <span class='ocrx_word' id='word_1_478' title='bbox 2824 488 3195 552; x_wconf 88' lang='lat' dir='ltr'>dilaceratam,</span> <span class='ocrx_word' id='word_1_479' title='bbox 3230 484 3508 541; x_wconf 88' lang='lat' dir='ltr'>confusam</span> 
     </span>
    </p>
   </div>
   <div class='ocr_carea' id='block_1_64' title="bbox 1911 574 3506 645">
    <p class='ocr_par' dir='ltr' id='par_1_64' title="bbox 1911 574 3506 645">
     <span class='ocr_line' id='line_1_64' title="bbox 1911 574 3506 645; baseline -0.005 -10"><span class='ocrx_word' id='word_1_480' title='bbox 1911 596 1965 635; x_wconf 81' lang='lat' dir='ltr'>et</span> <span class='ocrx_word' id='word_1_481' title='bbox 1995 581 2301 645; x_wconf 87' lang='lat' dir='ltr'>discissam,</span> <span class='ocrx_word' id='word_1_482' title='bbox 2349 579 2559 632; x_wconf 89' lang='lat' dir='ltr'>tristem</span> <span class='ocrx_word' id='word_1_483' title='bbox 2589 586 2639 632; x_wconf 86' lang='lat' dir='ltr'>et</span> <span class='ocrx_word' id='word_1_484' title='bbox 2669 577 3017 631; x_wconf 85' lang='lat' dir='ltr'>amaricatam</span> <span class='ocrx_word' id='word_1_485' title='bbox 3050 584 3236 645; x_wconf 79' lang='lat' dir='ltr'>portas</span> <span class='ocrx_word' id='word_1_486' title='bbox 3268 574 3506 628; x_wconf 89' lang='lat' dir='ltr'>animam</span> 
     </span>
    </p>
   </div>
   <div class='ocr_carea' id='block_1_65' title="bbox 1914 662 3505 737">
    <p class='ocr_par' dir='ltr' id='par_1_65' title="bbox 1914 662 3505 737">
     <span class='ocr_line' id='line_1_65' title="bbox 1914 662 3505 737; baseline -0.006 -13"><span class='ocrx_word' id='word_1_487' title='bbox 1914 678 2054 724; x_wconf 87' lang='lat' dir='ltr'>tuam</span> <span class='ocrx_word' id='word_1_488' title='bbox 2092 685 2103 722; x_wconf 91' lang='lat'><strong>:</strong></span> <span class='ocrx_word' id='word_1_489' title='bbox 2140 678 2192 723; x_wconf 91' lang='lat' dir='ltr'>et</span> <span class='ocrx_word' id='word_1_490' title='bbox 2223 667 2315 721; x_wconf 92' lang='lat' dir='ltr'>ubi</span> <span class='ocrx_word' id='word_1_491' title='bbox 2344 684 2462 721; x_wconf 91' lang='lat' dir='ltr'>eam</span> <span class='ocrx_word' id='word_1_492' title='bbox 2488 667 2555 720; x_wconf 91' lang='lat' dir='ltr'>ad</span> <span class='ocrx_word' id='word_1_493' title='bbox 2586 666 2822 737; x_wconf 87' lang='lat' dir='ltr'>quietem</span> <span class='ocrx_word' id='word_1_494' title='bbox 2851 680 3145 734; x_wconf 88' lang='lat' dir='ltr'>componas</span> <span class='ocrx_word' id='word_1_495' title='bbox 3175 679 3285 718; x_wconf 92' lang='lat' dir='ltr'>non</span> <span class='ocrx_word' id='word_1_496' title='bbox 3317 662 3505 717; x_wconf 89' lang='lat' dir='ltr'>habes.</span> 
     </span>
    </p>
   </div>
   <div class='ocr_carea' id='block_1_66' title="bbox 1912 751 3508 827">
    <p class='ocr_par' dir='ltr' id='par_1_66' title="bbox 1912 751 3508 827">
     <span class='ocr_line' id='line_1_66' title="bbox 1912 751 3508 827; baseline -0.005 -15"><span class='ocrx_word' id='word_1_497' title='bbox 1912 759 2034 813; x_wconf 88' lang='lat' dir='ltr'>Non</span> <span class='ocrx_word' id='word_1_498' title='bbox 2057 758 2171 827; x_wconf 90' lang='lat' dir='ltr'>jam</span> <span class='ocrx_word' id='word_1_499' title='bbox 2203 755 2343 826; x_wconf 88' lang='lat' dir='ltr'>sapit</span> <span class='ocrx_word' id='word_1_500' title='bbox 2366 756 2457 809; x_wconf 89' lang='lat' dir='ltr'>tibi</span> <span class='ocrx_word' id='word_1_501' title='bbox 2478 756 2660 820; x_wconf 90' lang='lat' dir='ltr'>lectio,</span> <span class='ocrx_word' id='word_1_502' title='bbox 2686 754 2860 809; x_wconf 88' lang='lat' dir='ltr'>oratio</span> <span class='ocrx_word' id='word_1_503' title='bbox 2880 770 2988 807; x_wconf 89' lang='lat' dir='ltr'>non</span> <span class='ocrx_word' id='word_1_504' title='bbox 3010 752 3292 818; x_wconf 88' lang='lat' dir='ltr'>dulcescit,</span> <span class='ocrx_word' id='word_1_505' title='bbox 3320 751 3508 806; x_wconf 89' lang='lat' dir='ltr'>solitos</span> 
     </span>
    </p>
   </div>
   <div class='ocr_carea' id='block_1_67' title="bbox 1912 840 3510 913">
    <p class='ocr_par' dir='ltr' id='par_1_67' title="bbox 1912 840 3510 913">
     <span class='ocr_line' id='line_1_67' title="bbox 1912 840 3510 913; baseline -0.004 -14"><span class='ocrx_word' id='word_1_506' title='bbox 1912 846 2321 900; x_wconf 87' lang='lat' dir='ltr'>meditationum</span> <span class='ocrx_word' id='word_1_507' title='bbox 2371 842 2726 913; x_wconf 88' lang='lat' dir='ltr'>spiritualium</span> <span class='ocrx_word' id='word_1_508' title='bbox 2770 841 2973 895; x_wconf 90' lang='lat' dir='ltr'>imbres</span> <span class='ocrx_word' id='word_1_509' title='bbox 3016 856 3123 895; x_wconf 91' lang='lat' dir='ltr'>non</span> <span class='ocrx_word' id='word_1_510' title='bbox 3173 840 3404 907; x_wconf 90' lang='lat' dir='ltr'>invenis,</span> <span class='ocrx_word' id='word_1_511' title='bbox 3456 845 3510 893; x_wconf 87' lang='lat' dir='ltr'>et</span> 
     </span>
    </p>
   </div>
   <div class='ocr_carea' id='block_1_68' title="bbox 1913 926 3505 1005">
    <p class='ocr_par' dir='ltr' id='par_1_68' title="bbox 1913 926 3505 1005">
     <span class='ocr_line' id='line_1_68' title="bbox 1913 926 3505 1005; baseline -0.006 -16"><span class='ocrx_word' id='word_1_512' title='bbox 1913 934 2045 1005; x_wconf 90' lang='lat' dir='ltr'>quid</span> <span class='ocrx_word' id='word_1_513' title='bbox 2055 933 2288 1003; x_wconf 86' lang='lat' dir='ltr'>amplius</span> <span class='ocrx_word' id='word_1_514' title='bbox 2309 932 2552 987; x_wconf 90' lang='lat' dir='ltr'>dicemus</span> <span class='ocrx_word' id='word_1_515' title='bbox 2570 932 2597 986; x_wconf 68' lang='lat'>‘3</span> <span class='ocrx_word' id='word_1_516' title='bbox 2617 931 2762 985; x_wconf 88' lang='lat' dir='ltr'>Nihil</span> <span class='ocrx_word' id='word_1_517' title='bbox 2784 930 2838 984; x_wconf 92' lang='lat' dir='ltr'>in</span> <span class='ocrx_word' id='word_1_518' title='bbox 2860 938 2911 984; x_wconf 92' lang='lat' dir='ltr'>te</span> <span class='ocrx_word' id='word_1_519' title='bbox 2932 926 3505 992; x_wconf 89' lang='lat' dir='ltr'>remansithilaritatis,</span> 
     </span>
    </p>
   </div>
   <div class='ocr_carea' id='block_1_69' title="bbox 1911 1015 3509 1089">
    <p class='ocr_par' dir='ltr' id='par_1_69' title="bbox 1911 1015 3509 1089">
     <span class='ocr_line' id='line_1_69' title="bbox 1911 1015 3509 1089; baseline -0.004 -13"><span class='ocrx_word' id='word_1_520' title='bbox 1911 1021 2224 1087; x_wconf 87' lang='lat' dir='ltr'>alacritatis,</span> <span class='ocrx_word' id='word_1_521' title='bbox 2250 1019 2601 1089; x_wconf 88' lang='lat' dir='ltr'>jucunditatis</span> <span class='ocrx_word' id='word_1_522' title='bbox 2631 1018 2945 1089; x_wconf 61' lang='lat' dir='ltr'>spiritualis.</span> <span class='ocrx_word' id='word_1_523' title='bbox 2979 1017 3062 1071; x_wconf 84' lang='lat' dir='ltr'>Ad</span> <span class='ocrx_word' id='word_1_524' title='bbox 3093 1016 3405 1086; x_wconf 85' lang='lat' dir='ltr'>cachinnos,</span> <span class='ocrx_word' id='word_1_525' title='bbox 3438 1015 3509 1069; x_wconf 92' lang='lat' dir='ltr'>ad</span> 
     </span>
    </p>
   </div>
   <div class='ocr_carea' id='block_1_70' title="bbox 1911 1102 3605 1176">
    <p class='ocr_par' dir='ltr' id='par_1_70' title="bbox 1911 1102 3605 1176">
     <span class='ocr_line' id='line_1_70' title="bbox 1911 1102 3605 1176; baseline -0.004 -13"><span class='ocrx_word' id='word_1_526' title='bbox 1911 1110 2271 1164; x_wconf 88' lang='lat' dir='ltr'>fabulationes</span> <span class='ocrx_word' id='word_1_527' title='bbox 2298 1117 2350 1162; x_wconf 88' lang='lat' dir='ltr'>et</span> <span class='ocrx_word' id='word_1_528' title='bbox 2398 1107 2698 1162; x_wconf 87' lang='lat' dir='ltr'>otiositates</span> <span class='ocrx_word' id='word_1_529' title='bbox 2730 1114 3012 1176; x_wconf 86' lang='lat' dir='ltr'>promptus</span> <span class='ocrx_word' id='word_1_530' title='bbox 3042 1113 3094 1159; x_wconf 89' lang='lat' dir='ltr'>et</span> <span class='ocrx_word' id='word_1_531' title='bbox 3122 1104 3281 1159; x_wconf 86' lang='lat' dir='ltr'>velox</span> <span class='ocrx_word' id='word_1_532' title='bbox 3310 1120 3403 1169; x_wconf 89' lang='lat' dir='ltr'>es;</span> <span class='ocrx_word' id='word_1_533' title='bbox 3435 1102 3507 1157; x_wconf 88' lang='lat' dir='ltr'>ad</span> <span class='ocrx_word' id='word_1_534' title='bbox 3602 1160 3605 1163; x_wconf 54' lang='grc'><strong>,</strong></span> 
     </span>
    </p>
   </div>
   <div class='ocr_carea' id='block_1_71' title="bbox 1912 1186 3509 1260">
    <p class='ocr_par' dir='ltr' id='par_1_71' title="bbox 1912 1186 3509 1260">
     <span class='ocr_line' id='line_1_71' title="bbox 1912 1186 3509 1260; baseline -0.005 -13"><span class='ocrx_word' id='word_1_535' title='bbox 1912 1192 2180 1247; x_wconf 92' lang='lat' dir='ltr'>silentium</span> <span class='ocrx_word' id='word_1_536' title='bbox 2243 1207 2393 1258; x_wconf 88' lang='lat' dir='ltr'>vero,</span> <span class='ocrx_word' id='word_1_537' title='bbox 2446 1191 2517 1244; x_wconf 89' lang='lat' dir='ltr'>ad</span> <span class='ocrx_word' id='word_1_538' title='bbox 2554 1189 2828 1260; x_wconf 80' lang='lat' dir='ltr'>agendum</span> <span class='ocrx_word' id='word_1_539' title='bbox 2879 1188 3079 1258; x_wconf 89' lang='lat' dir='ltr'>aliquid</span> <span class='ocrx_word' id='word_1_540' title='bbox 3128 1188 3275 1254; x_wconf 91' lang='lat' dir='ltr'>utile,</span> <span class='ocrx_word' id='word_1_541' title='bbox 3342 1195 3394 1240; x_wconf 91' lang='lat' dir='ltr'>et</span> <span class='ocrx_word' id='word_1_542' title='bbox 3440 1186 3509 1239; x_wconf 92' lang='lat' dir='ltr'>ad</span> 
     </span>
    </p>
   </div>
   <div class='ocr_carea' id='block_1_72' title="bbox 1912 1274 3508 1350">
    <p class='ocr_par' dir='ltr' id='par_1_72' title="bbox 1912 1274 3508 1350">
     <span class='ocr_line' id='line_1_72' title="bbox 1912 1274 3508 1350; baseline -0.004 -15"><span class='ocrx_word' id='word_1_543' title='bbox 1912 1297 2072 1336; x_wconf 88' lang='lat' dir='ltr'>omne</span> <span class='ocrx_word' id='word_1_544' title='bbox 2104 1279 2383 1350; x_wconf 89' lang='lat' dir='ltr'>spirituale</span> <span class='ocrx_word' id='word_1_545' title='bbox 2429 1277 2744 1333; x_wconf 85' lang='lat' dir='ltr'>exercitium</span> <span class='ocrx_word' id='word_1_546' title='bbox 2794 1276 2982 1330; x_wconf 91' lang='lat' dir='ltr'>tardus</span> <span class='ocrx_word' id='word_1_547' title='bbox 3021 1274 3242 1329; x_wconf 91' lang='lat' dir='ltr'>omnino</span> <span class='ocrx_word' id='word_1_548' title='bbox 3272 1282 3325 1329; x_wconf 89' lang='lat' dir='ltr'>et</span> <span class='ocrx_word' id='word_1_549' title='bbox 3352 1274 3508 1345; x_wconf 80' lang='lat' dir='ltr'>piger</span> 
     </span>
    </p>
   </div>
   <div class='ocr_carea' id='block_1_73' title="bbox 1911 1362 3506 1439">
    <p class='ocr_par' dir='ltr' id='par_1_73' title="bbox 1911 1362 3506 1439">
     <span class='ocr_line' id='line_1_73' title="bbox 1911 1362 3506 1439; baseline -0.005 -15"><span class='ocrx_word' id='word_1_550' title='bbox 1911 1386 1990 1424; x_wconf 91' lang='lat' dir='ltr'>es.</span> <span class='ocrx_word' id='word_1_551' title='bbox 2025 1368 2070 1422; x_wconf 95' lang='grc' dir='ltr'><strong>Ο</strong></span> <span class='ocrx_word' id='word_1_552' title='bbox 2103 1383 2266 1439; x_wconf 89' lang='lat' dir='ltr'>quam</span> <span class='ocrx_word' id='word_1_553' title='bbox 2308 1367 2510 1421; x_wconf 91' lang='lat' dir='ltr'>misera</span> <span class='ocrx_word' id='word_1_554' title='bbox 2556 1364 2780 1419; x_wconf 91' lang='lat' dir='ltr'>mutatio</span> <span class='ocrx_word' id='word_1_555' title='bbox 2828 1362 3161 1418; x_wconf 78' lang='lat' dir='ltr'>studiorum!</span> <span class='ocrx_word' id='word_1_556' title='bbox 3194 1364 3311 1417; x_wconf 87' lang='lat' dir='ltr'>Jam</span> <span class='ocrx_word' id='word_1_557' title='bbox 3358 1362 3506 1417; x_wconf 90' lang='lat' dir='ltr'>idem</span> 
     </span>
    </p>
   </div>
   <div class='ocr_carea' id='block_1_74' title="bbox 1911 1449 3586 1528">
    <p class='ocr_par' dir='ltr' id='par_1_74' title="bbox 1911 1449 3586 1528">
     <span class='ocr_line' id='line_1_74' title="bbox 1911 1449 3586 1528; baseline -0.004 -17"><span class='ocrx_word' id='word_1_558' title='bbox 1911 1458 2028 1528; x_wconf 93' lang='lat' dir='ltr'>ipse</span> <span class='ocrx_word' id='word_1_559' title='bbox 2058 1472 2168 1511; x_wconf 91' lang='lat' dir='ltr'>non</span> <span class='ocrx_word' id='word_1_560' title='bbox 2198 1472 2257 1510; x_wconf 91' lang='lat' dir='ltr'>es</span> <span class='ocrx_word' id='word_1_561' title='bbox 2288 1455 2379 1527; x_wconf 93' lang='lat' dir='ltr'>qui</span> <span class='ocrx_word' id='word_1_562' title='bbox 2426 1453 2720 1525; x_wconf 90' lang='lat' dir='ltr'>aliquando</span> <span class='ocrx_word' id='word_1_563' title='bbox 2766 1452 2932 1520; x_wconf 87' lang='lat' dir='ltr'>fuisti,</span> <span class='ocrx_word' id='word_1_564' title='bbox 2966 1452 3064 1507; x_wconf 91' lang='lat' dir='ltr'>sed</span> <span class='ocrx_word' id='word_1_565' title='bbox 3095 1468 3159 1507; x_wconf 85' lang='lat' dir='ltr'>ex</span> <span class='ocrx_word' id='word_1_566' title='bbox 3189 1459 3302 1507; x_wconf 90' lang='lat' dir='ltr'>toto</span> <span class='ocrx_word' id='word_1_567' title='bbox 3332 1452 3497 1506; x_wconf 90' lang='lat' dir='ltr'>alius.</span> <span class='ocrx_word' id='word_1_568' title='bbox 3582 1449 3586 1453; x_wconf 72' lang='grc'><strong>’</strong></span> 
     </span>
    </p>
   </div>
   <div class='ocr_carea' id='block_1_75' title="bbox 1913 1539 3509 1615">
    <p class='ocr_par' dir='ltr' id='par_1_75' title="bbox 1913 1539 3509 1615">
     <span class='ocr_line' id='line_1_75' title="bbox 1913 1539 3509 1615; baseline -0.004 -15"><span class='ocrx_word' id='word_1_569' title='bbox 1913 1546 2021 1601; x_wconf 89' lang='lat' dir='ltr'>Sed</span> <span class='ocrx_word' id='word_1_570' title='bbox 2061 1560 2351 1615; x_wconf 84' lang='lat' dir='ltr'>consurge,</span> <span class='ocrx_word' id='word_1_571' title='bbox 2403 1551 2654 1599; x_wconf 88' lang='lat' dir='ltr'>excutere</span> <span class='ocrx_word' id='word_1_572' title='bbox 2692 1542 2759 1597; x_wconf 92' lang='lat' dir='ltr'>de</span> <span class='ocrx_word' id='word_1_573' title='bbox 2802 1541 3049 1612; x_wconf 92' lang='lat' dir='ltr'>pulvere,</span> <span class='ocrx_word' id='word_1_574' title='bbox 3100 1539 3252 1595; x_wconf 91' lang='lat' dir='ltr'>solve</span> <span class='ocrx_word' id='word_1_575' title='bbox 3297 1540 3509 1595; x_wconf 89' lang='lat' dir='ltr'>vincula</span> 
     </span>
    </p>
   </div>
   <div class='ocr_carea' id='block_1_76' title="bbox 1911 1630 3511 1703">
    <p class='ocr_par' dir='ltr' id='par_1_76' title="bbox 1911 1630 3511 1703">
     <span class='ocr_line' id='line_1_76' title="bbox 1911 1630 3511 1703; baseline -0.005 -14"><span class='ocrx_word' id='word_1_576' title='bbox 1911 1633 2034 1689; x_wconf 90' lang='lat' dir='ltr'>colli</span> <span class='ocrx_word' id='word_1_577' title='bbox 2065 1632 2166 1687; x_wconf 90' lang='lat' dir='ltr'>tui.</span> <span class='ocrx_word' id='word_1_578' title='bbox 2205 1632 2413 1687; x_wconf 88' lang='lat' dir='ltr'>Conare</span> <span class='ocrx_word' id='word_1_579' title='bbox 2446 1631 2537 1703; x_wconf 91' lang='lat' dir='ltr'>qui</span> <span class='ocrx_word' id='word_1_580' title='bbox 2560 1631 2640 1686; x_wconf 89' lang='lat' dir='ltr'>sic</span> <span class='ocrx_word' id='word_1_581' title='bbox 2671 1630 2936 1685; x_wconf 91' lang='lat' dir='ltr'>discissus</span> <span class='ocrx_word' id='word_1_582' title='bbox 2967 1645 3027 1683; x_wconf 94' lang='lat' dir='ltr'>es</span> <span class='ocrx_word' id='word_1_583' title='bbox 3048 1642 3312 1699; x_wconf 88' lang='lat' dir='ltr'>reparare</span> <span class='ocrx_word' id='word_1_584' title='bbox 3336 1636 3386 1682; x_wconf 88' lang='lat' dir='ltr'>te</span> <span class='ocrx_word' id='word_1_585' title='bbox 3420 1642 3432 1681; x_wconf 90' lang='lat'>:</span> <span class='ocrx_word' id='word_1_586' title='bbox 3458 1635 3511 1682; x_wconf 89' lang='lat' dir='ltr'>et</span> 
     </span>
    </p>
   </div>
   <div class='ocr_carea' id='block_1_77' title="bbox 1911 1717 3510 1786">
    <p class='ocr_par' dir='ltr' id='par_1_77' title="bbox 1911 1717 3510 1786">
     <span class='ocr_line' id='line_1_77' title="bbox 1911 1717 3510 1786; baseline -0.004 -10"><span class='ocrx_word' id='word_1_587' title='bbox 1911 1722 2231 1778; x_wconf 88' lang='lat' dir='ltr'>renuntians</span> <span class='ocrx_word' id='word_1_588' title='bbox 2261 1721 2387 1775; x_wconf 90' lang='lat' dir='ltr'>huic</span> <span class='ocrx_word' id='word_1_589' title='bbox 2416 1720 2689 1786; x_wconf 89' lang='lat' dir='ltr'>vetustati,</span> <span class='ocrx_word' id='word_1_590' title='bbox 2722 1719 2943 1773; x_wconf 90' lang='lat' dir='ltr'>intende</span> <span class='ocrx_word' id='word_1_591' title='bbox 2972 1717 3098 1772; x_wconf 87' lang='lat' dir='ltr'>totis</span> <span class='ocrx_word' id='word_1_592' title='bbox 3145 1717 3353 1772; x_wconf 91' lang='lat' dir='ltr'>viribus</span> <span class='ocrx_word' id='word_1_593' title='bbox 3404 1724 3510 1771; x_wconf 75' lang='lat' dir='ltr'>tuae</span> 
     </span>
    </p>
   </div>
   <div class='ocr_carea' id='block_1_78' title="bbox 1914 1805 3511 1878">
    <p class='ocr_par' dir='ltr' id='par_1_78' title="bbox 1914 1805 3511 1878">
     <span class='ocr_line' id='line_1_78' title="bbox 1914 1805 3511 1878; baseline -0.004 -13"><span class='ocrx_word' id='word_1_594' title='bbox 1914 1810 2271 1866; x_wconf 90' lang='lat' dir='ltr'>renovationi.</span> <span class='ocrx_word' id='word_1_595' title='bbox 2324 1808 2617 1876; x_wconf 86' lang='lat' dir='ltr'>Quomodo</span> <span class='ocrx_word' id='word_1_596' title='bbox 2668 1808 2797 1874; x_wconf 90' lang='lat' dir='ltr'>hoc,</span> <span class='ocrx_word' id='word_1_597' title='bbox 2830 1806 3030 1878; x_wconf 90' lang='lat' dir='ltr'>inquis,</span> <span class='ocrx_word' id='word_1_598' title='bbox 3064 1805 3245 1861; x_wconf 87' lang='lat' dir='ltr'>facere</span> <span class='ocrx_word' id='word_1_599' title='bbox 3274 1806 3511 1876; x_wconf 82' lang='lat' dir='ltr'>potero?</span> 
     </span>
    </p>
   </div>
   <div class='ocr_carea' id='block_1_79' title="bbox 1912 1894 3511 1968">
    <p class='ocr_par' dir='ltr' id='par_1_79' title="bbox 1912 1894 3511 1968">
     <span class='ocr_line' id='line_1_79' title="bbox 1912 1894 3511 1968; baseline -0.003 -15"><span class='ocrx_word' id='word_1_600' title='bbox 1912 1900 2073 1965; x_wconf 83' lang='lat' dir='ltr'>Audi,</span> <span class='ocrx_word' id='word_1_601' title='bbox 2124 1906 2177 1953; x_wconf 89' lang='lat' dir='ltr'>et</span> <span class='ocrx_word' id='word_1_602' title='bbox 2225 1897 2469 1968; x_wconf 87' lang='lat' dir='ltr'>intellige</span> <span class='ocrx_word' id='word_1_603' title='bbox 2502 1896 2777 1967; x_wconf 91' lang='lat' dir='ltr'>quomodo</span> <span class='ocrx_word' id='word_1_604' title='bbox 2822 1896 2927 1950; x_wconf 90' lang='lat' dir='ltr'>hoc</span> <span class='ocrx_word' id='word_1_605' title='bbox 2957 1894 3135 1965; x_wconf 92' lang='lat' dir='ltr'>possis</span> <span class='ocrx_word' id='word_1_606' title='bbox 3165 1894 3364 1950; x_wconf 89' lang='lat' dir='ltr'>facere.</span> <span class='ocrx_word' id='word_1_607' title='bbox 3400 1895 3511 1948; x_wconf 84' lang='lat' dir='ltr'>Re-</span> 
     </span>
    </p>
   </div>
   <div class='ocr_carea' id='block_1_80' title="bbox 1912 1981 3509 2058">
    <p class='ocr_par' dir='ltr' id='par_1_80' title="bbox 1912 1981 3509 2058">
     <span class='ocr_line' id='line_1_80' title="bbox 1912 1981 3509 2058; baseline -0.003 -17"><span class='ocrx_word' id='word_1_608' title='bbox 1912 1996 2186 2058; x_wconf 68' lang='lat' dir='ltr'>prresenta</span> <span class='ocrx_word' id='word_1_609' title='bbox 2232 1986 2328 2040; x_wconf 86' lang='lat' dir='ltr'>tibi</span> <span class='ocrx_word' id='word_1_610' title='bbox 2379 2001 2567 2040; x_wconf 90' lang='lat' dir='ltr'>coram</span> <span class='ocrx_word' id='word_1_611' title='bbox 2627 1984 2799 2040; x_wconf 88' lang='lat' dir='ltr'>oculis</span> <span class='ocrx_word' id='word_1_612' title='bbox 2845 1983 2951 2038; x_wconf 89' lang='lat' dir='ltr'>tuis</span> <span class='ocrx_word' id='word_1_613' title='bbox 3000 1982 3269 2038; x_wconf 90' lang='lat' dir='ltr'>sociorum</span> <span class='ocrx_word' id='word_1_614' title='bbox 3320 1981 3509 2053; x_wconf 89' lang='lat' dir='ltr'>[Par.,</span> 
     </span>
    </p>
   </div>
   <div class='ocr_carea' id='block_1_81' title="bbox 1911 2072 3514 2146">
    <p class='ocr_par' dir='ltr' id='par_1_81' title="bbox 1911 2072 3514 2146">
     <span class='ocr_line' id='line_1_81' title="bbox 1911 2072 3514 2146; baseline -0.004 -16"><span class='ocrx_word' id='word_1_615' title='bbox 1911 2073 2241 2146; x_wconf 91' lang='lat' dir='ltr'>sanctorum]</span> <span class='ocrx_word' id='word_1_616' title='bbox 2282 2072 2710 2144; x_wconf 70' lang='lat' dir='ltr'>praecedentium</span> <span class='ocrx_word' id='word_1_617' title='bbox 2740 2080 2794 2128; x_wconf 88' lang='lat' dir='ltr'>et</span> <span class='ocrx_word' id='word_1_618' title='bbox 2825 2072 3049 2126; x_wconf 91' lang='lat' dir='ltr'>labores</span> <span class='ocrx_word' id='word_1_619' title='bbox 3090 2086 3342 2143; x_wconf 84' lang='lat' dir='ltr'>magnos,</span> <span class='ocrx_word' id='word_1_620' title='bbox 3378 2085 3514 2141; x_wconf 92' lang='lat' dir='ltr'>quos</span> 
     </span>
    </p>
   </div>
   <div class='ocr_carea' id='block_1_82' title="bbox 1912 2159 3518 2233">
    <p class='ocr_par' dir='ltr' id='par_1_82' title="bbox 1912 2159 3518 2233">
     <span class='ocr_line' id='line_1_82' title="bbox 1912 2159 3518 2233; baseline -0.004 -15"><span class='ocrx_word' id='word_1_621' title='bbox 1912 2164 2284 2218; x_wconf 80' lang='lat' dir='ltr'>sustinuerunt</span> <span class='ocrx_word' id='word_1_622' title='bbox 2324 2163 2380 2216; x_wconf 91' lang='lat' dir='ltr'>in</span> <span class='ocrx_word' id='word_1_623' title='bbox 2424 2170 2689 2233; x_wconf 89' lang='lat' dir='ltr'>tempore,</span> <span class='ocrx_word' id='word_1_624' title='bbox 2737 2168 2790 2215; x_wconf 93' lang='lat' dir='ltr'>et</span> <span class='ocrx_word' id='word_1_625' title='bbox 2838 2159 3065 2231; x_wconf 80' lang='lat' dir='ltr'>praemia</span> <span class='ocrx_word' id='word_1_626' title='bbox 3112 2159 3276 2230; x_wconf 87' lang='lat' dir='ltr'>longe</span> <span class='ocrx_word' id='word_1_627' title='bbox 3304 2159 3518 2227; x_wconf 88' lang='lat' dir='ltr'>majora</span> 
     </span>
    </p>
   </div>
   <div class='ocr_carea' id='block_1_83' title="bbox 1913 2247 3517 2324">
    <p class='ocr_par' dir='ltr' id='par_1_83' title="bbox 1913 2247 3517 2324">
     <span class='ocr_line' id='line_1_83' title="bbox 1913 2247 3517 2324; baseline -0.003 -18"><span class='ocrx_word' id='word_1_628' title='bbox 1913 2269 2032 2324; x_wconf 87' lang='lat' dir='ltr'>quae</span> <span class='ocrx_word' id='word_1_629' title='bbox 2055 2253 2166 2321; x_wconf 91' lang='lat' dir='ltr'>jam</span> <span class='ocrx_word' id='word_1_630' title='bbox 2196 2257 2552 2322; x_wconf 89' lang='lat' dir='ltr'>perceperunt</span> <span class='ocrx_word' id='word_1_631' title='bbox 2582 2250 2638 2303; x_wconf 92' lang='lat' dir='ltr'>in</span> <span class='ocrx_word' id='word_1_632' title='bbox 2667 2248 2988 2304; x_wconf 85' lang='lat' dir='ltr'>aeternitate.</span> <span class='ocrx_word' id='word_1_633' title='bbox 3023 2247 3301 2319; x_wconf 88' lang='lat' dir='ltr'>Conjunge</span> <span class='ocrx_word' id='word_1_634' title='bbox 3332 2254 3517 2302; x_wconf 86' lang='lat' dir='ltr'>vectes</span> 
     </span>
    </p>
   </div>
   <div class='ocr_carea' id='block_1_84' title="bbox 1912 2333 3518 2407">
    <p class='ocr_par' dir='ltr' id='par_1_84' title="bbox 1912 2333 3518 2407">
     <span class='ocr_line' id='line_1_84' title="bbox 1912 2333 3518 2407; baseline -0.006 -11"><span class='ocrx_word' id='word_1_635' title='bbox 1912 2340 2177 2407; x_wconf 89' lang='lat' dir='ltr'>vectibus,</span> <span class='ocrx_word' id='word_1_636' title='bbox 2210 2339 2265 2392; x_wconf 92' lang='lat' dir='ltr'>in</span> <span class='ocrx_word' id='word_1_637' title='bbox 2297 2339 2511 2393; x_wconf 87' lang='lat' dir='ltr'>interno</span> <span class='ocrx_word' id='word_1_638' title='bbox 2544 2336 2893 2393; x_wconf 88' lang='lat' dir='ltr'>tabernaculo</span> <span class='ocrx_word' id='word_1_639' title='bbox 2923 2344 3035 2402; x_wconf 92' lang='lat' dir='ltr'>tuo,</span> <span class='ocrx_word' id='word_1_640' title='bbox 3068 2335 3234 2391; x_wconf 90' lang='lat' dir='ltr'>corde</span> <span class='ocrx_word' id='word_1_641' title='bbox 3264 2342 3355 2389; x_wconf 93' lang='lat' dir='ltr'>tuo</span> <span class='ocrx_word' id='word_1_642' title='bbox 3390 2350 3402 2388; x_wconf 89' lang='lat'><strong>:</strong></span> <span class='ocrx_word' id='word_1_643' title='bbox 3436 2333 3518 2404; x_wconf 91' lang='lat' dir='ltr'>ip-</span> 
     </span>
    </p>
   </div>
   <div class='ocr_carea' id='block_1_85' title="bbox 1913 2422 3521 2499">
    <p class='ocr_par' dir='ltr' id='par_1_85' title="bbox 1913 2422 3521 2499">
     <span class='ocr_line' id='line_1_85' title="bbox 1913 2422 3521 2499; baseline -0.004 -17"><span class='ocrx_word' id='word_1_644' title='bbox 1913 2429 1988 2482; x_wconf 92' lang='lat' dir='ltr'>sis</span> <span class='ocrx_word' id='word_1_645' title='bbox 2034 2444 2249 2499; x_wconf 90' lang='lat' dir='ltr'>quoque</span> <span class='ocrx_word' id='word_1_646' title='bbox 2298 2427 2527 2481; x_wconf 91' lang='lat' dir='ltr'>annulos</span> <span class='ocrx_word' id='word_1_647' title='bbox 2576 2441 2770 2481; x_wconf 89' lang='lat' dir='ltr'>aureos</span> <span class='ocrx_word' id='word_1_648' title='bbox 2817 2425 3056 2496; x_wconf 85' lang='lat' dir='ltr'>impone,</span> <span class='ocrx_word' id='word_1_649' title='bbox 3102 2432 3159 2478; x_wconf 92' lang='lat' dir='ltr'>ut</span> <span class='ocrx_word' id='word_1_650' title='bbox 3204 2422 3421 2477; x_wconf 86' lang='lat' dir='ltr'>ﬁrmum</span> <span class='ocrx_word' id='word_1_651' title='bbox 3451 2422 3521 2476; x_wconf 87' lang='lat' dir='ltr'>sit</span> 
     </span>
    </p>
   </div>
   <div class='ocr_carea' id='block_1_86' title="bbox 1912 2511 3523 2581">
    <p class='ocr_par' dir='ltr' id='par_1_86' title="bbox 1912 2511 3523 2581">
     <span class='ocr_line' id='line_1_86' title="bbox 1912 2511 3523 2581; baseline -0.005 -9"><span class='ocrx_word' id='word_1_652' title='bbox 1912 2515 2201 2572; x_wconf 73' lang='lat' dir='ltr'>mdiﬁcium</span> <span class='ocrx_word' id='word_1_653' title='bbox 2230 2516 2429 2570; x_wconf 89' lang='lat' dir='ltr'>mentis</span> <span class='ocrx_word' id='word_1_654' title='bbox 2462 2523 2588 2581; x_wconf 71' lang='lat' dir='ltr'>tuae,</span> <span class='ocrx_word' id='word_1_655' title='bbox 2626 2522 2678 2569; x_wconf 88' lang='lat' dir='ltr'>et</span> <span class='ocrx_word' id='word_1_656' title='bbox 2707 2530 2816 2568; x_wconf 91' lang='lat' dir='ltr'>non</span> <span class='ocrx_word' id='word_1_657' title='bbox 2838 2513 3072 2568; x_wconf 91' lang='lat' dir='ltr'>vacillet.</span> <span class='ocrx_word' id='word_1_658' title='bbox 3107 2513 3305 2567; x_wconf 82' lang='lat' dir='ltr'>Vectes</span> <span class='ocrx_word' id='word_1_659' title='bbox 3334 2511 3523 2581; x_wconf 91' lang='lat' dir='ltr'>utique</span> 
     </span>
    </p>
   </div>
   <div class='ocr_carea' id='block_1_87' title="bbox 1913 2600 3520 2675">
    <p class='ocr_par' dir='ltr' id='par_1_87' title="bbox 1913 2600 3520 2675">
     <span class='ocr_line' id='line_1_87' title="bbox 1913 2600 3520 2675; baseline -0.003 -15"><span class='ocrx_word' id='word_1_660' title='bbox 1913 2605 2159 2660; x_wconf 91' lang='lat' dir='ltr'>vectibus</span> <span class='ocrx_word' id='word_1_661' title='bbox 2205 2604 2633 2675; x_wconf 86' lang='lat' dir='ltr'>conjunguntur,</span> <span class='ocrx_word' id='word_1_662' title='bbox 2682 2618 2805 2657; x_wconf 90' lang='lat' dir='ltr'>cum</span> <span class='ocrx_word' id='word_1_663' title='bbox 2837 2601 3062 2656; x_wconf 85' lang='lat' dir='ltr'>virtutes</span> <span class='ocrx_word' id='word_1_664' title='bbox 3094 2600 3380 2655; x_wconf 90' lang='lat' dir='ltr'>virtutibus</span> <span class='ocrx_word' id='word_1_665' title='bbox 3422 2616 3520 2655; x_wconf 94' lang='lat' dir='ltr'>co-</span> 
     </span>
    </p>
   </div>
   <div class='ocr_carea' id='block_1_88' title="bbox 1913 2689 3520 2763">
    <p class='ocr_par' dir='ltr' id='par_1_88' title="bbox 1913 2689 3520 2763">
     <span class='ocr_line' id='line_1_88' title="bbox 1913 2689 3520 2763; baseline -0.002 -16"><span class='ocrx_word' id='word_1_666' title='bbox 1913 2694 2187 2763; x_wconf 91' lang='lat' dir='ltr'>pulantur.</span> <span class='ocrx_word' id='word_1_667' title='bbox 2216 2692 2351 2746; x_wconf 86' lang='lat' dir='ltr'>Vide</span> <span class='ocrx_word' id='word_1_668' title='bbox 2383 2691 2655 2762; x_wconf 88' lang='lat' dir='ltr'>quomodo</span> <span class='ocrx_word' id='word_1_669' title='bbox 2684 2698 2869 2745; x_wconf 90' lang='lat' dir='ltr'>vectes</span> <span class='ocrx_word' id='word_1_670' title='bbox 2900 2689 3144 2744; x_wconf 91' lang='lat' dir='ltr'>vectibus</span> <span class='ocrx_word' id='word_1_671' title='bbox 3173 2689 3264 2743; x_wconf 89' lang='lat' dir='ltr'>ille</span> <span class='ocrx_word' id='word_1_672' title='bbox 3293 2695 3520 2758; x_wconf 90' lang='lat' dir='ltr'>aposto-</span> 
     </span>
    </p>
   </div>
   <div class='ocr_carea' id='block_1_89' title="bbox 1914 2777 3516 2851">
    <p class='ocr_par' dir='ltr' id='par_1_89' title="bbox 1914 2777 3516 2851">
     <span class='ocr_line' id='line_1_89' title="bbox 1914 2777 3516 2851; baseline -0.003 -16"><span class='ocrx_word' id='word_1_673' title='bbox 1914 2782 2091 2836; x_wconf 93' lang='lat' dir='ltr'>lorum</span> <span class='ocrx_word' id='word_1_674' title='bbox 2130 2781 2386 2851; x_wconf 90' lang='lat' dir='ltr'>princeps</span> <span class='ocrx_word' id='word_1_675' title='bbox 2428 2779 2480 2832; x_wconf 92' lang='lat' dir='ltr'>in</span> <span class='ocrx_word' id='word_1_676' title='bbox 2514 2778 2755 2834; x_wconf 90' lang='lat' dir='ltr'>secunda</span> <span class='ocrx_word' id='word_1_677' title='bbox 2799 2777 3030 2847; x_wconf 90' lang='lat' dir='ltr'>cpistola</span> <span class='ocrx_word' id='word_1_678' title='bbox 3073 2792 3174 2831; x_wconf 87' lang='lat' dir='ltr'>sua</span> <span class='ocrx_word' id='word_1_679' title='bbox 3205 2777 3516 2848; x_wconf 85' lang='lat' dir='ltr'>conjungat,</span> 
     </span>
    </p>
   </div>
   <div class='ocr_carea' id='block_1_90' title="bbox 1915 2866 3519 2941">
    <p class='ocr_par' dir='ltr' id='par_1_90' title="bbox 1915 2866 3519 2941">
     <span class='ocr_line' id='line_1_90' title="bbox 1915 2866 3519 2941; baseline -0.003 -17"><span class='ocrx_word' id='word_1_680' title='bbox 1915 2871 2007 2941; x_wconf 89' lang='lat' dir='ltr'>qui</span> <span class='ocrx_word' id='word_1_681' title='bbox 2040 2869 2094 2923; x_wconf 91' lang='lat' dir='ltr'>in</span> <span class='ocrx_word' id='word_1_682' title='bbox 2127 2885 2191 2924; x_wconf 90' lang='lat' dir='ltr'>ea</span> <span class='ocrx_word' id='word_1_683' title='bbox 2214 2869 2293 2925; x_wconf 92' lang='lat' dir='ltr'>sic</span> <span class='ocrx_word' id='word_1_684' title='bbox 2315 2869 2390 2923; x_wconf 89' lang='lat' dir='ltr'>ait</span> <span class='ocrx_word' id='word_1_685' title='bbox 2424 2886 2436 2921; x_wconf 94' lang='lat'>:</span> <span class='ocrx_word' id='word_1_686' title='bbox 2463 2869 2786 2923; x_wconf 85' lang='lat' dir='ltr'>Ministrate</span> <span class='ocrx_word' id='word_1_687' title='bbox 2806 2868 2870 2921; x_wconf 92' lang='lat' dir='ltr'>in</span> <span class='ocrx_word' id='word_1_688' title='bbox 2889 2866 2999 2934; x_wconf 82' lang='lat' dir='ltr'>ﬁde</span> <span class='ocrx_word' id='word_1_689' title='bbox 3020 2869 3207 2921; x_wconf 84' lang='lat' dir='ltr'>vestra</span> <span class='ocrx_word' id='word_1_690' title='bbox 3228 2866 3519 2932; x_wconf 82' lang='lat' dir='ltr'>virtutem,</span> 
     </span>
    </p>
   </div>
   <div class='ocr_carea' id='block_1_91' title="bbox 1915 2953 3525 3020">
    <p class='ocr_par' dir='ltr' id='par_1_91' title="bbox 1915 2953 3525 3020">
     <span class='ocr_line' id='line_1_91' title="bbox 1915 2953 3525 3020; baseline -0.003 -7"><span class='ocrx_word' id='word_1_691' title='bbox 1915 2960 1979 3013; x_wconf 88' lang='lat' dir='ltr'>in</span> <span class='ocrx_word' id='word_1_692' title='bbox 2005 2960 2211 3014; x_wconf 85' lang='lat' dir='ltr'>virtute</span> <span class='ocrx_word' id='word_1_693' title='bbox 2245 2961 2443 3012; x_wconf 88' lang='lat' dir='ltr'>autem</span> <span class='ocrx_word' id='word_1_694' title='bbox 2474 2957 2794 3020; x_wconf 81' lang='lat' dir='ltr'>scientiam,</span> <span class='ocrx_word' id='word_1_695' title='bbox 2828 2957 2891 3009; x_wconf 86' lang='lat' dir='ltr'>in</span> <span class='ocrx_word' id='word_1_696' title='bbox 2930 2956 3173 3010; x_wconf 87' lang='lat' dir='ltr'>scientia</span> <span class='ocrx_word' id='word_1_697' title='bbox 3199 2958 3391 3009; x_wconf 86' lang='lat' dir='ltr'>autem</span> <span class='ocrx_word' id='word_1_698' title='bbox 3428 2953 3525 3009; x_wconf 92' lang='lat' dir='ltr'>ab-</span> 
     </span>
    </p>
   </div>
   <div class='ocr_carea' id='block_1_92' title="bbox 1916 3044 3523 3113">
    <p class='ocr_par' dir='ltr' id='par_1_92' title="bbox 1916 3044 3523 3113">
     <span class='ocr_line' id='line_1_92' title="bbox 1916 3044 3523 3113; baseline -0.002 -12"><span class='ocrx_word' id='word_1_699' title='bbox 1916 3048 2280 3109; x_wconf 85' lang='lat' dir='ltr'>stinentiam,</span> <span class='ocrx_word' id='word_1_700' title='bbox 2296 3047 2359 3100; x_wconf 85' lang='lat' dir='ltr'>in</span> <span class='ocrx_word' id='word_1_701' title='bbox 2375 3045 2725 3100; x_wconf 80' lang='lat' dir='ltr'>abstinentia</span> <span class='ocrx_word' id='word_1_702' title='bbox 2750 3048 2941 3098; x_wconf 87' lang='lat' dir='ltr'>autem</span> <span class='ocrx_word' id='word_1_703' title='bbox 2961 3044 3327 3113; x_wconf 76' lang='lat' dir='ltr'>patientiam,</span> <span class='ocrx_word' id='word_1_704' title='bbox 3351 3045 3413 3097; x_wconf 86' lang='lat' dir='ltr'>in</span> <span class='ocrx_word' id='word_1_705' title='bbox 3429 3058 3523 3113; x_wconf 86' lang='lat' dir='ltr'>pa-</span> 
     </span>
    </p>
   </div>
   <div class='ocr_carea' id='block_1_93' title="bbox 1841 3113 3521 3205">
    <p class='ocr_par' dir='ltr' id='par_1_93' title="bbox 1841 3113 3521 3205">
     <span class='ocr_line' id='line_1_93' title="bbox 1841 3113 3521 3205; baseline -0.003 -15"><span class='ocrx_word' id='word_1_706' title='bbox 1841 3113 1887 3173; x_wconf 78' lang='lat' dir='ltr'>C</span> <span class='ocrx_word' id='word_1_707' title='bbox 1919 3136 2129 3190; x_wconf 81' lang='lat' dir='ltr'>tientia</span> <span class='ocrx_word' id='word_1_708' title='bbox 2150 3138 2339 3189; x_wconf 90' lang='lat' dir='ltr'>autem</span> <span class='ocrx_word' id='word_1_709' title='bbox 2373 3135 2670 3205; x_wconf 85' lang='lat' dir='ltr'>pietatem,</span> <span class='ocrx_word' id='word_1_710' title='bbox 2694 3133 2757 3186; x_wconf 87' lang='lat' dir='ltr'>in</span> <span class='ocrx_word' id='word_1_711' title='bbox 2780 3132 2994 3202; x_wconf 82' lang='lat' dir='ltr'>pietate</span> <span class='ocrx_word' id='word_1_712' title='bbox 3018 3135 3211 3186; x_wconf 89' lang='lat' dir='ltr'>autem</span> <span class='ocrx_word' id='word_1_713' title='bbox 3237 3132 3521 3201; x_wconf 83' lang='lat' dir='ltr'>fraterni-</span> 
     </span>
    </p>
   </div>
   <div class='ocr_carea' id='block_1_94' title="bbox 1916 3219 3521 3291">
    <p class='ocr_par' dir='ltr' id='par_1_94' title="bbox 1916 3219 3521 3291">
     <span class='ocr_line' id='line_1_94' title="bbox 1916 3219 3521 3291; baseline -0.003 -14"><span class='ocrx_word' id='word_1_714' title='bbox 1916 3225 2055 3278; x_wconf 84' lang='lat' dir='ltr'>tatis</span> <span class='ocrx_word' id='word_1_715' title='bbox 2091 3238 2358 3287; x_wconf 87' lang='lat' dir='ltr'>amorem,</span> <span class='ocrx_word' id='word_1_716' title='bbox 2408 3222 2471 3275; x_wconf 84' lang='lat' dir='ltr'>in</span> <span class='ocrx_word' id='word_1_717' title='bbox 2509 3221 2909 3291; x_wconf 79' lang='lat' dir='ltr'>fraternitatis</span> <span class='ocrx_word' id='word_1_718' title='bbox 2951 3235 3140 3275; x_wconf 85' lang='lat' dir='ltr'>amore</span> <span class='ocrx_word' id='word_1_719' title='bbox 3179 3219 3521 3275; x_wconf 84' lang='lat' dir='ltr'>charitatem</span> 
     </span>
    </p>
   </div>
   <div class='ocr_carea' id='block_1_95' title="bbox 1916 3306 3516 3383">
    <p class='ocr_par' dir='ltr' id='par_1_95' title="bbox 1916 3306 3516 3383">
     <span class='ocr_line' id='line_1_95' title="bbox 1916 3306 3516 3383; baseline -0.004 -17"><span class='ocrx_word' id='word_1_720' title='bbox 1916 3312 1988 3383; x_wconf 90' lang='lat' dir='ltr'><strong>(II</strong></span> <span class='ocrx_word' id='word_1_721' title='bbox 2005 3314 2157 3367; x_wconf 89' lang='lat' dir='ltr'>Petr.</span> <span class='ocrx_word' id='word_1_722' title='bbox 2183 3326 2222 3377; x_wconf 88' lang='grc' dir='ltr'>ι,</span> <span class='ocrx_word' id='word_1_723' title='bbox 2259 3312 2335 3381; x_wconf 79' lang='grc'>5).</span> <span class='ocrx_word' id='word_1_724' title='bbox 2368 3309 2583 3377; x_wconf 87' lang='lat' dir='ltr'>Quanta</span> <span class='ocrx_word' id='word_1_725' title='bbox 2602 3317 2785 3363; x_wconf 91' lang='lat' dir='ltr'>autem</span> <span class='ocrx_word' id='word_1_726' title='bbox 2807 3324 2873 3363; x_wconf 89' lang='lat' dir='ltr'>ex</span> <span class='ocrx_word' id='word_1_727' title='bbox 2908 3309 3010 3362; x_wconf 89' lang='lat' dir='ltr'>hac</span> <span class='ocrx_word' id='word_1_728' title='bbox 3030 3307 3261 3362; x_wconf 90' lang='lat' dir='ltr'>vectium</span> <span class='ocrx_word' id='word_1_729' title='bbox 3296 3306 3516 3361; x_wconf 89' lang='lat' dir='ltr'>insimul</span> 
     </span>
    </p>
   </div>
   <div class='ocr_carea' id='block_1_96' title="bbox 1914 3395 3517 3470">
    <p class='ocr_par' dir='ltr' id='par_1_96' title="bbox 1914 3395 3517 3470">
     <span class='ocr_line' id='line_1_96' title="bbox 1914 3395 3517 3470; baseline -0.004 -14"><span class='ocrx_word' id='word_1_730' title='bbox 1914 3400 2256 3470; x_wconf 89' lang='lat' dir='ltr'>copulatione</span> <span class='ocrx_word' id='word_1_731' title='bbox 2282 3398 2484 3453; x_wconf 90' lang='lat' dir='ltr'>utilitas</span> <span class='ocrx_word' id='word_1_732' title='bbox 2506 3397 2811 3468; x_wconf 87' lang='lat' dir='ltr'>proveniat,</span> <span class='ocrx_word' id='word_1_733' title='bbox 2852 3396 3135 3451; x_wconf 90' lang='lat' dir='ltr'>subdendo</span> <span class='ocrx_word' id='word_1_734' title='bbox 3164 3395 3468 3450; x_wconf 87' lang='lat' dir='ltr'>manifestat</span> <span class='ocrx_word' id='word_1_735' title='bbox 3502 3413 3517 3450; x_wconf 89' lang='lat'><strong>:</strong></span> 
     </span>
    </p>
   </div>
   <div class='ocr_carea' id='block_1_97' title="bbox 1914 3486 3518 3556">
    <p class='ocr_par' dir='ltr' id='par_1_97' title="bbox 1914 3486 3518 3556">
     <span class='ocr_line' id='line_1_97' title="bbox 1914 3486 3518 3556; baseline -0.002 -14"><span class='ocrx_word' id='word_1_736' title='bbox 1914 3491 2037 3544; x_wconf 71' lang='grc' dir='ltr'>Ηιεε</span> <span class='ocrx_word' id='word_1_737' title='bbox 2060 3489 2212 3543; x_wconf 88' lang='lat' dir='ltr'>enim</span> <span class='ocrx_word' id='word_1_738' title='bbox 2234 3489 2286 3542; x_wconf 85' lang='lat' dir='ltr'>si</span> <span class='ocrx_word' id='word_1_739' title='bbox 2308 3488 2589 3543; x_wconf 82' lang='lat' dir='ltr'>vobiscum</span> <span class='ocrx_word' id='word_1_740' title='bbox 2615 3486 2828 3549; x_wconf 85' lang='lat' dir='ltr'>adsint,</span> <span class='ocrx_word' id='word_1_741' title='bbox 2864 3488 3155 3556; x_wconf 85' lang='lat' dir='ltr'>superent,</span> <span class='ocrx_word' id='word_1_742' title='bbox 3184 3499 3297 3539; x_wconf 88' lang='lat' dir='ltr'>non</span> <span class='ocrx_word' id='word_1_743' title='bbox 3316 3500 3518 3539; x_wconf 83' lang='lat' dir='ltr'>vacuos</span> 
     </span>
    </p>
   </div>
   <div class='ocr_carea' id='block_1_98' title="bbox 1913 3573 3517 3647">
    <p class='ocr_par' dir='ltr' id='par_1_98' title="bbox 1913 3573 3517 3647">
     <span class='ocr_line' id='line_1_98' title="bbox 1913 3573 3517 3647; baseline -0.003 -15"><span class='ocrx_word' id='word_1_744' title='bbox 1913 3594 2017 3632; x_wconf 86' lang='lat' dir='ltr'>nec</span> <span class='ocrx_word' id='word_1_745' title='bbox 2030 3578 2152 3632; x_wconf 86' lang='lat' dir='ltr'>sine</span> <span class='ocrx_word' id='word_1_746' title='bbox 2169 3580 2368 3647; x_wconf 80' lang='lat' dir='ltr'>fructu</span> <span class='ocrx_word' id='word_1_747' title='bbox 2389 3591 2480 3630; x_wconf 82' lang='lat' dir='ltr'>vos</span> <span class='ocrx_word' id='word_1_748' title='bbox 2502 3575 2859 3630; x_wconf 85' lang='lat' dir='ltr'>constituent</span> <span class='ocrx_word' id='word_1_749' title='bbox 2873 3574 2931 3627; x_wconf 90' lang='lat' dir='ltr'>in</span> <span class='ocrx_word' id='word_1_750' title='bbox 2948 3573 3171 3628; x_wconf 84' lang='lat' dir='ltr'>Domini</span> <span class='ocrx_word' id='word_1_751' title='bbox 3191 3575 3375 3627; x_wconf 85' lang='lat' dir='ltr'>nostri</span> <span class='ocrx_word' id='word_1_752' title='bbox 3385 3574 3517 3628; x_wconf 82' lang='lat' dir='ltr'>Jesu</span> 
     </span>
    </p>
   </div>
   <div class='ocr_carea' id='block_1_99' title="bbox 1916 3659 3513 3734">
    <p class='ocr_par' dir='ltr' id='par_1_99' title="bbox 1916 3659 3513 3734">
     <span class='ocr_line' id='line_1_99' title="bbox 1916 3659 3513 3734; baseline -0.003 -15"><span class='ocrx_word' id='word_1_753' title='bbox 1916 3665 2125 3721; x_wconf 83' lang='lat' dir='ltr'>Christi</span> <span class='ocrx_word' id='word_1_754' title='bbox 2154 3666 2471 3734; x_wconf 86' lang='lat' dir='ltr'>cognitione</span> <span class='ocrx_word' id='word_1_755' title='bbox 2489 3663 2608 3734; x_wconf 80' lang='lat' dir='ltr'>(1b.,</span> <span class='ocrx_word' id='word_1_756' title='bbox 2636 3664 2708 3732; x_wconf 89' lang='lat'>8).</span> <span class='ocrx_word' id='word_1_757' title='bbox 2728 3661 2835 3716; x_wconf 91' lang='lat' dir='ltr'>Sed</span> <span class='ocrx_word' id='word_1_758' title='bbox 2856 3667 3043 3715; x_wconf 90' lang='lat' dir='ltr'>vectes</span> <span class='ocrx_word' id='word_1_759' title='bbox 3062 3661 3161 3714; x_wconf 86' lang='lat' dir='ltr'>hos</span> <span class='ocrx_word' id='word_1_760' title='bbox 3177 3659 3388 3713; x_wconf 90' lang='lat' dir='ltr'>annulis</span> <span class='ocrx_word' id='word_1_761' title='bbox 3410 3674 3513 3715; x_wconf 90' lang='lat' dir='ltr'>au-</span> 
     </span>
    </p>
   </div>
   <div class='ocr_carea' id='block_1_100' title="bbox 1911 3748 3511 3822">
    <p class='ocr_par' dir='ltr' id='par_1_100' title="bbox 1911 3748 3511 3822">
     <span class='ocr_line' id='line_1_100' title="bbox 1911 3748 3511 3822; baseline -0.003 -15"><span class='ocrx_word' id='word_1_762' title='bbox 1911 3753 2021 3808; x_wconf 88' lang='lat' dir='ltr'>reis</span> <span class='ocrx_word' id='word_1_763' title='bbox 2043 3752 2259 3822; x_wconf 91' lang='lat' dir='ltr'>impone</span> <span class='ocrx_word' id='word_1_764' title='bbox 2284 3770 2296 3806; x_wconf 94' lang='lat'>:</span> <span class='ocrx_word' id='word_1_765' title='bbox 2322 3753 2423 3806; x_wconf 90' lang='lat' dir='ltr'>hoc</span> <span class='ocrx_word' id='word_1_766' title='bbox 2451 3758 2553 3818; x_wconf 89' lang='lat' dir='ltr'>est,</span> <span class='ocrx_word' id='word_1_767' title='bbox 2573 3749 2856 3805; x_wconf 90' lang='lat' dir='ltr'>considera</span> <span class='ocrx_word' id='word_1_768' title='bbox 2878 3748 2931 3802; x_wconf 92' lang='lat' dir='ltr'>in</span> <span class='ocrx_word' id='word_1_769' title='bbox 2953 3754 3132 3803; x_wconf 89' lang='lat' dir='ltr'>mente</span> <span class='ocrx_word' id='word_1_770' title='bbox 3149 3764 3269 3819; x_wconf 68' lang='lat' dir='ltr'>qua:</span> <span class='ocrx_word' id='word_1_771' title='bbox 3298 3755 3351 3802; x_wconf 90' lang='lat' dir='ltr'>et</span> <span class='ocrx_word' id='word_1_772' title='bbox 3372 3764 3511 3819; x_wconf 89' lang='lat' dir='ltr'>qua-</span> 
     </span>
    </p>
   </div>
   <div class='ocr_carea' id='block_1_101' title="bbox 1910 3832 3511 3906">
    <p class='ocr_par' dir='ltr' id='par_1_101' title="bbox 1910 3832 3511 3906">
     <span class='ocr_line' id='line_1_101' title="bbox 1910 3832 3511 3906; baseline -0.003 -16"><span class='ocrx_word' id='word_1_773' title='bbox 1910 3837 1997 3903; x_wconf 89' lang='lat' dir='ltr'>lia,</span> <span class='ocrx_word' id='word_1_774' title='bbox 2033 3844 2084 3891; x_wconf 86' lang='lat' dir='ltr'>et</span> <span class='ocrx_word' id='word_1_775' title='bbox 2114 3844 2314 3906; x_wconf 87' lang='lat' dir='ltr'>quanta</span> <span class='ocrx_word' id='word_1_776' title='bbox 2335 3835 2439 3889; x_wconf 90' lang='lat' dir='ltr'>sint</span> <span class='ocrx_word' id='word_1_777' title='bbox 2458 3834 2685 3905; x_wconf 83' lang='lat' dir='ltr'>praemia</span> <span class='ocrx_word' id='word_1_778' title='bbox 2702 3850 2823 3904; x_wconf 77' lang='lat' dir='ltr'>quae</span> <span class='ocrx_word' id='word_1_779' title='bbox 2838 3832 2947 3901; x_wconf 90' lang='lat' dir='ltr'>jam</span> <span class='ocrx_word' id='word_1_780' title='bbox 2969 3838 3349 3902; x_wconf 90' lang='lat' dir='ltr'>perceperunt.</span> <span class='ocrx_word' id='word_1_781' title='bbox 3372 3832 3511 3885; x_wconf 93' lang='lat' dir='ltr'>Nam</span> 
     </span>
    </p>
   </div>
   <div class='ocr_carea' id='block_1_102' title="bbox 1911 3919 3512 3996">
    <p class='ocr_par' dir='ltr' id='par_1_102' title="bbox 1911 3919 3512 3996">
     <span class='ocr_line' id='line_1_102' title="bbox 1911 3919 3512 3996; baseline -0.002 -17"><span class='ocrx_word' id='word_1_782' title='bbox 1911 3942 2011 3996; x_wconf 90' lang='lat' dir='ltr'>per</span> <span class='ocrx_word' id='word_1_783' title='bbox 2041 3940 2234 3979; x_wconf 88' lang='lat' dir='ltr'>aurum</span> <span class='ocrx_word' id='word_1_784' title='bbox 2280 3924 2517 3991; x_wconf 89' lang='lat' dir='ltr'>claritas,</span> <span class='ocrx_word' id='word_1_785' title='bbox 2574 3939 2673 3993; x_wconf 88' lang='lat' dir='ltr'>per</span> <span class='ocrx_word' id='word_1_786' title='bbox 2710 3922 2971 3976; x_wconf 87' lang='lat' dir='ltr'>annulum</span> <span class='ocrx_word' id='word_1_787' title='bbox 3000 3935 3153 3989; x_wconf 88' lang='lat' dir='ltr'>vero,</span> <span class='ocrx_word' id='word_1_788' title='bbox 3186 3919 3241 3973; x_wconf 93' lang='lat' dir='ltr'>in</span> <span class='ocrx_word' id='word_1_789' title='bbox 3272 3935 3379 3990; x_wconf 91' lang='lat' dir='ltr'>quo</span> <span class='ocrx_word' id='word_1_790' title='bbox 3407 3934 3512 3976; x_wconf 89' lang='lat' dir='ltr'>nec</span> 
     </span>
    </p>
   </div>
   <div class='ocr_carea' id='block_1_103' title="bbox 1909 4008 3509 4081">
    <p class='ocr_par' dir='ltr' id='par_1_103' title="bbox 1909 4008 3509 4081">
     <span class='ocr_line' id='line_1_103' title="bbox 1909 4008 3509 4081; baseline -0.003 -14"><span class='ocrx_word' id='word_1_791' title='bbox 1909 4013 2119 4068; x_wconf 91' lang='lat' dir='ltr'>initium</span> <span class='ocrx_word' id='word_1_792' title='bbox 2149 4029 2249 4067; x_wconf 88' lang='lat' dir='ltr'>nec</span> <span class='ocrx_word' id='word_1_793' title='bbox 2280 4011 2402 4066; x_wconf 81' lang='lat' dir='ltr'>finis</span> <span class='ocrx_word' id='word_1_794' title='bbox 2432 4011 2571 4066; x_wconf 88' lang='lat' dir='ltr'>valet</span> <span class='ocrx_word' id='word_1_795' title='bbox 2601 4010 2852 4075; x_wconf 89' lang='lat' dir='ltr'>inveniri,</span> <span class='ocrx_word' id='word_1_796' title='bbox 2884 4008 3216 4080; x_wconf 88' lang='lat' dir='ltr'>perpetuitas</span> <span class='ocrx_word' id='word_1_797' title='bbox 3246 4008 3509 4081; x_wconf 82' lang='lat' dir='ltr'>designa-</span> 
     </span>
    </p>
   </div>
   <div class='ocr_carea' id='block_1_104' title="bbox 1910 4096 3508 4166">
    <p class='ocr_par' dir='ltr' id='par_1_104' title="bbox 1910 4096 3508 4166">
     <span class='ocr_line' id='line_1_104' title="bbox 1910 4096 3508 4166; baseline -0.003 -11"><span class='ocrx_word' id='word_1_798' title='bbox 1910 4109 2014 4155; x_wconf 90' lang='lat' dir='ltr'>tur.</span> <span class='ocrx_word' id='word_1_799' title='bbox 2050 4102 2115 4155; x_wconf 92' lang='lat' dir='ltr'>Ut</span> <span class='ocrx_word' id='word_1_800' title='bbox 2146 4100 2289 4155; x_wconf 89' lang='lat' dir='ltr'>scias</span> <span class='ocrx_word' id='word_1_801' title='bbox 2319 4100 2591 4166; x_wconf 90' lang='lat' dir='ltr'>nimirum,</span> <span class='ocrx_word' id='word_1_802' title='bbox 2626 4097 2965 4153; x_wconf 76' lang='lat' dir='ltr'>ineﬁ&#39;abiliter</span> <span class='ocrx_word' id='word_1_803' title='bbox 2994 4096 3344 4166; x_wconf 70' lang='lat' dir='ltr'>praemiorum</span> <span class='ocrx_word' id='word_1_804' title='bbox 3374 4111 3508 4151; x_wconf 89' lang='lat' dir='ltr'>suo-</span> 
     </span>
    </p>
   </div>
   <div class='ocr_carea' id='block_1_105' title="bbox 1910 4184 3508 4259">
    <p class='ocr_par' dir='ltr' id='par_1_105' title="bbox 1910 4184 3508 4259">
     <span class='ocr_line' id='line_1_105' title="bbox 1910 4184 3508 4259; baseline -0.002 -17"><span class='ocrx_word' id='word_1_805' title='bbox 1910 4206 2029 4244; x_wconf 90' lang='lat' dir='ltr'>rum</span> <span class='ocrx_word' id='word_1_806' title='bbox 2059 4197 2111 4243; x_wconf 89' lang='lat' dir='ltr'>et</span> <span class='ocrx_word' id='word_1_807' title='bbox 2138 4188 2550 4259; x_wconf 88' lang='lat' dir='ltr'>perpetuitatem</span> <span class='ocrx_word' id='word_1_808' title='bbox 2579 4203 2701 4241; x_wconf 91' lang='lat' dir='ltr'>esse</span> <span class='ocrx_word' id='word_1_809' title='bbox 2732 4186 2957 4253; x_wconf 90' lang='lat' dir='ltr'>claram,</span> <span class='ocrx_word' id='word_1_810' title='bbox 2982 4193 3035 4239; x_wconf 91' lang='lat' dir='ltr'>et</span> <span class='ocrx_word' id='word_1_811' title='bbox 3054 4184 3352 4240; x_wconf 89' lang='lat' dir='ltr'>claritatem</span> <span class='ocrx_word' id='word_1_812' title='bbox 3381 4200 3508 4255; x_wconf 89' lang='lat' dir='ltr'>per-</span> 
     </span>
    </p>
   </div>
   <div class='ocr_carea' id='block_1_106' title="bbox 1909 4272 3507 4348">
    <p class='ocr_par' dir='ltr' id='par_1_106' title="bbox 1909 4272 3507 4348">
     <span class='ocr_line' id='line_1_106' title="bbox 1909 4272 3507 4348; baseline -0.003 -16"><span class='ocrx_word' id='word_1_813' title='bbox 1909 4285 2147 4348; x_wconf 90' lang='lat' dir='ltr'>petuam.</span> <span class='ocrx_word' id='word_1_814' title='bbox 2180 4278 2261 4331; x_wconf 92' lang='lat' dir='ltr'>De</span> <span class='ocrx_word' id='word_1_815' title='bbox 2291 4276 2425 4345; x_wconf 92' lang='lat' dir='ltr'>ipsis</span> <span class='ocrx_word' id='word_1_816' title='bbox 2455 4291 2669 4346; x_wconf 90' lang='lat' dir='ltr'>quoque</span> <span class='ocrx_word' id='word_1_817' title='bbox 2700 4274 2944 4329; x_wconf 90' lang='lat' dir='ltr'>vectibus</span> <span class='ocrx_word' id='word_1_818' title='bbox 2966 4272 3126 4326; x_wconf 91' lang='lat' dir='ltr'>simul</span> <span class='ocrx_word' id='word_1_819' title='bbox 3142 4272 3427 4343; x_wconf 89' lang='lat' dir='ltr'>copulatis,</span> <span class='ocrx_word' id='word_1_820' title='bbox 3453 4281 3507 4328; x_wconf 88' lang='lat' dir='ltr'>et</span> 
     </span>
    </p>
   </div>
   <div class='ocr_carea' id='block_1_107' title="bbox 1909 4359 3502 4429">
    <p class='ocr_par' dir='ltr' id='par_1_107' title="bbox 1909 4359 3502 4429">
     <span class='ocr_line' id='line_1_107' title="bbox 1909 4359 3502 4429; baseline -0.001 -11"><span class='ocrx_word' id='word_1_821' title='bbox 1909 4365 2123 4419; x_wconf 90' lang='lat' dir='ltr'>annulis</span> <span class='ocrx_word' id='word_1_822' title='bbox 2140 4364 2334 4429; x_wconf 88' lang='lat' dir='ltr'>aureis,</span> <span class='ocrx_word' id='word_1_823' title='bbox 2360 4364 2464 4417; x_wconf 88' lang='lat' dir='ltr'>hoc</span> <span class='ocrx_word' id='word_1_824' title='bbox 2480 4363 2642 4417; x_wconf 91' lang='lat' dir='ltr'>modo</span> <span class='ocrx_word' id='word_1_825' title='bbox 2672 4360 2953 4416; x_wconf 86' lang='lat' dir='ltr'>Psalmista</span> <span class='ocrx_word' id='word_1_826' title='bbox 2986 4359 3109 4416; x_wconf 89' lang='lat' dir='ltr'>facit</span> <span class='ocrx_word' id='word_1_827' title='bbox 3130 4361 3464 4417; x_wconf 89' lang='lat' dir='ltr'>mentionem</span> <span class='ocrx_word' id='word_1_828' title='bbox 3489 4376 3502 4416; x_wconf 91' lang='lat'><strong>:</strong></span> 
     </span>
    </p>
   </div>
   <div class='ocr_carea' id='block_1_108' title="bbox 1826 4448 3505 4529">
    <p class='ocr_par' dir='ltr' id='par_1_108' title="bbox 1826 4448 3505 4529">
     <span class='ocr_line' id='line_1_108' title="bbox 1826 4448 3505 4529; baseline -0.001 -21"><span class='ocrx_word' id='word_1_829' title='bbox 1826 4470 1879 4529; x_wconf 84' lang='lat' dir='ltr'><strong>D</strong></span> <span class='ocrx_word' id='word_1_830' title='bbox 1911 4454 2080 4508; x_wconf 88' lang='lat' dir='ltr'>Ibunt</span> <span class='ocrx_word' id='word_1_831' title='bbox 2102 4454 2168 4507; x_wconf 86' lang='lat' dir='ltr'>de</span> <span class='ocrx_word' id='word_1_832' title='bbox 2186 4454 2396 4507; x_wconf 84' lang='lat' dir='ltr'>virtute</span> <span class='ocrx_word' id='word_1_833' title='bbox 2416 4454 2477 4506; x_wconf 90' lang='lat' dir='ltr'>in</span> <span class='ocrx_word' id='word_1_834' title='bbox 2500 4453 2800 4506; x_wconf 87' lang='lat' dir='ltr'>virtutem:</span> <span class='ocrx_word' id='word_1_835' title='bbox 2816 4448 3093 4505; x_wconf 84' lang='lat' dir='ltr'>videbitur</span> <span class='ocrx_word' id='word_1_836' title='bbox 3112 4452 3257 4505; x_wconf 88' lang='lat' dir='ltr'>Deus</span> <span class='ocrx_word' id='word_1_837' title='bbox 3274 4450 3505 4507; x_wconf 87' lang='lat' dir='ltr'>deorum</span> 
     </span>
    </p>
   </div>
   <div class='ocr_carea' id='block_1_109' title="bbox 1905 4538 3504 4611">
    <p class='ocr_par' dir='ltr' id='par_1_109' title="bbox 1905 4538 3504 4611">
     <span class='ocr_line' id='line_1_109' title="bbox 1905 4538 3504 4611; baseline -0.001 -14"><span class='ocrx_word' id='word_1_838' title='bbox 1905 4544 1967 4597; x_wconf 84' lang='lat' dir='ltr'>in</span> <span class='ocrx_word' id='word_1_839' title='bbox 2004 4542 2155 4597; x_wconf 84' lang='lat' dir='ltr'>Sion.</span> <span class='ocrx_word' id='word_1_840' title='bbox 2200 4541 2374 4611; x_wconf 85' lang='lat' dir='ltr'>(Psal.</span> <span class='ocrx_word' id='word_1_841' title='bbox 2413 4554 2655 4609; x_wconf 81' lang='lat' dir='ltr'>Lxxxm,</span> <span class='ocrx_word' id='word_1_842' title='bbox 2681 4539 2755 4610; x_wconf 93' lang='lat'>8).</span> <span class='ocrx_word' id='word_1_843' title='bbox 2795 4540 2875 4593; x_wconf 93' lang='lat' dir='ltr'>De</span> <span class='ocrx_word' id='word_1_844' title='bbox 2914 4538 3105 4593; x_wconf 89' lang='lat' dir='ltr'>virtute</span> <span class='ocrx_word' id='word_1_845' title='bbox 3135 4538 3217 4592; x_wconf 88' lang='lat' dir='ltr'>ire</span> <span class='ocrx_word' id='word_1_846' title='bbox 3246 4538 3302 4593; x_wconf 90' lang='lat' dir='ltr'>in</span> <span class='ocrx_word' id='word_1_847' title='bbox 3330 4539 3504 4595; x_wconf 90' lang='lat' dir='ltr'>virtu-</span> 
     </span>
    </p>
   </div>
   <div class='ocr_carea' id='block_1_110' title="bbox 1904 4626 3503 4698">
    <p class='ocr_par' dir='ltr' id='par_1_110' title="bbox 1904 4626 3503 4698">
     <span class='ocr_line' id='line_1_110' title="bbox 1904 4626 3503 4698; baseline 0 -15"><span class='ocrx_word' id='word_1_848' title='bbox 1904 4638 2034 4698; x_wconf 88' lang='lat' dir='ltr'>tem,</span> <span class='ocrx_word' id='word_1_849' title='bbox 2068 4630 2139 4683; x_wconf 89' lang='lat' dir='ltr'>ad</span> <span class='ocrx_word' id='word_1_850' title='bbox 2185 4637 2369 4684; x_wconf 86' lang='lat' dir='ltr'>vectes</span> <span class='ocrx_word' id='word_1_851' title='bbox 2404 4643 2416 4681; x_wconf 90' lang='lat'><strong><em>:</em></strong></span> <span class='ocrx_word' id='word_1_852' title='bbox 2449 4628 2638 4683; x_wconf 90' lang='lat' dir='ltr'>videre</span> <span class='ocrx_word' id='word_1_853' title='bbox 2668 4628 2842 4682; x_wconf 90' lang='lat' dir='ltr'>Deum</span> <span class='ocrx_word' id='word_1_854' title='bbox 2892 4626 3121 4682; x_wconf 91' lang='lat' dir='ltr'>deorum</span> <span class='ocrx_word' id='word_1_855' title='bbox 3164 4626 3221 4680; x_wconf 92' lang='lat' dir='ltr'>in</span> <span class='ocrx_word' id='word_1_856' title='bbox 3270 4626 3400 4683; x_wconf 91' lang='lat' dir='ltr'>Sion</span> <span class='ocrx_word' id='word_1_857' title='bbox 3432 4628 3503 4683; x_wconf 88' lang='lat' dir='ltr'>ad</span> 
     </span>
    </p>
   </div>
   <div class='ocr_carea' id='block_1_111' title="bbox 1908 4718 2618 4788">
    <p class='ocr_par' dir='ltr' id='par_1_111' title="bbox 1908 4718 2618 4788">
     <span class='ocr_line' id='line_1_111' title="bbox 1908 4718 2618 4788; baseline -0.004 -15"><span class='ocrx_word' id='word_1_858' title='bbox 1908 4718 2138 4773; x_wconf 89' lang='lat' dir='ltr'>annulos</span> <span class='ocrx_word' id='word_1_859' title='bbox 2160 4734 2357 4772; x_wconf 90' lang='lat' dir='ltr'>aureos</span> <span class='ocrx_word' id='word_1_860' title='bbox 2389 4724 2618 4788; x_wconf 89' lang='lat' dir='ltr'>spectat.</span> 
     </span>
    </p>
   </div>
   <div class='ocr_carea' id='block_1_112' title="bbox 2402 4848 3001 4905">
    <p class='ocr_par' dir='ltr' id='par_1_112' title="bbox 2402 4848 3001 4905">
     <span class='ocr_line' id='line_1_112' title="bbox 2402 4848 3001 4905; baseline -0.007 0"><span class='ocrx_word' id='word_1_861' title='bbox 2402 4849 2796 4905; x_wconf 81' lang='lat' dir='ltr'>CAPITULUM</span> <span class='ocrx_word' id='word_1_862' title='bbox 2827 4848 3001 4902; x_wconf 86' lang='lat' dir='ltr'><strong>XXV.</strong></span> 
     </span>
    </p>
   </div>
   <div class='ocr_carea' id='block_1_113' title="bbox 1979 4961 3500 5035">
    <p class='ocr_par' dir='ltr' id='par_1_113' title="bbox 1979 4961 3500 5035">
     <span class='ocr_line' id='line_1_113' title="bbox 1979 4961 3500 5035; baseline 0.001 -18"><span class='ocrx_word' id='word_1_863' title='bbox 1979 4965 2053 5019; x_wconf 87' lang='lat' dir='ltr'>De</span> <span class='ocrx_word' id='word_1_864' title='bbox 2084 4965 2152 5018; x_wconf 84' lang='lat' dir='ltr'>iis</span> <span class='ocrx_word' id='word_1_865' title='bbox 2183 4980 2303 5035; x_wconf 76' lang='lat' dir='ltr'>qua?</span> <span class='ocrx_word' id='word_1_866' title='bbox 2332 4964 2393 5016; x_wconf 86' lang='lat' dir='ltr'>in</span> <span class='ocrx_word' id='word_1_867' title='bbox 2416 4979 2594 5035; x_wconf 10' lang='lat' dir='ltr'>ﬁcarne</span> <span class='ocrx_word' id='word_1_868' title='bbox 2626 4965 2888 5033; x_wconf 83' lang='lat' dir='ltr'>operatus</span> <span class='ocrx_word' id='word_1_869' title='bbox 2922 4965 3005 5016; x_wconf 85' lang='lat' dir='ltr'>est</span> <span class='ocrx_word' id='word_1_870' title='bbox 3039 4961 3313 5027; x_wconf 82' lang='lat' dir='ltr'>Christus,</span> <span class='ocrx_word' id='word_1_871' title='bbox 3349 4965 3405 5017; x_wconf 85' lang='lat' dir='ltr'>et</span> <span class='ocrx_word' id='word_1_872' title='bbox 3435 4961 3500 5019; x_wconf 91' lang='lat' dir='ltr'>de</span> 
     </span>
    </p>
   </div>
   <div class='ocr_carea' id='block_1_114' title="bbox 2230 5034 3157 5089">
    <p class='ocr_par' dir='ltr' id='par_1_114' title="bbox 2230 5034 3157 5089">
     <span class='ocr_line' id='line_1_114' title="bbox 2230 5034 3157 5089; baseline -0.001 -2"><span class='ocrx_word' id='word_1_873' title='bbox 2230 5034 2506 5089; x_wconf 87' lang='lat' dir='ltr'>laboribus</span> <span class='ocrx_word' id='word_1_874' title='bbox 2545 5037 2873 5088; x_wconf 87' lang='lat' dir='ltr'>sanctorum</span> <span class='ocrx_word' id='word_1_875' title='bbox 2904 5048 3157 5086; x_wconf 86' lang='lat' dir='ltr'>suorum.</span> 
     </span>
    </p>
   </div>
   <div class='ocr_carea' id='block_1_115' title="bbox 1983 5145 3502 5217">
    <p class='ocr_par' dir='ltr' id='par_1_115' title="bbox 1983 5145 3502 5217">
     <span class='ocr_line' id='line_1_115' title="bbox 1983 5145 3502 5217; baseline 0.002 -16"><span class='ocrx_word' id='word_1_876' title='bbox 1983 5148 2131 5202; x_wconf 83' lang='lat' dir='ltr'>Vade</span> <span class='ocrx_word' id='word_1_877' title='bbox 2165 5164 2318 5217; x_wconf 87' lang='lat' dir='ltr'>ergo,</span> <span class='ocrx_word' id='word_1_878' title='bbox 2354 5156 2405 5202; x_wconf 89' lang='lat' dir='ltr'>et</span> <span class='ocrx_word' id='word_1_879' title='bbox 2436 5148 2488 5201; x_wconf 92' lang='lat' dir='ltr'>in</span> <span class='ocrx_word' id='word_1_880' title='bbox 2518 5147 2705 5217; x_wconf 89' lang='lat' dir='ltr'>primis</span> <span class='ocrx_word' id='word_1_881' title='bbox 2734 5145 3182 5201; x_wconf 87' lang='lat' dir='ltr'>considerationis</span> <span class='ocrx_word' id='word_1_882' title='bbox 3204 5155 3308 5202; x_wconf 64' lang='lat' dir='ltr'>tute</span> <span class='ocrx_word' id='word_1_883' title='bbox 3329 5150 3502 5204; x_wconf 90' lang='lat' dir='ltr'>oculis</span> 
     </span>
    </p>
   </div>
   <div class='ocr_carea' id='block_1_116' title="bbox 1907 5234 3501 5306">
    <p class='ocr_par' dir='ltr' id='par_1_116' title="bbox 1907 5234 3501 5306">
     <span class='ocr_line' id='line_1_116' title="bbox 1907 5234 3501 5306; baseline 0.002 -17"><span class='ocrx_word' id='word_1_884' title='bbox 1907 5251 2049 5306; x_wconf 90' lang='lat' dir='ltr'>pone</span> <span class='ocrx_word' id='word_1_885' title='bbox 2076 5236 2227 5289; x_wconf 90' lang='lat' dir='ltr'>illum</span> <span class='ocrx_word' id='word_1_886' title='bbox 2259 5236 2515 5291; x_wconf 87' lang='lat' dir='ltr'>Sanctum</span> <span class='ocrx_word' id='word_1_887' title='bbox 2545 5242 2874 5297; x_wconf 87' lang='lat' dir='ltr'>sanctorum,</span> <span class='ocrx_word' id='word_1_888' title='bbox 2907 5234 2998 5304; x_wconf 91' lang='lat' dir='ltr'>qui</span> <span class='ocrx_word' id='word_1_889' title='bbox 3028 5243 3179 5290; x_wconf 91' lang='lat' dir='ltr'>tuum</span> <span class='ocrx_word' id='word_1_890' title='bbox 3211 5245 3264 5291; x_wconf 92' lang='lat' dir='ltr'>et</span> <span class='ocrx_word' id='word_1_891' title='bbox 3294 5238 3501 5293; x_wconf 90' lang='lat' dir='ltr'>electo-</span> 
     </span>
    </p>
   </div>
   <div class='ocr_carea' id='block_1_117' title="bbox 1908 5322 3503 5395">
    <p class='ocr_par' dir='ltr' id='par_1_117' title="bbox 1908 5322 3503 5395">
     <span class='ocr_line' id='line_1_117' title="bbox 1908 5322 3503 5395; baseline 0.001 -18"><span class='ocrx_word' id='word_1_892' title='bbox 1908 5341 2029 5377; x_wconf 92' lang='lat' dir='ltr'>rum</span> <span class='ocrx_word' id='word_1_893' title='bbox 2059 5325 2298 5379; x_wconf 90' lang='lat' dir='ltr'>omnium</span> <span class='ocrx_word' id='word_1_894' title='bbox 2331 5332 2492 5394; x_wconf 87' lang='lat' dir='ltr'>caput</span> <span class='ocrx_word' id='word_1_895' title='bbox 2524 5332 2622 5387; x_wconf 88' lang='lat' dir='ltr'>cst,</span> <span class='ocrx_word' id='word_1_896' title='bbox 2658 5330 2713 5375; x_wconf 89' lang='lat' dir='ltr'>ut</span> <span class='ocrx_word' id='word_1_897' title='bbox 2746 5322 2822 5377; x_wconf 89' lang='lat' dir='ltr'>sic</span> <span class='ocrx_word' id='word_1_898' title='bbox 2847 5330 2895 5376; x_wconf 87' lang='lat' dir='ltr'>te</span> <span class='ocrx_word' id='word_1_899' title='bbox 2916 5324 3117 5392; x_wconf 88' lang='lat' dir='ltr'>probes</span> <span class='ocrx_word' id='word_1_900' title='bbox 3139 5341 3261 5379; x_wconf 90' lang='lat' dir='ltr'>esse</span> <span class='ocrx_word' id='word_1_901' title='bbox 3287 5325 3503 5395; x_wconf 88' lang='lat' dir='ltr'>sapien-</span> 
     </span>
    </p>
   </div>
   <div class='ocr_carea' id='block_1_118' title="bbox 1907 5412 3503 5484">
    <p class='ocr_par' dir='ltr' id='par_1_118' title="bbox 1907 5412 3503 5484">
     <span class='ocr_line' id='line_1_118' title="bbox 1907 5412 3503 5484; baseline 0.002 -19"><span class='ocrx_word' id='word_1_902' title='bbox 1907 5419 2017 5466; x_wconf 87' lang='lat' dir='ltr'>tem</span> <span class='ocrx_word' id='word_1_903' title='bbox 2039 5431 2051 5467; x_wconf 90' lang='lat'>:</span> <span class='ocrx_word' id='word_1_904' title='bbox 2072 5415 2210 5467; x_wconf 84' lang='lat' dir='ltr'>Nam</span> <span class='ocrx_word' id='word_1_905' title='bbox 2234 5415 2381 5469; x_wconf 88' lang='lat' dir='ltr'>oculi</span> <span class='ocrx_word' id='word_1_906' title='bbox 2420 5412 2697 5484; x_wconf 83' lang='lat' dir='ltr'>sapientis</span> <span class='ocrx_word' id='word_1_907' title='bbox 2718 5412 2779 5465; x_wconf 88' lang='lat' dir='ltr'>in</span> <span class='ocrx_word' id='word_1_908' title='bbox 2797 5413 2981 5481; x_wconf 85' lang='lat' dir='ltr'>capite</span> <span class='ocrx_word' id='word_1_909' title='bbox 3002 5414 3140 5482; x_wconf 88' lang='lat' dir='ltr'>ejus.</span> <span class='ocrx_word' id='word_1_910' title='bbox 3162 5413 3348 5484; x_wconf 88' lang='lat' dir='ltr'>Itaque</span> <span class='ocrx_word' id='word_1_911' title='bbox 3380 5414 3503 5468; x_wconf 90' lang='lat' dir='ltr'>vide</span> 
     </span>
    </p>
   </div>
   <div class='ocr_carea' id='block_1_119' title="bbox 1909 5499 3499 5572">
    <p class='ocr_par' dir='ltr' id='par_1_119' title="bbox 1909 5499 3499 5572">
     <span class='ocr_line' id='line_1_119' title="bbox 1909 5499 3499 5572; baseline 0 -17"><span class='ocrx_word' id='word_1_912' title='bbox 1909 5517 2031 5555; x_wconf 90' lang='lat' dir='ltr'>eum</span> <span class='ocrx_word' id='word_1_913' title='bbox 2063 5502 2269 5572; x_wconf 89' lang='lat' dir='ltr'>absque</span> <span class='ocrx_word' id='word_1_914' title='bbox 2300 5501 2447 5555; x_wconf 90' lang='lat' dir='ltr'>omni</span> <span class='ocrx_word' id='word_1_915' title='bbox 2489 5499 2793 5570; x_wconf 87' lang='lat' dir='ltr'>impuritate</span> <span class='ocrx_word' id='word_1_916' title='bbox 2830 5508 3174 5569; x_wconf 88' lang='lat' dir='ltr'>conceptum,</span> <span class='ocrx_word' id='word_1_917' title='bbox 3208 5508 3261 5554; x_wconf 91' lang='lat' dir='ltr'>et</span> <span class='ocrx_word' id='word_1_918' title='bbox 3290 5509 3499 5567; x_wconf 90' lang='lat' dir='ltr'>natum,</span> 
     </span>
    </p>
   </div>
   <div class='ocr_carea' id='block_1_120' title="bbox 1907 5586 3501 5659">
    <p class='ocr_par' dir='ltr' id='par_1_120' title="bbox 1907 5586 3501 5659">
     <span class='ocr_line' id='line_1_120' title="bbox 1907 5586 3501 5659; baseline 0.002 -16"><span class='ocrx_word' id='word_1_919' title='bbox 1907 5597 1959 5643; x_wconf 86' lang='lat' dir='ltr'>et</span> <span class='ocrx_word' id='word_1_920' title='bbox 2018 5589 2209 5659; x_wconf 89' lang='lat' dir='ltr'>pannis</span> <span class='ocrx_word' id='word_1_921' title='bbox 2270 5589 2595 5652; x_wconf 92' lang='lat' dir='ltr'>involutum,</span> <span class='ocrx_word' id='word_1_922' title='bbox 2645 5594 2697 5640; x_wconf 91' lang='lat' dir='ltr'>et</span> <span class='ocrx_word' id='word_1_923' title='bbox 2744 5586 2798 5639; x_wconf 91' lang='lat' dir='ltr'>in</span> <span class='ocrx_word' id='word_1_924' title='bbox 2842 5586 3113 5657; x_wconf 62' lang='lat' dir='ltr'>praesepio</span> <span class='ocrx_word' id='word_1_925' title='bbox 3163 5588 3501 5659; x_wconf 91' lang='lat' dir='ltr'>reclinatum,</span> 
     </span>
    </p>
   </div>
   <div class='ocr_carea' id='block_1_121' title="bbox 3224 5715 3293 5770">
    <p class='ocr_par' dir='ltr' id='par_1_121' title="bbox 3224 5715 3293 5770">
     <span class='ocr_line' id='line_1_121' title="bbox 3224 5715 3293 5770; baseline -0.043 0"><span class='ocrx_word' id='word_1_926' title='bbox 3224 5715 3293 5770; x_wconf 69' lang='lat'>2&#39;7</span> 
     </span>
    </p>
   </div>
  </div>
