3972 6052
481 312 582 367 843

1346 311 1690 369 GUIGONIS
1730 312 1775 366 II
1816 308 2225 366 CARTHUSI/E
2262 310 2557 368 MAIORIS
2596 311 2893 369 PRIORIS.

3665 317 3776 371 844

475 436 615 495 lacte
660 445 909 493 materno
974 437 1254 503 nutritum,
1305 436 1702 492 circumcisioni
1757 435 2027 490 subditum
2052 453 2066 500 ;
2090 438 2144 496 Α
2171 436 2401 491 Iacobus
2430 445 2757 508 prostratus,
2781 438 3019 493 Joannes
3048 437 3104 492 in
3133 437 3390 494 ferventis
3420 438 3525 494 olei
3545 438 3774 506 dolium,

480 533 837 597 apparentem
866 527 1149 598 Magorum
1192 524 1315 580 fidei
1345 526 1517 579 Deum
1550 533 1830 589 aeternum,
1865 524 2074 595 Regem

477 616 923 686 omnipotentem,
955 615 1230 669 hominem
1259 614 1537 668 mortalem
1565 632 1579 677 ;
1617 613 1671 666 in
1702 612 1903 683 templo
1932 628 2072 683 pra:-

478 712 769 771 sentatum,
800 703 854 757 in
885 703 1115 774 [Egypto
1149 719 1269 757 cum
1293 710 1461 756 matre
1493 701 1731 756 ductum.
1765 709 1816 755 et
1844 700 1899 753 in
1927 708 2073 754 terra

477 793 619 847 Juda
648 792 951 858 reductum,
998 790 1368 861 proficientem
1410 790 1691 861 sapientia,
1724 797 1774 843 et
1806 796 1983 855 aztate,
2019 796 2073 843 et

474 881 671 954 gratia.
701 879 994 935 Considera
1024 895 1147 934 eum
1189 879 1533 949 baptizatum,
1560 878 1911 947 jejunantem,
1945 892 2069 931 esu-

472 970 723 1035 rientem,
754 975 1035 1037 tentatum,
1066 983 1189 1022 cum
1226 966 1539 1047 hominibus
1569 973 1968 1031 conversatum,
2002 981 2067 1019 ex

470 1057 661 1113 itinere
692 1056 996 1129 fatigatum,
1048 1062 1461 1111 conversantem
1491 1070 1591 1125 per
1619 1054 1802 1108 omnia
1832 1061 2019 1109 sancte
2049 1072 2067 1108 :

469 1152 788 1217 operantem
833 1145 992 1213 mira,
1026 1144 1412 1215 praedicantem
1462 1142 1723 1209 salubria,
1778 1142 2064 1197 docentem

468 1250 620 1303 vera,
644 1233 936 1305 patientem
960 1233 1113 1297 dura,
1139 1232 1495 1286 sustinentem
1530 1231 1772 1301 indigna,
1797 1238 2063 1285 tacentem

467 1323 535 1377 ad
566 1322 829 1389 convicia,
880 1320 1201 1376 tolerantem
1245 1319 1563 1391 Opppobria,
1626 1318 1869 1373 lavandis
1900 1318 2064 1373 disci-

465 1411 722 1482 pulorum
750 1409 984 1480 pedibus
1016 1425 1075 1463 se
1104 1408 1381 1462 humiliter
1410 1407 1779 1473 inclinantem,
1814 1406 2061 1476 corporis

464 1499 549 1553 sui
578 1514 643 1553 ac
674 1496 953 1568 sanguinis
983 1504 1325 1551 sacramenta
1354 1494 1742 1566 porrigentem,
1780 1494 1832 1547 in
1862 1494 2061 1566 agonia

462 1587 667 1642 factum
692 1585 953 1657 prolixius
995 1593 1255 1651 orantem,
1305 1584 1562 1638 sudorem
1590 1582 1869 1655 sanguinis
1900 1582 2056 1637 emit-

462 1682 686 1731 tentem.
719 1674 917 1745 Aspice
948 1690 1072 1729 eum
1102 1672 1400 1737 venditum,
1429 1679 1690 1742 emptum,
1723 1670 1910 1725 osculo
1942 1680 2057 1725 tra-

462 1764 656 1831 ditum,
708 1779 830 1818 cum
896 1762 1095 1835 gladiis
1145 1768 1197 1816 et
1245 1760 1475 1815 fustibus
1519 1768 1758 1849 captum,
1806 1758 2126 1849 ligatum,B

457 1853 769 1918 adductum,
810 1851 948 1906 falso
994 1857 1324 1917 accusatum,
1359 1848 1556 1917 injuste
1575 1848 1894 1916 judicatum,
1928 1862 2053 1902 cru-

456 1942 652 1997 deliter
698 1942 1034 2005 damnatum,
1085 1938 1255 2009 sputis
1294 1936 1504 2001 illitum,
1555 1936 1795 2007 colaphis
1828 1951 2047 2000 caesum,

455 2030 713 2095 velatum,
766 2029 937 2100 alapis
991 2043 1235 2099 passum.
1285 2027 1462 2081 Cerne
1511 2041 1633 2079 eum
1693 2024 2045 2096 ﬂagellatum,

454 2118 656 2173 derisui
682 2118 944 2186 habitum,
978 2114 1263 2186 chlamyde
1294 2113 1550 2170 coccinea
1569 2113 1834 2179 indutum,
1860 2112 2049 2183 spinea

454 2222 660 2262 corona
696 2213 855 2276 caput
897 2204 1296 2260 sanctissimum
1340 2202 1629 2256 habentem
1671 2201 2043 2267 dilaceratum,

455 2302 733 2366 sceptrum
771 2294 1125 2349 arundineum
1167 2298 1463 2359 tenentem,
1513 2306 1751 2360 purpura
1781 2289 1850 2343 ad
1880 2289 2044 2361 igno-

452 2383 676 2439 miniam
715 2390 935 2451 tectum,
970 2381 1024 2435 in
1053 2380 1239 2436 derisu
1289 2379 1590 2444 adoratum,
1633 2377 1701 2431 ab
1749 2377 1966 2431 Ilerode
1995 2384 2047 2432 et

450 2473 693 2528 exercitu
723 2487 822 2527 suo
871 2478 1260 2541 contemptum,
1306 2468 1360 2522 in
1410 2475 1560 2521 veste
1590 2465 1711 2520 alba
1740 2465 1976 2531 illusum,
2012 2480 2045 2518 a

448 2561 708 2615 militibus
736 2560 877 2614 male
914 2566 1220 2624 tractatum,
1254 2572 1470 2613 crucem
1502 2569 1657 2609 suam
1687 2553 2038 2621 bajulantem,

447 2650 619 2705 clavis
648 2647 793 2705 cruci
824 2647 1116 2703 crudeliter
1144 2645 1380 2713 aﬂixum,
1430 2643 1613 2699 verbis
1655 2642 1809 2697 duris
1848 2643 2040 2697 convi-

446 2738 670 2804 ciatum,
702 2736 826 2791 felle
859 2736 1117 2799 cibatum,
1160 2740 1315 2788 aceto
1362 2738 1627 2801 potatum,
1662 2737 1825 2800 caput
1877 2728 2040 2785 incli-

444 2834 687 2893 nantem,
721 2823 963 2895 spiritum
986 2822 1340 2885 emittentem,
1361 2819 1615 2873 dilectam
1634 2818 1779 2871 illam
1802 2817 2039 2871 animam

442 2930 597 2969 suam
625 2914 681 2968 in
708 2929 898 2967 manus
928 2911 1103 2966 Patris
1136 2907 1627 2965 commendantem.
1652 2906 1867 2960 Intuere
1887 2905 2038 2959 illum

441 3001 631 3059 lancea
659 3000 845 3056 militis
874 3000 929 3054 in
959 3000 1128 3053 latere
1148 2996 1490 3053 vulneratum
1515 3014 1529 3062 ;
1560 3003 1613 3049 et
1633 3010 1697 3049 ex
1719 3009 1785 3049 eo
1806 2992 2034 3064 sangui-

439 3107 565 3147 nem
593 3091 662 3145 ad
692 3097 929 3145 nostram
950 3086 1398 3157 redemptionem,
1422 3091 1474 3138 et
1490 3099 1687 3155 aquam
1706 3082 1775 3136 ad
1794 3090 2033 3137 nostram

438 3178 776 3259 spiritualem
806 3175 1158 3242 ablutionem,
1182 3172 1564 3236 effundentem,
1591 3171 1659 3226 de
1682 3185 1845 3259 cruce
1864 3170 2038 3241 depo-

440 3258 621 3334 Situm,
654 3266 944 3337 sepultum,
977 3264 1179 3319 inferos
1201 3262 1546 3333 spoliantem,
1568 3260 1745 3331 ipsum
1766 3258 2037 3313 infernum

441 3356 796 3424 mordentem,
862 3360 1093 3408 mortem
1142 3350 1578 3413 mortiﬁcantem,
1630 3346 2032 3416 resuscitatum,

436 3451 805 3517 apparentem,
852 3457 975 3498 cum
1015 3440 1294 3511 discipulis
1333 3444 1769 3501 convescentem,
1837 3451 2035 3490 ascen-

435 3534 653 3589 dentem
701 3532 795 3587 ubi
845 3538 955 3586 erat
1002 3529 1188 3600 prius;
1222 3527 1313 3599 qui
1358 3542 1460 3581 nec
1504 3524 1629 3579 inde
1660 3523 1887 3579 recessit
1914 3539 2035 3579 cum

432 3623 539 3679 huc
583 3622 749 3687 venit,
813 3636 915 3675 nec
960 3618 1087 3673 hinc
1135 3616 1265 3671 abiit
1302 3631 1426 3671 cum
1473 3614 1565 3669 illo
1617 3612 1866 3668 accessit.
1920 3614 2037 3667 Hoc

434 3712 598 3767 modo
628 3710 770 3765 habe
819 3706 1009 3764 oculos
1056 3714 1173 3760 tuos
1206 3704 1260 3758 in
1289 3704 1465 3775 capite
1498 3710 1607 3757 tuo.
1641 3701 1799 3769 Quod
1828 3699 1874 3753 si
1905 3699 2034 3754 dili-

436 3807 632 3872 genter
660 3800 779 3853 haec
807 3795 1005 3859 omnia,
1038 3802 1091 3848 et
1117 3793 1221 3847 alia
1252 3809 1371 3863 quae
1401 3793 1507 3846 hoc
1525 3790 1690 3844 modo
1712 3789 1781 3843 de
1802 3804 1866 3843 eo
1889 3794 2030 3853 sunt,

436 3904 563 3944 cum
613 3885 900 3941 devotione
947 3882 1147 3947 debita,
1199 3889 1248 3936 et
1297 3877 1711 3950 compunctione
1740 3876 1849 3947 pia,
1889 3876 2033 3946 apud

437 3982 511 4041 te,
544 3974 652 4029 imo
700 3973 842 4027 intra
870 3980 922 4026 te
953 3968 1329 4033 ruminaveris,
1370 3974 1622 4038 putamus
1653 3964 1800 4035 quod
1830 3964 1901 4017 ab
1931 3964 2033 4019 hac

440 4061 634 4120 inertia
682 4069 775 4116 tua
805 4077 871 4116 ex
901 4056 1162 4114 nonnulla
1190 4062 1341 4127 parte
1389 4054 1522 4124 eripi
1550 4052 1776 4124 poteris.
1808 4052 1946 4106 Nam
1976 4051 2033 4106 in

436 4160 638 4225 quanto
686 4151 895 4205 honore
941 4156 993 4203 et
1040 4145 1219 4219 gloria
1258 4143 1347 4197 illa
1396 4142 1463 4197 sit
1494 4142 1723 4197 exaltata
1755 4148 1947 4195 natura
1976 4139 2032 4193 in

433 4242 657 4296 dextera
714 4237 906 4303 Patris,
962 4250 1082 4307 quae
1114 4241 1167 4288 et
1196 4232 1313 4288 sine
1344 4230 1490 4287 omni
1520 4229 1776 4302 contagio
1806 4228 2030 4297 alicujus

432 4345 658 4400 prorsus
696 4325 925 4398 peccati,
976 4322 1243 4395 processit
1274 4338 1339 4376 ex
1367 4320 1553 4375 matris
1582 4318 1820 4390 Virginis
1851 4325 2026 4383 utero,

433 4426 487 4473 et
516 4431 773 4488 magnam
812 4414 1051 4469 tolerans
1080 4412 1215 4466 dirae
1243 4410 1432 4465 mortis
1462 4408 1714 4481 agoniam
1770 4406 2027 4477 pependit

2174 531 2227 578 et
2274 525 2493 579 demum
2543 525 2598 579 in
2655 526 2902 580 exsilium
2948 526 3188 592 missus;
3218 534 3273 581 et
3333 526 3514 583 caeteri
3579 543 3775 583 omnes

2173 614 2398 682 apostoli
2448 615 2831 680 consummati,
2886 614 2964 668 illi
2993 631 3126 670 vero
3158 614 3368 682 bimuli,
3401 615 3772 671 testimonium

2174 701 2391 757 Christo
2423 718 2533 757 non
2583 718 2741 769 voce,
2776 703 2874 758 sed
2914 711 3091 759 morte
3121 703 3381 759 ferentes.
3414 706 3691 775 Appareat
3716 714 3775 761 et

2171 797 2390 845 sanctus
2418 790 2721 861 Stephanus
2763 791 3051 862 lapidatus,
3082 792 3400 846 Laurentius
3429 800 3641 847 assatus
3666 811 3682 859 ;
3715 802 3773 847 et

2170 877 2315 948 (quia
2344 878 2503 932 nimis
2534 878 2778 952 longum,
2816 879 2923 934 imo
2952 880 3288 950 impossibile
3319 888 3422 949 est,
3456 880 3770 951 singulatim

2168 965 2552 1022 universorum
2600 968 2692 1039 qui
2732 983 2833 1039 pro
2863 968 3075 1023 Christo
3119 969 3265 1039 passi
3316 976 3440 1023 sunt
3466 976 3766 1039 martyrum

2166 1053 2371 1109 referre
2402 1055 2708 1126 passiones)
2757 1064 3091 1127 repraesenta
3135 1056 3234 1111 tibi
3262 1065 3425 1127 prout
3452 1057 3678 1128 poteris,
3712 1067 3770 1113 et

2165 1151 2428 1212 quantum
2458 1144 2679 1214 poteris,
2713 1160 2898 1199 eorum
2928 1145 2984 1200 in
3011 1152 3245 1217 utroque
3272 1161 3425 1213 sexu,
3454 1146 3510 1200 in
3539 1146 3763 1201 diversa

2164 1237 2341 1299 aetate,
2394 1231 2747 1287 admirabiles
2811 1248 3016 1304 agones
3065 1241 3119 1288 et
3164 1233 3487 1304 triumphos.
3542 1235 3650 1289 Sed
3708 1242 3765 1289 et

2163 1326 2473 1374 sanctorum
2504 1319 2879 1376 confessorum
2923 1321 3264 1377 venerabiles
3294 1322 3756 1387 conversationes,

2162 1406 2253 1477 qui
2285 1408 2382 1462 etsi
2412 1424 2514 1478 per
2559 1409 2842 1481 sanguinis
2889 1409 2971 1463 sui
3016 1409 3334 1465 effusionem
3380 1426 3479 1480 per
3508 1418 3758 1481 apertum

2160 1496 2473 1565 martyrium
2521 1512 2629 1552 non
2688 1497 3010 1569 migrarunt,
3060 1497 3225 1553 vitam
3270 1505 3454 1553 tamen
3509 1506 3758 1555 sanctam

2158 1583 2416 1653 martyrio
2445 1599 2555 1639 non
2594 1584 2913 1640 dissimilem
2959 1586 3250 1641 duxerunt.
3302 1586 3359 1641 Si
3394 1586 3481 1640 his
3524 1587 3616 1641 diu
3645 1586 3755 1641 im-

2157 1679 2400 1726 moratus
2433 1672 2620 1739 fueris,
2658 1682 2912 1744 putamus
2961 1674 3106 1745 quod
3135 1675 3206 1729 ab
3233 1676 3338 1730 hoc
3368 1690 3475 1746 quo
3506 1676 3757 1747 gravaris

2157 1766 2211 1813 et
2236 1760 2485 1815 oneraris
2530 1762 2710 1828 taedio,
2744 1762 3001 1817 continuo
3033 1762 3389 1827 liberaberis;
3422 1770 3582 1834 atque
3611 1763 3752 1818 alle-

2156 1846 2363 1901 viatum
2412 1856 2464 1903 et
2504 1849 2879 1917 exhilaratum,
2915 1858 2968 1905 et
2998 1850 3235 1905 alacrem
3267 1849 3520 1906 effectum
3548 1851 3754 1907 sentire

2151 1942 2203 1990 te
2233 1937 2457 2005 poteris.
2492 1937 2837 1993 Consulimus
2867 1945 3049 1993 autem
3077 1946 3136 1993 ut
3164 1939 3281 1994 haec
3310 1938 3592 1995 sollicitius
3622 1948 3753 1995 tunc

2151 2024 2368 2095 quidem
2416 2024 2595 2081 facere
2646 2027 2888 2093 studeas,
2937 2027 3157 2099 quando
3203 2026 3407 2099 aliquid
3467 2028 3563 2083 tibi
3609 2028 3749 2084 forte

2149 2112 2230 2184 (ut
2261 2129 2649 2186 nonnunquam
2699 2115 2921 2171 evenire
2969 2115 3129 2187 solet)
3173 2123 3357 2172 contra
3413 2116 3747 2173 voluntatem

2148 2208 2295 2255 tuam
2327 2202 2533 2258 dictum
2584 2203 2855 2258 factumve
2883 2203 3077 2269 fuerit;
3113 2220 3214 2274 per
3242 2204 3409 2276 quod,
3442 2213 3496 2259 et
3523 2212 3749 2276 propter

2149 2290 2296 2361 quod
2326 2289 2487 2345 nimis
2522 2291 2753 2347 eﬂiceris
2806 2292 3166 2361 pusillanimis
3195 2300 3250 2347 et
3280 2292 3469 2360 tristis,
3496 2293 3745 2349 turbatus

2147 2384 2201 2433 et
2230 2377 2437 2443 iratus;
2471 2378 2956 2450 disceptationibus
3004 2379 3218 2448 amaris,
3252 2380 3508 2447 susurris,
3542 2380 3743 2452 iniquis

2146 2465 2698 2533 comminationibus,
2783 2468 3215 2535 objectionibus,
3271 2468 3742 2539 responsionibus,

2143 2553 2473 2611 intrinsecus
2519 2555 2903 2611 miserabiliter
2940 2564 3205 2612 vastatus.
3241 2557 3409 2612 Curre
3440 2565 3587 2625 tunc,
3618 2574 3741 2613 cum

2144 2641 2261 2698 haec
2292 2642 2450 2697 fuerit
2478 2642 2534 2697 in
2576 2643 2717 2698 mari
2757 2644 2940 2699 cordis
2986 2644 3063 2699 tui
3110 2652 3402 2716 tempestas
3432 2661 3653 2717 magna,
3688 2654 3743 2700 et

2141 2730 2386 2801 projecto
2417 2745 2450 2785 a
2484 2738 2539 2787 te
2582 2731 2775 2787 silente
2812 2732 3071 2799 clamore,
3123 2740 3175 2788 et
3216 2733 3458 2789 clamoso
3500 2734 3736 2801 silentio,

2140 2826 2430 2889 strepente,
2463 2826 2517 2874 et
2564 2820 2899 2876 horribiliter
2929 2821 3276 2876 tumultuante
3306 2821 3361 2876 in
3389 2821 3511 2878 foro
3540 2822 3740 2877 mentis

2137 2913 2279 2961 tuae:
2314 2907 2516 2962 suscita
2565 2908 2715 2979 pium
2744 2909 2941 2979 Iasum,
2977 2910 3067 2980 qui
3093 2910 3307 2979 adjutor
3334 2917 3417 2965 est
3444 2910 3499 2964 in
3528 2926 3737 2981 oppor-

2136 2994 2481 3063 tunitatibus,
2529 2996 2584 3050 in
2632 2997 3016 3065 tribulatione;
3060 3005 3252 3069 petens
3298 3006 3356 3053 ut
3399 2998 3727 3069 periclitanti

2132 3082 2228 3137 tibi
2259 3092 2558 3139 succurrat.
2591 3085 2803 3141 Idcirco
2832 3086 3008 3143 veniat
3039 3093 3164 3142 ante
3193 3086 3381 3143 oculos
3400 3087 3598 3143 mentis
3628 3095 3733 3142 tua:

2070 3140 2117 3202 Ο
2140 3180 2359 3227 sanctus
2419 3172 2555 3229 Abel
2599 3188 2633 3227 a
2666 3140 2853 3229 fratre
2904 3140 3157 3240 occisus,
3398 3140 3736 3248 perfugam

2140 3259 2401 3316 humilem
2446 3277 2721 3333 germanae
2750 3262 3046 3319 iracundiae
3076 3262 3301 3329 cedens,
3332 3264 3536 3334 Ioseph
3563 3280 3593 3318 a
3618 3263 3735 3319 fra-

2138 3348 2311 3403 tribus
2361 3350 2630 3418 venditus,
2675 3350 2802 3422 quia
2844 3366 3075 3422 peccare
3121 3351 3310 3419 noluit,
3356 3353 3502 3423 quod
3532 3368 3733 3423 pecca-

2136 3437 2274 3491 verit
2305 3445 2617 3505 accusatus,
2658 3438 2775 3493 sine
2823 3438 2982 3510 culpa
3025 3440 3237 3495 carceri
3280 3440 3644 3511 mancipatus,
3678 3450 3736 3497 et

2136 3524 2398 3581 innocens
2425 3525 2482 3580 in
2510 3526 2687 3582 lacum
2718 3526 2939 3581 missus.
2974 3527 3169 3584 Veniat
3205 3527 3275 3582 ad
3306 3543 3402 3584 cor
3418 3537 3587 3597 tuum,
3621 3529 3733 3585 imo

2134 3612 2275 3667 intra
2305 3629 2398 3669 cor
2443 3622 2613 3683 tuum,
2664 3614 2983 3670 mitissimus
3033 3632 3196 3687 super
3240 3632 3434 3673 omnes
3481 3618 3733 3673 homines

2132 3701 2223 3773 qui
2252 3702 2603 3757 morabantur
2647 3719 2813 3775 supra
2848 3711 3070 3771 terram,
3114 3704 3331 3776 Moyses
3361 3713 3599 3772 sanctus,
3632 3721 3734 3776 pro

2132 3790 2334 3860 populo
2362 3790 2546 3862 iniquo
2576 3790 2819 3863 lapidare
2850 3808 2909 3847 se
2938 3792 3150 3848 volente
3170 3793 3557 3860 intercedens;
3589 3808 3730 3850 con-

2131 3878 2505 3934 tradictionem
2537 3888 2589 3934 et
2616 3880 2973 3936 rebellionem
3002 3881 3403 3937 contentiosam
3432 3897 3465 3936 a
3494 3883 3728 3949 Dathan,

2131 3972 2184 4021 et
2236 3967 2442 4023 Abiron
2488 3974 2650 4039 atque
2690 3968 2868 4024 Chore
2912 3969 3154 4025 sentiens
3187 3988 3201 4025 :
3235 3978 3288 4025 et
3316 3970 3499 4025 fratris
3539 3972 3642 4036 sui,
3675 3980 3731 4026 et

2131 4055 2338 4110 sororis
2385 4056 2777 4112 detractionem
2826 4057 3143 4113 sustinens?
3174 4058 3364 4114 Veniat
3408 4059 3569 4115 etiam
3610 4059 3725 4128 ille,

2131 4158 2292 4213 quem
2329 4158 2587 4199 accusare
2626 4160 2789 4200 nemo
2813 4146 2963 4215 juste
2990 4153 3189 4217 potest,
3222 4155 3579 4204 conversatus
3607 4148 3729 4205 sine

2130 4231 2355 4301 querela
2384 4232 2454 4286 ab
2481 4232 2852 4289 adolescentia
2881 4250 3054 4306 usque
3084 4234 3155 4289 ad
3185 4250 3373 4303 canos,
3406 4235 3497 4307 qui
3517 4236 3729 4309 grande

2128 4335 2187 4374 se
2217 4320 2459 4391 peccavit
2494 4329 2774 4392 peccatum
2821 4322 3180 4391 committere,
3230 4323 3277 4377 si
3317 4339 3427 4379 non
3454 4340 3554 4395 pro
3581 4324 3726 4393 deji-

2127 4407 2304 4463 ciente
2333 4424 2455 4463 eum
2485 4424 2516 4463 a
2544 4409 2851 4481 principatu
2880 4410 3081 4481 populo
3120 4411 3503 4468 intercederet.
3537 4411 3642 4481 Qui
3672 4421 3728 4467 et

431 4506 489 4560 in
530 4505 702 4577 ligno,
752 4511 809 4557 ut
833 4502 887 4557 id
918 4501 1011 4556 tibi
1040 4499 1313 4571 possimus
1343 4497 1634 4568 explicare,
1670 4495 1890 4550 omnino
1920 4494 2101 4553 nonD
2128 4496 2322 4568 lugere
2359 4512 2469 4552 non
2507 4499 2741 4553 cessavit
2786 4514 2978 4571 regem
3024 4515 3055 4553 a
3107 4499 3225 4555 Deo
3279 4500 3565 4569 abjectum,
3620 4516 3727 4557 nec

432 4609 723 4665 possumus
754 4589 1235 4662 comprehendere.
1284 4588 1399 4641 Hoc
1428 4593 1608 4639 tamen
1637 4583 2022 4649 indubitanter,

441 4683 699 4738 veraciter
725 4679 1070 4752 promittente
1101 4678 1219 4747 ipso
1250 4675 1475 4739 scimus,
1508 4672 1654 4744 quod
1678 4672 1769 4726 ubi
1799 4680 1881 4725 est
1911 4671 2020 4737 ille,

430 4772 504 4826 ibi
561 4779 613 4826 et
655 4769 901 4824 minister
956 4768 1073 4836 ejus
1122 4766 1239 4820 erit.
1300 4765 1367 4817 Et
1421 4770 1504 4817 est
1560 4762 1676 4830 ejus
1732 4760 1903 4815 oratio
1956 4760 2021 4813 ad

430 4862 666 4925 Patrem,
701 4859 841 4912 hunc
869 4856 1077 4910 habens
1107 4853 1326 4907 modum
1361 4868 1372 4906 :
1413 4851 1555 4916 Volo,
1591 4851 1780 4913 Pater,
1822 4851 1887 4903 ut
1926 4848 2023 4903 ubi

430 4966 521 5020 ego
553 4964 697 5012 sum,
732 4950 786 5001 et
818 4946 907 5000 illi
938 4945 1055 4999 sint
1075 4957 1331 5006 mecum;
1362 4943 1425 4992 ut
1449 4938 1675 4992 videant
1695 4937 2019 4991 claritatem

428 5054 614 5092 meum
644 5051 810 5107 quam
838 5032 1043 5087 dedisti
1073 5030 1215 5084 mihi
1236 5030 1421 5099 (Joan.
1444 5041 1582 5091 xvu,
1605 5024 1718 5095 24).
1745 5026 2018 5094 Appareat

427 5124 566 5179 inter
614 5124 729 5177 hazc
774 5124 852 5190 (ut
900 5136 932 5174 a
973 5117 1148 5188 capite
1196 5114 1595 5171 descendamus
1624 5113 1694 5167 ad
1725 5112 2010 5181 membra),

426 5219 701 5284 appareat,
737 5211 976 5280 inquam,
1010 5208 1234 5261 internae
1256 5201 1704 5259 considerationis
1726 5209 1829 5256 tua:
1847 5200 2016 5255 oculis

423 5302 664 5373 Baptista
700 5299 935 5354 Joannes
1001 5295 1175 5365 capite
1217 5300 1518 5355 truncatus;
1552 5291 1740 5345 Petrus
1784 5290 2013 5359 pedibus

420 5406 637 5446 sursum
677 5387 894 5451 erectis,
942 5392 993 5439 et
1023 5383 1199 5453 capite
1229 5382 1483 5435 deorsum
1519 5379 1789 5448 pendente
1828 5377 2011 5432 cruci-

421 5479 596 5544 fixus;
633 5476 823 5532 Paulus
869 5472 1188 5528 decollatus.
1240 5473 1513 5539 Appareat
1544 5466 1812 5531 Andreas,
1844 5465 2010 5519 biduo

419 5568 474 5623 in
506 5581 669 5622 cruce
698 5564 906 5629 vivens,
955 5560 1189 5617 Jacobus
1232 5556 1449 5615 occisus
1477 5554 1679 5628 gladio,
1712 5554 1850 5610 alter
1877 5568 2009 5611 vero

2129 4591 2259 4640 tunc
2307 4585 2525 4655 quidem
2563 4586 2781 4657 quando
2828 4603 2887 4641 se
2938 4587 3007 4642 ab
3036 4603 3102 4643 eo
3131 4587 3309 4643 timuit
3335 4588 3719 4645 occidendum.

2126 4672 2321 4727 Veniat
2363 4672 2712 4728 nihilominus
2753 4681 2807 4729 et
2853 4674 2944 4731 ille
2985 4675 3077 4746 qui
3105 4684 3515 4747 persecutorem
3562 4693 3719 4731 suum

2124 4760 2398 4816 humiliter
2434 4760 2575 4833 fugit
2620 4770 2678 4817 ut
2706 4762 3017 4830 dominum;
3049 4772 3102 4819 et
3130 4780 3190 4819 se
3227 4764 3523 4821 ulciscendi
3553 4781 3719 4821 occa-

2122 4849 2332 4905 sionem
2377 4850 2671 4922 accipiens,
2720 4858 2773 4905 et
2801 4850 2999 4919 locum,
3048 4868 3160 4907 non
3187 4853 3503 4923 recognovit
3530 4854 3718 4908 inimi-

2122 4954 2244 4994 cum
2280 4956 2293 4993 :
2327 4956 2488 5010 quem
2528 4939 2693 4994 etiam
2748 4939 2929 4995 ﬂendo
2958 4940 3166 5011 planxit
3207 4942 3465 5010 occisum,
3500 4956 3623 4997 cum
3657 4959 3719 4997 se

2120 5035 2301 5081 tamen
2358 5042 2467 5081 non
2519 5028 2795 5100 ignoraret
2850 5029 2965 5097 ejus
3020 5029 3076 5082 in
3133 5045 3307 5101 regno
3337 5046 3715 5085 successorem

2117 5114 2374 5169 futurum.
2410 5116 2531 5185 Ipse
2556 5123 2638 5171 est
2666 5116 2757 5187 qui
2786 5116 2985 5187 pietate
3013 5123 3203 5186 pectus
3232 5117 3442 5173 habens
3470 5118 3712 5189 plenum,

2116 5203 2439 5273 parricidam
2473 5202 2639 5258 tilium
2669 5204 2833 5259 deﬂet
2863 5204 3186 5261 exstinctum
3223 5220 3235 5258 :
3271 5213 3325 5260 et
3352 5206 3625 5261 interdicit
3645 5224 3715 5262 ne

2116 5291 2341 5347 feriatur
2396 5308 2588 5347 servus
2646 5293 2980 5349 maledicens
3023 5292 3093 5360 ei,
3154 5308 3278 5349 cum
3332 5294 3399 5348 sit
3440 5295 3506 5347 ab
3536 5310 3600 5349 eo
3632 5296 3717 5349 vir

2114 5380 2463 5451 sanguinum,
2496 5380 2580 5435 vir
2599 5381 2767 5436 Belial
2797 5388 3043 5437 vocatus.
3074 5382 3140 5436 Et
3156 5389 3211 5435 ut
3232 5389 3448 5437 montes
3474 5390 3526 5437 et
3541 5382 3713 5438 colles

2111 5468 2474 5523 transilientes
2527 5468 2837 5523 omittamus
2878 5470 2972 5539 (ne
3020 5468 3293 5524 fastidium
3332 5469 3429 5523 tibi
3481 5470 3711 5543 ingera-

2110 5557 2276 5625 mus),
2308 5556 2445 5612 alios
2490 5556 2806 5613 innumeros
2838 5556 2985 5613 viros
3028 5555 3441 5626 misericordia,
3474 5574 3712 5630 quorum
