3972 6052
228 194 339 247 845

1360 190 1562 246 LIBER
1599 189 1694 245 DE
1720 185 2104 244 EXERCITIO
2144 187 2399 243 CELLE.

3425 194 3528 248 846

228 318 458 389 justitiae
487 317 816 374 oblivionem
844 332 954 372 non
984 324 1326 387 acceperunt,
1362 324 1416 371 et
1444 316 1640 371 saltum
1672 315 1911 376 facia-A
1937 314 2133 369 Postea
2180 314 2352 368 tribus
2408 312 2844 383 praecedentibus
2880 351 2887 358 .
2920 313 3113 369 diebus
3163 288 3433 371 elementa
3480 318 3537 371 in

232 425 361 463 mus
391 408 462 462 ad
491 414 651 478 caput
678 422 907 471 eorum;
942 406 1048 461 scis
1079 406 1198 476 ipse
1247 406 1377 477 quia
1424 406 1589 460 homo
1619 411 1847 461 vocatus

238 504 323 552 est
372 511 558 563 vorax,
607 502 661 550 et
705 502 923 566 potator
968 494 1098 560 vini,
1149 494 1356 550 amicus
1404 502 1748 565 peccatorum
1796 499 1849 547 et

238 585 678 657 publicanorum,
711 592 764 639 et
801 583 1128 639 daemonium
1177 583 1378 639 habere
1426 583 1598 638 dictus
1646 589 1747 648 est,
1795 590 1848 635 et

248 674 626 731 Samaritanus
656 680 880 728 vocatus
914 690 927 726 :
960 680 1013 727 et
1042 688 1166 729 cum
1196 680 1551 728 accusaretur
1581 687 1614 726 a
1641 670 1845 736 multis,

240 762 377 816 nihil
406 762 685 832 respondit
709 780 723 829 ;
752 761 844 833 qui
874 769 928 816 et
974 761 1112 817 sicut
1158 776 1332 832 agnus
1362 761 1431 815 ad
1460 758 1848 814 immolandum

244 851 442 906 ductus
471 857 573 916 est,
608 857 662 905 et
690 865 800 905 non
830 849 1037 920 aperuit
1066 864 1128 905 os
1173 866 1349 904 suum.
1400 849 1495 903 His
1526 847 1847 904 condimen-

236 939 310 993 tis
341 938 528 994 refove
557 938 768 994 viscera
795 946 905 1007 tua,
957 954 1079 994 cum
1111 938 1296 993 lethali
1325 953 1387 992 ea
1432 951 1642 992 veneno
1672 935 1852 990 studet

244 1025 617 1083 contaminare
644 1027 792 1097 pacis
821 1026 914 1081 ille
956 1026 1225 1091 turbator,
1278 1033 1330 1081 et
1376 1024 1593 1079 unitatis
1623 1023 1845 1090 divisor,

247 1115 340 1187 qui
370 1114 677 1171 fervescere
725 1114 851 1171 facit
897 1114 1061 1170 ollam
1108 1113 1264 1186 quasi
1301 1112 1627 1184 profundum
1655 1128 1847 1178 mare;

244 1220 408 1259 omne
459 1204 692 1259 sublime
754 1203 967 1269 videns,
1016 1211 1068 1258 et
1113 1220 1206 1259 rex
1272 1217 1437 1273 super
1478 1216 1671 1256 omnes
1711 1199 1850 1255 filios

243 1292 520 1364 superbia:
550 1292 808 1347 existens.
853 1293 967 1347 Hoc
996 1291 1141 1346 enim
1189 1290 1404 1346 salubre
1434 1289 1531 1344 tibi
1559 1297 1615 1344 ut
1644 1288 1848 1356 facias;

246 1389 516 1453 quatenus
580 1379 811 1452 depulsa
859 1395 891 1436 a
922 1388 973 1435 te
1021 1379 1237 1434 turbida
1282 1386 1334 1434 et
1382 1378 1693 1444 tenebrosa,
1743 1391 1850 1448 qua

244 1468 559 1541 cooperitur
586 1485 742 1524 mens
772 1476 882 1537 tua,
913 1469 1058 1524 nube
1088 1469 1211 1534 hac,
1252 1467 1522 1537 repareris
1566 1466 1770 1537 pariter
1799 1472 1851 1519 et

249 1558 530 1614 renoveris
564 1575 578 1611 :
611 1565 665 1612 et
694 1564 951 1630 surgente
986 1558 1118 1612 Jesu
1145 1555 1200 1609 in
1248 1556 1559 1622 ﬂuctuante,
1595 1562 1647 1608 et
1675 1551 1850 1609 vacil-

1945 402 2079 458 locis
2110 402 2211 456 sibi
2241 402 2669 472 competentibus
2691 410 2815 456 sunt
2834 402 3127 473 disposita;
3161 404 3346 476 sicque
3376 423 3538 463 crea-

1946 498 2067 545 tura
2096 490 2321 547 visibilis
2352 498 2434 545 est
2464 490 2717 545 formata.
2769 493 2905 545 Nam
2948 492 3125 561 prima
3153 494 3240 549 die
3278 494 3368 549 lux
3398 496 3544 552 facta

1947 587 2048 646 est,
2078 586 2130 635 et
2156 595 2186 633 a
2214 579 2456 635 tenebris
2503 579 2694 634 divisa.
2733 580 2983 635 Secunda
3028 581 3117 637 die
3146 582 3541 640 firmamentum

1945 667 2088 722 inter
2119 683 2292 738 aquas
2322 667 2635 738 superiores
2665 676 2717 722 et
2762 668 3048 724 inferiores
3078 670 3333 726 locatum.
3366 674 3545 729 Tertia

1947 756 2034 810 die
2065 772 2221 827 aquai
2250 756 2305 810 in
2334 773 2499 810 unum
2530 756 2708 812 locum
2748 766 2867 811 sunt
2916 769 3282 831 congregatae,
3318 780 3543 833 quarum

1947 844 2400 917 congregationes
2448 845 2621 899 maria
2663 853 2787 900 sunt
2830 847 3118 917 appellata,
3152 857 3204 904 et
3234 858 3381 905 terra
3411 868 3545 922 gra-

1946 933 2183 987 minibus
2212 940 2266 987 et
2307 933 2594 988 arboribus
2645 942 2727 988 est
2772 934 2986 990 vestita.
3031 937 3091 991 In
3132 938 3304 993 tribus
3333 956 3549 1012 quoque

1949 1021 2407 1092 subsequentibus
2438 1021 2633 1076 diebus
2662 1022 2854 1077 ordine
2900 1025 3242 1081 convenienti
3273 1044 3547 1084 exornan-

1948 1118 2055 1165 tur.
2104 1110 2341 1164 Primum
2406 1108 2538 1164 fiunt
2583 1109 2887 1177 luminaria,
2939 1113 3038 1179 sol,
3089 1113 3213 1168 luna
3262 1124 3316 1170 et
3358 1118 3547 1175 stellae.

1948 1198 2048 1253 Die
2078 1198 2263 1269 quinta
2292 1196 2427 1251 ﬁunt
2454 1198 2635 1268 pisces
2686 1207 2736 1253 et
2782 1199 3037 1255 volatilia.
3071 1203 3138 1257 Et
3167 1212 3317 1258 sexta
3346 1222 3549 1277 repen-

1951 1288 2042 1355 tia,
2069 1287 2309 1356 jumenta
2333 1300 2399 1341 ac
2425 1286 2613 1341 bestia;
2633 1294 2794 1342 terrae
2819 1307 2832 1354 ;
2868 1295 2921 1344 et
2948 1290 3066 1361 ipse
3094 1292 3278 1361 homo,
3309 1295 3548 1350 omnium

1949 1374 2239 1429 visibilium
2282 1374 2535 1429 dominus
2596 1374 2825 1431 futurus.
2874 1377 2933 1431 In
2978 1378 3214 1435 Sabbato
3258 1398 3411 1450 vero,
3463 1384 3551 1441 die

1950 1463 2202 1519 videlicet
2234 1463 2464 1533 septimo
2503 1463 2698 1519 dicitur
2717 1464 3010 1537 quievisse,
3040 1468 3162 1538 quia
3190 1470 3323 1525 nihil
3351 1472 3553 1544 legitur

1951 1551 2006 1605 in
2040 1568 2106 1606 eo
2135 1550 2355 1607 fecisse.
2383 1552 2571 1623 Itaque
2612 1552 2657 1605 si
2702 1552 2995 1624 diligenter
3036 1556 3175 1611 intra
3203 1566 3255 1612 te
3304 1560 3555 1616 conside-

249 1647 414 1710 lante,
446 1654 500 1702 et
543 1646 796 1702 ﬂuctibus
835 1646 947 1714 jam
991 1652 1265 1717 c00perta,
1308 1652 1471 1715 atque
1516 1640 1848 1713 periclitante
1877 1639 2161 1733 Braveris
2224 1639 2509 1695 informem
2559 1648 2822 1697 creaturae
2881 1659 3163 1714 corporeae
3204 1648 3551 1718 creationem,

249 1734 501 1790 navicula
529 1734 712 1789 cordis
741 1733 834 1801 tui,
867 1742 921 1788 et
966 1733 1266 1804 imperante
1310 1731 1661 1787 tentationum
1709 1745 1847 1786 ven-

250 1823 339 1889 tis,
391 1830 445 1879 et
490 1821 773 1893 profundae
810 1830 971 1893 atque
1014 1821 1234 1878 tumidae
1276 1819 1645 1876 amaritudinis
1694 1818 1847 1884 mari,

252 1911 615 1983 tranquillitas
646 1926 848 1984 magna
875 1910 983 1965 ﬁat.

771 2070 1165 2126 CAPITULUM
1194 2070 1394 2124 XXVI.

253 2187 330 2242 De
346 2187 581 2269 septimo
598 2185 994 2269 meditationis
1004 2185 1173 2269 ’γηορο
1190 2186 1285 2269 qui
1314 2187 1559 2269 stuporis
1579 2185 1643 2267 in
1663 2188 1854 2269 mente

327 2254 665 2312 meditantis
694 2273 927 2312 causam
961 2257 1160 2328 gignit,
1182 2254 1237 2310 et
1256 2254 1674 2328 admirationis,
1709 2259 1763 2309 et
1792 2254 1857 2310 de

332 2344 392 2383 co
423 2328 565 2398 quod
601 2343 704 2398 per
732 2344 798 2382 ea
832 2344 954 2398 quae
982 2330 1139 2397 facta
1177 2331 1317 2382 sunt
1361 2327 1710 2398 conspicitur
1740 2327 1856 2397 ipse

329 2400 427 2469 qui
457 2399 617 2469 fecit.

326 2513 521 2568 Modus
552 2528 683 2568 vero
724 2512 1092 2568 meditationis
1142 2528 1299 2584 quem
1345 2512 1574 2584 septimo
1607 2511 1728 2567 loco
1754 2525 1857 2582 po-

259 2602 487 2669 suimus,
521 2601 611 2657 ille
643 2609 727 2657 est
755 2601 921 2673 quiin
946 2609 1017 2670 te,
1051 2600 1142 2673 qui
1163 2601 1433 2656 habitator
1452 2617 1510 2655 es
1533 2599 1704 2669 cellae,
1738 2615 1860 2655 cum

258 2691 315 2746 in
346 2706 412 2746 eo
459 2690 776 2761 aliquandiu
825 2690 1077 2757 moraris,
1128 2690 1365 2761 stuporis
1413 2704 1631 2745 causam
1681 2687 1860 2743 admi-

259 2780 456 2835 nistrat
481 2786 536 2834 ct
564 2778 959 2834 admirationis.
985 2780 1142 2835 Hunc
1170 2778 1216 2832 si
1244 2779 1446 2834 habere
1474 2779 1531 2833 in
1560 2786 1613 2833 te
1642 2777 1861 2833 modum

260 2868 563 2935 desideras,
595 2875 805 2939 oportet
830 2875 888 2922 ut
914 2867 1188 2923 solitarius
1217 2867 1435 2934 sedens,
1488 2875 1542 2923 et
1570 2866 1861 2939 cogitatio-

262 2972 387 3013 nem
415 2964 563 3012 tuam
586 2973 780 3028 puram
811 2963 863 3012 et
898 2955 1165 3023 stabilem,
1215 2956 1284 3010 ab
1317 2956 1437 3027 ipso
1483 2956 1671 3010 mundi
1702 2970 1863 3009 exor-

263 3045 372 3112 dio,
406 3061 507 3116 per
544 3026 730 3100 tetates
759 3053 810 3100 et
854 3044 1234 3116 generationes
1283 3026 1640 3117 singulorum,
1688 3058 1862 3114 usque
1887 3026 1934 3086 Ο

264 3134 333 3189 ad
362 3135 467 3190 hoc
496 3141 708 3205 tempus
738 3134 793 3188 in
823 3149 932 3204 quo
964 3140 1021 3187 tu
1052 3149 1111 3189 es
1142 3133 1437 3203 perducas,
1471 3141 1524 3188 et
1548 3148 1668 3204 quae
1698 3132 1752 3186 in
1783 3131 1861 3186 eis

266 3223 375 3278 illae
403 3222 673 3278 universae
721 3230 984 3277 creaturae
1039 3221 1307 3287 conditor,
1358 3229 1520 3293 atque
1569 3219 1864 3291 dispositor

265 3310 539 3365 mirabilia
602 3310 937 3379 mirabiliter,
985 3309 1103 3380 ipse
1168 3309 1433 3365 mirabilis
1481 3316 1729 3379 operatus
1775 3308 1859 3374 sit,

267 3399 558 3471 diligenter
606 3399 872 3454 attendas.
925 3398 1226 3453 Considera
1294 3398 1503 3470 absque
1549 3396 1864 3467 exceptione

264 3488 448 3559 aliqua
477 3487 655 3543 omnia
679 3490 817 3559 ,quaa
864 3494 1065 3558 praeter
1092 3487 1272 3558 ipsum
1320 3494 1443 3541 sunt
1491 3487 1559 3540 de
1600 3502 1711 3541 non
1744 3500 1865 3539 esse

266 3577 337 3633 ad
366 3592 491 3632 esse
515 3576 635 3648 ipso
665 3576 883 3632 volente
912 3575 1184 3647 prodiisse
1206 3584 1257 3630 et
1286 3576 1503 3631 venisse
1537 3592 1549 3628 :
1581 3574 1868 3645 ipsumque

268 3666 361 3738 qui
389 3665 520 3723 vivit
547 3665 601 3720 in
631 3673 895 3721 aeternum
926 3681 1140 3721 creasse
1171 3665 1352 3720 omnia
1380 3664 1539 3719 simul
1564 3682 1577 3719 :
1608 3672 1662 3719 et
1690 3672 1869 3718 tamen

267 3755 445 3826 primo
503 3754 744 3809 omnium
792 3762 1035 3810 creatam
1091 3754 1311 3826 quidem
1359 3752 1713 3824 sapientiam;
1747 3768 1871 3808 cum

272 3858 436 3898 verax
468 3858 684 3915 quoque
740 3843 885 3899 dicat
943 3842 1224 3913 Scriptura
1271 3842 1439 3913 quia:
1472 3841 1537 3897 In
1590 3843 1871 3913 principio

273 3933 485 3987 creavit
506 3934 653 3987 Deus
676 3932 879 3988 caelum
909 3935 968 3986 et
988 3936 1203 3987 terram
1233 3931 1397 4000 (Gen.
1428 3947 1465 4000 ι,
1492 3930 1565 4000 1).
1587 3930 1695 3984 Sed
1714 3929 1770 3983 in
1790 3928 1873 3983 his

273 4020 474 4074 nullam
513 4036 742 4091 prorsus
821 4036 945 4075 esse
1010 4018 1448 4076 contrarietatem
1475 4026 1689 4089 putes:
1749 4018 1877 4090 quin

270 4109 449 4179 potius
478 4108 621 4163 inter
651 4109 829 4180 ipsum
858 4108 1117 4179 temporis
1142 4108 1352 4163 initium
1384 4116 1436 4163 et
1456 4107 1878 4179 praerogativam

276 4195 572 4270 dignitatis,
631 4196 1031 4253 distinctionem
1097 4196 1298 4253 factam
1346 4211 1638 4269 agnoscas.
1691 4195 1878 4263 Quan-

276 4293 389 4341 tum
419 4286 563 4341 enim
592 4285 661 4340 ad
707 4286 764 4340 id
820 4286 967 4358 quod
1004 4284 1181 4356 primo
1236 4286 1359 4341 loco
1414 4284 1696 4355 posuimus
1732 4299 1743 4337 :
1777 4284 1881 4349 Qui

1954 1729 1998 1784 si
2028 1736 2333 1784 creatorum
2393 1728 2789 1797 formationem,
2842 1730 3192 1789 formatorum
3242 1736 3559 1807 dispositio-

1952 1834 2096 1883 nem,
2128 1816 2291 1887 primi
2320 1816 2573 1877 hominis,
2603 1818 2954 1885 creationem,
2995 1820 3403 1893 institutionem,
3436 1836 3561 1898 post

1953 1905 2168 1976 lapsum
2197 1905 2616 1976 reparationem,
2649 1914 2703 1961 et
2731 1923 2827 1962 sex
2875 1917 3089 1964 aetatum
3120 1921 3348 1968 eventus
3380 1916 3472 1985 qui
3505 1916 3560 1970 in

1955 1994 2034 2049 eis
2063 1995 2422 2067 contigerunt,
2455 2003 2709 2065 putamus
2765 1997 2911 2068 quod
2940 2000 3180 2070 stuporis
3235 2002 3331 2057 tibi
3387 2019 3558 2060 causa

1955 2098 2064 2138 non
2093 2082 2267 2138 deerit
2306 2090 2356 2137 et
2402 2083 2795 2139 admirationis.
2831 2085 2977 2141 Inter
3006 2088 3122 2144 haec
3154 2089 3209 2143 in
3256 2091 3375 2162 ipsa
3404 2110 3557 2148 men-

1957 2172 2025 2226 tis
2054 2177 2158 2226 tuae
2185 2171 2531 2226 meditatione
2563 2179 2747 2243 tange,
2769 2181 2835 2254 get
2878 2175 3030 2231 audi.
3088 2178 3278 2233 Htebet
3325 2196 3560 2253 namque

1958 2260 2075 2330 ipsa
2105 2276 2259 2314 mens
2288 2267 2379 2313 tua
2401 2260 2689 2330 quemdam
2730 2269 2952 2333 tactum,
2993 2264 3153 2320 habet
3184 2274 3236 2321 et
3265 2269 3562 2338 quemdam

1960 2348 2246 2414 auditum;
2298 2348 2395 2403 sed
2452 2356 2738 2420 utrumque
2789 2351 3141 2423 spiritualem,
3197 2355 3319 2426 quia
3350 2365 3403 2413 et
3445 2358 3566 2429 ipsa

1957 2452 2115 2491 mens
2147 2435 2367 2506 spiritus
2397 2444 2498 2491 est.
2534 2437 2827 2510 Contingat
2878 2439 3059 2512 itaque
3106 2449 3280 2498 tactus
3313 2445 3429 2513 ejus
3457 2448 3568 2517 spi-

1960 2524 2169 2579 ritualis
2202 2523 2303 2579 tria
2333 2540 2454 2595 quae
2485 2524 2668 2579 insunt
2714 2528 2998 2582 creaturis.
3034 2530 3274 2585 Primum
3308 2540 3391 2587 est
3422 2536 3570 2605 quod

1962 2629 2034 2668 ex
2066 2629 2124 2668 se
2159 2630 2172 2666 :
2208 2612 2506 2669 secundum
2550 2613 2697 2684 quod
2744 2632 2810 2671 ex
2856 2625 3097 2673 creatore
3133 2635 3145 2673 :
3180 2621 3397 2675 tertium
3439 2639 3569 2678 vero

1961 2701 2216 2755 bifarium
2247 2709 2348 2768 est,
2382 2701 2549 2772 digno
2596 2703 2791 2758 merito
2841 2704 3170 2777 condignum
3202 2709 3439 2764 reddens
3470 2710 3571 2765 sti-

1962 2790 2261 2861 pendium;
2312 2790 2397 2846 vel
2446 2797 2504 2844 ut
2543 2790 2783 2859 justitiaz,
2836 2792 3037 2860 vitam;
3083 2794 3168 2850 vel
3213 2804 3272 2850 ut
3317 2798 3571 2870 nequitiae

1964 2886 2213 2934 mortem.
2266 2879 2326 2932 In
2371 2878 2549 2949 primo
2598 2888 2937 2951 contemptus
2986 2882 3200 2952 operis;
3235 2885 3289 2939 in
3328 2888 3569 2944 secundo

1968 2967 2144 3037 gloria
2173 2966 2467 3022 conditoris
2492 2985 2506 3033 ;
2539 2968 2595 3021 in
2620 2967 2777 3023 tertio
2808 2968 3175 3026 famulationis
3219 2972 3563 3045 beneficium,

1964 3054 2348 3110 admonitionis
2411 3055 2716 3123 consilium,
2796 3057 3156 3114 damnationis
3222 3061 3564 3133 supplicium.

1965 3144 2165 3197 Horum
2213 3142 2394 3214 itaque
2462 3143 2623 3197 trium
2685 3145 2919 3215 primum
2987 3148 3204 3219 quidem
3253 3151 3562 3222 auxiliatur,

1966 3231 2264 3288 secundum
2325 3232 2655 3301 exhortatur,
2716 3234 2933 3289 tertium
2993 3238 3368 3294 comminatur.
3422 3241 3569 3296 Inter

1965 3320 2083 3385 haec
2112 3320 2339 3375 accedat
2368 3326 2539 3375 tactus
2584 3327 2705 3375 tuus
2737 3323 3033 3393 spiritualis
3083 3325 3153 3381 ad
3200 3327 3301 3382 tria
3332 3328 3566 3385 visibilia

1965 3408 2260 3464 visibilium
2288 3417 2672 3478 creaturarum,
2706 3418 2759 3465 et
2807 3412 3043 3481 primum
3084 3414 3302 3485 quidem
3331 3416 3567 3473 immen-

1969 3496 2099 3551 sitas
2128 3504 2228 3566 est,
2262 3496 2572 3552 formositas
2602 3499 2920 3569 secundum,
2972 3501 3172 3556 utilitas
3220 3504 3457 3560 tertium.
3505 3509 3565 3562 In

1969 3585 2143 3668 prima
2181 3586 2386 3656 reperit
2434 3594 2608 3642 tactus
2650 3588 2752 3642 iste
2797 3588 3088 3659 spiritualis
3131 3591 3565 3667 admirationem,

1968 3676 2024 3727 ιη
2077 3674 2316 3729 secunda
2362 3675 2826 3745 approbationem,
2875 3677 2930 3731 in
2981 3678 3139 3734 tertia
3186 3682 3574 3740 revelationem

1972 3761 2125 3835 [Par.
2162 3762 2594 3835 relevationem].
2645 3764 2783 3818 Nam
2831 3781 3015 3820 earum
3053 3767 3229 3838 prima
3273 3770 3574 3828 multitudi-

1972 3866 2100 3905 nem
2129 3858 2182 3905 et
2209 3850 2635 3922 magnitudinem
2666 3853 2917 3909 vendicat
2946 3854 3069 3922 sibi,
3102 3864 3154 3911 et
3185 3866 3266 3913 est
3290 3860 3575 3918 multitudo

1974 3938 2031 3993 in
2059 3932 2345 4005 similibus,
2397 3938 2451 3992 in
2499 3939 2749 4007 diversis,
2800 3942 2856 3995 in
2902 3944 3178 4014 permistis
3213 3964 3226 4001 :
3260 3950 3576 4020 magnitudo

1976 4044 2105 4083 vero
2134 4028 2189 4081 in
2217 4026 2382 4094 mole,
2415 4045 2536 4099 quae
2573 4037 2657 4084 est
2702 4028 2755 4083 in
2799 4047 3002 4103 massa,
3038 4042 3089 4089 et
3120 4036 3405 4105 pondere;
3439 4047 3491 4094 et
3520 4039 3576 4094 in

1979 4111 2171 4182 spatio,
2205 4112 2349 4183 quod
2380 4119 2463 4167 est
2490 4113 2545 4166 in
2581 4113 2747 4184 longo
2779 4123 2830 4169 et
2876 4116 3003 4185 lato,
3047 4119 3318 4189 profundo
3345 4129 3397 4177 et
3442 4123 3569 4181 alto.

1978 4199 2332 4254 Multitudinis
2380 4215 2508 4255 vero
2565 4208 2735 4257 testes
2780 4212 2907 4259 sunt
2977 4206 3149 4262 stella:
3197 4208 3357 4277 cceli,
3407 4227 3575 4267 arena

1980 4288 2169 4353 maris,
2234 4294 2399 4360 guttae
2460 4288 2785 4359 pluviarum,
2864 4292 2981 4349 dies
3028 4296 3371 4365 saeculorum,
3428 4300 3579 4357 hora:

280 4374 415 4430 vivit
440 4376 502 4429 in
534 4378 834 4440 cateruam,
856 4375 1071 4431 creavit
1088 4375 1281 4430 omnia
1301 4374 1493 4440 simul,
1508 4377 1565 4427 et
1584 4374 1647 4427 in
1666 4371 1876 4444 princi-
1894 4380 1947 4438 D
1977 4376 2205 4442 dierum,
2230 4383 2507 4430 momenta
2527 4377 2801 4446 horarum,
2833 4380 2929 4450 pili
2973 4383 3302 4455 animalium,
3334 4389 3583 4459 gramina

274 4462 368 4533 pio
399 4463 613 4518 creavit
662 4464 805 4518 Deus
839 4464 1043 4519 caelum
1072 4466 1131 4518 et
1162 4467 1373 4518 terram
1410 4462 1583 4531 (Eccl.
1616 4475 1772 4526 xvm,
1802 4458 1876 4530 1).

279 4549 553 4617 Quantum
565 4566 696 4605 vero
709 4550 778 4605 ad
792 4549 847 4605 id
861 4551 1006 4622 quod
1018 4549 1280 4617 secundo,
1295 4549 1473 4621 primo
1486 4547 1720 4604 omnium
1735 4563 1882 4603 crea-

276 4645 328 4691 ta
359 4645 441 4693 est
472 4638 750 4709 sapientia,
786 4655 907 4710 quin
945 4647 1028 4693 est
1047 4638 1322 4693 rationalis
1343 4645 1607 4694 creatura.
1642 4636 1881 4692 Visibilis

280 4742 494 4798 quoque
541 4736 811 4795 creatura,
856 4727 1092 4798 primum
1120 4728 1177 4780 in
1221 4726 1359 4793 rudi,
1395 4734 1447 4782 et
1478 4726 1879 4797 quodammodo

280 4814 497 4870 informi
525 4815 773 4886 apparuit
800 4816 1025 4871 materia
1049 4835 1063 4882 ;
1112 4832 1233 4887 qua;
1263 4815 1334 4869 ad
1371 4814 1462 4868 illa
1491 4821 1719 4885 quatuor
1747 4831 1879 4884 per-

281 4904 416 4959 tinet
444 4904 727 4971 elementa,
762 4920 882 4975 quae
911 4912 1056 4970 sunt,
1088 4904 1251 4976 ignis,
1298 4920 1411 4970 aer,
1443 4917 1586 4973 aqua
1615 4910 1668 4957 et
1694 4910 1876 4968 terra;

281 4991 478 5061 deinde
506 5008 604 5062 per
633 4992 915 5047 intervalla
935 5009 1031 5047 sex
1048 4992 1254 5047 dierum
1286 4992 1339 5045 in
1369 4991 1604 5046 formam
1633 4990 1876 5046 redacta.

282 5081 426 5136 Sane
469 5080 526 5133 in
574 5080 746 5135 tribus
775 5081 917 5136 hanc
972 5081 1041 5135 de
1097 5096 1205 5151 qua
1255 5080 1530 5151 loquimur
1571 5086 1879 5134 creaturam

281 5168 792 5238 comprehendimus
817 5186 832 5235 ;
863 5168 919 5221 in
949 5167 1166 5222 informi
1196 5169 1469 5223 creatione
1499 5183 1607 5222 non
1638 5168 1878 5222 existen-

282 5256 431 5321 tium,
467 5256 523 5309 in
577 5257 900 5311 formatione
948 5257 1026 5313 sic
1080 5266 1405 5322 creatorum,
1438 5256 1494 5310 in
1524 5255 1879 5325 dispositione

284 5359 500 5415 quoque
530 5344 909 5401 formatorum.
948 5346 1008 5399 In
1037 5344 1157 5416 ipso
1188 5345 1386 5417 quippe
1414 5344 1565 5398 initio
1594 5344 1875 5413 temporis,

283 5440 408 5487 ante
429 5449 647 5489 omnem
678 5435 843 5499 diem,
876 5434 930 5487 in
964 5433 1069 5487 illis
1100 5440 1328 5504 quatuor
1374 5432 1658 5488 elementis
1702 5430 1878 5486 infor-

281 5520 386 5575 mis
408 5530 461 5577 et
490 5522 655 5589 rudis,
689 5522 757 5577 de
786 5537 896 5578 non
926 5537 1048 5578 esse
1095 5522 1165 5577 ad
1213 5537 1335 5578 esse
1384 5521 1586 5593 prodiit
1628 5520 1873 5577 materia.

1983 4480 2317 4535 camporum,
2339 4464 2466 4519 folia
2505 4466 2780 4533 arborum,
2832 4485 3075 4539 squamae
3104 4473 3353 4543 piscium,
3388 4493 3584 4547 pennae

1983 4552 2279 4620 volucrum,
2314 4561 2368 4608 et
2395 4553 2647 4609 universa
2678 4555 3002 4625 hujusmodi.
3037 4562 3423 4634 Magnitudinis
3455 4583 3587 4623 vero

1980 4649 2149 4696 testes
2179 4650 2320 4709 sunt,
2362 4642 2536 4721 moles
2583 4644 2866 4715 montium,
2918 4663 3156 4705 concava
3211 4653 3453 4720 vallium,
3484 4663 3586 4710 tra-

1983 4738 2100 4785 ctus
2148 4730 2450 4800 ﬂuminum,
2509 4732 2731 4787 altitudo
2762 4735 2905 4802 εαξη,
2958 4736 3182 4793 latitudo
3214 4748 3376 4797 terrae
3400 4784 3412 4808 ,
3446 4760 3581 4813 pro-

1982 4818 2205 4873 fundum
2264 4819 2466 4890 abyssi,
2527 4829 2580 4875 et
2627 4821 3040 4880 innumerabilia
3082 4826 3136 4880 in
3164 4828 3307 4884 hunc
3334 4831 3577 4888 modum.

1983 4908 2251 4975 Quantum
2280 4909 2348 4961 ad
2378 4925 2497 4977 nos,
2534 4926 2633 4964 nec
2661 4910 2749 4964 illa
2780 4929 3083 4982 numerum,
3116 4932 3218 4971 nec
3248 4917 3348 4972 ista
3378 4920 3579 4976 admit-

1980 5004 2096 5050 tunt
2147 5013 2480 5052 mensuram.
2542 4999 2712 5054 Porro
2759 5000 3069 5058 formositas
3099 5005 3419 5063 admiranda
3442 5050 3456 5079 ,
3486 5010 3580 5066 illa

1981 5092 2212 5153 quatuor
2257 5086 2666 5155 comprehendit
2698 5103 2710 5140 :
2758 5089 2917 5143 situm
2942 5133 2955 5155 ,
3006 5100 3208 5147 motum
3232 5138 3244 5161 ,
3298 5097 3535 5167 speciem
3560 5141 3574 5169 ,

1981 5172 2312 5242 qualitatem.
2342 5174 2401 5226 In
2441 5173 2544 5228 situ
2591 5177 2931 5246 compositio,
2993 5188 3045 5234 et
3091 5182 3395 5255 dispositio,
3457 5204 3576 5257 quae

1980 5260 2081 5313 sibi
2112 5261 2362 5317 vendicat
2392 5279 2501 5329 res,
2532 5262 2675 5332 loca,
2710 5274 2763 5320 et
2784 5272 3046 5337 tempora.
3081 5273 3256 5327 Motus
3286 5290 3418 5330 vero
3449 5292 3571 5346 qua-

1980 5348 2231 5403 drifarius
2262 5358 2343 5404 est
2369 5370 2382 5417 ;
2414 5351 2619 5418 localis,
2673 5354 2765 5425 qui
2796 5363 2878 5410 est
2924 5366 3049 5413 ante
3081 5368 3133 5415 et
3162 5370 3322 5428 retro,
3357 5379 3575 5419 sursum

1980 5444 2032 5492 et
2061 5437 2334 5505 deorsum,
2367 5440 2714 5496 dextrorsum
2741 5452 2792 5498 et
2821 5445 3215 5515 sinistrorsum,
3248 5458 3301 5505 et
3330 5450 3533 5506 circum
3560 5470 3575 5521 ;

1980 5526 2260 5593 naturalis,
2294 5526 2386 5598 qui
2416 5537 2582 5601 auget
2617 5538 2669 5584 et
2713 5533 2940 5602 minuit“;
2974 5535 3241 5606 animalis,
3277 5538 3369 5609 qui
3398 5554 3573 5613 appe-
