3972 6052
401 272 505 328 84³7
1285 271 1626 329 GUIGONIS
1663 272 1715 329 ΙΙ
1751 265 2161 328 (ΖΑΒΤΗΠΞΙΛΕ
2203 267 2492 329 ΜΛΙΟΒΙΞ
2533 270 2828 329 PRIORIS.
2913 266 2918 270 ’
3599 278 3705 332 848

398 396 460 450 tit
487 402 540 452 et
573 395 733 451 sentit
763 412 778 462 ;
812 394 1114 461 rationalis,
1148 395 1238 466 qui
1270 395 1531 450 discernit
1579 403 1632 449 et
1677 395 1818 449 facit.
1854 396 1992 466 Spe-
2015 394 2067 451 A
2093 394 2314 462 provisa
2335 394 2526 450 didici.
2554 396 2818 452 Omnium
2839 397 2993 451 enim
3022 397 3241 466 artifex
3273 395 3465 453 docuit
3497 415 3586 454 me
3607 401 3710 456 Sa-

401 483 542 540 ciem
597 500 812 556 quoque
873 485 989 539 haec
1038 483 1274 554 quinque
1348 483 1654 538 mirabilem
1703 484 1940 540 clamant
1986 503 1998 538 :
2097 483 3028 556 pientia(Sap.vn,l7-21).Igitur
3052 484 3099 538 si
3131 485 3246 539 haec
3282 486 3462 540 omnia
3483 487 3621 541 intra
3651 496 3707 543 te

401 571 736 641 formositas,
763 571 1098 637 deformitas,
1134 571 1460 636 immanitas,
1496 573 1749 642 parvitas,
1785 573 1999 627 raritas.
2103 568 2390 640 diligenter
2409 572 2788 638 ruminaveris,
2814 573 3040 627 habebis
3059 573 3305 644 profecto
3327 574 3381 628 in
3403 575 3501 630 hac
3523 577 3704 632 medi-

403 659 726 730 Qualitatem
742 677 868 716 vero
891 662 1008 716 huic
1021 661 1259 732 quinque
1271 661 1571 716 mirabilem
1593 670 1862 727 asserunt,
1883 679 2004 733 quae
2105 657 2304 714 talione
2334 667 2421 715 tua
2449 661 2715 729 nonnihil,
2744 661 2891 717 unde
2931 661 3283 734 obstupescas
3310 670 3364 718 et
3391 663 3702 720 admireris.

403 750 626 805 totidem
677 767 870 805 sensus
934 749 1176 820 corporis
1229 758 1496 820 pascunt;
1549 751 1712 806 decor
1758 750 2004 806 colorum

403 839 722 896 demulcens
752 847 1051 910 aspectum,
1091 839 1259 894 melos
1300 855 1560 893 sonorum
1591 839 1851 906 auditum,
1886 839 2002 894 fra-
2567 855 2964 914 gAplTULUM
3010 857 3235 913 ΧΧνΠ,

403 928 620 1002 grantia
650 929 880 984 odorum
910 926 1182 993 olfactum,
1203 927 1441 982 suavitas
1472 943 1725 999 saporum
1759 937 1999 1000 gustum,

404 1017 650 1088 aptitudo
679 1032 971 1087 corporum
1019 1023 1236 1071 tactum.
1269 1015 1562 1070 Utilitatem
1594 1016 1812 1088 quidem
1844 1033 2002 1072 crea-
2104 1016 2180 1070 De
2210 1015 2431 1092 vocibus
2451 1021 2514 1092 et
2537 1017 2932 1092 locutionibus,
2957 1018 3303 1092 quasanima
3323 1021 3708 1092 spiritualiter

403 1087 648 1161 iurarum
675 1106 793 1162 haec
822 1114 1052 1177 quatuor
1073 1113 1336 1159 exornant
1372 1119 1384 1158 :
1417 1087 1678 1174 aptitudo,
1703 1105 1971 1177 gratitude

2174 1087 2348 1177 audit!
2367 1106 2384 1142 :
2405 1091 2462 1142 et
2493 1089 2744 1177 qualiter
2771 1087 2980 1170 (mima—
2999 1088 3079 1177 ad
3101 1087 3409 1177 imaginem
3420 1091 3521 1177 Dei
3545 1095 3705 1162 facta

400 1194 674 1266 placitum,
707 1194 1032 1250 necessitas.
1087 1194 1211 1247 Non
1255 1200 1412 1263 potes
1458 1193 1643 1264 utique
1673 1210 1780 1247 non
1811 1193 2000 1248 obstu-
2173 1161 2772 1266 ξίξῆξθξξίᾝῗῖξξιω
2805 1163 3098 1230 summa"
3124 1165 3180 1215 et
3206 1177 3368 1230 cuius
3384 1167 3570 1219 motu:
3588 1179 3707 1218 ’ταδ’

401 1229 674 1266 1"“""‘“"’
709 1229 1032 1250 “°”“°°”“°'
1088 1229 1211 1247 “"“
1255 1229 1412 1263 Vw“
1461 1229 1643 1264 “‘1‘”
1673 1229 1780 1247 “‘“‘
1811 1229 2000 1248 "”°““
2173 1229 2449 1298 ceptibilis
2477 1245 2594 1284 non
2623 1232 2719 1285 sit.

401 1299 631 1354 pescere
662 1291 714 1338 et
741 1282 1014 1348 admirari,
1046 1289 1101 1335 tu
1142 1280 1235 1352 qui
1281 1281 1552 1335 habitator
1582 1297 1641 1336 es
1672 1281 1842 1351 cellae,
1877 1299 2002 1336 cum

399 1374 519 1429 haec
548 1372 688 1427 intra
735 1379 788 1426 te
836 1369 1125 1440 diligenter
1161 1368 1368 1439 cogitas
1398 1376 1449 1423 et
1495 1369 1796 1423 meditaris.
1854 1370 2000 1425 Visi-
2172 1367 2406 1438 Tempus
2437 1376 2519 1422 est
2538 1369 2671 1438 jam,
2705 1376 2762 1424 ut
2791 1370 2861 1424 ad
2902 1370 3053 1425 illum
3102 1371 3430 1427 accedamus
3455 1380 3704 1429 octavum

402 1463 587 1517 bilium
618 1473 855 1530 namque
885 1466 937 1513 et
968 1456 1305 1512 sensibilium
1336 1465 1711 1511 creaturarum
1742 1458 1842 1512 Dei
1871 1458 1999 1512 dili-
2101 1454 2465 1510 meditationis
2504 1457 2746 1522 modum,
2802 1475 2910 1530 quo
2953 1459 3206 1526 diximus,
3239 1460 3295 1514 in
3323 1461 3502 1516 animo
3530 1462 3706 1517 medi-

405 1567 544 1624 gens
572 1547 856 1620 inspectio,
890 1561 1091 1618 magna
1119 1553 1170 1600 et
1199 1545 1480 1615 pervalida
1510 1545 1602 1599 tibi
1633 1546 1735 1600 erit
1763 1547 2000 1600 admira-
2101 1542 2262 1597 tantis
2319 1560 2438 1616 quae
2514 1545 2811 1616 spiritualia
2858 1555 2910 1602 et
2959 1547 3252 1604 invisibilia
3299 1557 3422 1603 sunt
3471 1549 3700 1606 revolvi.

400 1639 568 1694 tionis
597 1651 763 1693 causa
791 1643 842 1691 et
870 1633 1110 1690 occasio.
1141 1635 1200 1687 In
1233 1633 1312 1687 eis
1341 1632 1384 1686 si
1408 1633 1627 1705 quidem
1657 1635 1776 1705 ipsa
1805 1634 1997 1689 invisi-
2101 1632 2227 1687 Haec
2265 1640 2464 1699 autem,
2496 1633 2565 1688 de
2597 1635 2790 1705 quibus
2837 1635 2984 1706 loqui
3010 1637 3380 1706 proponimus,
3409 1637 3704 1708 spiritualia

401 1728 526 1782 bilis
557 1724 822 1797 sapientia
853 1722 1258 1794 quodammodo
1295 1721 1526 1786 videtur,
1578 1739 1698 1794 quae
1728 1723 1782 1777 in
1813 1741 1994 1778 seme-
2029 1747 2080 1808 B
2106 1728 2158 1775 et
2199 1719 2507 1788 invisibilia,
2561 1722 2630 1776 ad
2678 1722 2913 1778 animam
2954 1724 3228 1794 pertinent
3270 1726 3580 1792 humanam,
3631 1727 3704 1781 ad

403 1817 542 1888 tipsa
567 1831 598 1869 a
626 1813 843 1869 nemine
886 1809 1038 1866 sicuti
1088 1818 1188 1880 est,
1220 1810 1275 1863 in
1323 1811 1609 1880 praesentis
1639 1812 1813 1867 exsilii
1834 1815 1998 1870 caeci-
2106 1818 2410 1865 creaturam
2461 1811 2790 1884 angelicam,
2838 1812 2907 1866 ad
2947 1819 3191 1868 naturam
3241 1814 3400 1868 etiam
3430 1814 3695 1870 divinam.

404 1913 513 1961 tate
556 1902 728 1958 videri
774 1907 972 1973 potest.
1018 1899 1155 1953 Hinc
1197 1898 1328 1952 illud
1369 1907 1451 1953 est
1499 1900 1642 1971 quod
1673 1901 1891 1972 quidam
1931 1905 2001 1960 de
2097 1897 2165 1951 Et
2195 1898 2413 1969 quidem
2443 1898 2511 1954 de
2540 1899 2624 1954 his
2655 1900 2846 1966 tribus.
2879 1901 2982 1956 1106
3010 1910 3112 1969 est,
3146 1902 3213 1956 de
3242 1903 3424 1958 animi!
3443 1903 3700 1969 1181113118,

406 1992 682 2065 Sapientia
701 1990 840 2046 dixit
870 2007 883 2044 :
914 1990 977 2044 In
1000 1988 1102 2043 viis
1115 1980 1232 2042 suis
1253 1987 1498 2042 ostendit
1518 2005 1576 2043 se
1597 1989 1862 2047 hilariter
1881 1993 2000 2047 illis
2099 1985 2168 2044 de
2197 1986 2332 2057 ipsis
2361 1987 2594 2058 angelis,
2630 1995 2681 2044 et
2708 1988 2776 2043 de
2806 1989 2921 2044 Deo
2954 1989 3138 2061 aliqua
3167 1997 3403 2046 tractare
3433 1991 3489 2046 in
3513 1992 3599 2046 his
3618 2008 3702 2047 ca-

403 2083 557 2153 (Sap.
590 2097 668 2146 v1,
701 2080 812 2151 17).
846 2077 959 2133 Viae
1004 2075 1290 2130 invisibilis
1336 2075 1642 2146 Sapientiae,
1676 2076 1846 2148 ipsius
1877 2087 2001 2134 sunt
2096 2073 2278 2145 pitulis
2319 2075 2566 2145 proxime
2609 2076 3085 2148 subsequentibus,
3118 2077 3174 2133 in
3215 2079 3494 2150 proposito
3521 2080 3701 2136 habe-

402 2169 647 2226 visibiles
677 2176 730 2223 et
775 2165 1062 2222 sensibiles
1091 2172 1355 2220 creaturae
1389 2179 1400 2217 :
1435 2165 1488 2218 in
1520 2165 1718 2236 quibus
1756 2167 1999 2237 profecto
2096 2177 2237 2216 mus.
2269 2163 2348 2217 Tu
2378 2179 2533 2235 ergO,
2568 2163 2660 2235 qui
2688 2165 2966 2221 habitator
2991 2182 3052 2221 es
3081 2166 3254 2234 cellae,
3289 2176 3342 2222 et
3370 2168 3518 2223 solus
3544 2168 3602 2222 in
3631 2183 3701 2224 ea

400 2259 502 2316 viis
534 2273 593 2313 se
623 2254 877 2322 ostendit,
912 2253 1036 2326 quia
1063 2253 1115 2306 in
1139 2252 1251 2307 suis
1277 2253 1431 2321 juxta
1457 2254 1749 2324 quemdam
1775 2255 1997 2310 modum
2096 2250 2420 2317 consistens,
2459 2259 2512 2307 et
2555 2267 2666 2308 non
2711 2253 2878 2320 solus,
2928 2253 2984 2308 in
3030 2254 3222 2326 primis
3267 2255 3420 2327 erige
3464 2256 3603 2311 intra
3643 2265 3698 2312 te

403 2346 662 2420 operibus
690 2351 944 2416 apparet;
969 2358 1089 2414 qua:
1117 2341 1172 2396 in
1193 2340 1488 2412 semetipsa
1508 2357 1608 2396 nos
1638 2343 1818 2398 adhuc
1845 2344 1995 2401 latet,
2095 2339 2337 2394 auditum
2365 2339 2518 2394 illum
2567 2340 2918 2411 spiritualem,
2971 2359 3132 2415 quem
3183 2344 3432 2414 superius
3461 2345 3698 2400 diximus

401 2437 470 2492 Et
498 2436 638 2491 bene
667 2433 868 2489 dictum
887 2439 968 2487 est
990 2431 1256 2486 hilariter
1289 2429 1412 2501 quia
1440 2431 1597 2501 quasi
1625 2431 1873 2503 quaedam
1895 2433 1996 2487 ad-
2095 2426 2150 2481 in
2181 2427 2363 2482 anima
2391 2428 2599 2495 haberi,
2633 2437 2687 2484 et
2715 2429 2895 2486 audiat
2941 2431 3099 2485 trium
3151 2431 3436 2502 spirituum
3479 2449 3693 2489 vocem.

402 2525 622 2580 modum
663 2520 995 2578 delectabilis
1041 2519 1320 2588 cujusdam
1354 2518 1702 2588 jucundilatis
1755 2521 1997 2576 hilaritas
2095 2515 2310 2570 Primus
2342 2525 2528 2572 noster
2560 2526 2661 2588 est,
2696 2519 2971 2575 secundus
3002 2520 3308 2592 angelicus,
3341 2521 3534 2576 tertius
3565 2538 3699 2578 vero

399 2622 501 2681 εει,
535 2614 591 2667 in
635 2610 972 2682 inspectione
1019 2608 1220 2679 operis,
1279 2607 1416 2663 visio
1471 2608 1793 2663 conditoris.
1860 2610 1996 2664 Vide
2093 2602 2184 2658 ille
2215 2612 2298 2659 est
2327 2604 2418 2675 qui
2446 2605 2692 2661 condidit
2716 2606 2873 2662 istos.
2903 2607 3046 2663 Dicit
3082 2607 3228 2663 enim
3258 2609 3326 2664 de
3354 2608 3448 2664 illo
3478 2609 3696 2681 spiritu,

395 2702 562 2774 igitur
616 2700 756 2754 intra
810 2707 863 2753 te
917 2697 971 2752 in
1026 2696 1376 2751 meditatione
1433 2703 1541 2762 tua,
1617 2705 1850 2769 quatuor
1895 2697 1996 2752 ista
2096 2692 2189 2764 qui
2219 2693 2364 2747 Deus
2395 2700 2447 2748 et
2473 2694 2638 2749 homo
2659 2702 2742 2748 est
2775 2709 2787 2748 :
2825 2696 3075 2766 Spiritus
3105 2700 3188 2752 est
3219 2699 3366 2753 Deus
3394 2697 3580 2768 (Joan.
3613 2714 3695 2768 Iv,

397 2789 688 2854 elementa,
746 2795 800 2843 et
854 2803 919 2841 ex
979 2785 1057 2840 eis
1112 2784 1337 2838 formata
1380 2785 1680 2855 corporalia
1718 2786 1992 2841 universa.
2093 2782 2208 2849 24).
2254 2780 2426 2836 Habet
2492 2790 2673 2838 autem
2717 2783 3088 2856 unusquisque
3136 2784 3360 2840 istorum
3405 2787 3695 2857 spirituum

397 2879 534 2935 Vide
565 2876 747 2933 omnia
768 2875 868 2931 sub
889 2883 1034 2929 terra
1055 2873 1316 2944 repentia,
1341 2873 1409 2928 de
1439 2880 1587 2928 terra
1608 2874 1991 2946 germinantia,
2093 2884 2285 2923 vocem
2316 2885 2488 2936 suam,
2519 2879 2571 2925 et
2616 2887 3057 2943 unamquamque
3103 2873 3321 2944 quidem
3350 2881 3478 2930 tunc
3504 2881 3560 2929 tu
3591 2891 3696 2931 vo-

397 2983 561 3038 super
589 2974 785 3022 terram
815 2962 1141 3038 gradientia,
1191 2962 1247 3016 in
1297 2977 1422 3017 aere
1467 2961 1721 3030 volantia,
1753 2962 1808 3017 in
1838 2964 1995 3035 aquis
2093 2972 2213 3013 cem
2242 2957 2415 3026 audis,
2461 2974 2586 3014 cum
2641 2959 2712 3015 de
2767 2975 3091 3032 unaquaque
3133 2961 3428 3034 diligenter
3456 2978 3520 3019 ac
3550 2980 3691 3034 pure

395 3055 658 3122 natantia,
710 3053 763 3108 in
811 3052 1152 3107 firmamento
1203 3050 1438 3107 lucentia
1472 3069 1484 3104 :
1537 3059 1587 3106 et
1655 3067 1992 3124 quaecunque
2016 3103 2060 3124 η
2091 3045 2388 3101 meditaris.
2424 3045 2559 3115 Qum
2586 3047 2806 3103 illorum
2854 3064 3017 3104 voces
3047 3065 3170 3106 cum
3195 3050 3264 3104 ad
3290 3048 3690 3107 ﬁrmamentum

393 3153 520 3200 sunt
545 3161 576 3198 a
605 3103 722 3199 D,eo
772 3139 1077 3212 corporalia
1126 3147 1179 3194 et
1223 3138 1458 3194 visibilia
1505 3103 1707 3206 creatal,
1759 3103 1994 3196 formata
2015 3103 2062 3162 Ο
2089 3134 2400 3204 pertineant
2429 3154 2444 3202 ς
2477 3135 2656 3206 Prima
2683 3137 2786 3190 δαὶ)
2822 3136 2960 3207 ipso.
2997 3137 3236 3193 secunda
3264 3138 3333 3194 de
3361 3138 3501 3210 ipso.
3532 3141 3688 3195 tertia

392 3241 444 3288 et
481 3231 747 3303 disposita
782 3247 795 3285 :
830 3238 883 3285 et
913 3229 1049 3285 scito
1077 3229 1178 3282 has
1225 3243 1348 3282 esse
1387 3226 1676 3282 invisibilis
1705 3227 1992 3299 Sapientiae
2091 3238 2258 3292 supra
2288 3222 2465 3294 ipsum
2495 3231 2574 3278 est
2609 3239 2622 3278 ε
2655 3230 2708 3279 et
2737 3224 2794 3279 in
2848 3225 2951 3280 hac
2993 3226 3227 3298 gradum
3267 3235 3532 3298 coguntur
3560 3229 3685 3282 ani-

391 3321 525 3388 vias,
587 3320 642 3374 in
684 3319 878 3391 quibus
926 3335 985 3372 se
1033 3316 1124 3370 tibi
1154 3315 1400 3370 hilariter
1441 3315 1693 3371 ostendit.
1745 3317 1813 3372 Ut
1845 3317 1992 3372 enim
2087 3311 2250 3365 malta
2279 3311 2468 3382 ﬁgere,
2503 3320 2555 3367 et
2584 3312 2702 3374 alas
2722 3312 3062 3369 submittere.
3101 3314 3368 3385 Percipiat
3395 3316 3557 3370 etiam
3590 3333 3688 3372 au-

391 3408 686 3481 Apostolus
717 3409 791 3463 ait
811 3425 823 3462 :
845 3407 1155 3464 Invisibilia
1175 3405 1375 3477 ipsius,
1407 3421 1440 3459 α
1469 3409 1737 3460 creatura
1766 3406 1986 3473 mundi,
2088 3398 2231 3453 ditus
2260 3399 2382 3465 iste,
2415 3407 2468 3455 et
2495 3400 2679 3455 audiat
2709 3400 2955 3471 spiritum
2973 3401 3297 3471 increatum,
3320 3404 3420 3458 hos
3451 3413 3689 3474 quatuor

390 3515 493 3571 per
504 3515 570 3554 ea
581 3514 702 3572 qua:
710 3499 868 3568 facta
880 3499 1036 3562 sunt,
1053 3495 1351 3550 intellectu
1362 3494 1958 3565 conspiciuntur(R0m

2114 3485 2450 3558 lloquentem
2485 3504 2497 3542 :
2528 3489 2775 3560 angelos,
2800 3497 3107 3546 sanctorum
3129 3491 3358 3558 animas,
3382 3491 3682 3559 diabolum,

388 3602 426 3655 ι,
460 3587 579 3659 20).
631 3586 755 3641 Non
801 3593 976 3640 autem
1022 3583 1124 3638 alia
1171 3590 1294 3636 sunt
1337 3581 1625 3637 invisibilia
1672 3581 1790 3652 Dei,
1843 3581 1989 3636 aliud
2086 3575 2361 3631 homines.
2429 3577 2488 3630 In
2545 3577 2817 3633 locutione
2862 3578 3060 3648 prima,
3114 3577 3310 3634 infusio
3359 3587 3440 3635 est
3485 3579 3688 3636 divinae

386 3674 505 3747 ipse
562 3677 748 3741 Deus;
781 3674 908 3745 quia
965 3671 1107 3744 quod
1163 3671 1347 3736 habet,
1407 3671 1511 3725 hoc
1567 3677 1667 3724 est.
1723 3670 1877 3724 Unde
1935 3678 1989 3726 et
2087 3663 2574 3719 animadversionis
2609 3680 2621 3718 :
2654 3664 2710 3719 in
2749 3667 3023 3733 secunda,
3074 3666 3338 3722 immissio
3367 3675 3686 3738 spontanee:

387 3764 632 3836 adjungii
651 3762 944 3833 Apostolus
980 3759 1374 3829 :sempitema
1392 3775 1602 3830 quoque
1630 3758 1810 3813 virtus
1842 3761 1981 3830 ejus,
2087 3753 2523 3821 exspectationis.
2557 3753 2740 3808 Tertia
2778 3769 2907 3809 vero
2955 3763 3184 3826 quatuor
3227 3755 3420 3826 recipit
3462 3756 3677 3812 modos.

386 3843 997 3904 etdivinitas:etnihil
1013 3850 1095 3897 est
1111 3841 1273 3908 aliud,
1300 3841 1415 3895 haec
1436 3840 1721 3895 invisibilia
1742 3840 1861 3908 Dei,
1887 3858 1987 3911 per
2085 3840 2297 3894 Primus
2325 3840 2753 3911 increpationem
2799 3842 3039 3898 continet
3083 3843 3356 3915 nequitiae,
3409 3845 3684 3900 secundus

385 3953 448 3992 ea
477 3952 598 4006 quae
635 3934 776 3988 facta
825 3940 946 3986 sunt
985 3930 1248 4000 conspici,
1302 3945 1461 4000 quam
1505 3929 1684 3999 ipsum
1733 3929 1985 3985 invisibi-
2084 3927 2302 3982 laudem
2340 3929 2579 3998 justitiaa,
2651 3930 2839 3984 tertius
2877 3931 3186 3987 tentationis
3244 3932 3678 3999 concessionem,

384 4023 516 4079 lium
554 4023 832 4088 factorem,
865 4019 919 4073 in
951 4018 1017 4073 iis
1048 4034 1168 4090 qum
1198 4016 1326 4072 fecit
1369 4025 1421 4072 et
1459 4033 1559 4088 per
1587 4033 1654 4072 ea
1685 4034 1808 4088 quae
1833 4017 1980 4084 fecit,
2085 4025 2308 4086 quartus
2338 4033 2469 4072 vero
2497 4018 2940 4088 prohibitionem.
2991 4021 3051 4075 In
3078 4019 3289 4075 duobus
3318 4036 3451 4076 vero
3480 4021 3680 4075 distin-

383 4109 784 4186 quodammodo
814 4106 1008 4166 videri.
1041 4106 1148 4161 Sed
1179 4105 1258 4161 sic
1303 4105 1555 4160 videntur
1597 4106 1761 4161 modo
1790 4106 1983 4162 invisi-
2083 4105 2264 4176 guitur
2291 4105 2516 4161 verbum
2546 4106 2699 4176 illud,
2734 4107 2882 4178 quod
2910 4107 3143 4178 Spiritus
3184 4108 3253 4163 de
3282 4125 3389 4180 quo
3418 4124 3565 4164 nunc
3591 4109 3681 4164 lo-

381 4202 511 4256 bilia
538 4203 656 4256 haec
685 4206 938 4254 creatura
965 4195 1188 4261 mundi;
1223 4194 1345 4266 quia
1393 4193 1600 4249 ratione
1640 4203 1796 4250 utens
1825 4211 1982 4250 crea-
2082 4193 2317 4264 quimur,
2367 4193 2642 4250 increatus
2696 4195 2850 4266 quasi
2901 4195 3030 4250 dicit
3086 4197 3153 4250 ad
3210 4197 3479 4252 homines.
3544 4197 3681 4252 Illud

384 4297 505 4344 tura
552 4288 772 4351 nobilis,
832 4285 1011 4340 anima
1068 4283 1322 4339 videlicet
1376 4284 1627 4349 humana,
1684 4284 1788 4340 hoc
1818 4284 1982 4339 modo
2082 4297 2314 4354 namque
2342 4299 2440 4353 per
2469 4299 2549 4350 se,
2590 4291 2680 4338 aut
2735 4300 2833 4354 per
2875 4284 3172 4353 subjectam
3214 4284 3411 4340 format
3458 4293 3678 4340 creatu-

379 4378 559 4432 adhuc
589 4376 863 4442 exsulans,
898 4374 954 4428 in
984 4373 1117 4444 ipsis
1147 4371 1450 4428 visibilibus
1487 4372 1812 4427 invisibilem
1841 4388 1979 4429 con-
2080 4385 2233 4436 ram;
2262 4387 2362 4442 per
2390 4379 2700 4427 creaturam
2737 4371 2992 4428 videlicet
3034 4373 3356 4444 angelicam,
3389 4382 3441 4428 et
3469 4374 3526 4428 in
3555 4381 3678 4430 octo

379 4465 555 4536 Spicit,
582 4472 633 4520 et
657 4464 713 4517 in
741 4462 892 4517 factis
921 4461 1140 4517 factoris
1158 4460 1398 4515 notitiam
1430 4461 1804 4532 apprehendit.
1837 4463 1977 4517 Nam
2006 4453 2060 4515 D
2081 4458 2254 4513 modis
2283 4460 2546 4530 reperitur
2577 4475 2590 4514 :
2622 4475 2750 4514 nam
2781 4459 3045 4516 formatur
3061 4461 3266 4529 verbis,
3300 4461 3486 4533 rebus,
3514 4462 3677 4518 simul

377 4561 621 4610 creatura
664 4550 787 4607 (τίειί
835 4551 978 4622 (ipsa
1021 4557 1104 4605 est
1154 4549 1428 4622 angelica)
1495 4565 1603 4604 non
1650 4551 1754 4605 hoc
1803 4549 1973 4606 facit:
2080 4547 2262 4602 verbis
2293 4556 2347 4602 et
2376 4548 2562 4614 rebus,
2595 4548 2924 4619 imaginibus
2968 4549 3148 4605 cordis
3195 4550 3368 4606 oculis
3414 4552 3672 4618 ostensis,

379 4658 488 4698 non
521 4641 666 4696 enim
695 4640 904 4713 indiget
932 4639 986 4693 in
1015 4634 1270 4694 creatura
1299 4637 1484 4692 videre
1522 4645 1826 4692 creatorem
1857 4654 1979 4710 quae
2077 4636 2408 4708 imaginibus
2449 4643 2502 4691 et
2529 4644 2652 4692 ante
2682 4652 2980 4708 corporeos
3010 4637 3199 4694 oculos
3243 4639 3315 4693 ad
3361 4647 3578 4712 tempus
3603 4656 3669 4696 ex

374 4731 551 4802 ipsum
581 4729 948 4784 indesinenter
989 4727 1137 4782 videt
1180 4726 1236 4779 in
1284 4726 1491 4796 seipso.
1551 4726 1628 4779 Tu
1659 4733 1836 4780 autem
1885 4726 1978 4797 qui
2076 4741 2202 4780 aere
2277 4726 2588 4796 assumptis,
2638 4726 2952 4782 cmlestibus
3009 4726 3342 4794 substantiis,
3416 4729 3669 4794 terrenis,

377 4819 482 4875 hoc
511 4818 744 4875 necdum
774 4825 970 4888 potes;
1020 4815 1236 4869 interim
1282 4830 1406 4868 eum
1437 4813 1525 4884 qui
1567 4813 1689 4868 fecit
1720 4815 1976 4884 conspice
2074 4813 2236 4868 simul
2263 4813 2574 4869 coelestibus
2603 4820 2656 4868 et
2682 4814 2934 4870 terrenis.
2998 4813 3106 4870 Sed
3133 4813 3190 4868 in
3227 4816 3374 4887 quod
3403 4815 3671 4872 formetur

376 4907 431 4962 in
461 4907 526 4961 iis
550 4923 668 4978 quae
688 4905 832 4961 fecit.
853 4904 940 4958 Ait
971 4903 1190 4974 quidam
1223 4919 1236 4955 :
1269 4903 1388 4973 Ipse
1418 4902 1569 4957 dedit
1598 4903 1741 4957 mihi
1773 4902 1974 4958 horum
2072 4903 2164 4958 illa
2192 4920 2313 4975 quae
2365 4920 2466 4974 per
2521 4920 2580 4958 se
2626 4910 2736 4970 est,
2785 4903 3034 4959 animalis
3076 4905 3240 4960 homo
3284 4921 3392 4961 non
3421 4906 3669 4978 percipit.

379 5013 501 5067 qua:
529 4999 663 5049 sunt
681 4994 984 5049 scient-iam
1016 5007 1225 5055 verum,
1252 4994 1315 5044 ut
1348 4991 1523 5045 sciam
1551 4991 1974 5061 dispositionem
2073 4992 2212 5046 Sane
2242 4993 2344 5047 hoc
2372 4991 2558 5046 tandiu
2588 4991 2718 5047 latet
2762 4992 3116 5060 intellectum,
3151 4993 3388 5064 quandiu
3418 5001 3470 5049 et
3500 5011 3670 5065 expe-

374 5084 519 5138 orbis
543 5087 849 5147 terrarum,
875 5086 929 5136 cl
953 5082 1188 5135 virtutes
1211 5080 1619 5134 elementorum
1651 5080 1887 5134 initium
1916 5084 1973 5135 et
2071 5080 2379 5134 rimentum.
2415 5080 2566 5134 Illum
2600 5081 2778 5136 adhuc
2793 5081 2882 5152 qui
2904 5081 2983 5136 eis
3014 5080 3272 5152 loquitur,
3305 5082 3406 5136 hos
3441 5091 3671 5153 quatuor

374 5173 936 5234 consummationem,
955 5175 1007 5224 et
1029 5168 1385 5222 medietatem
1405 5171 1741 5238 temporum,
1763 5169 1974 5224 vicissi-
2069 5167 2218 5222 audit
2238 5168 2597 5239 alloquentes.
2624 5169 2782 5223 Modo
2811 5185 2920 5224 uno
2950 5169 3196 5240 angelos,
3212 5178 3265 5224 et
3295 5170 3501 5224 animas
3529 5185 3668 5226 uno:

376 5261 642 5316 tudinum
681 5259 1133 5329 permulationes
1172 5259 1226 5310 et
1258 5256 1728 5310 commutationes
1760 5260 1970 5327 tempo-
2068 5256 2220 5324 illos,
2293 5256 2900 5326 incomprehensibilem
2947 5257 3240 5312 divinitatis
3294 5257 3666 5313 inﬁnalitatem

371 5349 959 5415 rum,annicursuset
975 5345 1968 5415 stellarumdispositionesmaturas
2068 5345 2388 5399 admirando
2422 5361 2434 5398 :
2469 5344 2600 5399 istas
2637 5361 2766 5400 vero
2805 5343 3097 5400 vindictam
3141 5345 3421 5417 sanguinis
3465 5362 3666 5417 exspe-

372 5437 716 5492 animalium
732 5438 786 5490 et
810 5435 926 5489 iras
950 5433 1279 5498 bestiarum,
1315 5434 1462 5487 viam
1485 5435 1781 5487 ventorum
1803 5436 1857 5487 et
1878 5449 1969 5488 co-
2067 5433 2279 5490 ctando.
2308 5433 2593 5488 Diabolum
2624 5433 2797 5487 tribus
2825 5433 3024 5499 modis,
3059 5441 3114 5488 et
3140 5433 3362 5489 totidem
3395 5435 3665 5490 homines.

372 5526 678 5594 gitationes
696 5523 1084 5588 hominum,et
1106 5521 1458 5591 differentias
1489 5521 1884 5592 virgultorum,
1909 5524 1965 5576 et
2067 5521 2240 5586 Illum,
2300 5521 2561 5575 malitiam
2617 5520 2797 5577 celare
2849 5537 2960 5576 non
2989 5521 3259 5588 valendo,
3302 5523 3670 5580 innocentiam

369 5613 614 5668 virtutes
632 5611 1331 5682 radicum,etqua:cunque
1350 5613 1485 5666 sunt
1505 5609 1769 5666 absconsa
1791 5609 1966 5665 etim-
2066 5608 2260 5678 injuste
2291 5609 2623 5676 accusando,
2656 5616 2710 5664 et
2758 5623 2880 5666 eam
2919 5609 2990 5664 ad
3034 5609 3353 5667 tentandum
3400 5610 3672 5668 malitiose
