3972 6052
286 184 389 237 849

1380 182 1609 239 ἸιῙΒΕΒ
1649 180 1743 236 DE
1781 180 2163 238 EXERCITIO
2204 181 2461 237 CELLzE.

3484 179 3586 233 850

291 303 625 373 expetendo:
658 303 909 359 homines
938 320 1177 377 quoque,
1211 306 1487 376 precando
1516 306 1733 361 veniam
1763 308 1966 376 pee—A
1996 305 2371 374 variationem,
2407 306 2534 379 quia
2580 306 2851 360 mutabilis
2892 312 2993 359 est.
3030 307 3123 359 Est
3182 311 3362 358 autem
3410 309 3588 357 motus

290 400 557 458 catorum,
594 392 827 463 gratiam
871 394 1208 459 meritorum,
1244 394 1475 467 gloriam
1514 396 1880 464 praemiorum.

291 480 439 552 Lege
512 482 832 544 secundum,
884 490 936 535 et
1000 482 1327 553 vigesimum
1387 491 1637 539 octavum
1689 484 1884 537 librum

286 569 570 622 Moralium
633 569 775 623 beati
836 570 1131 642 Gregorii;
1165 572 1220 625 in
1275 572 1354 626 eis
1396 572 1657 635 invenies,
1719 588 1882 642 quam

285 656 573 726 profunde.
604 672 875 728 quamque
890 659 1055 713 nitide
1088 659 1232 713 idem
1287 660 1371 713 vir
1401 662 1469 714 de
1500 660 1582 713 his
1629 661 1880 724 disserat,

289 761 447 815 quem
478 745 618 799 inter
651 754 879 800 caateros
910 755 1121 801 constat
1154 746 1321 801 fuisse
1352 748 1608 804 doctores
1640 756 1691 801 et
1722 748 1883 818 inge-

286 833 375 887 nio
406 841 649 897 acutum,
676 841 727 885 et
758 833 812 886 in
836 834 1052 905 eloquio
1084 836 1367 891 decorum.
1408 837 1543 891 Vide
1574 837 1715 891 inter
1745 837 1879 903 haec,

286 921 340 974 in
363 922 478 990 ipsa
526 922 879 977 meditatione
927 930 1020 977 tua
1052 924 1299 989 interna,
1364 925 1506 995 quod
1558 941 1623 979 ex
1674 924 1881 978 duabus

283 1010 599 1063 substantiis
650 1011 814 1065 homo
849 1010 1023 1066 factus
1055 1020 1137 1066 est
1166 1031 1178 1076 ;
1210 1028 1318 1067 una
1366 1028 1650 1084 corporea,
1694 1013 1881 1068 incor-

284 1113 451 1168 porea
479 1098 669 1153 altera.
704 1101 765 1153 In
795 1106 1056 1170 quantum
1079 1100 1157 1171 (ut
1186 1109 1310 1155 ante
1331 1118 1432 1156 nos
1474 1102 1638 1174 longe
1675 1101 1879 1160 dictum

284 1186 389 1255 est)
420 1203 486 1241 ex
515 1202 783 1256 corporea
805 1194 906 1253 est,
942 1204 1065 1243 cum
1099 1189 1314 1244 caeteris
1361 1189 1685 1244 animalibus
1723 1206 1878 1245 com-

279 1274 459 1328 munis
490 1283 694 1329 naturaa
726 1276 886 1331 habet
914 1277 1378 1347 participationem
1426 1292 1438 1331 :
1472 1278 1570 1332 sed
1604 1278 1658 1332 in
1690 1277 1877 1333 formae

280 1363 692 1433 compositione,
726 1364 796 1417 ad
818 1364 924 1418 alia
962 1365 1218 1420 animalia
1274 1364 1634 1420 differentiam
1691 1366 1873 1423 habet.

280 1451 419 1505 Nam
444 1450 534 1504 illa
582 1450 811 1506 formam
858 1452 927 1506 ad
968 1460 1167 1507 terram
1216 1454 1418 1508 habent
1473 1453 1778 1509 inclinatam
1825 1465 1877 1510 et

278 1553 507 1609 pronam
542 1554 555 1592 :
593 1556 700 1610 quo
731 1540 1089 1611 significatur,
1148 1550 1348 1612 praeter
1395 1558 1457 1596 ea
1488 1558 1608 1613 quae
1659 1549 1877 1598 terrena

276 1636 420 1692 sunt,
454 1628 523 1680 ab
564 1627 642 1681 eis
684 1629 831 1683 nulla
881 1645 1003 1683 esse
1059 1631 1381 1700 appetenda.
1439 1630 1686 1685 Hominis
1744 1647 1875 1686 vero

278 1715 455 1769 forma
476 1716 531 1768 in
559 1715 727 1770 altum
759 1717 1007 1787 erigitur,
1040 1726 1090 1773 et
1121 1735 1337 1772 sursum
1371 1718 1614 1773 elevatur
1646 1738 1660 1783 ;
1704 1720 1795 1789 qui
1825 1728 1878 1774 et

278 1812 480 1873 praeter
510 1811 707 1858 caztera
747 1805 1043 1859 animantia
1105 1805 1283 1877 [Par.,
1334 1806 1610 1879 animalia]
1665 1816 1876 1862 rectum

273 1892 439 1945 habet
470 1892 766 1958 incessum,
800 1901 852 1947 et
909 1893 977 1947 ad
1010 1910 1242 1963 superna
1295 1903 1593 1965 aspectum.
1646 1894 1766 1964 Quo
1815 1896 1877 1950 li-

276 1980 438 2051 quide
462 1980 794 2047 declaratus,
829 1989 881 2035 et
912 1998 1035 2036 eum
1077 1999 1199 2053 qua}
1234 2000 1451 2037 sursum
1511 1992 1633 2037 sunt
1681 2000 1877 2054 sapere

277 2068 503 2134 debere,
539 2076 591 2122 et
627 2076 735 2123 tota
766 2070 962 2123 mentis
1012 2070 1312 2126 intentione
1343 2071 1471 2126 illuc
1524 2073 1751 2127 tendere
1782 2072 1875 2127 ubi

274 2155 518 2210 Christus
549 2157 703 2211 sedet
732 2156 787 2211 in
808 2157 1034 2214 dextera
1064 2159 1163 2213 Dei
1195 2160 1555 2216 Patris.Unde
1587 2161 1873 2232 etquidam

274 2238 346 2294 ait
378 2255 391 2294 :

346 2365 641 2437 Pronaque
660 2379 790 2418 cum
812 2368 1069 2435 spectent
1087 2367 1368 2422 animalia
1388 2371 1598 2423 caetera
1630 2372 1867 2433 terram,

346 2451 415 2508 Os
440 2450 655 2507 homini
677 2452 915 2508 sublime
936 2454 1108 2520 dedit,
1135 2456 1448 2527 metumque
1470 2457 1654 2512 videre
1671 2457 1867 2534 [tueri]

344 2541 541 2609 Iussit,
570 2545 626 2597 et
644 2546 855 2597 erectos
884 2542 955 2597 ad
975 2542 1161 2598 sidera
1195 2544 1390 2599 tollere
1420 2545 1629 2602 vultus.

948 2646 1159 2718 (Ovm.,
1211 2650 1457 2717 Metam,
1490 2654 1542 2706 1.
1575 2667 1612 2719 1,
1647 2651 1761 2722 84.)

344 2788 434 2844 Sic
462 2802 597 2860 ergo
626 2788 790 2843 homo
820 2804 886 2842 ex
928 2789 1174 2859 corporis
1204 2789 1378 2845 forma
1433 2791 1777 2858 admonetur,
1812 2793 1866 2846 in

269 2875 513 2946 appetitu
579 2876 848 2931 bonorum
889 2893 920 2931 a
976 2878 1185 2933 caeteris
1230 2878 1451 2934 differre
1520 2879 1863 2947 animalibus,

269 2978 575 3037 quanquam
599 2979 723 3020 cum
743 2964 823 3019 eis
866 2966 1109 3037 corporis
1141 2981 1483 3023 communem
1540 2969 1733 3024 habeat
1764 2985 1866 3023 na-

268 3061 461 3108 turam.
495 3056 564 3107 At
590 3053 892 3109 secundum
922 3055 1179 3123 animam,
1214 3070 1335 3111 cum
1355 3056 1475 3110 aliis
1504 3057 1868 3111 animantibus

266 3157 375 3197 non
396 3142 557 3196 habet
600 3142 944 3213 prOprietatis
1003 3144 1461 3199 communionem.
1495 3146 1572 3200 Ea
1632 3161 1870 3216 namque

266 3230 386 3285 sola
417 3230 484 3284 ad
540 3230 831 3300 imaginem
872 3232 974 3286 Dei
1003 3239 1056 3287 et
1111 3232 1518 3287 similitudinem
1573 3233 1715 3289 facta
1764 3242 1864 3289 est.

264 3318 348 3372 Ad
376 3317 693 3391 imaginem,
718 3326 773 3373 ut
830 3318 999 3389 aiunt,
1060 3320 1160 3375 Dei
1218 3320 1364 3375 facta
1414 3328 1517 3387 est,
1568 3322 1867 3377 secundum

264 3407 624 3463 substantiam
655 3414 707 3462 et
734 3406 1026 3477 puritatem
1057 3407 1300 3463 rationis.
1347 3409 1455 3464 Sed
1499 3409 1570 3464 ad
1629 3409 1870 3465 similitu-

268 3495 471 3559 dinem,
504 3496 807 3551 secundum
838 3495 1196 3551 imitationem
1234 3497 1481 3568 puritatis
1531 3506 1585 3553 ct
1629 3514 1866 3554 amorem

267 3583 563 3639 charitatis.
625 3584 743 3651 Vel,
792 3584 862 3639 ad
905 3585 1199 3657 imaginem
1257 3585 1357 3639 Dei
1431 3586 1575 3641 facta
1648 3586 1865 3653 dicitur,

270 3680 533 3743 quantum
562 3672 629 3726 ad
649 3671 893 3727 veritatis
923 3673 1289 3746 cognitionem
1325 3674 1426 3728 :ad
1458 3673 1865 3730 similitudinem

269 3776 425 3829 vero,
474 3767 735 3832 quantum
782 3760 850 3814 ad
898 3768 1108 3816 natura:
1162 3768 1216 3816 et
1282 3762 1509 3817 rationis
1556 3762 1862 3833 puritatem.

268 3849 369 3903 Est
432 3856 611 3904 autem
660 3849 839 3903 anima
880 3848 1063 3919 imago
1109 3849 1209 3904 Dei
1256 3850 1325 3904 ad
1375 3851 1670 3922 imaginem
1714 3871 1733 3908 :
1765 3868 1868 3908 nec

270 3937 511 4005 ejusdem
541 3944 745 3992 natura;
775 3952 897 3992 cum
930 3939 1064 4004 Deo,
1090 3938 1188 3993 sed
1214 3938 1378 4009 longe
1410 3940 1478 3993 ab
1509 3956 1574 3995 eo
1618 3940 1869 3997 differen-

266 4026 375 4092 tis;
410 4026 537 4096 quia
574 4025 857 4096 profectus
878 4034 929 4081 et
960 4026 1205 4083 defectus
1263 4044 1435 4098 capax
1488 4036 1589 4095 est,
1647 4037 1700 4084 et
1741 4030 1865 4086 ideo

266 4114 551 4169 variationi
582 4114 827 4182 subjecta
856 4122 963 4170 est.
1019 4116 1087 4170 Et
1115 4116 1169 4170 in
1198 4117 1302 4172 hoc
1348 4116 1668 4189 longissime
1698 4135 1727 4171 a
1750 4120 1865 4175 Deo

267 4202 433 4257 distat
460 4203 818 4274 (quanquam,
851 4202 1036 4274 imago
1095 4204 1211 4273 ejus
1259 4206 1506 4275 quaedam
1565 4205 1650 4269 sit,
1695 4213 1747 4260 et
1793 4205 1866 4259 si-

267 4290 556 4359 militudo),
590 4291 734 4345 unde
765 4299 818 4345 et
848 4292 917 4346 ab
940 4292 1032 4345 illa
1062 4292 1303 4364 imagine
1335 4293 1490 4348 valde
1538 4301 1743 4349 remota
1760 4301 1861 4362 est,

1991 396 2290 449 secundum
2323 396 2520 463 locum,
2555 395 2852 449 secundum
2887 401 3122 464 tempus,
3150 392 3449 447 secundum
3476 390 3588 445 for—

1986 500 2149 537 mam.
2187 484 2335 537 Illius
2364 500 2496 539 vero
2524 492 2723 547 motus,
2756 484 2845 554 qui
2879 482 3173 538 secundum
3220 480 3449 534 formam
3481 486 3584 548 est,

1988 579 2096 624 tres
2127 571 2344 641 quidam
2371 572 2557 627 dicunt
2588 573 2798 643 species
2829 588 2971 635 esse,
3018 576 3387 640 augmentum,
3430 568 3589 621 dimi-

1987 660 2291 725 nutionem,
2356 662 2750 715 alterationem.
2814 662 3055 715 Movetur
3107 660 3327 729 quidem
3385 654 3589 726 aliquid

1988 749 2286 801 secundum
2348 750 2544 815 locum,
2601 767 2722 805 cum
2782 750 2959 819 ipsum
2995 749 3063 801 de
3114 750 3235 803 loco
3292 747 3360 800 ad
3382 746 3583 809 locum,

1986 836 2260 908 mediante
2293 838 2415 892 loco
2446 838 2638 892 transit
2664 855 2675 892 :
2699 839 2841 908 quod
2864 839 2931 891 ad
2969 837 3143 891 solum
3179 852 3379 905 corpus
3409 833 3584 903 perti-

1986 934 2109 989 net;
2159 942 2264 980 non
2297 928 2437 982 enim
2484 929 2585 981 hoc
2616 926 2827 996 spiritui
2885 928 3137 989 humano,
3190 924 3274 978 vel
3333 921 3583 994 angelico

1986 1019 2260 1074 convenit.
2294 1015 2601 1070 Secundum
2644 1024 2855 1085 tempus
2904 1014 3012 1068 alia
3044 1012 3249 1067 moveri
3308 1012 3577 1074 dicuntur,

1987 1125 2106 1179 qua)
2135 1107 2288 1178 prius
2319 1115 2371 1159 et
2423 1104 2695 1175 posterius
2752 1103 3070 1174 suscipiunt.
3133 1100 3446 1156 Secundum
3485 1113 3581 1152 au-

1986 1204 2268 1269 gmentum
2328 1192 2413 1247 vel
2475 1192 2883 1246 diminutionem
2944 1192 3035 1246 illa
3118 1196 3403 1244 moventur
3457 1202 3579 1258 qua:

1987 1285 2277 1356 quantitate
2320 1289 2591 1353 augentur
2636 1280 2721 1334 vel
2780 1280 3113 1334 minuuntur.
3146 1280 3348 1333 Motum
3400 1283 3578 1331 autem

1984 1372 2321 1427 alterationis
2351 1370 2444 1423 illa
2475 1368 2793 1438 suscipiunt,
2818 1385 2937 1439 quae
2968 1369 3264 1422 formarum
3294 1374 3345 1421 et
3361 1372 3577 1421 actuum

1983 1462 2299 1516 diversitate
2358 1457 2758 1529 quodammodo
2812 1457 3118 1511 alterantur.
3199 1456 3335 1509 Sunt
3399 1460 3578 1507 autem

1985 1565 2073 1604 res
2104 1549 2375 1619 quzedam,
2416 1562 2536 1618 qua)
2567 1545 2805 1599 omnium
2836 1561 3099 1617 generum
3130 1552 3371 1598 motuum
3396 1556 3579 1596 susce-

1898 1660 1949 1718 B
1982 1638 2144 1708 ptivae
2175 1636 2490 1701 sunt;velut
2522 1650 2610 1689 res
2634 1648 2933 1704 corporeae.
2968 1633 3089 1704 quia
3108 1633 3230 1687 loco
3246 1640 3299 1687 et
3328 1641 3575 1704 tempore

1978 1732 2284 1780 moventur.
2326 1724 2553 1795 Spiritus
2584 1738 2798 1793 quoque
2860 1721 3027 1776 creati
3074 1721 3238 1776 variis
3294 1721 3575 1777 atlectibus

1976 1822 2262 1868 moventur
2288 1828 2426 1884 quos
2456 1811 2717 1881 incipiunt
2748 1811 2966 1878 habere,
3002 1817 3053 1863 et
3096 1809 3369 1864 desinunt.
3406 1812 3472 1864 Et
3504 1812 3572 1865 ita

1976 1910 2179 1957 motum
2221 1901 2518 1955 secundum
2552 1900 2800 1965 formam,
2856 1915 3072 1968 semper
3120 1898 3363 1968 sequitur
3391 1906 3570 1953 motus

1976 1990 2271 2045 secundum
2320 1998 2552 2059 tempus.
2618 1988 2851 2058 Spiritus
2906 2002 3039 2058 ergo
3096 1986 3278 2054 creati,
3332 1987 3454 2057 quia
3501 1987 3570 2041 de

1975 2079 2119 2132 bono
2150 2079 2203 2131 in
2238 2078 2439 2131 malum
2476 2084 2780 2142 moventur,
2832 2076 2899 2129 de
2956 2074 3102 2129 malo
3139 2075 3193 2127 in
3233 2075 3453 2140 bonum,
3497 2075 3566 2130 de

1974 2167 2114 2221 beno
2138 2166 2189 2220 in
2220 2166 2441 2231 bonum,
2476 2166 2544 2219 de
2574 2164 2719 2220 malo
2758 2164 2812 2217 in
2840 2163 3064 2230 malum,
3106 2163 3319 2217 duabus
3358 2164 3570 2233 specie-

1974 2255 2075 2309 bus
2107 2262 2351 2308 motuum
2382 2262 2686 2309 moventur.
2746 2253 2919 2307 Motus
2949 2267 3080 2306 vero
3142 2252 3441 2306 secundum
3480 2252 3568 2306 lo-

1971 2358 2116 2413 cum,
2147 2343 2341 2397 animaa
2370 2342 2663 2397 convenire
2717 2357 2827 2396 non
2884 2348 3103 2411 potest;
3159 2340 3255 2393 sed
3299 2339 3443 2395 illius
3474 2340 3568 2411 qui

1971 2432 2271 2487 secundum
2302 2439 2535 2501 tempus,
2569 2439 2621 2485 et
2650 2430 2947 2485 secundum
2994 2428 3222 2483 formam
3255 2427 3332 2494 tit,
3376 2443 3561 2495 susce-

1970 2520 2172 2592 ptibilis
2202 2529 2305 2574 est.
2336 2521 2474 2573 Nam
2510 2536 2611 2589 per
2640 2519 2821 2574 varias
2870 2518 3184 2573 affectiones
3218 2533 3362 2587 saepe
3385 2517 3566 2571 varia-

1970 2618 2072 2678 tur,
2123 2609 2267 2679 quod
2316 2608 2433 2662 sine
2488 2615 2635 2662 motu
2690 2606 2976 2677 temporali
3024 2605 3143 2660 ﬁeri
3198 2622 3307 2659 non
3364 2613 3561 2676 potest.

1967 2699 2088 2752 Non
2111 2698 2253 2751 enim
2276 2697 2546 2752 mediante
2576 2696 2717 2762 loco,
2749 2695 2815 2749 ad
2847 2694 3025 2749 locum
3057 2695 3124 2749 de
3155 2694 3275 2748 loco
3293 2701 3560 2758 movetur,

1969 2787 2092 2857 quia
2122 2786 2368 2841 localiter
2423 2801 2533 2839 non
2565 2792 2839 2839 movetur.
2900 2784 3043 2839 Dicit
3100 2798 3317 2853 quoque
3374 2783 3567 2837 beatus

1972 2875 2305 2947 Augustinus
2338 2891 2351 2927 :
2390 2895 2411 2923 π
2447 2874 2591 2927 Nihil
2633 2873 2781 2944 quod
2810 2888 3010 2943 corpus
3057 2887 3165 2926 non
3198 2879 3297 2935 est,
3330 2870 3385 2925 in
3440 2870 3562 2925 loco

1967 2971 2068 3018 est.
2108 2983 2129 3011 »
2167 2962 2275 3017 Sed
2333 2970 2384 3017 et
2430 2962 2647 3017 Boetius
2705 2961 2759 3015 in
2829 2961 2965 3015 libro
3023 2962 3091 3015 de
3145 2959 3411 3013 Trinitate
3461 2974 3564 3014 nec

1969 3051 2313 3123 quantitates,
2350 3065 2451 3105 nec
2483 3050 2771 3122 qualitates
2803 3050 2855 3103 in
2886 3048 3006 3104 loco
3034 3048 3164 3103 dicit
3223 3064 3346 3102 esse
3372 3063 3383 3101 :
3418 3061 3556 3117 quas

1967 3148 2149 3195 tamen
2179 3155 2368 3194 verum
2400 3147 2482 3193 est
2511 3140 2565 3193 in
2596 3139 2838 3207 subjecto
2867 3154 3011 3193 esse.
3042 3137 3253 3192 Etenim
3301 3135 3446 3190 aliud
3478 3140 3560 3188 est

1968 3244 2090 3283 esse
2108 3228 2161 3281 in
2182 3228 2444 3295 subjecto,
2466 3227 2611 3281 aliud
2663 3227 2719 3280 in
2747 3227 2869 3281 loco
2901 3247 2919 3281 :
2950 3226 3088 3282 sicut
3140 3226 3287 3281 aliud
3333 3231 3414 3279 est
3442 3222 3563 3277 ani-

1965 3332 2110 3370 mam
2143 3332 2267 3370 esse
2297 3315 2351 3369 in
2400 3330 2653 3385 corpore,
2716 3314 2860 3368 aliud
2889 3314 3125 3369 animam
3165 3331 3287 3371 esse
3318 3315 3372 3369 in
3421 3316 3561 3373 loco.

1968 3404 2101 3473 Quae
2130 3404 2274 3459 enim
2300 3404 2353 3457 in
2372 3403 2496 3459 loco
2527 3411 2666 3470 sunt,
2697 3404 2876 3459 locum
2897 3403 3128 3474 replent,
3161 3404 3341 3459 locum
3394 3420 3562 3461 occu-

1966 3501 2113 3564 pant,
2148 3493 2292 3564 quod
2324 3493 2425 3547 soli
2445 3492 2656 3562 corpori
2680 3491 2950 3547 convenit.
2974 3493 3112 3546 Nam
3134 3508 3243 3547 non
3255 3493 3372 3548 sine
3394 3510 3563 3549 causa

1966 3582 2325 3653 philosophus
2353 3580 2482 3636 dicit
2511 3580 2655 3652 quod
2676 3600 2698 3629 ι
2735 3580 2964 3652 singula:
3007 3580 3284 3650 particulae
3314 3580 3440 3647 loci,
3474 3583 3566 3637 ob-

1966 3671 2137 3725 tinent
2158 3670 2402 3740 singulas
2422 3669 2714 3739 particulas
2731 3668 3101 3739 corporis(lib.
3127 3684 3204 3734 iv,
3223 3670 3519 3741 Physica).
3534 3691 3554 3720 ι

1967 3758 2179 3828 Corpus
2211 3758 2412 3830 quippe
2442 3757 2494 3811 in
2526 3758 2646 3812 loco
2673 3773 2814 3822 esse,
2850 3765 2931 3812 est
2959 3756 3135 3827 ipsum
3166 3772 3365 3828 corpus
3383 3758 3561 3813 locum

1966 3848 2214 3918 replere;
2239 3855 2319 3903 est
2340 3847 2517 3917 ipsum
2546 3846 2859 3900 distantiam
2890 3845 3097 3912 facere;
3132 3845 3186 3900 id
3218 3855 3299 3900 est
3316 3863 3553 3911 sursum,

1967 3936 2244 4003 deorsum,
2280 3943 2427 3990 retro
2458 3943 2509 3990 et
2538 3943 2681 4003 ante,
2715 3934 3065 3989 dextrorsum
3098 3942 3149 3989 et
3166 3936 3557 3991 sinistrorsum.

1965 4024 2080 4079 Hoc
2111 4024 2365 4078 nimirum
2386 4024 2580 4079 animae
2593 4040 2698 4078 non
2722 4023 2990 4087 convenit,
3015 4040 3133 4095 quae
3147 4024 3225 4078 sic
3246 4032 3327 4079 est
3347 4024 3398 4078 in
3418 4024 3562 4095 loco,

1966 4119 2019 4168 et
2048 4113 2124 4167 sic
2156 4113 2680 4184 circumscriptibilis
2711 4120 2809 4180 est,
2846 4113 2989 4183 quod
3012 4112 3206 4167 nullius
3230 4112 3335 4168 loci
3356 4113 3559 4169 ambitu

1966 4201 2275 4256 continetur
2303 4209 2354 4255 et
2386 4201 2697 4266 includitur,
2747 4201 2886 4255 sicut
2942 4200 3246 4255 continetur
3276 4208 3328 4255 et
3384 4201 3559 4257 inclu-

1966 4289 2112 4344 ditur
2144 4304 2364 4359 corpus.
2390 4290 2505 4344 Hoc
2545 4298 2725 4343 autem
2767 4288 2960 4341 falsum
3017 4304 3138 4343 esse
3180 4288 3361 4343 nullus
3407 4289 3557 4357 dicit,

269 4395 391 4450 qua:
420 4394 542 4434 cum
571 4378 690 4449 ipso
721 4379 836 4434 Deo
877 4380 1300 4452 circumquaque
1331 4380 1475 4436 idem
1533 4389 1637 4447 est,
1688 4382 1742 4436 id
1784 4389 1866 4437 est
1886 4371 1938 4429 D
1968 4378 2060 4449 qui
2092 4386 2355 4447 quantum
2385 4385 2574 4432 natura
2597 4377 2816 4448 spiritus
2845 4393 2876 4431 a
2898 4392 3162 4448 corporea
3192 4378 3354 4433 distet
3370 4387 3562 4434 natura

268 4482 303 4522 a
332 4466 468 4521 Filio
524 4467 623 4522 Dei
678 4467 875 4533 Patris,
909 4468 999 4539 qui
1049 4468 1477 4541 circumquaque
1526 4469 1672 4525 idem
1743 4486 1865 4527 cum

267 4556 420 4610 Patre
449 4563 550 4611 est.
603 4556 749 4611 Inest
794 4563 973 4612 autem
1004 4558 1201 4612 animae
1239 4558 1504 4612 naturalis
1552 4557 1865 4629 simplicitas

268 4643 520 4700 essentia
549 4660 682 4699 suae.
712 4645 807 4699 Est
828 4645 991 4699 etiam
1022 4644 1071 4700 ei
1098 4645 1243 4701 idem
1285 4662 1409 4701 esse
1459 4647 1605 4718 quod
1660 4647 1860 4702 vivere.

264 4734 388 4788 Non
443 4740 625 4788 autem
684 4733 917 4788 dicimus
965 4734 1111 4805 quod
1160 4742 1241 4790 est
1290 4734 1495 4800 vivere,
1582 4734 1668 4790 vel
1728 4736 1866 4791 bene

267 4829 528 4893 quantum
557 4821 627 4875 ad
649 4822 1009 4889 sanctitatem,
1046 4822 1133 4877 vel
1160 4822 1320 4878 beate
1359 4830 1618 4894 quantum
1651 4824 1717 4877 ad
1742 4823 1864 4879 feli-

266 4910 503 4965 citatem.
536 4911 667 4964 Cum
692 4911 834 4965 enim
881 4926 989 4965 non
1043 4911 1215 4981 possit
1262 4928 1327 4966 ex
1377 4928 1486 4983 quo
1544 4920 1730 4967 creata
1782 4922 1867 4967 est

266 4997 561 5068 aliquando
589 5013 700 5052 non
731 4998 933 5064 vivere,
958 4999 1096 5053 sicut
1125 5016 1227 5054 nec
1257 5000 1545 5071 aliquando
1574 5017 1681 5055 non
1718 5017 1861 5065 esse,

264 5092 444 5157 potest
474 5094 655 5140 tamen
705 5086 891 5141 vivere
918 5087 1080 5152 male,
1131 5103 1256 5143 cum
1287 5097 1369 5142 est
1418 5088 1604 5160 iniqua
1637 5108 1650 5156 ;
1684 5097 1735 5144 et
1766 5090 1865 5142 mi-

267 5189 405 5240 sere,
433 5191 554 5229 cum
595 5182 677 5228 est
707 5174 981 5229 damnata.
1014 5176 1183 5230 Estin
1211 5193 1275 5231 ea
1306 5184 1359 5231 et
1391 5177 1612 5232 libertas
1634 5177 1864 5245 arbitrii,

266 5277 373 5332 qua
404 5261 541 5316 inter
572 5262 772 5317 bonum
802 5270 855 5318 et
885 5263 1083 5317 malum
1101 5265 1379 5330 discernit,
1418 5273 1468 5319 et
1500 5267 1644 5335 quod
1674 5281 1865 5320 eorum

266 5350 499 5405 voluerit
527 5350 705 5422 diligit
735 5360 787 5406 et
819 5352 988 5424 eligit,
1019 5362 1073 5407 ut
1127 5354 1180 5407 in
1210 5354 1275 5407 iis
1317 5354 1567 5408 meritum
1601 5355 1715 5421 ejus
1774 5354 1860 5406 sit.

265 5438 410 5494 Ecce
438 5438 493 5493 in
525 5439 727 5505 anima,
752 5441 1003 5497 essentia:
1034 5441 1372 5512 simplicitas,
1414 5442 1537 5497 vita:
1591 5441 1865 5513 perpetui-

266 5536 369 5593 tas,
434 5527 643 5583 arbitrii
703 5528 949 5586 libertas.
1039 5531 1272 5602 Suscipit
1331 5531 1548 5603 quidem
1623 5539 1865 5588 motuum

1966 4465 2395 4537 comprehendit.

2429 4572 2823 4629 CAPITULUM
2852 4572 3086 4627 XXVIII

1966 4681 2041 4736 De
2062 4681 2182 4753 illis
2212 4680 2724 4753 beatisspiritibus,
2741 4696 2871 4753 quae
2890 4680 3147 4753 videlicet
3171 4683 3273 4737 illa
3300 4682 3417 4737 sint
3436 4698 3559 4753 qua:

2037 4750 2109 4805 ad
2140 4767 2228 4806 cos
2258 4751 2572 4822 pertinent,
2594 4755 2649 4805 et
2677 4750 2807 4821 quid
2838 4751 2904 4805 de
2934 4752 3054 4806 illis
3076 4754 3135 4806 in
3153 4770 3300 4822 pura
3319 4750 3561 4807 medita-

2040 4823 2192 4876 tione
2222 4838 2347 4889 sua,
2370 4822 2529 4876 cellae
2549 4822 2741 4877 debeat
2780 4822 2941 4877 intra
2974 4839 3030 4878 sc
3053 4823 3337 4877 habitator
3375 4824 3559 4877 revol—

2038 4909 2182 4948 vere.

2036 5000 2191 5053 Nunc
2222 5006 2402 5052 autem
2436 4998 2550 5066 tibi,
2585 4998 2674 5070 qui
2720 4999 2989 5053 habitator
3018 4999 3171 5054 cella:
3229 5016 3316 5064 es,
3378 4999 3560 5071 aliqua

1967 5088 2033 5141 de
2057 5087 2173 5140 istis
2206 5086 2515 5142 coelestibus
2562 5087 2842 5157 spiritibus
2889 5087 3070 5143 dicere
3098 5087 3248 5145 libet.
3305 5089 3440 5143 Nam
3474 5097 3562 5145 tua

1966 5175 2307 5245 potissimum
2338 5176 2680 5232 conversatio
2697 5192 2819 5231 cum
2848 5176 2952 5229 illis
2984 5192 3106 5232 esse
3123 5194 3220 5247 per
3247 5178 3556 5247 puritatem,

1968 5271 2019 5317 et
2052 5264 2395 5330 aviditatem,
2431 5274 2592 5336 atque
2649 5282 2749 5335 per
2806 5265 3136 5320 desiderium
3195 5267 3376 5321 debet.
3438 5268 3559 5321 Non

1968 5352 2110 5405 enim
2142 5361 2331 5421 putare
2360 5353 2529 5408 debes
2553 5355 2697 5425 quod
2731 5355 2949 5425 quando
2981 5355 3034 5408 in
3066 5355 3206 5411 cella
3228 5372 3306 5419 es,
3333 5355 3482 5409 solus
3506 5355 3560 5409 in

1968 5457 2030 5495 ea
2060 5440 2154 5495 sis.
2187 5442 2326 5495 Nam
2355 5459 2632 5513 nunquam
2666 5444 2845 5498 minus
2876 5445 3024 5500 solus
3056 5462 3135 5511 es,
3169 5460 3330 5517 quam
3361 5461 3481 5500 cum
3506 5445 3560 5499 in

1967 5546 2033 5586 ea
2071 5531 2221 5585 solus
2252 5546 2311 5585 es
2343 5531 2439 5600 (ita
2470 5531 2701 5587 dicimus
2737 5534 2884 5604 hoc),
2918 5534 2963 5587 si
2991 5533 3047 5587 in
3065 5533 3160 5588 illa
3202 5550 3268 5590 eo
3308 5550 3368 5590 cs
3399 5534 3562 5591 modo
