3972 6052
441 252 537 305 851

1295 246 1635 305 GUIGONIS
1677 248 1722 301 [Ι
1760 243 2168 303 CARTHUSLE
2206 244 2501 302 MAIORIS
2541 246 2836 303 PRIORIS.

3628 253 3737 306 852

446 390 555 445 quo
583 390 705 431 esse
736 375 923 431 debes.
956 376 1106 430 Tune
1136 381 1265 431 tunc
1294 374 1442 429 solus
1472 390 1552 439 es,
1585 388 1711 429 cum
1738 372 1794 427 in
1823 372 2035 427 interno
2055 372 2111 432 A
2138 371 2265 443 quia
2302 370 2566 427 foramina
2621 387 2723 428 sua
2767 372 2821 427 in
2880 373 2968 430 die
3028 388 3135 444 qua
3174 372 3423 429 conditus
3472 381 3556 429 est
3598 371 3734 429 dicit

446 480 597 534 purae
645 472 698 518 et
744 464 1006 520 defecatze
1063 464 1261 518 mentis
1308 470 1414 518 tuae
1469 462 1719 518 cubiculo
1774 462 2035 527 inclusus,

446 547 633 603 clauso
664 547 802 603 ostio
833 547 1016 603 cordis
1065 555 1256 602 contra
1282 546 1539 601 universa
1571 546 1797 611 inutilia,
1840 560 1963 599 oras
1984 545 2040 598 in

448 636 637 706 spiritu
671 637 887 691 Patrem
917 644 1066 690 tuum
1098 636 1124 689 Ὺ
1158 636 1388 691 Solusne
1415 644 1539 690 tunc
1561 651 1638 703 es,
1674 650 1797 689 cum
1828 634 1884 687 in
1905 633 2039 703 ipsis

448 725 676 779 internis
724 725 890 779 animi
922 725 1018 790 tui,
1071 724 1397 795 quibusdam
1432 724 1655 777 maturis
1710 730 1762 776 et
1808 721 2038 793 integris

445 812 751 868 intellectus
781 813 1064 878 luminosi,
1107 819 1160 865 et
1195 812 1419 867 affectus
1476 811 1725 867 succensi
1762 810 2034 881 passibus,

447 900 681 956 exclusis
709 909 821 955 ate
866 901 995 956 hora
1053 901 1246 955 eadem
1294 900 1564 955 universis
1623 897 2039 969 cogitationibus

446 988 654 1044 levibus
682 996 735 1043 et
763 989 973 1055 otiosis,
1022 988 1232 1043 lucidas
1280 996 1330 1043 et
1364 987 1756 1058 pulcherrimas
1814 1002 2037 1057 peram-

444 1077 600 1131 bulas
630 1086 681 1131 et
736 1078 990 1132 circumis
1039 1076 1348 1131 mansiones
1397 1076 1683 1146 spirituum
1730 1075 2035 1139 beatorum,

447 1165 538 1237 qui
560 1165 614 1219 in
649 1166 802 1221 coelis
832 1182 1051 1236 semper
1079 1166 1263 1221 vident
1282 1164 1477 1220 faciem
1500 1164 1675 1219 Patris
1706 1164 1733 1217 ?
1751 1162 2038 1231 Quomodo

444 1262 573 1309 tunc
605 1254 754 1309 solus
778 1270 856 1324 es,
905 1271 1027 1310 cum
1058 1255 1112 1308 in
1171 1252 1403 1308 dilatatis
1447 1260 1499 1308 et
1543 1250 1861 1323 puriﬁcatis,
1902 1259 1953 1306 et
1982 1251 2037 1305 in

444 1342 624 1415 longis
669 1343 941 1413 praetoriis
993 1342 1212 1413 spiritus
1262 1341 1355 1407 tui,
1402 1342 1455 1396 in
1504 1340 1705 1395 lumine
1737 1348 1789 1395 et
1836 1340 2037 1395 ardore

443 1446 667 1503 magno,
699 1448 809 1486 non
838 1431 1045 1501 absque
1066 1429 1266 1503 gaudio
1296 1428 1552 1483 ineffabili
1580 1436 1633 1483 et
1652 1428 2033 1497 exsultatione,

445 1519 709 1577 discurris
738 1535 839 1589 per
880 1534 1086 1574 cuneos
1148 1517 1599 1589 patriarcharum,
1644 1532 1744 1587 per
1802 1515 2036 1588 collegia

440 1608 849 1679 prophetarum,
880 1624 979 1678 per
1008 1615 1256 1662 senatum
1287 1606 1676 1677 apostolorum,
1734 1622 1834 1676 per
1862 1605 2032 1660 deco-

2140 467 2464 531 praaparata,
2500 460 2626 532 quia
2673 460 2950 516 charitatis
3006 461 3224 532 quidem
3268 476 3438 532 capax
3470 461 3601 527 fuit;
3635 461 3737 516 sed

2138 564 2418 619 nunquam
2448 549 2685 619 impleta,
2732 550 2857 620 quia
2887 549 3201 604 charitatem
3228 550 3448 620 capiens
3469 566 3580 605 non
3611 549 3730 604 fuit.

2138 637 2374 707 Exponit
2411 654 2647 709 namque
2692 639 2796 693 hoc
2842 638 3005 693 modo
3060 639 3179 694 haec
3236 638 3401 694 verba
3430 639 3731 709 prophetia:

2139 724 2313 796 [Par.,
2347 726 2646 797 prophetae]
2678 727 2865 781 beatus
2886 726 3184 799 Gregorius
3212 726 3267 781 in
3288 726 3428 782 libro
3444 727 3734 781 Moralium

2138 814 2422 886 trigesimo
2452 815 2691 870 secundo
2722 816 2865 885 (cap.
2904 816 2992 885 18)
3024 833 3037 869 :
3065 839 3085 861 α
3121 818 3343 881 Aurum,
3367 815 3557 887 inquit,
3590 832 3734 885 opus

2140 902 2256 970 ejus
2286 903 2506 971 exstitit,
2540 902 2664 974 quia
2694 903 2975 975 sapientiae
2996 903 3240 958 claritate
3271 903 3504 970 canduit,
3564 919 3735 975 quam

2140 991 2279 1045 bene
2310 999 2524 1046 creatus
2558 992 2786 1063 accepit.
2820 991 3113 1047 Foramina
3143 1007 3275 1047 vero
3313 992 3517 1047 idcirco
3548 992 3603 1045 in
3650 992 3736 1045 1a-

2139 1079 2355 1149 pidibus
2385 1078 2537 1145 fiunt,
2571 1088 2628 1134 ut
2667 1080 2922 1136 vinculati
2950 1096 3108 1147 auro,
3155 1080 3210 1134 in
3238 1080 3544 1135 ornamenti
3573 1096 3737 1135 com-

2138 1168 2405 1237 positione
2440 1168 2780 1241 jungantur;
2812 1176 2871 1223 ut
2924 1183 3272 1240 nequaquam
3301 1185 3331 1223 a
3362 1185 3422 1224 se
3464 1169 3739 1223 dissidant

2139 1255 2315 1327 [Par.,
2366 1255 2669 1329 discedant]
2713 1272 2851 1329 quos
2906 1256 3226 1312 interfusum
3263 1273 3454 1313 aurum
3504 1257 3736 1328 repletis

2137 1343 2493 1399 foraminibus
2516 1344 2666 1417 ligat.
2698 1346 2869 1414 Hujus
2914 1361 3048 1417 ergo
3075 1346 3271 1417 lapidis
3318 1346 3373 1401 in
3401 1346 3489 1401 die
3533 1345 3732 1401 condi—

2138 1432 2297 1488 tionis
2329 1450 2441 1487 suae
2484 1433 2745 1488 foramina
2775 1442 3082 1505 praeparata
3118 1442 3261 1505 sunt,
3296 1435 3423 1506 quia
3480 1434 3738 1490 videlicet

2138 1536 2307 1592 capax
2336 1520 2615 1577 charitatis
2637 1530 2719 1579 est
2742 1523 2993 1578 conditus
3017 1541 3030 1577 :
3056 1523 3178 1595 quia
3208 1524 3253 1577 si
3288 1523 3491 1594 repleri
3518 1523 3734 1578 voluis-

2137 1618 2239 1676 set,
2302 1610 2571 1665 stantibus
2629 1611 2870 1682 angelis,
2923 1619 3180 1684 tanquam
3234 1612 3424 1683 positis
3476 1612 3533 1666 in
3579 1612 3734 1685 regis

443 1711 531 1751 ras
562 1712 717 1751 rosas
746 1694 1065 1767 martyrum,
1097 1712 1198 1766 per
1226 1694 1499 1750 formosas
1539 1695 1709 1750 violas
1746 1693 2103 1787 confesso-B
2137 1703 2453 1751 ornamento
2510 1695 2781 1766 lapidibus
2831 1696 3093 1767 potuisset
3150 1696 3433 1752 inhaerere.
3486 1696 3543 1752 Si
3588 1696 3738 1751 enim

440 1801 582 1852 rum,
616 1802 713 1856 per
745 1801 963 1841 amoena
992 1794 1045 1841 et
1092 1800 1256 1840 suave
1300 1784 1500 1839 olentia
1554 1783 1667 1838 lilia
1721 1782 2033 1855 virginum?

442 1875 620 1943 Quam
637 1875 836 1930 bonum
870 1882 949 1930 est
979 1874 1068 1930 hic
1098 1880 1150 1931 te
1172 1890 1294 1929 esse
1313 1872 1324 1928 l
1341 1890 1503 1945 quam
1524 1872 1680 1929 dulce
1701 1880 1782 1929 est
1804 1880 2033 1927 etsuave

435 1963 693 2019 formosa:
721 1972 774 2019 et
803 1963 1067 2034 speciosa:
1098 1963 1382 2030 columbae,
1410 1969 1463 2017 et
1493 1962 1688 2017 animae
1720 1960 1894 2032 (cujus
1914 1962 2033 2016 haec

436 2068 542 2109 vox
582 2060 666 2108 est
697 2069 709 2106 :
744 2054 996 2108 Dilectus
1027 2068 1185 2107 meus
1222 2051 1385 2117 mihi,
1420 2054 1476 2106 et
1500 2067 1592 2122 ego
1626 2052 1717 2105 illi
1738 2051 1925 2120 (Cant.
1969 2065 2028 2116 II,

437 2144 527 2211 16)
554 2142 683 2197 :sed
703 2150 755 2197 ct
774 2142 878 2196 ista
903 2159 915 2194 :
942 2142 1249 2197 Vulnerata
1280 2140 1560 2195 charitate
1591 2155 1822 2210 egosum
1846 2139 2027 2207 (lbid.,

434 2234 509 2304 5),
530 2233 670 2287 inter
699 2231 944 2299 ejusdem
974 2228 1158 2285 dilecti
1172 2229 1366 2284 lmvam
1387 2236 1439 2282 et
1460 2228 1735 2283 dexteram
1754 2227 2031 2283 dormire?

433 2321 525 2376 ubi
547 2337 613 2376 eo
642 2318 886 2376 securius
925 2325 1139 2389 pausat,
1174 2333 1283 2388 quo
1314 2316 1596 2372 sollicitius
1616 2324 1669 2371 et
1716 2316 2029 2387 diligentius

432 2426 535 2482 pro
552 2408 697 2464 illius
728 2408 909 2480 quiete
939 2406 1057 2477 ipse
1086 2406 1458 2473 vehementer,
1491 2405 1609 2476 ipse
1635 2405 1819 2460 zelans
1867 2420 2027 2461 omne

430 2498 577 2571 quod
606 2499 750 2554 hunc
779 2496 1004 2569 vigilem
1046 2496 1164 2565 ejus
1211 2510 1467 2565 soporem
1506 2494 1728 2549 turbare
1782 2493 1942 2558 valet,
1976 2501 2030 2549 et

431 2588 757 2652 diminuere,
780 2601 843 2641 ac
869 2584 1155 2656 impedire,
1179 2583 1371 2655 procul
1399 2582 1662 2655 repellere
1693 2598 1804 2637 non
1824 2589 2024 2638 cessat.

432 2677 680 2749 Denique
712 2691 835 2731 cum
865 2674 1201 2743 adjuratione
1245 2673 1476 2744 quadam
1525 2671 1830 2726 admirabili
1886 2671 2025 2726 allo-

434 2766 617 2838 quitur
637 2764 774 2819 ﬁlias
802 2762 1135 2819 Jerusalem:
1161 2763 1237 2819 Ne
1267 2762 1572 2827 suscitetis,
1600 2760 1690 2827 ait,
1714 2777 1892 2831 neque
1914 2761 2025 2816 evi-

425 2857 605 2930 gilare
626 2854 861 2926 faciatis
880 2853 1172 2917 dilectam,
1193 2852 1366 2906 donec
1391 2852 1515 2921 ipsa
1543 2851 1676 2906 velit
1697 2848 1887 2918 (Cant.
1942 2865 2019 2917 ιιι,

428 2946 505 3016 5).
558 2944 629 3000 Ει
656 2958 820 3011 nunc,
858 2940 1210 2997 dilectissime
1268 2939 1455 3007 nobis,
1488 2946 1547 2993 tu
1577 2938 1669 3010 qui
1698 2938 2025 2992 inhabitator

428 3034 580 3090 cella
602 3050 682 3104 es,
717 3033 851 3087 dans
874 3031 931 3086 in
961 3038 1219 3102 quantum
1249 3037 1424 3099 potes,
1450 3027 1778 3083 transitoriis
1809 3035 2024 3100 tergum

428 3123 664 3180 terrenis
695 3129 747 3178 et
774 3119 991 3186 inﬁmis,
1018 3118 1209 3175 faciem
1229 3134 1362 3175 vero
1392 3116 1755 3188 sempiternis,
1780 3116 2021 3172 coelesti-
2055 3089 2101 3149 Ο

426 3213 531 3268 bus
560 3220 613 3267 et
642 3210 912 3282 supernis,
946 3208 1097 3281 erige
1126 3207 1309 3264 cordis
1338 3206 1413 3261 tui
1433 3205 1817 3277 cogitationem
1866 3206 1933 3259 ad
1962 3221 2028 3261 ea

430 3318 551 3374 quae
581 3302 650 3355 de
695 3299 973 3370 spiritibus
1014 3297 1122 3352 illis
1176 3295 1491 3352 coelestibus
1548 3294 1828 3350 sentienda
1861 3303 1913 3350 et
1944 3302 2027 3351 te-

432 3390 614 3445 nenda
642 3396 786 3444 sunt.
816 3389 897 3443 De
918 3403 1028 3442 non
1056 3402 1200 3453 esse,
1226 3386 1297 3441 ad
1325 3400 1447 3440 esse
1472 3384 1687 3440 volente
1716 3385 1831 3439 Deo
1860 3383 2018 3456 [Par.

433 3478 546 3551 illo]
576 3477 945 3548 omnipotente
975 3475 1245 3531 universae
1268 3481 1535 3530 creatura:
1563 3472 1853 3528 Conditore
1902 3488 2030 3542 pro-

434 3564 667 3619 dierunt.
698 3562 822 3618 Non
843 3560 990 3617 enim
1012 3562 1127 3616 Deo
1156 3558 1413 3615 coaeterni
1445 3565 1587 3624 sunt,
1614 3558 1762 3613 sicut
1789 3572 1891 3612 nec
1931 3572 2029 3611 co-

434 3652 691 3724 aequales,
727 3667 829 3708 nec
858 3648 1347 3707 consubstantiales
1372 3646 1528 3720 :quia
1558 3647 1683 3703 licet
1705 3646 1861 3701 valde
1890 3661 2033 3717 prae-

438 3742 597 3798 celsas
627 3749 680 3796 et
710 3741 910 3811 dignm.
946 3746 1212 3795 creaturae
1233 3745 1415 3792 tamen
1435 3744 1579 3791 sunt.
1614 3737 1674 3789 In
1704 3736 1823 3806 ipso
1846 3734 2035 3789 mundi

438 3831 665 3887 exordio
693 3830 861 3886 creati
892 3836 1037 3897 sunt,
1062 3827 1279 3898 quando
1317 3826 1517 3881 coelum
1547 3834 1599 3880 et
1629 3832 1771 3879 terra
1801 3823 2035 3894 primum

439 3919 656 3976 condita
678 3926 821 3973 sunt.
865 3918 935 3971 Et
961 3916 1120 3970 simul
1138 3915 1358 3986 quidem
1380 3914 1544 3969 creati
1572 3913 1805 3981 fuerunt,
1839 3920 1889 3967 et
1911 3913 2039 3967 boni

441 4008 534 4080 qui
561 4006 930 4078 perstiterunt,
964 4012 1017 4059 et
1062 4003 1191 4058 mali
1231 4003 1324 4075 qui
1381 4010 1703 4058 corruerunt
1737 4020 1751 4069 ;
1783 4002 1923 4057 sicut
1958 4001 2036 4055 si-

439 4098 553 4152 mul
572 4104 625 4151 et
681 4094 857 4150 aversi
922 4092 1258 4165 pracipitati,
1315 4099 1368 4147 et
1415 4091 1661 4147 conversi
1715 4090 2033 4146 confirmati.

443 4186 534 4243 Sic
562 4184 707 4240 enim
764 4188 1141 4248 asseruerunt,
1203 4188 1254 4235 et
1297 4180 1353 4234 in
1402 4180 1515 4234 suis
1572 4179 1856 4251 scripturis
1912 4179 2039 4233 reli-

443 4282 679 4347 quarunt
708 4274 962 4329 doctores
991 4269 1260 4339 catholici,
1304 4269 1397 4341 qui
1426 4269 1493 4324 de
1524 4269 1590 4323 iis
1648 4276 2034 4325 tractaverunt.

442 4363 618 4420 Creati
650 4362 959 4428 rationales,
1024 4367 1078 4415 et
1112 4375 1302 4415 omnes
1353 4359 1590 4430 quidem,
1652 4366 1761 4412 tam
1807 4357 1885 4412 illi
1939 4356 2033 4428 qui

2136 1783 2413 1840 charitatis
2442 1800 2576 1840 auro
2606 1800 2729 1840 sese
2760 1784 3152 1856 penetrabilem
3209 1785 3551 1856 prazbuisset,
3601 1799 3733 1839 san-

2134 1872 2235 1928 ctis
2289 1873 2500 1943 angelis
2558 1872 2814 1941 sociatus,
2876 1873 2932 1928 in
2985 1881 3308 1929 ornamento
3348 1874 3427 1945 (ut
3472 1873 3731 1944 diximus)

2132 1961 2284 2035 regio
2305 1961 2502 2032 lapidis
2533 1960 2671 2016 fixus
2705 1970 2970 2018 maneret.
3012 1962 3212 2017 Habuit
3253 1978 3389 2035 ergo
3440 1962 3580 2033 lapis
3626 1962 3730 2017 iste

2131 2049 2416 2115 foramina,
2453 2050 2551 2105 sed
2571 2066 2671 2121 per
2703 2051 2974 2121 superbia:
3029 2051 3238 2117 vitium,
3280 2050 3561 2107 charitatis
3591 2066 3729 2105 auro

2130 2155 2241 2193 non
2271 2146 2395 2193 sunt
2434 2139 2660 2209 repleta.
2720 2141 2863 2194 Nam
2895 2140 3019 2211 quia
3075 2139 3248 2196 idciro
3305 2140 3544 2213 ligantur
3591 2155 3725 2194 auro

2130 2244 2197 2283 ne
2228 2228 2429 2283 cadant
2459 2247 2473 2295 ;
2506 2228 2827 2283 idcircoiste
2870 2228 3086 2295 cecidit,
3124 2229 3250 2300 quia
3280 2229 3437 2284 etiam
3480 2227 3730 2299 perfora-

2129 2324 2215 2370 tus
2258 2333 2420 2370 manu
2451 2315 2694 2383 artificis,
2745 2317 2950 2372 amoris
3001 2317 3230 2373 vinculis
3259 2317 3421 2388 ligari
3477 2325 3725 2373 contem-

2127 2405 2260 2475 psit.
2298 2406 2456 2460 Nunc
2486 2413 2665 2460 autem
2699 2406 2882 2461 caeteri
2929 2405 3157 2476 lapides,
3190 2405 3283 2477 qui
3331 2405 3572 2460 similiter
3604 2405 3730 2460 fue-

2129 2501 2247 2549 rant
2277 2494 2560 2565 perforati,
2608 2501 2931 2566 penetrante
2978 2510 3037 2549 se
3095 2494 3330 2551 invicem
3358 2494 3620 2551 charitate
3656 2494 3727 2549 li-

2127 2583 2239 2654 gati
2272 2590 2416 2650 sunt,
2476 2592 2639 2655 atque
2689 2584 2793 2640 hoc
2822 2582 2878 2637 in
2925 2583 3279 2649 munereisto
3327 2584 3555 2639 cadente
3613 2599 3729 2638 me-

2128 2680 2370 2738 ruerunt,
2420 2679 2477 2726 ut
2524 2687 2872 2744 nequaquam
2914 2672 3028 2741 jam
3063 2672 3131 2727 de
3188 2679 3507 2727 ornamento
3573 2672 3731 2745 regio

2126 2761 2368 2816 cadendo
2399 2760 2697 2817 solvantur.
2736 2781 2759 2811 »
2797 2762 2925 2817 Haec
2947 2761 3137 2816 beatus
3182 2760 3504 2834 Gregorius,
3537 2768 3590 2815 et
3626 2762 3733 2817 hoc

2125 2850 2288 2905 modo
2316 2850 2384 2905 de
2413 2850 2518 2905 his.
2543 2851 2670 2905 Haec
2696 2857 2876 2905 autem
2908 2858 3135 2922 quatuor
3159 2849 3215 2903 in
3245 2850 3365 2921 ipsa
3419 2866 3520 2905 sua
3565 2865 3729 2905 crea-

2126 2939 2301 3007 tione,
2362 2939 2545 3012 angeli
2603 2939 2911 3011 suscepisse
2970 2938 3308 2995 creduntur:
3368 2939 3730 2993 substantiam

2124 3027 2375 3084 videlicet
2404 3028 2706 3100 simplicem
2750 3036 2803 3083 et
2835 3027 3250 3083 immaterialem
3282 3046 3297 3095 ;
3342 3027 3726 3084 discretionem

2128 3117 2475 3188 personalem
2532 3117 2828 3188 sapientiai,
2876 3125 2929 3172 et
2958 3116 3329 3188 intelligentia:
3386 3116 3631 3172 veritatis
3667 3132 3732 3171 ac

2129 3206 2386 3261 bonitatis
2408 3205 2603 3262 divina
2636 3225 2649 3271 ;
2682 3204 2917 3261 formam
2960 3204 3357 3272 rationabilem,
3401 3213 3453 3259 et
3500 3205 3728 3261 liberta-

2129 3302 2238 3349 tem
2269 3294 2497 3362 arbitrii,
2531 3295 2585 3349 id
2614 3302 2716 3361 est,
2750 3294 3066 3350 facultatem
3109 3294 3315 3349 bonum
3341 3308 3372 3348 a
3402 3294 3561 3349 malo
3604 3294 3724 3348 dis-

2131 3384 2408 3450 cernendi,
2443 3384 2570 3439 etin
2615 3384 2936 3457 alterutrum
2990 3400 3091 3455 per
3147 3383 3468 3438 electionem
3506 3399 3565 3438 se
3625 3383 3729 3438 ﬂe-

2131 3473 2332 3528 ctendi.
2368 3472 2496 3528 Ideo
2534 3472 2840 3545 simplicem
2896 3480 2948 3527 et
3002 3472 3421 3528 immaterialem
3472 3472 3727 3526 substan-

2132 3561 2279 3627 tiam,
2302 3561 2429 3633 quia
2455 3577 2519 3616 ex
2551 3561 2699 3616 nulla
2754 3561 3070 3617 diversitate
3114 3560 3346 3631 partium
3396 3560 3723 3615 subsistunt.

2132 3652 2213 3707 Ex
2234 3651 2467 3721 partium
2498 3651 2659 3705 etiam
2691 3650 3102 3721 compositione,
3134 3650 3231 3705 sed
3263 3648 3465 3705 nullius
3512 3650 3732 3704 dimen-

2134 3739 2302 3796 sionis
2333 3740 2633 3811 suscipiunt
2662 3740 3046 3811 quantitatem:
3080 3738 3135 3793 id
3156 3745 3257 3805 est,
3292 3754 3393 3795 nec
3433 3738 3724 3810 longitudi-

2135 3845 2281 3895 nem,
2305 3845 2407 3884 nec
2435 3828 2792 3893 latitudinem,
2829 3844 2931 3883 nec
2964 3828 3326 3883 altitudinem.
3392 3828 3525 3882 Sunt
3556 3835 3735 3881 autem

2137 3935 2328 3973 omnes
2352 3918 2407 3973 in
2438 3918 2713 3988 personali
2735 3918 3066 3989 proprietate
3107 3915 3439 3972 differentes.
3482 3915 3737 3971 Scientiaa

2138 4022 2267 4064 vero
2315 4006 2670 4078 aptitudinem
2748 4006 3071 4069 habuerunt,
3133 4013 3190 4060 et
3238 4012 3386 4059 tanto
3446 4005 3734 4073 majorem,

2140 4102 2337 4167 quanto
2367 4095 2601 4166 purioris
2649 4094 2964 4149 substantiae
3009 4100 3152 4148 sunt.
3176 4093 3304 4149 Haec
3353 4092 3606 4147 habilitas
3637 4107 3737 4147 co—

2139 4184 2442 4258 gnoscendi
2472 4191 2606 4251 erat,
2640 4199 2739 4253 per
2767 4198 2929 4254 quam
2961 4182 3103 4238 scire
3133 4188 3385 4253 poterant
3414 4182 3546 4253 quid
3592 4196 3732 4236 con-

2142 4273 2320 4338 ditori,
2356 4272 2484 4343 quid
2511 4271 2635 4340 sibi,
2659 4280 2712 4327 et
2739 4271 2867 4342 quid
2905 4270 3249 4326 consortibus
3292 4270 3405 4324 suis
3448 4270 3732 4326 deberent.

2147 4363 2351 4417 Eorum
2394 4376 2522 4416 vero
2550 4368 2793 4431 potestas
2822 4359 3088 4430 tripertita
3114 4358 3311 4414 dicitur
3340 4374 3482 4414 esse.
3506 4360 3643 4412 Nam
3665 4359 3735 4413 ad

440 4452 605 4509 futuri
631 4458 785 4507 erant
810 4450 960 4516 mali.
995 4464 1157 4520 Quam
1187 4448 1262 4504 illi
1318 4447 1409 4519 qui
1454 4447 1614 4502 futuri
1672 4454 1825 4501 erant
1880 4445 2026 4511 boni,
2057 4449 2109 4508 D
2138 4468 2197 4506 se
2226 4452 2305 4521 (ut
2332 4450 2550 4519 dicitur)
2578 4456 2901 4520 potestatem
2947 4448 3239 4514 habebant,
3291 4454 3343 4502 et
3368 4446 3511 4501 inter
3570 4462 3649 4513 se,
3683 4456 3744 4501 et

442 4540 720 4599 charitatis
749 4538 914 4595 creati
943 4545 1067 4593 sunt
1097 4552 1347 4609 capaces.
1386 4538 1509 4592 Non
1567 4543 1749 4591 autem
1807 4534 2035 4589 dicimus

442 4630 589 4703 quod
610 4629 929 4685 charitatem
970 4643 1161 4683 omnes
1200 4634 1353 4682 erant
1405 4625 1702 4695 capientes,
1768 4622 1865 4678 sed
1902 4624 2033 4678 cha-

440 4720 613 4776 ritatis
635 4733 887 4790 capaces.
939 4718 1077 4772 Nam
1132 4715 1224 4788 qui
1268 4732 1327 4771 se
1375 4732 1405 4768 a
1461 4715 1577 4768 Deo
1624 4720 1949 4778 averterunt,
1984 4718 2036 4765 et

438 4809 496 4863 in
542 4816 805 4864 aeternum
862 4805 1103 4861 damnati
1162 4812 1323 4872 sunt,
1373 4817 1649 4873 nunquam
1724 4799 2035 4856 charitatem

439 4898 764 4963 habuerunt,
821 4895 917 4950 sed
966 4910 1068 4949 nec
1126 4907 1367 4963 unquam
1424 4890 1751 4956 habebunt;
1797 4896 1851 4943 et
1912 4888 2035 4943 ideo

441 4986 759 5043 charitatem
791 4983 1070 5054 capientes
1122 4988 1174 5036 et
1220 4981 1504 5045 habentes,
1554 4978 1684 5033 mali
1711 4978 1880 5032 creati
1926 4992 2035 5031 non

442 5091 585 5149 sunt,
617 5083 715 5137 sed
744 5081 1026 5137 charitatis
1087 5093 1340 5150 capaces.
1395 5079 1533 5131 Nam
1583 5075 1785 5130 habere
1838 5082 2036 5146 potue-

443 5180 584 5239 runt,
617 5171 715 5227 sed
745 5178 934 5227 contra
984 5168 1335 5224 Conditorem
1393 5182 1549 5220 suum
1592 5164 2032 5233 intumescentes,

440 5277 562 5317 eam
592 5260 795 5315 habere
826 5259 1134 5314 noluerunt.
1158 5255 1297 5311 Dicit
1318 5271 1451 5325 ergo
1482 5254 1745 5324 propheta
1760 5252 2032 5319 Ezechiel,

440 5350 509 5405 de
539 5349 632 5405 illo
661 5348 753 5421 qui
775 5348 946 5402 ruinae
977 5346 1193 5401 illorum
1242 5351 1434 5399 auctor
1464 5342 1663 5399 exstitit
1692 5343 1796 5397 hoc
1825 5342 1986 5397 modo
2022 5360 2034 5396 :

440 5440 678 5505 Aurum,
714 5453 850 5510 Opus
872 5438 1086 5492 decoris
1112 5435 1199 5490 tui
1229 5438 1285 5489 et
1308 5435 1597 5504 foramina
1619 5435 1718 5487 tua
1734 5433 1797 5487 in
1820 5432 1907 5487 die
1928 5447 2035 5503 qua

441 5528 703 5585 conditus
717 5543 795 5597 es,
809 5528 1133 5600 prwparata
1144 5527 1279 5580 sunt
1299 5524 1519 5595 (Ezech.
1541 5536 1744 5588 xxvm,
1767 5520 1877 5593 13).
1895 5520 2037 5579 Ecce

2136 4540 2207 4595 ad
2224 4556 2290 4595 ea
2320 4555 2440 4610 quae
2467 4546 2619 4594 erant
2654 4544 2809 4592 extra
2837 4552 2917 4593 se.
2952 4535 3129 4605 Quam
3172 4551 3303 4591 vero
3344 4536 3412 4589 ad
3441 4552 3502 4591 se
3532 4535 3741 4589 habue-

2137 4636 2261 4683 runt
2289 4634 2650 4699 potestatem,
2700 4642 2809 4681 non
2857 4641 3047 4681 omnes
3094 4624 3397 4679 habuerunt
3423 4623 3739 4695 aequalem;

2137 4718 2265 4788 quia
2296 4717 2593 4772 secundum
2624 4713 2938 4769 substantia
2967 4729 3079 4768 suae
3113 4712 3494 4777 subtilitatem,
3525 4727 3591 4767 ac
3634 4726 3741 4765 na-

2136 4813 2271 4861 turae
2302 4805 2619 4876 puritatem,
2662 4804 2717 4858 in
2748 4804 2849 4858 hac
2892 4809 3047 4857 erant
3094 4808 3360 4871 potestate
3400 4799 3741 4855 differentes.

2139 4893 2353 4962 Quanto
2386 4893 2530 4948 enim
2565 4892 2686 4964 quis
2732 4890 3031 4946 subtilioris
3061 4898 3271 4945 natura:
3300 4904 3365 4945 ac
3393 4887 3741 4959 perfectioris

2137 4990 2275 5049 erat,
2336 4990 2485 5037 tanto
2542 4982 2597 5036 in
2644 4982 2748 5035 hac
2775 4987 3045 5051 potestate
3094 4978 3262 5032 alium
3321 4976 3633 5047 superabat,
3686 4985 3741 5030 et

2136 5074 2241 5128 hoc
2273 5070 2572 5142 promptior
2628 5076 2743 5123 erat
2790 5068 2860 5123 ad
2908 5074 3278 5138 contemptum
3310 5065 3474 5130 mali,
3526 5073 3580 5119 et
3636 5079 3741 5134 ap-

2136 5162 2365 5233 petitum
2410 5159 2558 5215 boni.
2612 5159 2681 5213 Et
2726 5159 2827 5213 hac
2881 5163 3148 5227 potestate
3207 5170 3369 5227 quam
3419 5154 3490 5208 ad
3531 5169 3590 5208 se
3635 5153 3743 5206 ha-

2137 5250 2321 5305 buisse
2376 5248 2657 5317 dicuntur,
2710 5245 2869 5302 facile
2917 5251 3166 5316 poterant
3214 5251 3263 5298 et
3316 5243 3518 5298 bonum
3585 5256 3742 5295 assc-

2138 5340 2248 5411 qui,
2298 5346 2351 5393 et
2392 5337 2596 5392 malum
2641 5334 2940 5406 aspernari.
2988 5334 3190 5389 Verum
3234 5331 3325 5386 illa
3375 5347 3540 5403 quam
3597 5330 3744 5383 inter

2138 5445 2197 5485 se
2245 5428 2497 5493 habent,
2574 5423 2957 5481 dominationis
3034 5436 3159 5477 esse
3232 5420 3449 5485 dicitur,
3512 5420 3567 5472 in
3636 5434 3746 5489 qua

2137 5524 2401 5589 potestate
2449 5512 2831 5573 dominationis
2885 5511 2977 5569 alii
3035 5509 3390 5583 superiores,
3447 5507 3541 5563 alii
3597 5506 3742 5563 infe-
