3972 6052
292 99 393 152 853

1419 93 1621 149 LIBER
1658 93 1753 149 DE
1791 88 2175 147 EXERCITIO
2214 91 2470 147 CELLE.

3492 92 3595 147 854

290 218 465 276 riores
498 236 511 273 :
545 233 611 275 eo
634 218 780 290 quod
809 218 899 273 isti
938 218 1280 290 praecipiunt,
1328 218 1406 273 illi
1442 217 1884 290 pracipientibus
1906 218 1963 278 Α
1992 214 2211 285 spiritus
2243 215 2334 286 qui
2362 216 2429 269 ad
2460 217 2636 271 Deum
2681 218 2932 273 conversi
2978 226 3131 287 sunt,
3182 215 3593 288 glorificationis

292 322 392 378 pro
417 306 601 362 debito
652 306 1000 375 subjectionis
1044 306 1322 362 obediunt.
1374 308 1433 360 In
1481 322 1585 377 qua
1627 314 1893 376 potestate

292 410 402 451 non
431 395 605 450 solum
633 402 756 449 sunt
787 394 1137 461 excellentes,
1172 396 1271 450 sed
1300 403 1350 450 et
1380 393 1708 449 differentes.
1751 395 1892 449 Nam

291 491 342 540 et
370 484 439 537 ab
468 483 573 537 illis
607 483 802 555 quibus
831 482 1103 538 dominari
1130 483 1349 553 debent,
1395 498 1460 539 ex
1505 498 1570 537 eo
1619 483 1763 554 quod
1812 484 1891 538 eis

292 572 641 627 dominantur
686 570 962 627 differunt.
1036 572 1283 626 Potestas
1330 588 1462 626 vero
1510 588 1630 643 quae
1676 572 1743 625 ad
1791 587 1889 626 ex-

292 669 449 714 terna
492 668 591 724 est,
636 668 877 730 potestas
922 660 1401 714 administrationis
1468 675 1501 714 a
1566 660 1889 731 quibusdam

288 748 615 803 nominatur.
672 749 808 802 Nam
858 748 952 802 illa
1012 749 1157 804 circa
1196 749 1370 803 bonos
1429 756 1723 819 operantur
1769 766 1890 820 qua:

293 852 485 891 eorum
529 836 687 890 saluti
735 836 1052 892 necessaria
1097 844 1239 905 sunt,
1289 846 1379 891 aut
1426 838 1497 891 ad
1545 836 1744 892 bonam
1793 854 1888 892 eos

290 925 616 979 voluntatem
643 924 977 994 inclinando,
1029 932 1119 979 aut
1167 926 1237 979 ad
1285 925 1522 980 habitam
1564 926 1887 996 explendam

289 1013 435 1068 vires
461 1013 776 1084 praebendo.
810 1022 862 1068 et
887 1029 917 1067 a
944 1014 1214 1069 contraria
1244 1022 1506 1084 potestate
1535 1030 1630 1069 eos
1662 1015 1883 1069 tuendo.

290 1101 417 1155 Mali
448 1102 605 1157 etiam
645 1101 892 1157 homines
944 1118 1038 1173 per
1076 1118 1171 1158 eos
1219 1102 1518 1173 saepissime
1569 1102 1882 1172 puniuntur,

292 1189 433 1259 quia,
484 1190 941 1260 quemadmodum
989 1190 1063 1245 ait
1102 1191 1457 1264 Augustinus,
1495 1214 1516 1237 α
1563 1207 1663 1261 per
1711 1191 1885 1245 bonos

289 1276 515 1350 angelos
568 1286 621 1333 et
648 1294 749 1349 per
791 1279 985 1346 malos,
1031 1279 1281 1333 homines
1325 1280 1500 1334 malos
1536 1296 1885 1352 nonunquam

284 1367 429 1422 Deus
459 1365 718 1438 ﬂagellat.
758 1390 779 1415 ιο
814 1366 924 1422 Sed
969 1367 1114 1438 quod
1146 1383 1245 1437 per
1292 1368 1520 1439 angelos
1558 1368 1732 1423 bonos
1779 1384 1883 1421 un-

288 1469 452 1525 quam
482 1454 629 1509 Deus
677 1455 925 1509 homines
968 1455 1170 1510 bonum
1215 1455 1595 1528 flagellaverit,
1645 1455 1775 1511 dicit
1824 1472 1884 1511 se

283 1541 487 1614 legisse
535 1558 646 1597 non
690 1543 954 1598 recolere.
1006 1544 1173 1612 Hujus
1219 1552 1399 1599 autem
1447 1544 1725 1615 potestatis
1773 1560 1881 1600 non
1908 1575 1961 1636 Β

283 1631 503 1685 minima
540 1646 669 1702 pars
715 1639 816 1697 est,
849 1631 1066 1687 libertas
1108 1632 1318 1687 arbitrii
1370 1648 1584 1688 eorum.
1642 1633 1740 1687 Est
1781 1649 1881 1687 au-

283 1727 391 1774 tem
422 1719 657 1774 liberum
686 1721 991 1786 arbitrium,
1020 1721 1282 1789 judicium
1305 1721 1599 1777 voluntatis
1615 1721 1883 1777 liberum:

286 1823 393 1878 quo
421 1808 619 1879 quippe
648 1808 764 1864 fere
785 1809 947 1864 modo
969 1818 1021 1864 et
1037 1824 1070 1863 a
1088 1810 1429 1880 phi1050phis
1449 1810 1783 1880 descriptum
1804 1810 1882 1864 in-

287 1896 519 1951 venitur.
536 1896 698 1951 Aiunt
715 1897 859 1951 enim
876 1911 888 1950 :
908 1921 928 1944 α
950 1897 1200 1952 Liberum
1223 1898 1504 1953 arbitrium
1526 1907 1625 1963 est,
1651 1899 1883 1954 liberum

284 1982 353 2038 de
392 1984 665 2040 voluntate
701 1985 985 2053 judicium.
1025 2010 1047 2034 η
1076 1986 1137 2040 Id
1191 1994 1293 2052 est,
1342 1987 1575 2043 liberum
1607 1988 1884 2042 arbitrium

287 2080 366 2127 est
395 2080 636 2142 potestas
665 2073 1015 2130 discernendi
1042 2074 1184 2129 inter
1210 2076 1431 2142 bonum,
1456 2083 1509 2130 et
1527 2076 1731 2131 malum
1761 2092 1884 2132 cum

292 2160 594 2215 voluntaria
625 2162 889 2217 electione
920 2162 1045 2217 boni
1078 2171 1131 2217 et
1158 2164 1542 2234 reprobatione
1570 2164 1719 2220 mali.
1738 2166 1879 2219 Nam

289 2249 569 2304 arbitrium
605 2251 676 2306 ad
721 2250 1106 2307 discretionem
1147 2252 1411 2321 judicium
1459 2252 1636 2324 [Par.,
1673 2254 1883 2327 judicii]

283 2337 535 2408 pertinet,
584 2338 729 2394 unde
788 2340 1024 2395 arbitros
1076 2341 1290 2409 judices
1344 2341 1529 2397 dicere
1594 2342 1878 2398 solemus:

282 2426 508 2482 libertas
553 2442 686 2482 vero
734 2428 807 2483 ad
852 2428 1200 2498 voluntatem,
1250 2446 1411 2500 quam
1452 2430 1684 2486 liberam
1720 2432 1882 2487 habet

279 2523 527 2569 creatura
558 2515 856 2571 rationalis.
888 2518 1028 2571 Nam
1056 2517 1228 2573 libere
1261 2517 1464 2572 bonum
1494 2519 1605 2574 vult
1636 2519 1723 2573 illa
1760 2537 1882 2591 quae

284 2604 487 2658 bonum
517 2604 629 2659 vult
662 2620 675 2658 :
711 2612 762 2658 et
791 2604 962 2660 libere
995 2606 1197 2659 malum
1238 2606 1355 2660 vult
1383 2606 1471 2660 illa
1516 2624 1636 2679 quae
1679 2608 1877 2663 malum

283 2692 415 2748 vult.
448 2692 554 2747 Sed
585 2691 718 2746 illud
746 2691 806 2746 fit
834 2693 1116 2764 gratiaDei
1130 2695 1514 2766 praeveniente,
1534 2695 1589 2750 id
1609 2705 1710 2763 est,
1735 2698 1881 2769 quod

282 2788 527 2836 creatura
557 2780 836 2836 rationalis
864 2781 976 2837 vult
1004 2782 1245 2838 bonum:
1282 2784 1382 2838 hoc
1422 2792 1602 2839 autem
1650 2783 1707 2839 fit
1748 2802 1877 2858 gra-

282 2868 357 2924 tia
388 2868 489 2923 Dei
522 2869 824 2937 deserente,
858 2869 914 2925 id
962 2878 1063 2941 est,
1115 2872 1259 2942 quod
1304 2880 1555 2927 creatura
1602 2874 1877 2928 rationalis

283 2957 396 3013 vult
444 2957 693 3012 malum:
727 2958 826 3013 sed
872 2974 1095 3031 semper
1142 2967 1427 3032 utrumque
1476 2961 1531 3016 tit
1577 2962 1872 3018 voluntate.

281 3046 420 3101 Nam
460 3062 564 3102 nec
611 3046 779 3119 gratia
828 3047 928 3102 Dei
973 3048 1257 3117 adjuvans,
1308 3050 1642 3105 voluntatem
1682 3052 1878 3121 premit

284 3135 630 3201 necessitate,
663 3151 764 3190 nec
793 3135 1058 3191 deserens
1102 3137 1295 3207 spoliat
1339 3137 1606 3193 libertate.
1640 3140 1771 3194 Inde
1798 3148 1879 3194 est

278 3223 420 3295 quad
450 3223 700 3279 voluntas
741 3224 1025 3295 praemium
1068 3234 1308 3281 meretur
1354 3234 1408 3281 et
1454 3242 1693 3297 pmnam,
1753 3227 1881 3300 quia

280 3310 451 3365 libere
491 3319 543 3366 et
592 3311 799 3382 absque
840 3311 991 3367 omni
1039 3313 1323 3369 coactione
1367 3315 1437 3368 ad
1484 3322 1774 3385 utrumque
1816 3332 1876 3371 se

279 3394 520 3463 inclinat,
546 3395 601 3449 id
631 3403 713 3449 est
770 3396 840 3449 ad
878 3396 1081 3451 bonum
1138 3405 1194 3453 et
1246 3397 1464 3453 malum.
1524 3398 1646 3453 Non
1694 3407 1876 3454 autem

281 3483 399 3537 sine
429 3498 593 3538 causa
622 3483 824 3539 dictum
854 3492 935 3539 est
981 3484 1211 3540 liberum
1267 3485 1551 3541 voluntatis
1589 3486 1872 3555 judicium,

283 3570 367 3627 vel
396 3571 628 3626 liberum
658 3572 726 3627 de
755 3572 1028 3628 voluntate
1052 3574 1336 3642 judicium.
1372 3574 1495 3630 Sola
1526 3591 1657 3631 vero
1687 3576 1875 3631 volun-

278 3666 357 3713 tas
387 3675 603 3730 semper
632 3667 893 3716 creaturae
922 3661 1196 3716 rationalis
1227 3670 1333 3717 est.
1380 3664 1519 3717 Nam
1558 3663 1627 3717 ad
1679 3664 1874 3719 volun-

276 3755 440 3802 tatem
468 3748 775 3803 habendam
804 3749 949 3803 nullo
980 3749 1190 3822 indiget
1221 3758 1367 3805 extra
1399 3768 1456 3806 se
1498 3752 1673 3822 posito
1716 3768 1874 3808 crea-

276 3844 396 3891 tura
425 3836 701 3891 rationalis
734 3852 745 3891 :
778 3838 926 3908 quod
951 3837 1007 3891 in
1034 3839 1176 3892 mala
1207 3839 1482 3895 voluntate
1513 3856 1702 3895 omnes
1753 3858 1875 3895 esse

277 3920 547 3975 novimus.
579 3922 719 3975 Nam
748 3922 816 3975 ad
846 3938 967 3977 eam
999 3922 1302 3977 habendam
1342 3940 1408 3978 ex
1438 3940 1497 3979 se
1527 3924 1661 3986 sola.
1713 3941 1873 3981 crea-

278 4016 395 4062 tura
425 4009 705 4064 rationalis
735 4009 1008 4065 sufﬁciens
1033 4019 1111 4065 est
1146 4027 1157 4066 :
1194 4011 1289 4066 sed
1320 4012 1387 4066 ad
1420 4013 1620 4068 bonum
1670 4014 1875 4068 haben-

280 4097 429 4165 dum,
462 4114 529 4153 ex
558 4114 617 4152 se
648 4098 781 4164 sola,
836 4106 1084 4155 creatura
1128 4100 1401 4154 rationalis
1452 4101 1725 4157 sufﬁciens
1766 4118 1874 4157 non

280 4195 383 4251 est,
414 4186 517 4240 nisi
547 4185 616 4239 sit
648 4186 831 4255 adjuta
860 4203 890 4239 a
920 4187 1100 4259 gratia
1132 4188 1249 4243 Dei.
1288 4189 1397 4244 Sed
1425 4190 1550 4245 licet
1579 4190 1696 4245 sine
1739 4206 1874 4262 gra-

1992 303 2279 373 przemium
2325 314 2655 375 acceperunt
2703 306 3094 361 beatitudinem
3150 313 3424 371 aeternam,
3487 320 3592 375 qua

1992 408 2094 462 pro
2132 392 2341 447 meritis
2395 392 2547 464 digni
2605 393 2728 450 facti
2785 402 2909 448 sunt
2966 394 3145 467 gratia
3201 393 3302 448 Dei
3332 394 3595 461 adjuvan-

1994 487 2087 545 te,
2148 481 2355 552 absque
2411 482 2693 537 coactione
2748 483 3001 555 quidem,
3062 490 3116 538 et
3194 482 3249 536 in
3331 489 3590 537 aeternum

1992 569 2167 623 Deum
2197 570 2464 625 videntes.
2499 570 2553 625 in
2584 571 2723 641 ipso,
2758 573 2826 627 de
2856 572 2994 642 ipso,
3031 580 3083 628 et
3132 587 3255 627 cum
3302 570 3422 641 ipso
3472 570 3589 624 sine

1992 655 2097 712 ﬁne
2130 659 2366 729 gaudent
2397 660 2583 730 [Par.,
2608 660 2967 731 gaudebunt].
3010 664 3077 715 At
3108 676 3237 715 vero
3269 660 3361 731 qui
3390 674 3422 713 a
3470 659 3587 714 Deo

1990 747 2169 799 aversi
2217 754 2358 815 sunt,
2409 746 2604 801 inferni
2652 756 2775 803 sunt
2820 749 3140 803 rudentibus
3196 748 3375 802 traditi
3419 746 3588 818 (quod

1989 850 2054 888 ex
2087 834 2245 904 culpa
2268 844 2580 890 meruerunt
2612 838 2726 892 Deo
2756 838 3063 902 deserente,
3099 837 3309 907 absque
3352 852 3585 906 oppres-

1988 922 2141 977 sione
2173 925 2401 993 tamcn),
2438 933 2490 978 et
2538 924 2593 978 in
2646 933 2911 979 aeternum
2948 927 3123 980 Deum
3170 941 3279 980 non
3327 924 3587 980 videbunt

1988 1011 2284 1080 Dispositio
2314 1028 2445 1066 vero
2491 1013 2753 1067 bonorum
2802 1014 2855 1067 in
2912 1014 3124 1069 duobus
3190 1012 3480 1068 consistit:
3530 1012 3587 1067 in

1985 1097 2148 1153 laude
2181 1099 2432 1155 videlicet
2477 1101 2680 1167 divina,
2726 1102 2779 1155 in
2828 1118 2933 1173 qua
2973 1102 3179 1174 jugiter
3208 1108 3578 1173 perseverant,

1985 1194 2038 1241 et
2067 1186 2120 1239 in
2153 1186 2328 1243 ofﬁcio
2360 1188 2840 1244 administrationis
2870 1190 3159 1245 multarum
3181 1190 3236 1243 in
3257 1190 3361 1245 hoc
3378 1190 3581 1244 mundo

1985 1276 2372 1345 gerendarum,
2406 1277 2521 1332 sive
2568 1278 2717 1333 circa
2759 1278 3028 1345 homines,
3082 1279 3196 1333 sive
3253 1278 3396 1334 circa
3442 1277 3579 1331 alias

1983 1379 2335 1435 quascunque
2360 1380 2471 1431 res,
2504 1365 2559 1420 in
2590 1382 2815 1437 quarum
2862 1367 3325 1421 administratione
3379 1366 3577 1421 divinae

1979 1451 2239 1507 obediunt
2268 1453 2629 1525 dispositioni.
2664 1454 2895 1509 Maxima
2932 1470 3064 1510 vero
3096 1471 3287 1509 eorum
3338 1454 3573 1509 admini-

1980 1541 2169 1595 stratio
2197 1541 2341 1597 circa
2370 1543 2618 1598 homines
2649 1543 2915 1608 consistit,
2952 1551 3061 1597 tam
3092 1543 3146 1597 in
3191 1542 3572 1613 corporalium,

1986 1644 2149 1700 quam
2204 1630 2258 1683 in
2314 1631 2663 1701 spiritualium
2721 1630 3111 1686 beneficiorum
3192 1630 3526 1686 exhibitione
3556 1650 3573 1685 :

1986 1734 2105 1788 quae
2134 1717 2351 1789 quidem
2384 1720 2500 1774 sine
2531 1720 2677 1774 omni
2707 1720 2911 1787 labore,
2945 1719 3043 1774 sed
3082 1727 3267 1774 tamen
3313 1733 3423 1773 non
3466 1718 3581 1773 sola

1985 1805 2261 1862 voluntate
2293 1807 2589 1878 adimplere
2643 1817 2871 1879 possunt
2916 1808 3085 1879 (quod
3116 1808 3285 1862 solius
3328 1807 3428 1861 Dei
3474 1814 3575 1873 est,

1985 1895 2137 1962 cujus
2166 1895 2304 1950 velle
2333 1895 2515 1951 facere
2544 1898 2667 1967 cst),
2720 1897 2817 1952 sed
2865 1897 3046 1967 aliquo
3092 1895 3177 1951 vel
3223 1894 3441 1961 visibili,
3493 1894 3580 1950 vel

1983 1982 2258 2049 invisibili,
2310 1992 2472 2054 prout
2519 1984 2598 2039 eis
2647 1985 2920 2056 competit,
2969 1992 3111 2039 actu.
3161 1984 3397 2038 Ordines
3445 1998 3577 2038 vero

1981 2070 2226 2142 ipsorum
2254 2072 2536 2127 beatorum
2592 2073 2896 2144 spirituum,
2933 2073 3231 2128 secundum
3292 2080 3404 2128 tres
3462 2072 3578 2127 hic-

1979 2160 2220 2215 rarchias
2268 2160 2506 2218 distincti
2563 2170 2705 2228 sunt,
2768 2178 2995 2233 quarum
3044 2161 3298 2233 quaelibet
3352 2162 3574 2216 ordines

1981 2249 2220 2304 continet
2245 2257 2373 2305 tres.
2409 2252 2466 2304 In
2497 2250 2671 2321 prima
2700 2250 3005 2306 hierarchia
3035 2259 3160 2305 sunt
3202 2258 3308 2305 tres
3355 2250 3573 2304 ordines

1980 2337 2089 2402 isti,
2123 2338 2394 2408 seraphin,
2428 2339 2688 2394 cherubin
2719 2347 2771 2394 et
2802 2340 2994 2394 throni.
3049 2340 3107 2392 In
3158 2338 3415 2404 secunda,
3468 2339 3573 2393 do-

1980 2426 2324 2494 minationes,
2393 2426 2729 2498 principatus
2786 2437 2838 2482 et
2895 2434 3213 2498 potestates.
3280 2428 3341 2482 In
3413 2426 3576 2481 tertia

1980 2513 2226 2580 virtutes,
2261 2515 2577 2585 archangeli
2610 2524 2663 2570 et
2691 2516 2891 2587 angeli.
2925 2516 3042 2583 Qua
3085 2532 3217 2571 vero
3265 2516 3473 2571 ratione
3522 2524 3573 2572 et

1980 2618 2142 2657 causa
2172 2602 2300 2657 talia
2329 2603 2552 2657 ordines
2597 2602 2685 2657 isti
2742 2604 2915 2657 sortiti
2974 2612 3096 2658 sunt
3150 2604 3388 2669 nomina,
3443 2604 3573 2658 satis

1979 2706 2250 2761 superque
2289 2690 2578 2745 multorum
2624 2691 3015 2747 catholicorum
3061 2692 3343 2747 doctorum
3385 2699 3573 2747 osten-

1978 2780 2130 2835 sione
2159 2779 2501 2833 notissimum
2530 2788 2631 2845 est,
2674 2788 2726 2834 et
2780 2780 2985 2835 idcirco
3039 2795 3266 2835 necesse
3319 2796 3429 2834 non
3468 2788 3567 2846 est,

1978 2876 2035 2922 ut
2065 2867 2132 2922 de
2159 2867 2247 2922 illa
2278 2883 2377 2923 nos
2407 2868 2615 2923 ratione
2664 2875 2717 2923 et
2764 2883 2926 2924 causa
2975 2868 3173 2940 aliquid
3217 2868 3272 2923 in
3318 2868 3574 2939 praesenti

1906 2930 1953 2992 Ο
1978 2956 2289 3028 loquamur.
2325 2957 2435 3011 Sed
2462 2965 2518 3012 ut
2547 2957 2614 3011 ad
2643 2965 2694 3012 te
2724 2956 3029 3032 veniamus,
3064 2930 3155 3028 qui
3204 2930 3471 3011 habitator
3512 2974 3572 3013 es

1979 3045 2149 3113 cellae,
2199 3060 2298 3115 pro
2328 3061 2433 3117 quo
2482 3054 2532 3100 et
2579 3046 2663 3101 cui
2715 3047 2832 3101 haec
2879 3046 3062 3100 omnia
3111 3045 3362 3113 dicimus,
3417 3046 3570 3118 erige

1982 3140 2245 3204 quatenus
2291 3132 2437 3199 licet,
2498 3133 2606 3189 imo
2660 3141 2921 3204 quatenus
2972 3134 3069 3188 tibi
3123 3134 3307 3188 datum
3383 3132 3565 3201 fuerit,

1976 3220 2269 3277 defmcatos
2315 3238 2464 3292 pura:
2493 3221 2943 3277 considerationis
2990 3230 3092 3277 tute
3120 3222 3309 3278 oculos
3354 3223 3423 3277 ad
3470 3224 3571 3277 hos

1976 3325 2174 3365 novem
2223 3310 2506 3365 beatorum
2560 3310 2843 3380 spirituum
2898 3311 3139 3378 ordines,
3198 3319 3255 3365 ut
3300 3326 3368 3366 ex
3420 3318 3571 3382 parte

1977 3398 2168 3453 videas
2197 3414 2317 3470 quae
2368 3414 2554 3453 eorum
2604 3398 2711 3453 sint
2749 3398 3108 3453 sublimitates
3156 3407 3209 3454 et
3252 3399 3564 3471 dignitates.

1977 3488 2035 3541 In
2066 3486 2187 3557 ipsa
2217 3488 2360 3542 intra
2390 3495 2441 3541 te
2470 3486 2680 3541 interna
2709 3487 3108 3553 recordatione,
3165 3488 3322 3542 stude
3369 3487 3568 3543 olfactu

1976 3576 2255 3631 memorize
2286 3576 2371 3631 vel
2394 3576 2627 3631 tenuiter
2654 3577 2881 3631 odorare
2918 3592 2929 3631 :
2964 3585 3016 3631 et
3046 3584 3207 3649 gustu
3238 3576 3460 3642 amoris,
3512 3576 3566 3631 in

1976 3672 2233 3736 quantum
2262 3674 2434 3735 potes,
2470 3664 2675 3737 aliquid
2703 3665 2771 3720 de
2800 3665 3011 3735 gaudiis
3055 3664 3355 3720 cmlestium
3403 3665 3569 3735 spiri-

1978 3761 2127 3808 tuum
2176 3762 2532 3826 praegustare,
2582 3754 2673 3825 qui
2720 3754 2775 3808 in
2818 3753 3044 3824 singulis
3073 3753 3358 3809 ordinihus
3395 3762 3519 3808 sunt
3554 3772 3566 3807 :

1975 3843 2248 3914 quomodo
2280 3842 2479 3913 singuli
2508 3843 2562 3897 in
2592 3843 2786 3914 seipsis
2832 3850 2955 3898 sunt
2984 3842 3283 3913 incorrup:i
3330 3850 3382 3897 et
3428 3842 3569 3897 inte-

1976 3932 2081 4004 gri,
2110 3932 2334 4001 jucundi
2364 3940 2417 3986 et
2445 3931 2551 3987 laeti
2585 3947 2596 3985 :
2630 3931 2684 3986 in
2716 3948 2904 3987 amore
2934 3931 3327 3997 sincerissimo,
3362 3932 3567 3986 arden-

1974 4020 2205 4086 tissimo,
2251 4028 2304 4075 et
2351 4021 2890 4091 perseverantissimo
2938 4021 3167 4077 invicem
3218 4020 3467 4077 benevoli
3516 4029 3570 4075 et

1976 4108 2243 4181 benigni:
2279 4125 2415 4179 pace
2462 4110 2893 4180 imperturbabili
2939 4109 3235 4180 tranquilli,
3286 4110 3341 4163 in
3384 4108 3569 4179 perfe-

1976 4193 2217 4247 ctissima
2246 4193 2567 4248 certitudine
2600 4194 2799 4263 securi,
2846 4194 3130 4258 individui,
3179 4193 3319 4263 puri,
3365 4192 3565 4257 sereni,

279 4275 351 4330 tia
378 4275 497 4341 Dei,
532 4275 731 4329 bonam
763 4276 1093 4331 voluntatem
1120 4277 1321 4333 habere
1367 4294 1477 4333 non
1524 4279 1713 4349 possit,
1764 4283 1946 4343 nonD
1976 4280 2151 4351 ipsum
2181 4282 2357 4335 Deum
2387 4280 2523 4337 facie
2552 4282 2618 4334 ad
2663 4281 2855 4337 faciem
2904 4281 3168 4348 videntes,
3219 4282 3333 4335 Deo
3383 4280 3568 4336 inces-

280 4374 457 4418 tamen
491 4363 673 4435 aliquo
703 4364 1008 4420 extrinseco
1039 4373 1163 4436 eget
1194 4366 1258 4419 ad
1300 4367 1496 4421 bonam
1540 4367 1874 4423 voluntatem

276 4452 603 4507 habendam.
634 4453 768 4507 Nam
801 4452 905 4506 nisi
936 4454 1097 4524 culpa
1127 4462 1386 4509 creaturae
1416 4455 1692 4509 rationalis
1722 4456 1874 4510 obsi-

278 4548 402 4607 stat,
436 4557 711 4611 nunquam
744 4542 920 4613 gratia
950 4542 1051 4596 Dei
1080 4541 1235 4597 deest
1262 4543 1331 4596 ad
1377 4543 1576 4598 bonam
1624 4543 1874 4599 volunta-

280 4634 387 4681 tem
410 4628 736 4684 habendam.
766 4628 913 4683 Nihil
945 4637 1027 4684 est
1059 4646 1192 4701 ergo
1224 4631 1367 4701 quod
1401 4632 1480 4686 sic
1535 4631 1601 4687 sit
1639 4640 1875 4702 potesta-

279 4714 347 4770 tis
376 4725 635 4772 creaturaa
664 4717 964 4783 rationalis,
990 4718 1128 4773 sicut
1147 4726 1228 4773 est
1259 4719 1377 4789 ipsa
1408 4719 1675 4785 voluntas,
1712 4736 1875 4792 quam

283 4820 501 4875 semper
544 4805 716 4862 libere
760 4807 925 4862 habet
974 4806 1182 4863 ratione
1228 4807 1570 4863 discernente
1616 4824 1685 4863 an
1732 4810 1875 4864 bona

283 4892 349 4946 sit
382 4893 468 4948 vel
507 4893 668 4948 mala.
720 4895 865 4950 Bene
895 4911 1027 4968 ergo
1067 4895 1298 4951 liberum
1349 4896 1630 4950 arbitrium
1678 4898 1877 4953 dicitur

283 4979 511 5036 liberum
542 4982 835 5037 voluntatis
858 4983 1137 5052 judicium,
1172 4985 1260 5039 vel
1293 4984 1523 5039 liberum
1570 4985 1638 5040 de
1686 4986 1875 5040 volun-

284 5077 390 5123 tate
417 5070 698 5138 judicium,
760 5086 825 5127 eo
880 5072 1024 5142 quod
1078 5072 1158 5143 (ut
1213 5072 1415 5128 dictum
1472 5073 1577 5145 est)
1633 5083 1877 5129 creatura

280 5158 561 5213 rationalis
591 5175 807 5230 semper
856 5160 1019 5215 habet
1072 5168 1398 5231 potestatem
1448 5162 1615 5217 libere
1660 5163 1878 5218 volendi

283 5246 483 5302 bonum
514 5248 599 5303 vel
628 5248 851 5315 malum,
886 5264 1008 5304 cum
1038 5249 1303 5305 electione
1334 5250 1513 5318 hujus,
1546 5250 1600 5304 id
1623 5259 1703 5305 est
1725 5250 1873 5316 boni,

282 5342 335 5391 et
358 5335 563 5404 judicio
593 5337 988 5409 reprobationis
1018 5338 1180 5407 illius,
1224 5338 1277 5393 id
1314 5346 1395 5395 est
1426 5338 1570 5394 mali.
1621 5339 1703 5394 Illi
1749 5355 1878 5397 vero

1976 4376 2160 4423 santer
2190 4369 2524 4424 achaerentes
2557 4370 2705 4423 nulla
2733 4370 3056 4439 interposita
3086 4386 3145 4424 re
3175 4370 3279 4423 alia
3312 4387 3325 4423 :
3358 4369 3413 4423 in
3456 4370 3569 4425 Deo

1976 4465 2027 4512 et
2056 4473 2121 4512 ex
2150 4458 2264 4511 Deo
2296 4457 2440 4511 beati
2472 4457 2784 4523 existentes,
2819 4458 2917 4514 Dei
2946 4458 3315 4514 indesinenter
3344 4458 3398 4513 in
3444 4458 3566 4529 ple-

1974 4544 2217 4599 nitudine
2246 4561 2391 4600 verae
2420 4554 2473 4599 et
2501 4545 2555 4599 in
2586 4554 2846 4601 aeternum
2903 4546 3260 4602 indeficientis
3316 4546 3569 4601 dilectio-

1975 4633 2079 4701 nis,
2113 4642 2165 4689 et
2197 4634 2587 4702 exsultationis,
2624 4634 2872 4689 laudibus
2903 4643 2955 4689 et
2984 4635 3273 4705 praeconiis
3304 4635 3567 4689 insisten-

1977 4730 2057 4775 tes
2090 4738 2103 4776 :
2137 4722 2333 4793 quibus
2365 4722 2445 4792 (ut
2473 4723 2640 4776 multa
2672 4723 2823 4778 brevi
2880 4739 3103 4778 semone
3157 4722 3569 4791 concludamus)

1977 4810 2109 4864 nihil
2134 4811 2348 4881 penitus
2379 4812 2552 4875 adest,
2588 4811 2721 4865 nihil
2750 4812 2921 4879 deest,
2956 4812 3100 4866 boni.
3134 4811 3178 4865 Ο
3214 4817 3410 4881 quanta
3451 4825 3571 4863 sua-

1977 4900 2112 4953 vitas
2144 4908 2195 4954 et
2226 4900 2456 4955 dulcedo
2486 4900 2539 4953 in
2571 4901 2748 4955 verbis
2778 4900 2897 4953 istis
2931 4899 2941 4953 l
2979 4900 3034 4954 Si
3063 4909 3115 4953 tu
3140 4899 3317 4969 aquila
3350 4915 3428 4967 es,
3461 4898 3569 4954 imo

1979 4989 2105 5059 quia
2126 5004 2203 5054 es,
2240 4987 2285 5040 si
2318 4996 2494 5042 tamen
2526 4988 2667 5043 sicut
2696 4989 2751 5041 in
2780 4988 2917 5044 cella
2948 5004 3069 5042 esse
3092 4987 3281 5053 debes,
3315 4987 3385 5041 ita
3414 4986 3468 5040 in
3508 5002 3571 5041 ea

1979 5092 2057 5144 es,
2091 5076 2326 5141 elevare,
2362 5076 2575 5131 elevare
2606 5077 2675 5130 ab
2708 5077 2786 5130 eis
2816 5092 2936 5147 quae
2966 5083 3088 5130 sunt
3116 5074 3257 5131 infra
3285 5084 3355 5141 te,
3407 5084 3461 5131 et
3502 5076 3569 5130 ab

1980 5165 2057 5217 eis
2085 5180 2206 5235 qua}
2237 5172 2360 5217 sunt
2388 5172 2539 5218 extra
2572 5173 2622 5219 te
2653 5182 2665 5218 :
2699 5172 2752 5219 et
2807 5164 3025 5219 elevare
3071 5165 3436 5220 mediantibus
3485 5165 3571 5220 his

1980 5268 2099 5323 quze
2129 5260 2252 5306 sunt
2282 5252 2419 5306 intra
2450 5262 2501 5308 te
2532 5254 2600 5307 ad
2632 5254 2736 5308 ista
2766 5254 2833 5309 de
2862 5253 3057 5325 quibus
3085 5253 3375 5325 loquimur,
3410 5254 3575 5308 subli-

1978 5341 2088 5397 mia
2135 5349 2187 5398 ct
2234 5357 2450 5413 magna,
2501 5342 2741 5415 perfecta
2791 5351 2843 5403 ct
2892 5342 3119 5416 integra,
3178 5342 3465 5413 tranquilla
3520 5350 3576 5399 et
