3972 6052
432 122 535 175 855

1296 109 1639 167 GUIGONIS
1690 108 1735 163 ιι
1785 100 2192 161 CARTHUSUE
2222 102 2514 159 MAJonIs
2562 100 2840 159 PRIORIS
2918 82 2937 92 '

3619 98 3728 151 856

428 241 629 313 quieta,
662 254 859 301 secura
888 246 942 292 et
970 244 1137 306 certa,
1174 237 1366 292 festiva
1398 245 1450 291 et
1493 236 1634 301 laeta,
1680 232 1920 303 jucunda
1970 236 2021 284 et
2044 228 2097 287 Α
2124 235 2206 280 est
2238 244 2360 283 esse
2392 229 2535 299 quod
2567 236 2667 283 est.
2699 228 2822 297 Ipse
2862 224 2961 280 sibi
3012 239 3154 289 esse,
3207 223 3323 313 ipse
3369 230 3439 313 et‘
3469 220 3725 313 omnibus

428 345 663 396 ammna,
698 327 877 382 lucida
909 334 959 381 et
981 326 1267 396 prmclara,
1292 325 1607 380 dulcissima
1629 330 1681 377 et
1702 319 2023 375 suavissima

428 418 505 487 (et
534 417 657 488 quia
688 416 853 470 verba
885 424 1008 469 sunt
1038 414 1176 485 haec)
1208 422 1258 468 et
1288 413 1434 467 omni
1464 413 1697 482 denique
1728 410 1873 480 quod
1921 424 2021 478 ap-

427 506 719 576 petendum
752 513 833 559 est
865 504 1046 573 plena,
1083 510 1134 555 et
1165 503 1231 556 ab
1281 502 1428 556 omni
1476 499 1826 553 nihilominus
1875 497 2022 568 quod

427 594 749 666 fugiendum
780 601 861 647 est
892 592 1066 646 aliena
1099 608 1218 661 quae
1265 599 1386 644 sunt
1435 605 1600 659 supra
1659 596 1728 642 te.
1784 586 1891 651 Sic,
1945 586 2022 639 sic

424 698 566 753 pone
596 682 651 735 in
680 681 865 735 arduis
894 681 1079 734 nidum
1110 679 1224 743 tibi,
1259 687 1309 732 et
1358 678 1410 731 in
1456 678 1624 749 petris
1674 691 1917 739 manens,
1971 681 2024 727 et

423 771 479 824 in
507 770 794 840 praeruptis
844 768 1082 822 silicibus
1132 782 1497 833 commorans,
1548 774 1709 836 atque
1760 762 2021 818 inacessis

423 858 687 928 rupibus;
720 857 846 910 inde
876 856 1241 925 contemplare
1274 871 1475 909 escam.
1511 856 1642 908 Cum
1690 853 1868 923 itaque
1915 852 2020 904 hoc

418 947 582 1001 modo
612 947 665 999 in
696 960 833 1017 pura
863 944 1318 1008 consideratione,
1375 959 1497 999 cum
1532 943 1694 1012 pleno
1741 956 1926 994 amore
1971 946 2023 994 et

418 1034 711 1101 desiderio,
747 1041 798 1088 et
829 1040 880 1088 te
912 1034 1110 1087 sedens
1139 1032 1191 1084 in
1226 1032 1365 1087 cella
1393 1032 1500 1084 illis
1530 1030 1701 1085 beatis
1724 1029 2015 1100 spiritibus,

420 1130 473 1177 et
502 1122 624 1177 illos
652 1122 748 1176 tibi
797 1128 1173 1192 repraesentas,
1226 1121 1361 1175 scito
1408 1120 1535 1191 quia
1580 1119 1724 1172 intus
1773 1117 1921 1171 duxit
1968 1125 2018 1172 te

417 1228 513 1267 rex
541 1211 595 1265 in
626 1210 818 1265 cellam
866 1210 1147 1273 vinariam,
1200 1217 1256 1262 ut
1306 1209 1587 1262 ordinaret
1628 1207 1683 1260 in
1735 1214 1785 1260 te
1836 1204 2017 1261 chari-

414 1306 600 1365 tatem,
634 1298 725 1370 qui
757 1307 806 1354 et
837 1306 1015 1369 potest
1039 1298 1152 1365 jam
1178 1297 1363 1351 dicere
1394 1313 1517 1350 cum
1566 1294 1729 1349 Paulo
1766 1311 1776 1347 :
1816 1296 2016 1350 Nostra

413 1389 762 1445 conversatio
792 1389 853 1442 in
883 1388 1037 1442 cretis
1068 1388 1150 1440 est
1183 1385 1413 1457 (Philip.
1471 1401 1551 1454 ιιι,
1604 1383 1716 1454 20),
1752 1391 1804 1438 et
1834 1383 1964 1436 illud
2001 1400 2013 1436 :

416 1476 718 1532 Consedere
742 1491 841 1529 nos
863 1476 1000 1545 fecit
1023 1475 1083 1528 in
1105 1474 1440 1540 caelestibus,
1466 1475 1529 1528 in
1556 1472 1775 1528 Christo
1791 1472 2012 1543 (Ephes.

411 1580 470 1631 ιι,
507 1567 579 1631 6).
616 1565 763 1618 Tunc
794 1562 1004 1631 Paulus,
1058 1570 1116 1616 ut
1163 1563 1355 1616 beatus
1402 1561 1706 1635 Gregorius
1757 1560 1904 1626 dicit,
1960 1560 2015 1612 in
2042 1577 2096 1640 Β

422 1667 647 1707 carcere
677 1651 924 1706 fortassis
954 1651 1263 1716 tenebatur,
1284 1667 1405 1706 cum
1428 1668 1487 1705 se
1509 1651 1699 1705 sedere
1722 1650 1776 1703 in
1798 1648 2013 1703 Christo

408 1740 465 1794 in
494 1740 807 1795 cmlestibus
836 1748 1146 1794 testaretur.
1185 1740 1293 1795 Sed
1325 1740 1397 1793 ibi
1430 1740 1507 1808 (ut
1546 1738 1823 1811 subiungit
1876 1738 2012 1793 bea-

409 1837 494 1884 tus
528 1829 852 1902 Gregorius)
884 1838 1016 1895 erat,
1052 1828 1144 1883 ubi
1173 1829 1457 1884 ardentem
1483 1830 1595 1896 jam
1622 1836 1858 1882 mentem
1889 1826 2013 1880 fixe-

407 1926 505 1984 rat,
540 1933 649 1972 non
682 1917 809 1983 illic,
846 1917 939 1971 ubi
970 1917 1123 1971 illum
1155 1917 1468 1973 necessarie
1499 1917 1659 1989 pigra
1681 1918 1858 1971 adhuc
1880 1930 2010 1971 caro

406 2006 688 2062 retinebat.
723 2006 893 2075 Vade,
930 2014 983 2060 et
1014 2014 1068 2060 tu
1099 2005 1151 2059 in
1184 2006 1322 2060 cella
1370 2014 1459 2060 tua
1508 2005 1593 2061 fac
1640 2004 1904 2072 similiter,
1958 2012 2011 2058 et

404 2094 610 2166 poteris
640 2110 763 2150 cum
793 2094 1022 2149 redieris
1049 2095 1117 2148 ad
1146 2110 1267 2161 nos,
1303 2095 1440 2147 dans
1469 2094 1700 2166 gloriam
1732 2095 1867 2157 Deo,
1920 2093 2007 2147 di-

405 2198 530 2238 cere
562 2182 739 2248 nobis,
775 2184 920 2254 quod
967 2183 1022 2236 in
1053 2183 1237 2237 arduis
1286 2182 1515 2252 posuisti
1571 2183 1758 2236 nidum
1804 2182 1918 2248 tibi,
1952 2182 2009 2235 in

405 2271 575 2342 petris
606 2271 767 2325 etiam
796 2272 1061 2340 mansisti,
1096 2271 1153 2325 in
1184 2272 1475 2342 praeruptis
1506 2271 1747 2326 silicibus
1778 2288 1836 2325 es
1866 2286 2005 2327 com-

403 2368 662 2428 moratus,
716 2368 769 2417 et
816 2361 873 2416 in
918 2360 1214 2417 inaccessis
1263 2361 1488 2431 rupibus
1539 2360 1896 2432 cotemplatus
1945 2376 2005 2415 es

408 2464 616 2505 escam.

863 2629 1260 2686 CAPITULUM
1326 2628 1533 2683 XXIX.

397 2800 474 2853 De
508 2798 608 2871 illo
636 2797 1027 2871 meditationis
1054 2813 1255 2871 geuere
1284 2798 1425 2871 quod
1448 2799 1609 2871 intra
1638 2814 1739 2853 nos
1769 2801 1836 2871 in_
1861 2800 1999 2871 ipsis

468 2869 693 2923 intimis
710 2868 892 2923 cordis
912 2869 1097 2922 nostri
1117 2868 1377 2923 debenius
1403 2868 1623 2935 habere,
1648 2886 1779 2924 cum
1803 2868 1867 2925 de
1882 2868 1996 2925 'Deo

466 2940 759 2994 studemus
789 2941 1058 3008 cogitare,
1092 2944 1148 2994 et
1181 2940 1427 3011 qualiter
1456 2940 1523 2994 de
1554 2933 1653 2996 illo
1676 2957 1777 2996 nos
1802 2940 1999 2996 deceat
2022 2933 2069 2996 Ο

467 3014 526 3066 et
556 3012 726 3066 liceat
753 3011 989 3065 sentire.

464 3143 583 3198 Jam
614 3144 834 3216 quidem
865 3159 931 3200 eo
958 3160 1131 3215 usque
1159 3145 1509 3215 pervenimus
1554 3153 1612 3201 ut
1666 3154 1848 3202 tecum
1897 3146 2000 3201 ali-

391 3231 543 3304 quid,
577 3232 671 3302 qui
698 3232 1027 3287 inhabitator
1056 3233 1205 3288 cellm
1236 3250 1314 3298 es,
1348 3235 1416 3289 de
1452 3234 1585 3305 ipsis
1640 3235 1999 3290 invisibilibus

392 3320 495 3375 Dei
524 3320 896 3377 conferamus.
937 3321 1017 3376 De
1046 3322 1239 3392 quibus
1268 3322 1629 3378 invisibilibus
1673 3324 1999 3393 praedicator

396 3408 658 3481 egregius
709 3409 788 3465 sic
833 3410 1011 3465 dicit:
1046 3411 1358 3466 Invisibilia
1407 3413 1600 3483 ipsius,
1650 3430 1684 3467 a
1729 3417 1998 3469 creatura

392 3498 615 3565 mundi,
628 3515 732 3570 per
752 3515 818 3554 ea
835 3515 957 3571 qua:
976 3501 1135 3569 faeta
1158 3505 1311 3565 sunt,
1330 3501 1629 3556 intellecta
1641 3502 1996 3573 conspiciun-

393 3590 491 3642 tur
522 3587 699 3657 (Rom.
726 3603 763 3657 ι,
784 3590 896 3655 20).
920 3589 987 3642 Et
1018 3594 1167 3644 certe
1198 3604 1307 3643 non
1339 3589 1487 3643 aliud
1518 3590 1633 3645 haec
1665 3590 1781 3658 ejus
1812 3590 1999 3646 invisi-

391 3675 523 3730 bilia
544 3684 686 3743 sunt,
714 3692 878 3747 quam
899 3676 955 3731 id
975 3676 1119 3748 quod
1140 3677 1254 3747 ipse
1278 3685 1377 3731 est.
1402 3678 1553 3733 Unde
1580 3686 1631 3732 et
1667 3679 1809 3734 idem
1850 3682 1994 3748 Apo-

393 3764 583 3830 stolus,
616 3772 672 3818 ut
695 3780 795 3818 nos
825 3765 1058 3819 instruat
1090 3765 1219 3835 quid
1249 3766 1315 3820 de
1347 3766 1430 3819 his
1458 3765 1819 3821 invisibilibus
1862 3784 1992 3822 sen-

392 3852 497 3906 tire
526 3852 846 3922 debeamus,
907 3853 1153 3924 adjungit
1207 3854 1581 3925 :Sempiterna
1617 3871 1827 3927 quoque
1872 3860 1992 3928 ejus

388 3942 573 3996 virtus
604 3944 660 3994 et
687 3940 983 3996 divinitas.
1026 3942 1134 3996 Sua
1164 3940 1335 4011 ipsius
1366 3943 1699 4012 sempiterna
1728 3944 1894 3999 virtus
1943 3952 1994 3999 et

390 4026 643 4083 divinitas
675 4027 793 4097 ipse
824 4035 925 4097 est,
958 4028 1047 4099 qui
1080 4030 1226 4083 Deus
1256 4030 1619 4099 sempiternus
1648 4039 1747 4085 est.
1789 4032 1843 4085 Si
1874 4032 1991 4104 qui-

388 4114 515 4171 dem
561 4115 728 4170 habet
776 4116 1165 4187 sempiternam
1208 4117 1457 4172 virtutem
1506 4126 1559 4173 et
1609 4119 1987 4187 divinitatem;

387 4204 487 4258 sed
517 4205 663 4275 quod
690 4204 872 4270 habet,
915 4206 1021 4261 hoc
1063 4212 1164 4261 est.
1214 4207 1466 4262 Locuturi
1507 4215 1687 4263 autem
1736 4210 1804 4264 de
1849 4210 1984 4276 Deo,

2125 332 2247 371 esse
2276 324 2376 370 est.
2428 317 2534 371 Sed
2583 317 2701 387 ipse
2743 316 2835 386 qui
2879 314 3025 368 solus
3078 319 3179 377 est,
3228 310 3319 382 qui
3363 309 3508 364 solus
3557 309 3721 363 habet

2124 405 2604 470 immortalitatem,
2658 405 2788 475 quid
2819 411 2900 458 est
2930 402 2957 455 ἱ)
2983 401 3128 456 Nihil
3160 416 3347 455 eorum
3377 416 3495 470 quae
3525 398 3721 453 condi-

2123 494 2219 559 dit,
2253 493 2367 564 ipse
2398 501 2481 547 est
2516 510 2526 547 :
2562 494 2687 564 quia
2715 494 2782 547 ab
2812 500 3013 546 aeterno
3045 498 3145 553 est,
3197 505 3308 543 non
3357 505 3420 541 ex
3452 496 3716 557 tempore.

2124 582 2378 636 Omnium
2410 590 2782 638 creaturarum
2833 589 3046 635 creator
3090 579 3179 633 ille
3229 585 3345 643 est;
3397 576 3539 630 unde
3588 592 3721 631 con-

2125 680 2271 724 stans
2304 679 2383 724 est
2432 672 2559 742 quia
2602 670 2717 740 ipse
2768 677 3014 725 creatura
3060 683 3169 722 non
3217 674 3316 719 est.
3371 665 3583 720 Scimus
3622 664 3720 717 tibi

2122 760 2323 825 dicere,
2359 760 2447 829 qui
2478 760 2746 813 habitator
2776 758 2926 813 cella
2970 774 3048 819 es,
3102 755 3229 826 quid
3278 756 3424 809 Deus
3470 768 3579 807 non
3626 752 3717 817 sit,

2121 849 2219 902 sed
2248 848 2366 918 quis
2395 848 2578 902 dicere
2608 855 2785 917 potest
2816 845 2945 917 quid
2988 845 3056 898 sit
3084 845 3111 897 ‘2
3140 842 3279 897 Dicit
3325 842 3469 897 enim
3515 842 3585 895 de
3634 842 3721 895 his

2121 936 2222 990 hoc
2252 936 2414 990 modo
2446 936 2637 990 beatus
2666 934 2958 1004 Dionysius
3004 934 3058 987 in
3085 932 3227 986 libro
3277 930 3541 1002 angelicae
3584 930 3719 984 Hie-

2123 1025 2369 1090 rarchiae,
2406 1024 2639 1095 capitulo
2689 1023 2974 1078 secundo:
3030 1042 3051 1068 α
3096 1022 3285 1091 Itaque
3329 1028 3379 1074 et
3428 1017 3721 1074 colendam

2122 1112 2598 1183 superessentialis
2649 1110 2943 1167 divinitatis
2974 1108 3363 1165 beatitudinem
3394 1106 3721 1161 manifesta-

2120 1202 2353 1255 tivorum
2385 1201 2727 1272 eloquiorum
2752 1199 2996 1270 mysticae
3024 1197 3362 1262 traditiones,
3421 1195 3723 1266 aliquando

2121 1289 2339 1360 quidem
2369 1297 2426 1344 ut
2483 1289 2770 1354 rationem,
2804 1296 2857 1343 et
2904 1286 3253 1353 intellectum,
3315 1293 3367 1340 et
3422 1284 3721 1339 essentiam

2119 1377 2378 1442 laudant;
2412 1377 2649 1432 divinam
2681 1376 3097 1431 rationalitatem
3125 1382 3178 1429 et
3227 1374 3549 1444 sapientiam
3597 1374 3718 1441 ejus

2118 1465 2479 1531 declarantes,
2517 1473 2568 1520 et
2596 1482 2725 1521 vere
2758 1466 3076 1520 cxistentem
3106 1463 3483 1531 substantiam,
3517 1470 3569 1516 et
3613 1477 3718 1516 eo-

2119 1570 2236 1607 rum
2267 1571 2388 1625 quae
2420 1562 2543 1609 sunt
2575 1554 2937 1609 subsistentia:
2967 1568 3189 1608 causam
3221 1567 3404 1606 veram
3440 1565 3452 1604 :
3484 1558 3538 1606 et
3557 1550 3719 1621 quasi

2116 1642 2296 1697 lumen
2332 1658 2450 1697 eam
2481 1642 2733 1711 formant,
2769 1650 2819 1697 et
2867 1641 3029 1697 vitam
3070 1648 3284 1707 vocant,
3336 1640 3493 1694 tantis
3539 1639 3716 1693 mira-

2114 1730 2315 1784 bilibus
2381 1730 2795 1785 formationibus
2856 1730 3179 1786 castioribus
3229 1729 3593 1795 manentibus,
3659 1735 3717 1782 et

2112 1820 2421 1874 materiales
2452 1820 2806 1874 formationes
2837 1818 3105 1874 excellere
3135 1833 3353 1889 quoquo
3383 1817 3544 1872 modo
3574 1831 3712 1887 pro-

2113 1908 2251 1961 batis
2282 1907 2680 1977 deﬁcientibus,
2714 1916 2764 1963 et
2795 1908 2874 1963 sic
2905 1908 3087 1963 divina
3119 1908 3187 1961 ad
3226 1906 3508 1961 veritatem
3552 1906 3711 1960 simi-

2112 1996 2355 2051 litudine.
2390 1998 2490 2051 Est
2521 1997 2666 2051 enim
2712 2013 2878 2066 super
2925 2011 3142 2051 omnem
3192 1994 3472 2050 scientiam
3521 2002 3573 2048 et
3621 1999 3709 2048 vi-

2110 2093 2237 2150 tam,
2288 2085 2437 2139 nullo
2501 2086 2721 2157 quidem
2768 2086 2944 2156 ipsam
2992 2084 3193 2139 lumine
3233 2082 3710 2149 characterizante,

2109 2173 2365 2244 omnique
2413 2174 2623 2228 ratione
2673 2181 2724 2227 et
2781 2174 3077 2239 intellectu,
3130 2172 3477 2226 similitudine
3537 2171 3709 2242 ipsius

2108 2262 2620 2333 imcomparabiliter
2647 2262 2940 2318 derelictis.
2974 2264 3038 2317 Et
3068 2261 3360 2333 aliquando
3410 2276 3542 2315 vero
3588 2260 3707 2315 dis-

2107 2350 2371 2405 similibus
2401 2350 2927 2405 manifestationibus
2959 2351 3028 2404 ab
3049 2350 3183 2421 ipsis
3226 2350 3475 2422 eloquiis,
3508 2366 3707 2420 super-

2106 2440 2377 2495 mundane
2404 2440 2622 2494 laudant
2667 2456 2782 2495 eam
2834 2439 3179 2502 invisibilem,
3233 2448 3287 2494 et
3325 2439 3605 2508 infinitam,
3656 2448 3709 2494 et

2104 2528 2631 2599 incomprehensam,
2663 2529 2982 2585 vocantibus
3015 2544 3027 2583 :
3067 2536 3119 2584 et
3148 2545 3286 2600 quae,
3322 2536 3375 2583 et
3404 2545 3470 2584 ex
3508 2528 3707 2600 quibus

2101 2633 2210 2672 non
2241 2617 2367 2687 quid
2428 2625 2527 2685 est,
2586 2618 2682 2671 sed
2739 2618 2831 2688 qui
2890 2633 2999 2673 non
3055 2625 3137 2672 est
3193 2616 3545 2689 signiﬁcatur.
3592 2618 3712 2673 Hoc

2103 2705 2265 2769 enim,
2298 2714 2355 2759 ut
2383 2706 2609 2771 aestimo,
2644 2706 2918 2776 potentius
2949 2713 3032 2761 est
3061 2705 3116 2759 in
3166 2706 3303 2777 ipsa.
3359 2705 3531 2774 Quem
3578 2708 3705 2777 qui-

2101 2794 2225 2849 dem
2257 2796 2335 2863 (ut
2374 2794 2583 2850 occulta
2632 2803 2684 2848 et
2742 2794 3091 2849 sacerdotalis
3150 2795 3367 2849 traditio
3427 2795 3706 2850 subintro-

2101 2882 2273 2953 duxit)
2304 2884 2408 2938 hoc
2439 2883 2657 2954 quidem
2688 2898 2797 2939 non
2828 2899 2951 2938 esse
2992 2883 3291 2939 secundum
3340 2884 3467 2954 quid
3514 2900 3704 2938 eorum

2106 2987 2226 3042 quae
2259 2980 2399 3034 sunt,
2434 2988 2553 3026 eam
2587 2988 2713 3027 vere
2744 2972 2996 3027 dicimus.
3031 2974 3351 3042 Ignoramus
3381 2981 3559 3027 autem
3604 2990 3703 3027 su-

2101 3060 2547 3131 peressentialem
2578 3061 2769 3131 ipsius,
2805 3068 2858 3115 et
2886 3060 3232 3123 invisibilem,
3267 3070 3320 3115 et
3370 3061 3703 3116 ineffabilem

2100 3148 2489 3203 inﬁnalitatem.
2525 3150 2581 3204 Si
2610 3150 2776 3225 igitur
2804 3149 3125 3221 negationes
3146 3149 3202 3202 in
3222 3150 3419 3205 divinis
3440 3166 3601 3219 verae,
3621 3150 3705 3206 af-

2099 3236 2433 3293 ﬁrmationes
2478 3255 2609 3294 vero
2650 3239 3025 3310 incompacta,
3087 3239 3407 3295 obscuritati
3470 3257 3700 3297 arcano-

2098 3343 2217 3380 rum
2247 3327 2421 3399 magis
2452 3335 2574 3397 apta
2606 3335 2687 3382 est
2715 3345 2814 3398 per
2843 3328 3136 3383 dissimiles
3183 3328 3538 3386 formationes
3588 3348 3705 3386 ma-

2096 3415 2388 3472 nifestatio.
2427 3437 2449 3467 io
2482 3418 2607 3473 Hzec
2637 3417 2824 3472 beatus
2854 3417 3145 3489 Dionysius
3175 3419 3243 3473 de
3273 3420 3357 3473 his
3388 3421 3555 3476 verba
3589 3422 3705 3492 qui-

2096 3504 2217 3557 dem
2250 3504 2528 3575 perplexa,
2562 3506 2660 3560 sed
2690 3505 3049 3578 intelligentia
3078 3506 3131 3560 in
3152 3506 3231 3561 eis
3254 3507 3383 3562 latet
3404 3508 3701 3579 profunda.

2093 3592 2240 3647 Ecce
2273 3593 2399 3663 quia
2420 3609 2521 3647 nos
2544 3594 2671 3649 dicit
2692 3594 2951 3667 ignorare
2974 3596 3483 3666 superessentialem
3505 3597 3698 3668 ipsius,

2095 3688 2148 3735 et
2180 3681 2530 3749 invisibilem,
2567 3691 2620 3737 et
2650 3682 2977 3737 ineffabilem
3002 3684 3697 3742 colendamintinalitatem.

2094 3770 2258 3837 Ecce,
2297 3770 2423 3841 quia
2458 3772 2797 3845 subjungens
2828 3773 3040 3841 asserit,
3088 3774 3409 3845 negationes
3458 3774 3511 3828 in
3555 3775 3699 3829 divi-

2092 3859 2177 3913 nis
2207 3876 2382 3925 veras,
2446 3861 2834 3916 aﬂirmationes
2883 3878 3012 3917 vero
3052 3863 3448 3933 incompactas.
3498 3865 3567 3919 Et
3610 3866 3699 3919 id-

2092 3947 2239 4003 circo
2272 3948 2403 4003 dicit
2428 3950 2744 4004 obscuritati
2774 3966 3090 4005 arcanorum
3122 3952 3299 4023 magis
3347 3960 3525 4022 aptam
3575 3970 3700 4009 esse

2090 4053 2188 4106 per
2217 4036 2511 4091 dissimiles
2574 4037 2925 4094 formationes
2957 4039 3465 4095 manifestationem.
3514 4042 3694 4109 Certe,

2092 4126 2562 4195 superessentialis
2611 4127 2800 4197 ipsius,
2852 4136 2905 4183 et
2952 4129 3256 4194 invisibilis,
3308 4138 3359 4184 et
3407 4128 3698 4184 ineffabilis

2088 4212 2379 4269 inﬁnalitas
2419 4215 2551 4269 nihil
2602 4224 2703 4283 est,
2752 4217 2854 4271 nisi
2886 4217 2939 4271 id
2992 4217 3136 4287 quod
3184 4217 3300 4289 ipse
3345 4226 3445 4272 est.
3496 4219 3563 4272 Et
3603 4219 3696 4289 qui

386 4288 533 4359 quod
562 4288 679 4358 ipse
706 4289 772 4343 sit
800 4289 983 4345 dicere
1014 4306 1121 4345 non
1153 4307 1464 4361 possumus,
1513 4293 1640 4364 quia
1690 4294 1794 4350 hoc
1828 4289 2020 4367 cOgi-l

2103 4318 2228 4358 ianc
2254 4303 2424 4373 ipsius
2475 4302 2843 4359 inﬁnalitatem
2883 4288 3355 4377 ignoramuscum
3402 4307 3518 4362 haec
3564 4288 3692 4360 inii-

383 4383 497 4430 tare
527 4392 636 4430 non
665 4377 928 4431 valemus.
984 4378 1142 4448 Quod
1187 4396 1323 4450 ergo
1371 4383 1841 4451 comprehendere
1876 4400 1985 4439 non

383 4480 675 4535 possumus
704 4474 905 4531 mente,
939 4476 1335 4538 consequenter
1363 4485 1464 4524 nec
1496 4473 1803 4541 exprimere
1853 4488 1987 4542 pos-

383 4568 575 4607 sumus
603 4568 721 4608 ore.
756 4553 912 4609 Certe
943 4555 1207 4625 quidquid
1237 4565 1319 4612 est
1351 4558 1438 4613 vel
1470 4558 1591 4628 ipse
1635 4568 1734 4625 est,
1792 4561 1873 4614 vel
1909 4569 1989 4615 est

387 4648 637 4697 creatura
666 4657 826 4713 quam
858 4643 1096 4698 condidit
1128 4643 1264 4715 ipse.
1299 4645 1405 4701 Sed
1432 4662 1462 4699 a
1493 4663 1593 4701 suo
1634 4664 1774 4715 esse,
1825 4664 1986 4704 crea-

385 4735 523 4785 turae
562 4746 685 4785 esse
716 4738 826 4784 tam
857 4730 1017 4801 longe
1055 4740 1156 4801 est,
1189 4734 1336 4803 quod
1387 4735 1453 4788 de
1512 4751 1576 4789 ea
1623 4735 1731 4791 dici
1785 4744 1982 4806 potest,

382 4818 527 4889 quod
559 4819 673 4889 ipsa
706 4819 1006 4874 secundum
1038 4822 1327 4890 quemdam
1356 4822 1579 4878 modum
1619 4840 1728 4879 non
1756 4834 1857 4890 est,
1891 4826 1986 4880 sed

380 4906 527 4976 quod
556 4907 675 4977 ipse
707 4908 855 4962 solus
884 4916 984 4963 est.
1019 4910 1115 4962 Est
1146 4925 1381 4980 namque
1413 4911 1513 4965 viri
1546 4912 1716 4967 sancti
1762 4922 1985 4969 senten-

383 4994 456 5048 tia
485 4994 553 5048 de
584 4995 705 5059 hoc,
740 4996 883 5051 hunc
914 4997 1121 5051 habens
1170 4998 1390 5052 modum
1424 5019 1441 5054 :
1478 5002 1599 5071 Ipse
1644 5003 1794 5056 enim
1835 5005 1985 5059 solus

383 5084 490 5147 est,
506 5087 561 5137 et
583 5099 746 5139 nemo
762 5089 946 5155 potest
965 5090 1218 5141 avertere
1235 5088 1601 5157 cogitationes
1619 5091 1768 5159 ejus;
1792 5095 1847 5145 et
1866 5094 1989 5147 ani-

383 5188 480 5226 ma
501 5171 622 5239 ejus
642 5173 1006 5246 quodcunque
1028 5176 1225 5239 voluit,
1253 5174 1352 5230 hoc
1374 5178 1513 5245 fecit
1529 5179 1645 5247 (Job
1668 5194 1832 5243 xxm,
1861 5184 1974 5250 13).

383 5261 451 5314 Et
471 5260 763 5330 Apostolus
785 5262 912 5317 dicit
935 5264 1078 5333 quod
1096 5265 1247 5318 solus
1280 5264 1443 5319 habet
1485 5268 1984 5324 immortalitatem

387 5350 438 5418 (Ι
458 5352 595 5415 Tim,
622 5366 699 5419 IV,
737 5353 844 5419 i6).
882 5350 1169 5418 Quomodo
1198 5368 1306 5407 non
1335 5354 1484 5407 solus
1528 5355 1846 5411 immortalis
1878 5366 1979 5426 est,

390 5438 481 5507 qui
512 5438 671 5494 etiam
704 5439 851 5495 solus
884 5439 1008 5494 est?
1037 5440 1198 5496 Solus
1228 5442 1410 5515 utique
1437 5450 1538 5509 est,
1570 5445 1655 5499 cui
1687 5446 1788 5500 soli
1840 5446 1983 5502 idem

2088 4391 2285 4447 nalitas
2315 4392 2382 4446 sit
2406 4393 2542 4462 ipse,
2579 4393 2705 4464 quid
2738 4394 2855 4464 ipse
2886 4394 2954 4449 sit
2985 4396 3257 4465 quomodo
3308 4412 3417 4450 non
3464 4395 3693 4466 ignora-

2087 4482 2250 4535 mus?
2306 4481 2361 4534 Si
2392 4490 2569 4537 autem
2599 4483 2919 4554 negationes
2948 4483 3004 4537 in
3032 4484 3230 4538 divinis
3262 4491 3385 4539 sunt
3414 4501 3577 4549 verae,
3611 4484 3693 4539 af-
3718 4516 3732 4523 ο

2087 4566 2415 4625 ﬁrmationes
2445 4586 2576 4625 vero
2606 4570 2978 4640 incompactae,
3012 4588 3148 4627 vera
3177 4581 3257 4627 est
3288 4581 3474 4628 nostra
3523 4589 3691 4646 nega-

2088 4657 2161 4710 tio
2191 4673 2313 4712 cum
2346 4658 2578 4713 dicimus
2613 4676 2624 4715 :
2660 4660 2761 4715 hoc
2792 4676 2902 4714 non
2944 4669 3045 4726 est,
3100 4661 3221 4731 quia
3275 4662 3419 4732 quod
3469 4678 3575 4715 non
3628 4663 3697 4716 sit

2088 4745 2292 4800 scimus
2317 4764 2329 4812 ;
2363 4746 2705 4818 incompacta
2733 4764 2865 4804 vero
2883 4748 3244 4816 confirmatio,
3273 4766 3397 4805 cum
3417 4750 3692 4804 afﬁrman-

2088 4840 2169 4888 tes
2199 4834 2430 4891 dicimus
2467 4852 2478 4890 :
2511 4836 2615 4891 hoc
2642 4846 2743 4902 est,
2780 4837 2907 4907 quia
2935 4838 3065 4908 quid
3098 4838 3165 4892 sit
3196 4839 3486 4893 nescimus.
3522 4839 3587 4892 Et
3612 4847 3690 4892 ta-

2085 4939 2210 4977 men
2243 4924 2288 4977 si
2319 4925 2593 4980 nescimus
2625 4926 2728 4981 hoc
2759 4926 2905 4997 quod
2936 4926 3052 4996 ipse
3102 4934 3201 4993 est,
3253 4928 3455 4983 scimus
3500 4927 3688 4998 utique

2086 5012 2211 5082 quia
2238 5013 2355 5082 ipse
2386 5021 2487 5067 est.
2521 5014 2636 5069 Nisi
2669 5014 2813 5068 enim
2865 5014 3129 5069 sciremus
3179 5032 3302 5070 eum
3352 5031 3496 5081 esse,
3547 5032 3687 5086 quo-

2085 5100 2247 5154 modo
2278 5117 2561 5171 possemus
2593 5119 2717 5156 eum
2748 5103 2979 5174 diligere
3010 5105 3038 5157 ‘?
3070 5105 3206 5157 Nam
3237 5104 3378 5175 quod
3412 5104 3683 5159 nescimus

2085 5205 2227 5251 esse,
2280 5198 2538 5260 quantum
2594 5191 2659 5245 ad
2703 5200 2944 5245 nostram
2985 5192 3241 5246 duntaxat
3298 5193 3683 5265 cogitationem

2084 5294 2185 5332 nec
2217 5279 2377 5332 habet
2408 5295 2548 5335 esse.
2584 5282 2647 5333 Et
2678 5280 2802 5334 ideo
2832 5281 3106 5350 quomodo
3138 5296 3169 5334 a
3201 5282 3358 5335 nobis
3386 5281 3540 5353 diligi
3579 5298 3683 5351 po-

2084 5373 2205 5435 test,
2241 5368 2387 5438 quod
2421 5376 2680 5439 quantum
2707 5369 2774 5423 ad
2804 5385 2903 5424 nos
2934 5384 3036 5425 nec
3066 5377 3148 5423 est
3178 5371 3205 5425 ?
3236 5370 3339 5425 Sed
3388 5387 3511 5424 eum
3560 5387 3684 5425 esse

2082 5467 2184 5506 nos
2214 5452 2436 5520 scimus,
2470 5469 2705 5525 eumque
2737 5470 2899 5526 super
2938 5454 3119 5511 omnia
3165 5454 3463 5528 diligimus,
3511 5464 3564 5511 et
3611 5457 3682 5512 ad
