3972 6052
242 164 345 217 857

1352 152 1552 208 LIBER
1605 151 1698 205 DE
1738 151 2119 209 EXERCITIO
2159 153 2414 207 CELLZE.

3426 156 3539 210 ‘858

242 301 366 341 eum
396 283 522 339 totis
554 282 866 352 praecordiis
910 279 1267 351 suspiramus.
1303 278 1410 333 Sed
1441 293 1602 349 quem
1633 284 1840 331 tantum
1864 280 1916 337 Α
1948 294 2112 349 super
2140 278 2322 333 omnia
2353 287 2452 343 est,
2488 278 2585 333 sed
2611 294 2720 332 non
2768 278 3068 345 exaltatus;
3114 280 3304 333 subtus
3334 279 3537 345 omnia,

244 390 366 430 eum
397 372 651 435 amando,
678 379 727 425 et
759 370 829 424 ad
886 386 1008 423 eum
1067 367 1392 437 suspirando
1451 382 1574 420 esse
1620 366 1840 429 scimus,

243 462 374 534 quid
404 477 527 515 eum
558 475 680 514 esse
711 458 958 513 scimus?
991 458 1058 510 Et
1081 456 1301 526 quidem
1325 455 1499 509 electo
1523 453 1723 507 famulo
1748 469 1843 507 suo

243 550 377 605 dixit
408 566 466 604 se
487 565 628 613 esse,
656 564 778 602 cum
808 547 881 601 ait
915 564 927 599 :
964 548 1067 617 Ego
1099 562 1224 600 sum
1245 546 1341 617 qui
1371 560 1517 598 sum.
1551 542 1662 597 Hoc
1682 544 1842 596 etiam

246 640 313 694 de
360 655 418 693 se
469 636 870 693 sciscitantibus
916 634 1083 687 voluit
1124 634 1191 688 de
1225 649 1284 687 se
1332 632 1651 701 responderi
1690 646 1699 683 :
1740 634 1844 701 Ego

245 744 391 791 sum,
418 726 687 797 inquiens,
719 725 982 795 quisum.
1014 725 1137 776 Hcce
1159 722 1329 786 dices,
1356 720 1446 785 ait,
1474 720 1609 787 ﬁliis
1627 720 1801 773 Israel
1826 738 1843 773 :

250 817 353 883 Qui
373 817 476 878 est,
512 814 670 867 misit
703 827 792 865 me
822 811 893 863 ad
928 826 1017 865 vos
1051 809 1252 877 (Exod.
1289 825 1365 874 III,
1404 808 1510 875 14).
1548 808 1689 861 Dixit
1721 808 1843 877 quia

241 911 324 959 est
360 917 372 955 :
406 917 514 955 non
573 908 751 954 autem
797 898 929 952 dixit
966 897 1094 968 quid
1154 900 1257 952 hoc
1307 897 1374 950 sit
1430 896 1571 966 quod
1602 903 1703 949 est.
1738 896 1844 948 Sed

241 990 491 1046 fortassis
522 988 712 1044 dicens
741 987 869 1057 quia
910 994 1012 1053 est,
1048 986 1103 1039 in
1160 987 1263 1039 hoc
1312 984 1494 1055 utique
1551 983 1683 1036 dixit
1714 984 1845 1053 quid

240 1080 346 1134 hoc
367 1077 435 1132 sit
464 1077 610 1148 quod
640 1084 743 1141 est,
778 1075 922 1145 quod
954 1074 1087 1127 dixit
1117 1074 1243 1144 quia
1275 1080 1374 1127 est.
1410 1073 1543 1125 Nam
1579 1071 1845 1141 quidquid

239 1167 309 1221 de
358 1181 423 1220 eo
478 1171 659 1235 potest
715 1162 982 1219 catholice
1036 1161 1206 1225 credi,
1269 1159 1531 1231 quidquid
1578 1159 1845 1213 veraciter

238 1253 366 1319 dici,
399 1254 452 1307 in
484 1254 588 1307 hoc
645 1252 815 1307 verbo
873 1251 1208 1304 instauratur
1258 1250 1404 1319 quod
1464 1256 1563 1312 est,
1629 1255 1730 1301 est.
1784 1249 1845 1299 Et

242 1342 459 1414 quando
515 1340 774 1410 strepitus
804 1339 914 1393 oris
943 1338 1112 1393 nostri
1162 1338 1254 1391 ubi
1313 1337 1539 1391 verbum
1598 1335 1847 1399 incipitur

242 1439 295 1487 et
313 1430 511 1494 ﬁnitur,
528 1429 745 1499 aliquod
766 1428 1231 1493 emittetverbum,
1257 1442 1365 1496 quo
1388 1424 1715 1479 sufficienter
1726 1438 1847 1493 pos-

243 1520 413 1574 simus
438 1518 745 1588 exprimere
761 1518 933 1570 Deum
948 1516 975 1569 ?
997 1517 1063 1569 Et
1086 1516 1302 1585 quidem
1319 1515 1467 1568 Deus
1484 1514 1583 1567 Dei
1608 1512 1792 1578 Filius,
1814 1527 1846 1565 a

243 1610 358 1663 Deo
380 1609 535 1661 Patre
566 1606 802 1676 genitus,
832 1620 972 1657 unus
994 1598 1250 1673 idemque
1288 1618 1409 1656 cum
1428 1602 1603 1668 Patre,
1637 1609 1689 1655 et
1710 1617 1843 1654 san-
1871 1631 1923 1689 B

243 1705 329 1752 cto
349 1696 627 1765 utriusque
646 1693 848 1763 Spiritu
873 1694 1020 1746 Deus
1042 1692 1299 1755 existens,
1321 1690 1437 1761 ipse
1460 1699 1542 1745 est
1566 1690 1800 1744 Verbum
1824 1707 1838 1753 ;

240 1784 339 1840 sed
374 1784 612 1838 Verbum
642 1797 751 1835 non
782 1788 1129 1835 transeunter
1158 1779 1453 1850 prolatum,
1489 1778 1585 1833 sed
1614 1786 1841 1832 mterna-

240 1873 365 1927 liter
394 1872 653 1942 genitum,
679 1885 787 1924 non
810 1869 1009 1925 factum
1035 1887 1049 1935 ;
1085 1869 1242 1939 eique
1284 1869 1434 1936 cujus
1466 1876 1548 1921 est
1576 1867 1837 1930 Verbum,

242 1960 535 2031 coaequale,
572 1966 621 2013 et
651 1957 1136 2023 consubstantiale,
1168 1964 1328 2028 atque
1353 1963 1699 2019 coaeternum,
1734 1970 1842 2025 quo

240 2048 585 2119 inprincipio
615 2055 730 2102 erat
765 2054 816 2100 et
846 2046 991 2116 apud
1036 2046 1212 2100 Deum
1242 2052 1377 2109 erat,
1413 2052 1464 2098 et
1523 2045 1669 2098 Deus
1702 2050 1837 2097 erat.

242 2139 308 2193 In
338 2137 619 2209 principio
648 2138 772 2190 erat
814 2135 1041 2190 Verbum
1073 2134 1255 2201 (Joan.
1283 2148 1319 2197 I,
1358 2124 1433 2202 1).
1464 2134 1608 2187 Ecce
1635 2130 1842 2186 aeterni-

245 2233 333 2281 tas
356 2226 504 2295 ejus:
532 2224 677 2295 quod
699 2223 842 2278 enim
890 2223 944 2277 in
993 2222 1261 2293 principio
1282 2230 1414 2285 erat,
1451 2236 1727 2291 nunquam
1758 2220 1841 2273 fa-

242 2323 389 2370 ctum
410 2321 551 2378 erat;
585 2312 722 2367 sicut
744 2312 814 2367 de
839 2311 979 2367 cmlo
997 2319 1050 2366 et
1070 2320 1208 2365 terra
1228 2310 1433 2366 dictum
1449 2318 1558 2364 est:
1588 2312 1649 2363 In
1672 2311 1840 2380 prin-

238 2405 385 2474 cipio
405 2402 620 2458 creavit
647 2402 791 2456 Deus
823 2401 1026 2455 caelum
1064 2401 1116 2454 el
1140 2402 1356 2454 terram
1380 2399 1537 2463 (Gen.
1560 2414 1599 2463 I,
1628 2401 1699 2465 1).
1734 2397 1842 2451 Sed

238 2499 388 2556 erat;
419 2491 525 2545 hoc
555 2496 658 2555 est,
692 2489 759 2542 ab
788 2496 993 2543 aeterno
1023 2495 1160 2541 erat.
1193 2488 1261 2541 Et
1294 2488 1520 2542 verbum
1543 2490 1667 2542 erat
1691 2486 1842 2557 apud

238 2582 433 2635 Deum.
483 2580 625 2633 Ecce
683 2577 808 2648 quia
855 2577 1080 2632 diversa
1112 2575 1274 2631 Verbi
1332 2590 1570 2645 persona
1599 2575 1665 2627 ab
1696 2574 1841 2627 illius

240 2682 477 2739 persona
505 2667 657 2735 cujus
679 2674 759 2720 est
784 2666 1041 2720 Verbum.
1076 2665 1131 2718 Si
1163 2664 1309 2718 enim
1330 2664 1465 2717 alius
1496 2663 1639 2733 apud
1678 2662 1841 2717 alium

247 2764 381 2823 erat,
416 2756 553 2809 alius
599 2753 845 2823 profecto
900 2750 995 2808 ille
1053 2754 1141 2824 qui
1192 2760 1323 2818 erat,
1358 2752 1497 2806 alius
1553 2752 1643 2805 ille
1700 2752 1843 2821 apud

246 2859 407 2914 quem
452 2850 594 2897 erat.
653 2842 760 2897 Sed
818 2857 887 2895 ne
916 2848 1072 2911 putes
1098 2840 1241 2894 aliud
1277 2856 1287 2894 :
1322 2842 1393 2894 Et
1422 2842 1586 2906 Deus,
1646 2839 1837 2909 inquit,

239 2936 364 2987 erat
403 2931 652 2987 Verbum.
687 2931 830 2986 Ecce
860 2929 1118 2984 divinitas
1183 2928 1344 2983 Verbi
1380 2944 1390 2981 :
1427 2944 1527 2983 nec
1584 2927 1707 2995 alia,
1744 2927 1843 2981 sed

1950 368 2045 421 sed
2077 383 2184 422 non
2217 368 2546 431 substratus;
2582 368 2725 420 intus
2776 376 2827 421 et
2856 376 3027 433 extra,
3061 383 3162 423 nec
3193 368 3434 423 inclusus
3465 378 3547 422 ta-

1949 472 2093 520 men,
2128 472 2229 511 nec
2261 456 2513 510 exclusus
2550 472 2560 509 :
2597 472 2816 526 semper
2873 457 3008 526 ipse,
3047 464 3099 510 et
3154 456 3354 527 ubique
3384 456 3538 526 ipse;

1949 545 2044 598 sed
2076 561 2176 599 nec
2208 560 2446 614 unquam
2473 552 2705 613 tempus,
2741 562 2841 599 nec
2862 560 3093 615 usquam
3116 545 3295 599 locus.
3335 546 3432 597 Est
3455 545 3547 614 qui

1948 642 2046 697 est,
2082 641 2133 686 et
2157 634 2302 686 idem
2335 649 2395 686 ac
2444 633 2636 686 eodem
2689 634 2868 699 modo,
2922 650 3023 688 nec
3055 633 3102 687 ei
3134 633 3427 703 quidquam
3459 632 3543 685 vel

1949 722 2205 788 evenerit,
2233 722 2409 785 inerit,
2431 722 2516 774 vel
2538 722 2749 787 transit,
2771 722 2944 775 infuit.
2976 724 3169 793 Magna
3205 723 3385 776 virtus
3407 724 3548 791 ejus,

1947 814 2005 864 et
2032 811 2332 881 sapientia?
2380 810 2500 878 ejus
2542 827 2655 863 mm
2687 814 2769 863 est
2796 827 3072 865 numerus
3100 813 3212 877 (Ps.
3248 825 3434 876 CXLVI,
3472 809 3547 877 5).

1948 899 2032 962 Et,
2066 915 2098 952 o
2130 914 2324 951 manus
2356 898 2538 952 omnia
2568 897 2794 967 potens!
2831 914 2861 952 ο
2894 898 3244 952 nihilominus
3276 906 3327 951 et
3359 898 3550 953 oculus

1947 986 2130 1039 omnia
2162 985 2387 1040 videns!
2422 1003 2529 1039 non
2588 995 2669 1039 est
2729 987 2874 1057 quod
2904 985 3051 1040 illam
3104 985 3365 1058 etl‘ugere,
3403 986 3549 1057 quod

1948 1074 2107 1128 istum
2139 1074 2312 1144 possit
2342 1074 2525 1127 latere.
2586 1076 2707 1143 Ipse
2737 1075 2929 1145 plenus
2968 1074 3170 1143 seipso,
3207 1082 3258 1128 et
3284 1075 3399 1127 sine
3428 1075 3548 1143 ipso

1946 1163 2100 1227 nihil,
2136 1163 2226 1232 qui
2258 1163 2360 1215 sibi
2392 1171 2445 1217 et
2483 1163 2734 1215 omnibus
2780 1171 2878 1227 est,
2915 1163 3041 1233 quia
3088 1180 3245 1216 suum
3294 1162 3465 1231 ipsius
3495 1169 3548 1216 et

1947 1250 2185 1304 omnium
2245 1259 2345 1304 est.
2408 1251 2689 1321 Nusquam
2746 1258 2845 1315 est,
2878 1251 2932 1304 in
2976 1267 3040 1305 eo
3074 1251 3216 1322 quod
3272 1251 3392 1305 loco
3436 1265 3546 1304 non

1948 1338 2251 1403 clauditur;
2288 1347 2339 1391 et
2362 1346 2538 1392 tamen
2579 1355 2847 1409 nusquam
2875 1356 2985 1394 non
3014 1348 3115 1405 est,
3150 1340 3273 1409 quia
3305 1355 3412 1393 non
3445 1354 3545 1393 ex-

1947 1427 2181 1482 cluditur
2200 1427 2339 1481 loco.
2404 1428 2467 1480 Et
2525 1427 2643 1497 quis
2674 1427 2790 1481 sine
2841 1442 2907 1481 eo
2936 1428 3088 1481 locus
3110 1429 3137 1481 ἱ)
3167 1429 3247 1481 Ex
3277 1428 3416 1497 ipso,
3447 1442 3547 1496 per

1947 1515 2146 1585 ipsum,
2181 1515 2235 1567 in
2280 1515 2420 1585 ipso,
2454 1515 2556 1585 ipsi
2613 1515 2805 1585 gloria.
2840 1516 2935 1569 Cui
2985 1515 3132 1585 ipsi?
3162 1515 3300 1587 Regi
3328 1530 3545 1585 quoque

1948 1604 2270 1659 saeculorum
2326 1604 2645 1669 immortali,
2680 1604 2935 1657 invisibili
2988 1604 3087 1658 soli
3119 1604 3255 1657 Deo.
3289 1605 3435 1658 Deus
3467 1613 3550 1658 est

1946 1693 2284 1757 saeculorum,
2318 1693 2405 1747 cui
2435 1708 2777 1763 nequaquam
2808 1693 2925 1762 ipsa
2957 1692 3042 1747 vel
3071 1692 3333 1746 accedere
3363 1699 3547 1761 potueo

1944 1790 2068 1835 runt
2098 1781 2185 1836 vel
2213 1781 2482 1835 decedere
2517 1799 2530 1833 :
2564 1796 2664 1835 nec
2695 1789 2873 1834 tamen
2920 1788 3192 1835 coaeterna
3222 1787 3364 1834 sunt.
3409 1779 3545 1847 Quae

1943 1870 2086 1923 enim
2119 1870 2175 1922 in
2218 1885 2277 1923 se
2315 1869 2609 1939 aliquando
2647 1868 2732 1923 vel
2777 1877 2949 1932 erant,
3001 1868 3088 1922 vel
3129 1875 3304 1935 erunt,
3339 1868 3391 1921 in
3426 1868 3545 1937 ipso

1944 1974 2161 2027 semper
2188 1965 2313 2011 sunt
2343 1974 2358 2011 ε
2390 1965 2442 2011 et
2473 1958 2691 2027 quidem
2738 1958 2876 2013 sicut
2911 1957 2977 2010 ab
3018 1965 3240 2018 aeterno,
3274 1956 3350 2011 sic
3391 1964 3442 2010 et
3487 1958 3542 2011 in

1942 2054 2227 2101 aeternum.
2270 2046 2462 2116 Neque
2484 2046 2627 2099 enim
2667 2046 2769 2115 ipsi
2804 2045 2890 2100 vel
2913 2046 3056 2115 quod
3093 2044 3191 2098 fuit
3218 2044 3411 2099 transit
3440 2061 3542 2098 an-

1943 2135 2168 2206 tiquum,
2193 2134 2280 2190 vel
2309 2135 2451 2205 quod
2482 2135 2583 2188 erit
2614 2134 2827 2189 eveniet
2857 2150 3057 2189 novum
3093 2148 3104 2186 :
3139 2133 3236 2187 sed
3257 2142 3543 2203 utrumque

1943 2224 1993 2280 ei
2024 2231 2149 2288 stat,
2200 2224 2380 2289 inest;
2416 2232 2522 2277 tam
2560 2224 2703 2293 quod
2728 2224 2841 2290 jam
2896 2230 2997 2287 est,
3032 2238 3195 2293 quam
3234 2222 3379 2292 quod
3408 2237 3543 2277 nec-

1943 2313 2072 2367 dum
2114 2320 2215 2367 est.
2269 2313 2356 2376 Et,
2388 2328 2421 2364 o
2476 2327 2637 2381 quam
2697 2310 2960 2364 mirabilis
2992 2311 3046 2362 in
3103 2310 3287 2379 seipso
3316 2318 3418 2376 est,
3452 2309 3543 2380 qui

1942 2417 2124 2456 rerum
2155 2400 2395 2455 omnium
2442 2407 2659 2454 creator
2692 2407 2791 2463 est,
2825 2414 2945 2453 cum
3006 2406 3115 2451 tam
3143 2398 3412 2451 mirabilia
3440 2398 3547 2451 sint

1942 2507 2063 2561 qua).
2083 2491 2150 2543 ab
2185 2490 2302 2560 ipso
2330 2496 2510 2543 creata
2541 2496 2665 2542 sunt
2691 2486 2701 2541 !
2728 2489 2793 2541 Et
2837 2487 3055 2558 quidem
3087 2487 3243 2540 valde
3282 2494 3405 2540 sunt
3435 2487 3541 2540 mi-
3599 2518 3610 2532 ο

1943 2579 2155 2646 rabilia,
2180 2579 2467 2649 ipsumque
2499 2578 2577 2632 eis
2630 2576 2791 2648 longe
2820 2576 3093 2630 clamitant
3133 2576 3537 2630 mirabiliorem.

1947 2668 2253 2723 Ostendunt
2285 2667 2429 2721 enim
2462 2682 2521 2719 se
2554 2672 2739 2721 creata
2756 2682 2877 2735 qua:
2898 2664 3140 2719 condidit
3157 2664 3301 2718 bona
3318 2664 3493 2718 bonus
3522 2681 3535 2717 :

1945 2756 2259 2821 ostendunt,
2294 2755 2534 2825 inquam,
2573 2771 2631 2807 se
2662 2754 2825 2819 bona,
2866 2753 3114 2823 pulchra,
3148 2752 3348 2817 dulcia,
3375 2752 3541 2806 multa

1943 2854 1993 2899 et
2016 2859 2236 2915 magna.
2284 2845 2425 2897 Nam
2485 2844 2629 2897 bona
2659 2843 2725 2896 ad
2774 2858 2953 2905 usum,
2979 2842 3210 2911 pulchra
3240 2842 3309 2895 ad
3348 2842 3543 2909 visum,

1943 2932 2120 2987 dulcia
2150 2933 2218 2985 ad
2250 2940 2487 3001 gustum,
2509 2931 2677 2984 multa
2707 2930 2773 2984 ad
2795 2946 3097 2998 numerum,
3133 2936 3186 2984 et
3217 2929 3281 2983 ad
3313 2944 3541 2983 mensu-

239 3020 431 3075 eadem
480 3035 598 3089 quae
630 3020 745 3088 ejus
776 3026 875 3083 est,
911 3019 1064 3086 cujus
1092 3024 1175 3071 est
1206 3018 1465 3072 Verbum.
1500 3016 1667 3087 Igitur
1696 2991 1841 3070 Ver-
1872 2991 1920 3051 Ο
1947 3037 2059 3074 ram
2099 2991 2322 3089 magna.
2373 2991 2517 3088 Haec,
2551 3020 2789 3090 inquam,
2826 3035 2885 3073 se
2915 2991 3225 3083 ostendunt,
3260 3025 3311 3072 et
3332 3017 3547 3071 mirabi-

247 3110 375 3164 bum
398 3108 543 3180 quod
572 3108 712 3177 apud
741 3108 916 3162 Deum
939 3114 1077 3172 erat,
1120 3106 1265 3161 idem
1301 3106 1416 3176 ipse
1448 3122 1571 3159 cum
1600 3120 1665 3159 eo
1695 3105 1843 3159 Deus

247 3204 365 3252 erat
420 3196 566 3267 apud
614 3212 775 3266 quem
834 3203 969 3261 erat,
1002 3202 1059 3248 ut
1107 3194 1173 3248 sit
1203 3194 1384 3265 utique
1433 3193 1669 3247 Verbum
1708 3192 1844 3246 alius

235 3285 381 3356 apud
412 3300 574 3356 quem
605 3292 739 3349 erat,
796 3300 904 3339 non
935 3283 1159 3353 quidem
1214 3282 1349 3335 alius
1408 3284 1574 3345 Deus,
1610 3281 1707 3335 sed
1736 3280 1843 3334 alia

235 3389 476 3445 persona
534 3390 565 3426 a
614 3373 788 3426 Patris
846 3386 1105 3442 persona,
1165 3386 1290 3425 cum
1329 3385 1436 3441 quo
1474 3378 1657 3424 tamen
1704 3385 1843 3423 unus

235 3463 494 3532 idemque
528 3462 695 3525 Deus,
749 3476 813 3513 ex
867 3461 981 3514 Deo
1038 3461 1205 3523 Deus,
1241 3474 1306 3512 ex
1337 3460 1490 3512 Patre
1532 3460 1645 3529 D_eo
1678 3456 1843 3510 Filius

236 3552 405 3606 Deus.
442 3551 564 3605 Non
597 3557 742 3604 certe
772 3548 939 3613 aliud,
986 3547 1111 3619 quia
1142 3547 1333 3602 eadem
1355 3563 1478 3602 cum
1509 3562 1574 3601 eo
1597 3546 1845 3599 substan-

236 3639 332 3705 tia,
365 3638 643 3693 aaternitas
674 3645 727 3692 et
758 3636 1030 3691 divinitas.
1065 3636 1252 3706 Itaque
1283 3635 1443 3700 alius,
1468 3642 1691 3705 propter
1718 3650 1842 3703 per-

174 3773 188 3792 ,
239 3743 497 3782 sonarum
521 3726 933 3791 diversitatem;
966 3725 1065 3779 sed
1093 3740 1203 3779 non
1234 3723 1400 3789 aliud,
1452 3730 1677 3793 propter
1708 3722 1841 3775 sub-

239 3816 451 3870 stantia)
480 3815 677 3869 divinae
718 3814 996 3868 unitatem.
1048 3813 1154 3867 Sed
1184 3828 1307 3867 cum
1364 3819 1531 3865 totum
1569 3812 1673 3866 hoc
1702 3810 1841 3865 dici-

236 3920 380 3972 mus,
416 3903 544 3975 quid
576 3902 807 3957 dicimus
828 3902 855 3955 ‘2
885 3902 1103 3972 quando
1145 3901 1312 3955 verba
1342 3900 1682 3966 habebimus,
1716 3899 1838 3969 qui-

236 3993 337 4047 bus
368 3992 497 4062 quid
528 3991 595 4045 sit
626 3992 773 4045 Deus
803 3991 984 4045 dicere
1014 3989 1287 4060 possimus
1307 3988 1334 4041 ?
1373 3990 1548 4043 Multa
1567 3990 1838 4052 dicemus,

239 4081 315 4134 ait
371 4080 587 4150 sapiens
632 4079 873 4150 quidam,
942 4082 997 4133 et
1056 4079 1378 4147 deﬁciemus
1418 4078 1595 4133 verbis
1644 4077 1839 4144 (Eccli.

237 4184 395 4236 XLIII,
438 4173 550 4238 29).
588 4169 724 4223 Vere
756 4167 939 4222 verbis
978 4166 1315 4234 deficiemus,
1351 4166 1530 4236 magis
1559 4181 1724 4236 quam
1775 4165 1842 4218 ad

236 4257 291 4311 id
322 4256 468 4327 quod
522 4254 851 4309 intendimus
901 4254 1140 4325 perfecte
1170 4254 1461 4308 dicendum
1492 4252 1827 4323 proficimus,

1944 3110 2066 3163 liter
2095 3125 2154 3163 se
2182 3108 2475 3163 ostendunt
2524 3125 2536 3160 :
2590 3109 2687 3161 sed
2718 3109 2835 3162 haec
2883 3123 2942 3161 se
2991 3106 3351 3170 ostendendo,
3385 3121 3543 3161 crea-

1945 3206 2116 3253 torem
2147 3214 2302 3251 suum
2321 3197 2613 3252 ostendunt
2642 3196 2806 3268 longe
2828 3195 3133 3260 meliorem,
3158 3194 3544 3265 pulchriorem,

1944 3286 2248 3341 dulciorem
2306 3293 2360 3339 et
2414 3286 2713 3353 majorem,
2760 3285 2851 3355 qui
2898 3292 2979 3339 est
3009 3284 3247 3338 omnium
3279 3284 3546 3337 bonorum

1945 3376 2199 3445 Optimus,
2222 3374 2568 3445 omniumque
2587 3374 2940 3445 pulchrorum
2973 3374 3395 3443 pulcherrimus,
3431 3388 3549 3427 om-

1945 3464 2093 3517 nium
2126 3463 2367 3518 dulcium
2396 3463 2760 3529 dulcissimus,
2797 3462 3038 3517 omnium
3068 3477 3391 3531 magnorum
3422 3476 3545 3515 ma-

1943 3552 2121 3606 ximus
2154 3571 2167 3617 ;
2202 3560 2387 3621 utpote
2418 3568 2567 3617 vera,
2600 3566 2919 3621 summaque
2950 3558 3002 3603 et
3025 3557 3227 3603 eterna
3258 3549 3339 3603 sui
3370 3548 3542 3618 ipsius

1945 3640 2178 3705 bonitas,
2227 3640 2587 3709 pulchritudo,
2638 3647 2690 3693 et
2722 3640 2791 3707 (si
2842 3639 2914 3691 ita
2945 3638 3127 3692 dicere
3166 3636 3315 3706 licet)
3355 3635 3546 3690 multi-

1944 3729 2092 3793 tudo,
2156 3728 2491 3797 magnitudo.
2544 3727 2818 3798 Quidquid
2859 3727 2913 3780 in
2953 3728 3057 3781 hoc
3086 3726 3308 3792 mundo,
3342 3724 3411 3779 de
3441 3725 3545 3780 hoc

1944 3817 2148 3872 mundo
2192 3817 2456 3883 videmus,
2500 3816 2770 3881 audimus,
2832 3822 3134 3887 gustamus,
3167 3814 3459 3868 odoramus
3493 3821 3546 3867 et

1944 3906 2240 3976 tangimus,
2274 3922 2385 3960 non
2403 3914 2485 3959 est
2514 3905 2650 3975 ipse.
2676 3904 2820 3972 Quid
2853 3919 2989 3974 ergo
3020 3910 3101 3958 est
3131 3903 3248 3973 ipse
3280 3902 3545 3957 Dominus

1944 3997 2092 4050 Deus
2121 4002 2306 4049 noster
2332 4013 2344 4059 ;
2382 3994 2528 4065 quid,
2556 4010 2763 4065 quaeso,
2789 4001 2870 4047 est
2890 3993 2917 4045 ?
2948 3994 3068 4046 Non
3100 3999 3183 4046 est
3212 3992 3377 4046 decor
3406 3991 3546 4045 mul-

1944 4091 2031 4137 tus
2058 4091 2110 4138 et
2132 4099 2383 4154 magnus,
2416 4099 2574 4153 quem
2622 4090 2845 4152 aspectu
2879 4097 3046 4136 cerno
3080 4096 3355 4150 corporeo
3390 4098 3401 4133 :
3437 4095 3547 4134 non

1943 4187 2047 4225 vox
2106 4178 2188 4226 est
2227 4186 2389 4241 quam
2428 4170 2781 4240 corporaliter
2810 4169 2975 4223 audio
3008 4186 3021 4221 :
3055 4184 3164 4222 non
3193 4168 3350 4233 odor,
3379 4183 3542 4238 quem

1948 4258 2164 4323 olfacio,
2206 4275 2313 4312 non
2350 4274 2515 4327 sapor
2544 4274 2706 4327 quem
2744 4266 2925 4327 gusto,
2959 4272 3069 4310 non
3097 4256 3339 4325 aptitudo
3380 4271 3545 4326 quam

239 4353 294 4400 et
321 4345 540 4415 quando
572 4345 740 4398 multa
782 4344 1046 4399 dicemus.
1088 4344 1156 4398 Et
1188 4343 1355 4397 verba
1389 4342 1609 4412 quando
1640 4349 1838 4396 utcun-
1861 4345 1913 4403 D
1946 4355 2129 4417 tango.
2165 4348 2232 4400 Et
2261 4355 2437 4400 tamen
2470 4346 2714 4415 quaedam
2762 4345 3164 4415 quodammodo
3211 4343 3364 4415 quasi
3396 4343 3543 4398 mul-

238 4449 345 4505 que
376 4441 519 4499 sunt,
544 4432 671 4503 quid
712 4432 861 4486 aliud
920 4447 1083 4503 quam
1116 4447 1279 4486 voces
1337 4431 1537 4485 mentis
1570 4430 1739 4493 sunt?
1772 4430 1839 4483 Et

235 4521 457 4592 quidem
489 4521 575 4575 vel
635 4522 871 4576 necdum
902 4529 1043 4584 sunt,
1096 4520 1181 4575 vel
1219 4521 1333 4588 jam
1390 4536 1499 4574 non
1531 4526 1671 4583 sunt,
1716 4519 1840 4589 quia

236 4609 343 4663 nisi
392 4610 724 4664 transeundo
781 4626 890 4663 non
939 4618 1083 4663 sunt.
1140 4610 1246 4664 Sed
1281 4617 1570 4679 antequam
1608 4607 1841 4662 transire

240 4698 524 4768 incipiant,
556 4699 789 4753 necdum
820 4706 961 4763 sunt,
996 4706 1048 4753 et
1078 4714 1200 4753 cum
1232 4698 1560 4762 transierint,
1589 4697 1700 4764 jam
1733 4712 1842 4751 non

238 4795 384 4840 sunt.
424 4788 600 4852 Unde,
634 4786 719 4841 vel
748 4787 964 4857 quando
995 4786 1124 4839 mihi
1158 4786 1348 4847 verba,
1383 4786 1577 4855 quibus
1608 4784 1702 4838 tibi
1752 4784 1842 4855 qui

240 4874 513 4928 habitator
528 4891 589 4929 es
610 4874 782 4941 cellte,
810 4875 1082 4945 loquendo
1104 4874 1384 4928 ostendam
1410 4874 1536 4943 quid
1569 4874 1637 4927 sit
1659 4874 1843 4927 Deus?

235 4963 384 5017 Ecce
413 4962 470 5016 in
499 4963 637 5018 cella
670 4964 876 5033 absque
906 4962 1208 5018 cessatione
1257 4964 1430 5017 Deum
1462 4962 1842 5016 ardentissime

238 5065 413 5114 amas,
450 5052 621 5105 Deum
654 5051 1005 5105 devotissime
1036 5066 1184 5117 oras,
1232 5052 1299 5105 ad
1328 5053 1498 5105 Deum
1529 5050 1842 5104 medullitus

237 5138 526 5209 pervenire
573 5139 894 5205 desideras;
929 5140 1027 5193 sed
1058 5139 1136 5194 sic
1193 5140 1445 5201 amando,
1481 5139 1561 5194 sic
1609 5139 1835 5203 orando,

238 5227 320 5282 sic
342 5227 724 5291 desiderando,
763 5229 889 5299 quid
923 5230 1099 5283 Deum
1122 5244 1243 5282 esse
1277 5228 1487 5301 cogitas
1508 5230 1535 5282 ?
1566 5228 1684 5282 Scis
1716 5227 1842 5297 quia

237 5315 533 5371 invisibilis
564 5325 665 5381 est,
699 5332 801 5371 nec
832 5326 913 5371 est
952 5317 1133 5387 aliqua
1162 5324 1414 5371 creatura
1444 5315 1729 5369 invisibilis
1752 5331 1842 5369 co-

237 5419 355 5462 ram
384 5420 448 5459 eo
474 5420 485 5457 :
512 5404 837 5475 principium
879 5406 997 5461 sine
1042 5404 1331 5476 principio,
1367 5403 1489 5458 ﬁnis
1538 5404 1653 5458 sine
1695 5400 1839 5469 ﬁne;

1940 4436 2114 4489 titudo
2144 4442 2248 4499 est,
2286 4435 2532 4503 quaedam
2564 4434 2905 4505 magnitudo,
2939 4433 3159 4504 quidam
3180 4433 3365 4498 decor,
3404 4448 3548 4503 quaa—

1941 4525 2066 4578 dam
2099 4540 2222 4589 vox,
2244 4522 2463 4594 quidam
2495 4522 2651 4590 odor,
2671 4522 2893 4593 quidam
2912 4537 3096 4592 sapor,
3119 4521 3369 4592 quaedam
3400 4521 3545 4590 apti-

1942 4612 2089 4666 tudo.
2125 4611 2294 4679 Quasi
2327 4611 2576 4681 quaedam
2607 4610 2915 4675 multitudo,
2942 4611 3038 4664 sed
3064 4626 3186 4664 cum
3207 4625 3314 4662 una
3345 4608 3545 4678 simpli-

1943 4701 2123 4764 citate,
2160 4708 2213 4754 et
2241 4700 2473 4770 simplici
2514 4700 2734 4764 unitate,
2790 4700 2843 4752 in
2874 4715 3031 4769 quam
3077 4698 3258 4751 nullus
3290 4713 3545 4751 numerus

1943 4790 2104 4844 cadit.
2150 4789 2462 4861 Magnitudo
2488 4832 2501 4853 ,
2537 4788 2633 4842 sed
2693 4788 2810 4842 sine
2857 4786 3170 4859 quantitate,
3205 4801 3366 4856 quam
3399 4785 3545 4839 nulla

1942 4894 2195 4932 mensura
2226 4876 2657 4946 comprehendit.
2708 4878 2905 4939 Decor,
2948 4890 3110 4946 quem
3142 4874 3287 4928 nulla
3317 4872 3544 4929 offuscat

1943 4966 2278 5020 deformitas.
2318 4967 2453 5032 Vox,
2490 4981 2650 5035 quam
2690 4964 2895 5017 nullum
2936 4962 3069 5032 rapit
3102 4970 3332 5032 tempus.
3369 4961 3537 5028 Odor,

1945 5071 2103 5124 quem
2164 5054 2343 5107 nullus
2390 5053 2656 5125 dispergit
2706 5052 2885 5106 ﬂatus.
2929 5051 3121 5121 Sapor,
3171 5066 3332 5121 quem
3365 5049 3542 5120 aliqua

1946 5158 2051 5197 non
2101 5141 2289 5195 minuit
2348 5141 2629 5195 comestio.
2682 5140 2940 5211 Aptitudo
2968 5182 2980 5205 ,
3016 5156 3176 5211 quam
3205 5139 3387 5212 aliqua
3434 5154 3543 5193 non

1945 5231 2270 5288 contaminat
2301 5231 2594 5301 corruptio.
