3972 6052
422 158 523 210 859

916 277 1309 334 CAPITULUM
1341 280 1520 335 XXX.

426 397 501 450 De
541 394 821 449 Trinitate
846 409 1241 464 personarum,
1302 400 1357 449 et
1414 396 1638 449 unitate
1687 396 2017 449 substantia

497 481 618 548 qua,
649 465 793 548 Deus
842 469 946 548 est,
967 470 1049 548 “et
1076 467 1216 537 quod
1243 467 1894 548 prcejitdic~ilun1‘(tliqnad
1916 481 2016 520 nec

508 537 753 591 Trinitas
783 537 1023 604 unitati,
1057 553 1160 591 nec
1209 539 1405 591 unitas
1436 538 1579 606 facit
1616 537 1906 591 Trinitati.

498 656 641 709 Ecce
672 670 789 724 qua
821 654 934 719 tibi,
971 654 1061 723 qui
1091 655 1360 708 habitator
1390 672 1448 709 es
1481 655 1651 719 cellae,
1686 654 1919 707 diximus
1952 654 2019 707 de

428 744 564 797 Deo.
597 744 660 797 Et
722 742 893 795 multa
951 742 1170 812 quidem
1220 742 1488 808 diximus,
1524 743 1622 797 sed
1681 743 1808 813 quid
1853 742 1907 795 in
1936 742 2019 795 his

429 830 680 885 omnibus
719 830 951 883 diximus
972 830 999 884 ‘2
1026 831 1272 902 nunquid
1306 848 1417 884 non
1460 831 1641 885 verbis
1690 830 1972 885 deficimus
1995 831 2021 883 ‘?

429 920 605 975 Multa
635 920 903 984 dicemus,
948 919 1135 990 inquit,
1170 924 1227 974 et
1267 920 1587 987 deﬁciamus
1622 921 1796 974 verbis
1824 920 2018 989 (fEchi.

433 1023 586 1074 mn,
618 1011 729 1077 29).
765 1008 820 1061 Si
852 1007 1017 1061 multa
1072 1016 1195 1061 sunt
1229 1008 1397 1064 verba
1429 1025 1547 1079 qua
1577 1008 1826 1072 dicimus,
1854 1024 2024 1077 quare

432 1096 614 1151 verbis
646 1094 929 1151 deficimus
951 1096 978 1149 ?
1006 1096 1269 1151 Nimirum
1288 1096 1414 1168 quia
1445 1114 1587 1163 eum,
1621 1097 1686 1150 de
1719 1113 1823 1167 quo
1854 1096 2024 1150 verba

433 1185 601 1239 multa
633 1185 882 1248 dicimus,
919 1185 1047 1255 quid
1080 1186 1146 1239 sit
1178 1186 1248 1239 ad
1279 1185 1498 1256 plenum
1520 1201 1627 1240 non
1649 1185 2021 1255 exprimimus.

432 1273 674 1328 Dicimus
705 1289 939 1344 quoque,
977 1273 1021 1327 si
1054 1281 1230 1327 tamen
1264 1274 1338 1327 ita
1360 1274 1545 1328 dicere
1572 1273 1715 1337 licet,
1738 1273 1863 1345 quia
1884 1290 2027 1326 unus

432 1378 555 1416 cum
586 1360 655 1415 sit
684 1362 882 1415 multus
917 1370 1016 1426 est,
1061 1362 1157 1415 sed
1198 1362 1313 1415 sine
1360 1378 1606 1426 numero,
1658 1378 1892 1433 magnus
1930 1361 2027 1415 sed

432 1449 550 1503 sine
580 1449 910 1520 quantitate;
947 1448 1195 1519 simplex,
1232 1449 1326 1503 sed
1352 1449 1467 1505 sine
1502 1449 1881 1504 extenuatione
1903 1468 1915 1515 ;
1938 1450 2029 1504 bo-

434 1554 556 1603 nus,
592 1538 687 1591 sed
719 1537 836 1591 sine
868 1537 1162 1608 qualitate;
1200 1553 1439 1608 semper,
1476 1538 1573 1592 sed
1596 1538 1713 1592 sine
1746 1546 2025 1608 tempore;

1292 154 1633 212 GUIGONIS
1672 155 1719 208 II
1757 151 2164 209 CARTHUSL‘E
2215 150 2508 208 MAIORIS
2548 150 2850 209 PRIORIS.

3610 152 3717 204 860

2040 281 2089 340 Α,
2120 294 2216 348 pra
2246 276 2463 332 modum
2496 275 2651 330 nefas
2682 283 2784 330 est.
2838 273 2973 329 Sunt
2998 288 3132 343 ergo
3160 273 3245 328 ha
3274 278 3383 327 tres
3411 288 3659 343 persona
3696 288 3710 326 :

2117 367 2275 421 Pater
2302 365 2555 437 gignens,
2591 364 2757 419 Filius
2788 379 2821 418 a
2849 352 3009 417 Patre
3051 361 3287 434 genitus,
3320 360 3550 430 Spiritus
3579 378 3715 415 san-

2118 462 2237 510 ctus
2266 469 2299 508 a
2358 455 2509 507 Patre
2554 461 2605 508 et
2662 452 2796 507 Filio
2854 450 3175 522 procedens.
3210 448 3450 517 Quarum
3489 450 3714 520 quidem

2118 558 2477 613 personarum
2508 542 2652 595 nulla
2682 542 2856 595 altera
2886 546 2995 604 est;
3030 538 3156 609 quia
3186 554 3296 592 non
3324 546 3406 593 est
3435 554 3541 593 una
3577 555 3715 609 per-

2121 648 2270 695 sona,
2297 632 2392 684 sed
2427 638 2555 686 tres.
2576 631 2716 684 Nam
2743 647 2849 684 una
2877 643 3111 699 persona
3139 643 3249 682 non
3271 634 3449 697 potest
3477 627 3714 698 gignere

2120 737 2199 786 se,
2235 728 2285 774 et
2317 720 2469 792 gigni
2499 720 2567 773 de
2626 735 2702 785 se,
2739 728 2791 773 et
2847 717 3150 788 procedere
3205 732 3234 769 a
3292 731 3370 770 se.
3404 716 3500 769 Ha
3530 723 3713 770 tamen

2121 817 2231 863 tres
2261 824 2511 878 personae
2542 824 2649 861 una
2680 806 2983 861 substantia
3019 812 3159 869 sunt,
3196 811 3386 858 natura
3416 818 3542 868 una,
3576 804 3722 857 divi-

2123 898 2263 951 nitas
2294 912 2421 962 una,
2457 897 2710 965 majestas
2740 912 2864 963 una,
2909 894 3184 949 aeternitas
3211 908 3338 947 una.
3394 892 3558 947 Recte
3590 892 3719 962 qui-

2123 986 2246 1040 dem
2268 984 2429 1039 ﬁdem
2463 985 2787 1040 catholicam
2816 992 2990 1049 tenes,
3024 990 3079 1036 tu
3111 981 3203 1052 qui
3226 980 3498 1035 habitator
3525 996 3585 1034 es
3607 980 3720 1035 cel-

2124 1074 2209 1128 la.
2246 1074 2353 1127 Sed
2387 1074 2517 1145 quid
2576 1081 2657 1127 est
2705 1074 2914 1143 (quaso
2944 1072 3019 1139 te)
3052 1071 3197 1142 quod
3252 1069 3384 1123 mihi
3431 1084 3722 1123 numerum

2126 1163 2243 1216 sine
2275 1177 2499 1216 numero
2554 1161 2837 1231 pr0ponis,
2870 1175 3105 1229 eumque
3133 1158 3265 1212 mihi
3294 1158 3415 1223 das,
3447 1165 3500 1210 et
3536 1156 3721 1211 statim

2126 1267 2247 1305 eum
2280 1250 2421 1304 tollis
2441 1252 2469 1305 ξ)
2498 1251 2637 1304 Nam
2655 1250 2701 1303 si
2733 1257 2843 1304 tres
2898 1256 3041 1315 sunt,
3077 1262 3258 1301 nonne
3300 1262 3559 1300 numerus
3588 1247 3724 1300 est?

2126 1340 2182 1393 Si
2212 1346 2392 1393 autem
2443 1339 2612 1392 tribus
2642 1346 2726 1393 est
2754 1336 3055 1392 substantia
3087 1351 3215 1402 una,
3246 1335 3293 1389 si
3320 1342 3531 1401 natura,
3564 1334 3611 1387 si
3632 1334 3723 1388 di-

2128 1428 2348 1493 vinitas,
2383 1427 2428 1480 si
2452 1428 2722 1494 majestas,
2753 1426 2798 1480 si
2828 1425 3103 1480 aternitas
3130 1438 3258 1491 una,
3291 1423 3385 1477 ubi
3412 1438 3671 1478 numerus
3693 1423 3723 1477 ?

2126 1517 2423 1585 Numerus,
2455 1516 2553 1581 ais,
2578 1515 2644 1569 ad
2675 1528 2937 1585 personas
2969 1512 3219 1578 refertur,
3254 1512 3382 1582 quia
3412 1520 3525 1565 tres
3555 1518 3678 1565 sunt
3704 1529 3719 1575 ;

434 1624 655 1695 ubique,
689 1626 786 1679 sed
807 1599 1061 1681 sineloco
1086 1644 1098 1689 ;
1129 1626 1184 1679 in
1224 1599 1369 1680 omni
1411 1643 1487 1691 re,
1515 1627 1610 1680 sed
1633 1627 1749 1681 sine
1772 1599 2025 1681 sui-diﬁi-
2046 1634 2100 1693 Β
2130 1620 2239 1695 Ποξι
2270 1613 2459 1695 amem»
2478 1605 2545 1695 9d
2566 1602 2958 1695 _§"P5i3ntiami
2984 1602 3107 1672 quia
3128 1617 3235 1656 una
3263 1608 3363 1655 θδίο
3397 1601 3540 1654 Bene
3561 1599 3720 1667 diois:

436 1713 671 1779 nitione;
728 1713 783 1766 in
841 1715 988 1768 omni
1051 1723 1332 1785 tempore,
1396 1715 1492 1769 sed
1549 1714 1663 1770 sine
1720 1714 1897 1787 aliqua
1947 1715 2030 1769 sui

438 1800 810 1856 mutabilitate.
843 1804 958 1857 Nec
987 1811 1164 1873 potest
1206 1803 1317 1857 ullo
1346 1804 1529 1868 modo,
1564 1803 1649 1858 vel
1680 1820 1779 1874 pro
1811 1805 1893 1858 sui
1923 1821 2029 1874 pu-

438 1890 597 1944 ritate
625 1890 909 1957 maculari,
944 1891 1029 1946 vel
1059 1908 1159 1962 pro
1204 1908 1299 1945 sua
1350 1892 1692 1962 simplicitate
1722 1892 1911 1957 dividi,
1945 1894 2031 1948 vel

438 1994 536 2048 pro
569 1994 668 2033 sua
704 1978 1068 2034 immensitate
1113 1981 1522 2049 comprehendi,
1557 1979 1643 2035 vel
1689 1995 1789 2049 pro
1820 1996 1915 2033 sua
1943 1980 2031 2032 in—

437 2066 697 2123 ﬁnalitate
725 2069 1049 2123 mensurari.
1081 2070 1197 2123 Nec
1224 2077 1401 2140 potest
1430 2069 1700 2123 ullatenus
1722 2068 2033 2139 cognitione

438 2156 639 2210 variari
695 2157 786 2228 qui
836 2157 1267 2226 sapientissimus
1306 2166 1407 2223 est,
1440 2174 1541 2212 nec
1596 2156 1792 2212 affectu
1839 2156 2035 2210 mutari

443 2244 535 2314 qui
560 2244 795 2314 Optimus
826 2253 930 2299 est.
973 2246 1133 2313 Cujus
1155 2246 1412 2316 potentia
1445 2246 1620 2299 omnis
1653 2244 1877 2301 effectus
1900 2246 2033 2299 sub-

436 2331 640 2400 jicitur,
674 2333 827 2401 cujus
877 2333 1160 2403 sapientia
1204 2350 1365 2388 omne
1419 2334 1687 2389 occultum
1720 2332 2034 2388 manifesta-

442 2427 547 2486 tur,
579 2422 732 2490 cujus
763 2421 1213 2476 deliberationem
1269 2422 1444 2477 omnis
1511 2430 1740 2476 eventus
1770 2422 2031 2492 sequitur,

444 2510 597 2579 cujus
628 2510 985 2564 aternitatem
1015 2526 1122 2563 non
1154 2511 1295 2581 capit
1343 2519 1576 2581 tempus,
1610 2526 1712 2565 nec
1740 2510 2036 2564 bonitatem

443 2599 629 2665 virtus,
663 2615 764 2653 nec
794 2598 1113 2668 sapientiam
1158 2615 1373 2663 sensus,
1408 2590 1509 2654 nec
1538 2599 1832 2669 potentiam
1880 2614 2032 2669 opus.

446 2687 552 2757 Ipsi
583 2688 755 2758 gloria
787 2689 877 2757 qui
917 2705 1012 2742 rex
1068 2695 1150 2741 est
1194 2689 1535 2754 saeculorum,
1570 2688 1832 2742 colendus
1862 2695 1914 2741 et
1946 2687 2040 2740 ad-

444 2776 703 2841 orandus,
722 2776 1046 2831 metuendus
1061 2785 1111 2830 et
1127 2777 1463 2845 tremendus,
1484 2792 1547 2832 ac
1563 2776 1850 2830 dominans
1867 2777 2035 2841 Deus,

446 2864 786 2930 immortalis,
822 2865 1145 2930 invisibilis;
1179 2881 1242 2919 ex
1275 2882 1403 2936 quo,
1429 2873 1481 2919 et
1508 2882 1607 2935 per
1650 2880 1810 2936 quem
1878 2872 1930 2919 et
1985 2863 2040 2917 in

448 2967 554 3023 quo
585 2952 783 3007 omnia.
845 2954 984 3007 Nam
1014 2953 1195 3007 omnia
1226 2970 1290 3008 ex
1337 2953 1476 3024 ipso,
1507 2953 1632 3024 quia
1662 2952 1902 3007 omnium
1923 2952 2041 3023 ipse
2073 2990 2121 3051 Ο

448 3040 776 3111 principium
807 3050 859 3096 et
888 3050 1094 3097 auctor.
1128 3041 1323 3097 Omnia
1352 3049 1403 3097 et
1434 3058 1533 3113 per
1559 3042 1757 3112 ipsum,
1789 3041 1912 3112 quia
1941 3057 2041 3112 per

446 3129 643 3200 ipsum,
695 3131 946 3185 omnibus
1002 3130 1279 3185 confertur
1338 3138 1391 3183 ut
1449 3130 1766 3196 subsistant,
1799 3129 1933 3183 sicut
1990 3136 2042 3184 et

449 3218 706 3272 collatum
730 3227 810 3273 est
839 3219 973 3290 ipsis
1005 3227 1061 3272 ut
1103 3227 1304 3274 essent.
1341 3220 1449 3274 Sed
1482 3226 1533 3273 et
1562 3219 1615 3273 in
1673 3219 1793 3289 ipso
1836 3218 2038 3273 omnia.

447 3307 561 3361 Nos
590 3315 769 3362 tamen
800 3308 978 3378 potius
1010 3308 1220 3363 virtutis
1249 3308 1515 3364 debemus
1554 3307 1743 3361 mirari
1773 3306 2042 3378 magnitu-

448 3395 651 3463 dinem,
685 3413 845 3468 quam
876 3396 980 3451 loci
1030 3397 1255 3465 alicujus
1313 3396 1586 3451 somniare
1622 3396 2039 3450 dimensionem.

449 3484 689 3539 Dicimus
722 3486 898 3541 adhuc
929 3486 997 3555 (si
1028 3494 1206 3540 tamen
1236 3485 1324 3540 hic
1353 3484 1556 3556 aliquid
1586 3484 1767 3539 dicere
1814 3484 1901 3539 vel
1932 3484 2042 3539 sci-

450 3590 593 3640 mus,
624 3574 713 3629 vel
757 3575 1045 3645 valemus),
1097 3576 1245 3629 Deus
1293 3575 1462 3643 Pater,
1498 3574 1646 3629 Deus
1677 3572 1861 3641 Filius,
1896 3573 2043 3628 Deus

453 3662 685 3733 Spiritus
729 3672 949 3719 sanctus
986 3680 997 3717 :
1031 3680 1280 3734 persona
1337 3671 1465 3727 tres,
1531 3678 1757 3734 quarum
1788 3662 1933 3715 nulla
1962 3669 2045 3716 est

452 3751 588 3817 alia;
641 3760 692 3806 et
723 3753 1021 3807 substantia
1054 3768 1181 3807 una.
1233 3753 1299 3806 Et
1356 3751 1588 3805 libenter
1626 3752 1730 3805 hoc
1778 3749 2044 3804 catholica

453 3840 677 3910 suscipit
704 3841 867 3895 auris.
904 3841 1009 3895 Sed
1040 3857 1165 3895 cum
1193 3841 1294 3895 hoc
1325 3840 1573 3907 dicimus,
1614 3839 1741 3908 quid
1764 3838 1996 3892 dicimus
2015 3839 2044 3891 ?

453 3927 700 3993 Multum,
760 3928 860 3994 ais,
921 3937 971 3983 et
1028 3944 1289 4000 magnum
1346 3928 1475 3999 quid
1506 3926 1750 3993 dicimus,
1788 3941 1913 3981 cum
1940 3927 2045 3981 hoc

454 4014 702 4069 dicimus.
736 4016 979 4071 Dicimus
1018 4016 1181 4083 enim,
1217 4017 1315 4082 ais,
1348 4015 1402 4069 in
1433 4030 1540 4069 uno
1570 4014 1872 4085 eodemque
1907 4016 2041 4079 Deo,

454 4110 652 4173 prater
669 4120 831 4175 quem
863 4104 1003 4159 alius
1035 4121 1143 4159 non
1174 4113 1275 4169 est,
1314 4120 1435 4159 esse
1467 4112 1520 4158 et
1547 4118 1900 4174 personarum
1931 4102 2045 4157 Tri-

452 4191 694 4261 nitatem,
728 4202 778 4248 et
807 4194 1123 4248 substantia
1155 4193 1430 4248 unitatem.
1464 4194 1626 4257 Bene,
1664 4191 1901 4263 inquam.
1939 4191 2047 4246 Sed

455 4281 699 4352 nunquid
719 4282 863 4336 aliud
897 4299 1019 4338 esse
1049 4282 1185 4337 dicis
1224 4282 1297 4336 ibi
1317 4296 1671 4352 personarum
1706 4279 2041 4344 Trinitatem,

2131 1693 2227 1747 sed
2258 1693 2501 1763 nunquid
2531 1692 2679 1747 aliud
2707 1691 2822 1745 ista
2846 1698 2957 1745 tres
2990 1705 3238 1759 persona
3272 1697 3415 1755 sunt,
3450 1703 3611 1759 quam
3642 1695 3727 1741 est

2130 1782 2234 1836 ista
2256 1797 2363 1835 una
2400 1781 2742 1835 substantia?
2773 1788 2864 1834 aut
2895 1779 3042 1832 aliud
3068 1780 3187 1833 hac
3218 1793 3322 1831 una
3352 1784 3434 1832 est
3464 1776 3724 1830 substan-

2130 1871 2222 1938 tia,
2258 1886 2420 1940 quam
2444 1869 2561 1925 ista
2592 1876 2715 1923 sunt
2740 1876 2848 1922 tres
2877 1882 3126 1939 persona
3146 1866 3173 1920 ?
3202 1868 3344 1933 Non,
3378 1865 3574 1937 inquis,
3598 1865 3727 1936 quia

2131 1958 2249 2013 ista
2279 1967 2388 2013 tres
2419 1973 2687 2029 persona,
2722 1958 2821 2011 ista
2868 1972 2972 2011 una
3003 1954 3304 2010 substantia
3333 1961 3455 2008 sunt
3489 1969 3501 2007 :
3536 1961 3589 2008 et
3608 1955 3729 2008 hac

2132 2064 2239 2101 una
2269 2048 2593 2113 substantia,
2630 2046 2843 2101 illarum
2875 2053 2957 2100 est
2985 2044 3142 2099 trium
3163 2058 3539 2115 personarum.
3564 2042 3728 2097 Nulla

2134 2152 2368 2207 namque
2425 2136 2584 2189 trium
2634 2149 2989 2205 personarum
3018 2142 3103 2187 est
3130 2149 3195 2187 ea
3244 2147 3365 2202 qua
3394 2131 3597 2197 altera;
3630 2131 3730 2185 sed

2135 2240 2475 2295 unaquaque
2508 2232 2686 2277 tamen
2734 2229 2816 2277 est
2846 2222 2900 2276 id
2954 2221 3101 2293 quod
3156 2220 3345 2275 altera.
3395 2218 3539 2287 Quid
3568 2220 3731 2273 Pater

2137 2312 2357 2383 quidem
2392 2311 2532 2366 alius
2564 2318 2647 2365 est
2681 2326 2845 2382 quam
2878 2310 3058 2375 Filius,
3092 2308 3178 2364 vel
3224 2308 3456 2379 Spiritus
3484 2314 3728 2375 sanctus,

2137 2401 2235 2456 sed
2266 2417 2374 2455 non
2396 2400 2541 2455 aliud
2566 2419 2579 2465 ;
2614 2408 2666 2455 et
2696 2400 2864 2454 Filius
2895 2406 2977 2453 est
3008 2398 3147 2453 alius
3181 2412 3343 2468 quam
3361 2396 3593 2467 Spiritus
3613 2411 3734 2448 san-

2137 2499 2274 2553 ctus,
2308 2489 2395 2545 vel
2427 2487 2728 2554 Pater,'sed
2764 2504 2870 2542 non
2900 2486 3064 2541 aliud.
3100 2486 3329 2556 Spiritus
3348 2492 3566 2539 sanctus
3594 2483 3734 2537 alius

2139 2594 2302 2649 quam
2334 2579 2494 2632 Pater
2522 2578 2607 2633 vel
2639 2577 2825 2641 Filius,
2861 2576 2958 2631 sed
2996 2575 3142 2629 aliud
3173 2591 3282 2629 non
3313 2581 3393 2628 est
3427 2591 3439 2626 :
3476 2572 3602 2643 quia
3632 2572 3733 2626 Pa-

2139 2676 2240 2732 ter,
2276 2674 2327 2721 et
2356 2666 2539 2732 Filius,
2567 2675 2620 2720 et
2650 2665 2881 2735 Spiritus
2912 2673 3151 2731 sanctus,
3186 2672 3268 2717 est
3287 2678 3427 2716 unus
3464 2659 3732 2714 naturali-

2140 2764 2241 2823 ter,
2266 2756 2519 2826 idemque
2539 2756 2704 2809 Deus.
2731 2754 2822 2810 Sic
2841 2754 3035 2808 damus
3058 2752 3287 2823 singulis
3303 2749 3553 2822 personis
3580 2765 3733 2803 suam

2139 2844 2543 2914 proprietatem,
2580 2843 2724 2914 quod
2754 2842 3067 2896 substantia
3095 2857 3204 2895 non
3261 2839 3500 2894 tollimus
3546 2837 3733 2892 unita-

2141 2941 2247 2987 tem
2283 2951 2295 2986 :
2331 2933 2457 3004 quia
2487 2933 2540 2986 in
2564 2932 2711 2986 nullo
2728 2931 3045 3003 prajudieat
3070 2929 3157 2985 vel
3188 2928 3500 2983 substantia
3528 2926 3730 2991 unitas,

2140 3038 2497 3093 personarum
2530 3020 2792 3087 Trinitati,
2827 3020 2913 3076 vel
2942 3034 3302 3090 personarum
3330 3016 3581 3082 Trinitas,
3607 3015 3736 3069 sub-

2143 3110 2355 3165 stantia
2406 3110 2615 3165 unitati.
2649 3108 2920 3178 Quocirca
2948 3124 3050 3164 nec
3081 3123 3114 3162 a
3144 3105 3455 3161 substantia
3509 3104 3735 3173 unitate,

2142 3215 2503 3270 personarum
2560 3198 2832 3264 Trinitas;
2879 3212 2982 3253 nec
3012 3212 3045 3251 a
3074 3210 3429 3267 personarum
3459 3193 3735 3257 Trinitate,

2144 3288 2458 3343 substantia
2490 3287 2665 3341 unitas
2708 3302 2958 3341 seorsum
2986 3293 3067 3340 est
3115 3284 3423 3355 cogitanda,
3455 3282 3542 3337 vel
3574 3296 3738 3351 sepa—

2143 3378 2315 3432 randa
2341 3396 2354 3443 ;
2388 3376 2485 3431 sed
2514 3376 2694 3447 potius
2725 3382 2777 3429 et
2819 3374 2996 3429 unitas
3032 3374 3088 3427 in
3124 3373 3398 3436 'l‘rinitate,
3428 3378 3481 3426 et
3508 3369 3740 3426 Trinitas

2144 3467 2201 3521 in
2230 3466 2434 3522 unitate
2479 3464 2787 3521 veneranda
2834 3471 2888 3518 et
2936 3461 3233 3517 adoranda.
3268 3460 3343 3527 Si,
3377 3468 3431 3514 ut
3476 3458 3634 3523 dicis,
3668 3458 3741 3511 ita

2144 3564 2246 3621 est,
2272 3555 2380 3609 imo
2397 3553 2520 3626 quia
2539 3553 2613 3607 ita
2635 3561 2735 3617 est,
2758 3550 3030 3623 quomodo
3050 3550 3124 3605 ita
3146 3549 3268 3604 est?
3287 3550 3407 3604 Non
3430 3547 3610 3619 plene,
3634 3547 3737 3613 ais,

2142 3661 2242 3714 per
2273 3643 2557 3699 scientiam
2588 3642 2740 3712 capio
2771 3640 3045 3711 quomodo
3076 3647 3175 3707 est,
3210 3638 3306 3692 sed
3338 3637 3426 3708 pie
3444 3652 3545 3708 per
3574 3636 3763 3691 fidem.

2144 3733 2309 3788 credo
2341 3732 2464 3802 quia
2494 3731 2569 3785 ita
2597 3738 2697 3785 est.
2749 3728 2965 3800 Optime
2994 3728 3169 3793 dicis;
3204 3743 3327 3781 nam
3359 3725 3586 3781 credere
3617 3724 3741 3795 pie-

2143 3821 2266 3875 tatis
2289 3828 2390 3889 est,
2424 3820 2693 3875 discutere
2725 3817 3043 3873 temeritatis
3077 3831 3089 3870 :
3122 3816 3281 3886 plene
3320 3823 3501 3869 autem
3532 3829 3597 3868 ac
3616 3829 3743 3883 per-

2144 3910 2284 3966 fecte
2332 3924 2517 3974 nosse,
2561 3908 2688 3974 vita,
2723 3915 2775 3962 et
2832 3907 2938 3961 vita
2982 3913 3182 3960 aterna
3238 3912 3339 3959 est.
3374 3903 3515 3959 Dicit
3561 3908 3743 3956 autem

2146 4000 2337 4054 beatus
2368 3998 2700 4068 Augustinus
2731 3996 2877 4068 quod
2912 4003 3093 4049 tantus
3122 4001 3203 4049 est
3262 3993 3409 4048 solus
3442 3993 3621 4054 Pater,
3655 3990 3745 4044 vel

2146 4088 2295 4141 solus
2317 4086 2503 4150 Filius,
2539 4085 2625 4141 vel
2656 4084 2805 4139 solus
2849 4083 3080 4155 Spiritus
3121 4089 3360 4147 sanctus,
3402 4087 3631 4151 quantus
3662 4086 3748 4132 est

2147 4176 2306 4230 simul
2376 4176 2556 4243 Pater,
2620 4182 2671 4229 et
2719 4174 2907 4240 Filius,
2932 4180 2985 4227 et
3018 4171 3247 4242 Spiritus
3303 4164 3557 4234 sanctus;
3590 4167 3746 4235 cujus

2147 4281 2292 4320 nunc
2314 4264 2442 4319 libet
2471 4264 2637 4319 verba
2668 4263 2783 4329 tibi,
2818 4262 2909 4334 qui
2937 4260 3210 4316 habitator
3240 4259 3392 4315 cella
3413 4273 3491 4323 es,
3522 4256 3591 4310 ad
3620 4271 3745 4311 me-

456 4344 615 4441 quam
638 4371 953 4426 substantia
976 4371 1232 4425 unitatem
1258 4373 1284 4426 ?
1305 4344 1446 4437 Non,
1475 4371 1654 4442 inquis
1681 4388 1693 4435 ;
1727 4370 1823 4422 sed
1846 4369 2047 4422 habent
2072 4347 2122 4405 D
2148 4354 2377 4408 ῐῐιοΐίᾶῐῐι
2417 4368 2695 4442 Γενροθΐθ,
2730 4368 2852 4442 qua?
2909 4350 2963 4442 ίῐξ
3011 4357 3161 4442 δεξΧῐο
3364 4347 3431 4402 de
3457 4344 3744 4442 nimiam:

455 4470 703 4524 persona
734 4457 849 4510 ista
881 4457 1239 4527 proprietates
1290 4473 1413 4511 suas
1447 4472 1457 4508 :
1493 4455 1616 4527 quia
1673 4454 1841 4509 solius
1874 4452 2048 4508 Patris

459 4551 540 4597 est
561 4544 807 4616 gignere,
834 4553 884 4598 et
904 4545 1028 4600 ideo
1056 4562 1085 4599 a
1114 4545 1263 4601 nullo
1285 4553 1366 4600 est
1391 4564 1404 4611 ;
1439 4544 1604 4598 solius
1636 4543 1752 4597 Filii
1770 4550 1851 4597 est
1870 4541 2045 4613 gigni,

460 4640 512 4687 et
548 4633 673 4688 ideo
703 4649 735 4687 a
764 4634 924 4688 Patre
955 4642 1073 4699 est;
1108 4634 1277 4689 solius
1313 4641 1489 4687 autem
1512 4632 1741 4702 Spiritus
1772 4631 1946 4685 sancti
1968 4638 2051 4685 est

458 4722 779 4792 procedere,
816 4732 867 4777 et
896 4722 1020 4778 ideo
1048 4740 1077 4776 a
1104 4724 1263 4777 Patre
1294 4729 1347 4775 et
1392 4721 1529 4775 Filio
1558 4728 1657 4774 est.
1693 4719 1802 4773 Sed
1835 4735 1943 4773 non
1973 4719 2052 4774 sic

461 4827 494 4865 a
524 4812 677 4865 Patre
709 4820 759 4866 et
788 4812 921 4866 Filio
976 4811 1206 4882 Spiritus
1237 4818 1454 4865 sanctus
1479 4816 1579 4874 est,
1609 4808 1745 4863 sicut
1777 4815 1858 4861 est
1890 4807 2053 4861 Filius

460 4915 493 4954 a
522 4901 677 4955 Patre
702 4920 715 4966 ;
749 4900 874 4971 quia
902 4900 1151 4970 procedit
1177 4900 1244 4953 ab
1266 4906 1496 4968 utroque
1528 4907 1582 4966 (a
1613 4896 1772 4950 Patre
1804 4895 2056 4950 videlicet

466 4996 515 5043 et
538 4989 671 5043 Filio
722 4989 949 5059 Spiritus
1005 4988 1245 5055 sanctus)
1273 4987 1369 5041 sed
1401 5002 1430 5039 a
1460 4994 1650 5039 neutro
1686 4984 1944 5057 gignitur.
1990 4986 2057 5038 At

466 5093 597 5131 vero
627 5077 791 5131 Filius
822 5094 851 5130 a
882 5078 998 5131 solo
1030 5079 1185 5131 Patre
1218 5075 1500 5148 gignitur;
1537 5083 1588 5128 et
1609 5074 1732 5128 ideo
1752 5075 1911 5127 Pater
1932 5072 2055 5143 qui-

467 5164 592 5219 dem
622 5166 858 5237 gignens
878 5174 979 5234 est,
1024 5165 1189 5219 Filius
1220 5172 1397 5219 autem
1447 5164 1661 5234 genitus
1696 5178 1707 5215 :
1742 5170 1793 5217 et
1822 5161 1948 5216 inde
1978 5168 2059 5216 est

468 5250 611 5320 quod
643 5252 798 5305 Pater
828 5251 983 5305 Pater
1011 5258 1113 5315 est,
1147 5257 1196 5304 et
1238 5248 1403 5303 Filius
1434 5254 1534 5303 est.
1593 5246 1849 5317 Alioquin
1877 5246 2060 5316 plures

469 5347 653 5394 essent
691 5340 745 5392 in
775 5339 866 5393 illa
886 5338 1146 5393 Trinitate
1179 5340 1386 5403 Patres,
1430 5344 1481 5390 et
1522 5335 1669 5402 Filii,
1702 5335 1848 5405 quod
1896 5333 2060 5387 nimi-

472 5444 592 5486 rum
624 5428 863 5493 credere,
885 5428 1045 5481 nimis
1077 5425 1459 5495 abominabile,
1494 5435 1543 5480 et
1562 5423 1844 5490 horribile,
1877 5431 1930 5477 et
1972 5439 2059 5479 su-

2151 4444 2338 4497 ultimo
2368 4440 2623 4496 videlicet
2652 4440 2888 4511 capitulo
2919 4439 3161 4507 ejusdem
3192 4436 3314 4490 libri
3344 4434 3543 4506 posuit,
3586 4448 3749 4488 oeca-

2153 4532 2303 4586 sione
2334 4530 2547 4585 illorum
2580 4528 2739 4582 trium
2787 4526 3179 4598 profundorum
3236 4524 3529 4579 verborum
3558 4520 3751 4575 Hilarii

2154 4637 2275 4691 qua
2322 4627 2463 4683 sunt,
2523 4617 2795 4673 aternitas
2836 4617 2892 4670 in
2927 4617 3105 4681 Patre,
3138 4613 3353 4685 species
3381 4611 3436 4667 in
3485 4609 3748 4682 imagine,

2155 4724 2288 4763 usus
2320 4708 2376 4762 in
2413 4723 2657 4762 munere.
2711 4705 2910 4761 Scribit
2957 4705 3139 4775 itaque
3195 4703 3385 4757 beatus
3416 4698 3755 4770 Augustinus

2155 4800 2257 4853 hoc
2305 4796 2469 4851 modo
2509 4813 2522 4849 :
2557 4817 2577 4841 α
2628 4796 2833 4849 Horum
2878 4793 3189 4860 verborum,
3223 4790 3276 4844 id
3326 4797 3427 4852 est,
3470 4786 3645 4841 Patris
3696 4794 3753 4840 et

2157 4885 2410 4958 imaginis
2455 4892 2507 4937 et
2565 4883 2826 4948 muneris,
2857 4879 3172 4937 aternitatis
3201 4887 3254 4933 et
3283 4876 3484 4948 speciei
3515 4884 3567 4930 et
3596 4890 3750 4937 usus,

2157 4975 2398 5031 abditam
2445 4979 2713 5027 scrutatus
2759 4969 3171 5042 intelligentiam
3201 4967 3258 5022 in
3288 4972 3546 5037 quantum
3578 4962 3755 5025 valeo,

2158 5080 2266 5119 non
2298 5079 2419 5118 eum
2450 5070 2697 5116 secutum
2743 5060 2972 5114 arbitror
3001 5058 3057 5112 in
3112 5053 3428 5113 aeternitatis
3461 5050 3755 5119 vocabulo,

2158 5153 2263 5207 nisi
2288 5151 2432 5223 quod
2466 5152 2627 5204 Pater
2645 5164 2755 5203 non
2774 5148 2938 5203 habet
2958 5148 3172 5201 Patrem
3203 5145 3271 5199 de
3302 5158 3409 5215 quo
3442 5142 3507 5195 sit
3542 5156 3554 5193 :
3588 5138 3759 5194 Filius

2162 5249 2343 5296 autem
2363 5241 2431 5294 de
2453 5239 2615 5293 Patre
2663 5244 2765 5302 est,
2798 5244 2872 5302 ut,
2921 5236 3007 5301 sit,
3042 5243 3201 5305 atque
3230 5242 3284 5287 ut
3340 5230 3417 5286 illi
3448 5239 3759 5286 coaternus

2162 5332 2246 5385 sit.
2281 5331 2466 5401 Imago
2496 5329 2658 5392 enim,
2692 5326 2739 5379 si
2768 5324 3008 5396 perfecte
3028 5323 3213 5394 implet
3241 5321 3373 5376 illud
3404 5320 3554 5388 cujus
3575 5316 3760 5386 imago

2163 5428 2263 5487 est,
2316 5419 2435 5493 ipsa
2491 5422 2801 5491 coaquatur
2832 5414 2899 5481 ei,
2933 5428 3042 5468 non
3094 5411 3227 5467 illud
3256 5408 3484 5481 imagini
3515 5421 3653 5461 sua.
3696 5404 3759 5460 ln
