3972 6052
258 170 364 223 861

1402 156 1607 213 LIBER
1634 155 1728 210 DE
1758 151 2140 209 EXERCITIO
2175 149 2431 206 CELLJE.

3464 139 3565 190 862

254 306 371 362 qua
400 286 641 360 imagine
670 285 909 357 speciem
939 283 1258 350 nominavit,
1294 282 1479 349 credo,
1502 287 1728 351 propter
1749 277 1867 349 pul-
1886 279 1941 337 A
1968 276 2072 331 tius
2101 275 2376 339 nolumus,
2406 273 2533 345 quia
2563 272 2689 327 dum
2714 276 2891 323 tantus
2913 266 3142 337 talisque
3165 264 3265 327 sol,
3291 268 3344 317 et
3374 261 3565 362 lucens

256 376 645 442 chritudinem,
678 374 770 428 ubi
794 374 907 442 jam
939 381 1021 428 est
1052 380 1201 427 tanta
1223 370 1600 442 congruentia,
1625 377 1677 423 et
1697 367 1870 437 prima

259 466 566 538 aequalitas,
598 471 648 518 et
678 462 853 534 prima
883 460 1365 526 similitudo,nulla
1392 459 1448 513 in
1480 474 1539 512 re
1572 456 1865 519 dissidens,

257 564 316 611 et
349 554 499 609 nullo
545 553 709 607 modo
757 550 1059 621 inrequalis,
1106 557 1156 604 et
1203 548 1349 603 nulla
1378 555 1534 618 parte
1565 543 1866 607 dissimilis,

256 645 363 699 sed
393 642 691 698 identidem
711 640 1052 710 respondens
1079 638 1129 692 ei
1151 638 1304 705 cujus
1328 637 1511 709 imago
1536 642 1636 691 est.
1662 633 1765 689 Ubi
1787 640 1869 687 est

252 733 442 803 prima
486 739 539 785 et
576 745 790 784 summa
839 728 968 793 vita,
1016 726 1102 782 cui
1140 742 1248 781 non
1291 733 1373 780 est
1403 725 1547 779 aliud
1576 723 1780 795 Ivivere,
1818 728 1869 774 et

257 821 413 875 aliud
440 835 581 885 esse,
615 818 713 873 sed
741 817 887 871 idem
915 824 966 871 et
994 831 1116 870 esse
1149 823 1201 869 et
1229 814 1415 869 vivere
1452 830 1462 868 :
1498 820 1550 867 et
1568 812 1779 882 primus
1802 826 1868 865 ac

256 925 509 964 summus
554 906 878 971 intellectus,
929 904 1015 959 cui
1053 919 1162 958 non
1189 911 1270 958 est
1313 903 1457 956 aliud
1487 902 1691 965 vivere,
1725 898 1867 952 aliud

256 997 594 1068 intelligere,
619 996 716 1050 sed
738 995 793 1048 id
814 993 959 1065 quod
980 1000 1062 1047 est
1076 992 1403 1062 intelligere,
1426 991 1534 1044 hoc
1557 997 1639 1044 est
1661 988 1863 1043 vivere.

256 1088 381 1141 Hoc
410 1101 533 1140 esse
582 1091 683 1153 est,
736 1099 904 1136 unum
940 1081 1143 1146 omnia,
1178 1089 1435 1151 tanquam
1462 1078 1701 1133 Verbum
1732 1093 1865 1148 per-

255 1174 499 1239 fectum;
533 1173 621 1229 cui
650 1187 758 1227 non
790 1170 930 1225 desit
958 1170 1183 1240 aliquid,
1219 1177 1271 1223 et
1303 1184 1393 1223 ars
1415 1167 1664 1239 quaedam
1686 1165 1865 1221 omni-

255 1262 499 1334 potentis
529 1269 581 1316 et
612 1260 874 1331 sapientis
922 1258 1043 1324 Dei,
1090 1257 1253 1328 plena
1297 1256 1537 1312 omnium
1573 1254 1861 1321 rationum,

256 1350 561 1407 viventium
591 1347 1121 1406 incommutabilium
1157 1362 1168 1401 :
1201 1354 1252 1401 et
1274 1360 1465 1401 omnes
1494 1359 1659 1398 unum
1690 1342 1746 1396 in
1777 1358 1861 1408 ea,

256 1441 405 1495 sicut
435 1440 554 1509 ipsa
582 1454 749 1493 unum
795 1438 862 1491 de
892 1452 1021 1503 uno,
1073 1452 1194 1491 cum
1238 1450 1345 1506 quo
1386 1448 1573 1488 unum.
1606 1432 1685 1486 Ibi
1716 1432 1865 1486 novit

264 1528 451 1585 omnia
481 1528 649 1593 Deus,
683 1542 804 1597 quae
834 1524 961 1580 fecit
989 1540 1088 1595 per
1115 1523 1291 1594 ipsam
1327 1540 1338 1577 :
1374 1530 1426 1577 et
1456 1522 1579 1576 ideo
1609 1536 1732 1575 cum
1763 1520 1862 1574 de-

261 1616 465 1673 cedant
493 1615 580 1671 vel
609 1614 902 1669 succedant
933 1620 1199 1683 tempora,
1232 1627 1341 1667 non
1371 1609 1586 1666 decedit
1616 1609 1701 1664 vel
1741 1623 1863 1663 suc-

258 1706 406 1762 cedit
436 1704 641 1776 aliquid
671 1702 912 1759 scientia
941 1702 1061 1756 Dei.
1102 1702 1225 1756 Non
1242 1700 1385 1755 enim
1403 1700 1520 1754 hmo
1539 1714 1658 1770 quae
1679 1705 1864 1753 creata

262 1802 410 1861 sunt,
461 1794 587 1848 ideo
635 1792 875 1847 sciuntur
906 1807 939 1846 a
967 1792 1102 1857 Deo,
1156 1790 1280 1861 quia
1309 1789 1451 1844 facta
1484 1795 1629 1855 sunt,
1665 1802 1729 1841 ac
1755 1801 1864 1841 non

255 1883 439 1955 potius
486 1882 609 1937 ideo
657 1881 800 1935 facta
853 1887 998 1946 sunt,
1044 1878 1133 1935 vel
1166 1877 1468 1943 mutabilia,
1505 1876 1632 1947 quia
1661 1875 1863 1929 immu-

254 1972 493 2027 tabiliter
519 1971 589 2025 ab
620 1986 682 2025 ea
714 1969 971 2025 sciuntur.
1002 1967 1097 2022 Ille
1128 1966 1292 2039 igitur
1318 1964 1610 2021 ineffabilis
1641 1964 1864 2035 quidam

258 2060 575 2131 complexus
620 2058 792 2113 Patris
840 2064 893 2111 et
936 2056 1209 2127 imaginis,
1257 2071 1369 2110 non
1418 2064 1500 2110 est
1532 2052 1649 2107 sine
1679 2053 1863 2122 perfe-

261 2150 462 2215 ctione,
496 2148 612 2202 sine
661 2146 946 2211 charitate,
996 2145 1112 2199 sine
1160 2144 1382 2217 gaudio.
1434 2143 1530 2196 Illa
1559 2158 1689 2212 ergo
1720 2141 1863 2195 dile-

259 2238 387 2301 ctio,
436 2236 747 2301 delectatio,
800 2234 1049 2299 felicitas,
1103 2234 1191 2290 vel
1241 2232 1519 2287 beatitudo
1564 2230 1631 2299 (si
1682 2238 1864 2285 tamen

258 2329 499 2383 humana
546 2340 681 2381 voce
728 2324 933 2395 aliquid
981 2322 1205 2393 dignum
1255 2321 1473 2390 dicitur)
1511 2337 1642 2374 usus
1672 2319 1861 2373 abillo

261 2416 566 2486 appellatus
596 2422 678 2485 est
727 2413 965 2467 breviter
1009 2420 1062 2466 et
1108 2419 1191 2466 est
1238 2411 1294 2464 in
1339 2410 1601 2464 Trinitate
1633 2408 1862 2478 Spiritus

264 2512 487 2561 sanctus
517 2520 625 2559 non
656 2502 893 2575 genitus,
927 2500 1024 2555 sed
1054 2499 1340 2573 genitoris,
1374 2498 1651 2570 genitique
1683 2496 1863 2551 suavi-

264 2602 365 2659 tas,
412 2591 637 2663 ingeniti
700 2590 765 2663 [f.
818 2588 1047 2661 ingenti]
1107 2588 1358 2661 largitate
1406 2594 1564 2658 atque
1613 2586 1861 2640 ubertate

263 2681 594 2754 perfundens
642 2695 833 2735 omnes
877 2685 1177 2746 creaturas,
1228 2692 1329 2747 pro
1360 2683 1518 2746 captu
1549 2691 1773 2741 earum;
1806 2682 1862 2727 ut

261 2770 509 2827 ordinem
558 2785 717 2823 suum
765 2774 1005 2834 teneant,
1056 2774 1109 2820 et
1154 2766 1287 2820 locis
1337 2764 1446 2819 suis
1491 2763 1858 2835 acquiescant.

265 2861 395 2915 Haec
440 2858 605 2929 igitur
644 2856 827 2912 omnia
873 2871 992 2926 qua:
1036 2863 1149 2909 arte
1193 2853 1376 2909 divina
1425 2852 1567 2907 facta
1621 2860 1764 2920 sunt,
1811 2860 1863 2906 et

269 2947 529 3002 unitatem
562 2946 853 3017 quamdam
893 2945 949 2999 in
981 2959 1039 2999 se
1087 2942 1396 3010 ostendunt,
1433 2949 1485 2997 et
1512 2941 1772 3012 speciem,
1807 2948 1860 2995 et

263 3036 529 3091 ordinem.
567 3034 844 3105 Quidquid
875 3032 1023 3088 enim
1049 3033 1237 3088 horum
1261 3040 1363 3099 est,
1390 3038 1443 3085 et
1468 3047 1636 3084 unum
1656 3030 1861 3101 aliquid

260 3132 362 3192 est,
397 3125 536 3180 sicut
565 3131 691 3177 sunt
716 3130 921 3177 natura:
950 3137 1261 3191 corporum,
1293 3119 1623 3192 ingeniaque
1654 3118 1862 3172 anima-

258 3229 399 3279 rum,
434 3220 487 3268 et
534 3212 716 3283 aliqua
763 3210 946 3281 specie
994 3210 1257 3264 formatur
1304 3208 1465 3278 (sicut
1519 3215 1643 3262 sunt
1676 3206 1862 3277 figurm

258 3302 347 3358 vel
375 3301 662 3373 qualitates
690 3315 1001 3370 corporum,
1036 3313 1103 3353 ac
1131 3297 1413 3363 doctrinae,
1447 3296 1535 3353 vel
1564 3302 1711 3350 artes
1742 3294 1862 3348 ani-

256 3390 526 3461 marum);
560 3397 613 3445 et
642 3389 886 3444 ordinem
936 3386 1173 3459 aliquem
1219 3386 1355 3457 petit
1404 3393 1494 3439 aut
1525 3392 1690 3450 tenet,
1724 3384 1864 3439 sicut

260 3487 385 3534 sunt
415 3478 654 3549 pondera
684 3477 771 3532 vel
803 3476 1189 3533 collocationes
1220 3490 1530 3545 corporum,
1564 3481 1618 3527 et
1647 3488 1864 3527 amores

261 3570 351 3624 aut
380 3566 771 3622 delectationes
801 3565 1123 3620 animarum.
1160 3564 1388 3634 Oportet
1419 3562 1581 3635 igitur
1609 3569 1665 3616 ut
1696 3562 1862 3617 Crea-

264 3665 435 3711 torem
468 3672 565 3726 per
596 3671 662 3710 ea
692 3671 812 3725 quae
844 3653 985 3709 facta
1006 3660 1132 3708 sunt
1152 3651 1421 3707 intellecta
1442 3650 1858 3721 conspicientes,

260 3745 578 3799 Trinitatem
608 3743 993 3814 intelligamus,
1026 3742 1179 3810 cujus
1210 3742 1265 3795 in
1296 3748 1548 3796 creatura
1590 3739 1863 3810 quomodo

264 3833 487 3904 dignum
531 3841 631 3898 est,
684 3840 917 3904 apparet
965 3830 1275 3902 vestigium.
1309 3831 1368 3883 In
1400 3829 1493 3883 illa
1523 3828 1667 3883 enim
1696 3827 1864 3882 Trini-

264 3931 385 3987 tate,
421 3937 634 3976 summa
664 3930 745 3976 est
795 3920 953 3992 origo
986 3935 1163 3973 rerum
1196 3918 1458 3984 omnium,
1494 3925 1545 3972 et
1574 3915 1862 3987 perfectis-

263 4010 395 4065 sima
443 4009 809 4080 pulchritudo,
862 4016 914 4063 et
962 4006 1277 4062 beatissima
1322 4005 1631 4061 delectatio.
1678 4006 1863 4075 Itaque

261 4099 351 4153 illa
394 4098 513 4164 tria,
563 4107 613 4152 et
661 4114 720 4152 se
750 4097 983 4152 invicem
1037 4094 1384 4151 determinari
1427 4094 1695 4159 videntur,
1728 4101 1780 4148 et
1808 4092 1863 4146 in

266 4203 324 4242 se
370 4185 575 4241 infinita
619 4194 760 4241 sunt.
815 4185 922 4240 Sed
972 4184 1059 4239 hic
1098 4184 1151 4237 in
1194 4184 1357 4238 rebus
1403 4182 1705 4253 corporeis,
1754 4197 1862 4236 non

264 4282 471 4331 tantum
498 4282 579 4329 est
606 4290 733 4339 una,
769 4280 1030 4344 quantum
1050 4280 1163 4326 tres
1194 4270 1354 4325 simul
1389 4288 1401 4325 :
1436 4278 1488 4325 et
1518 4270 1638 4340 plus
1661 4269 1864 4340 aliquid

1969 364 2255 429 illuminat,
2285 371 2337 416 et
2381 362 2577 415 ardens
2624 359 2954 421 inflammat,
3008 354 3232 425 dignum
3278 358 3361 405 est
3390 357 3447 402 ut
3478 348 3566 401 lu

1969 469 2128 509 cerna
2153 453 2299 506 lutea
2328 450 2571 513 recedat,
2603 456 2655 503 et
2688 464 2756 502 ne
2787 446 2926 500 ultra
2956 448 3233 514 appareat,
3268 439 3370 493 sub
3401 437 3567 492 silen-

1969 543 2026 597 tii
2056 542 2278 596 latibulo
2310 556 2369 595 se
2399 537 2718 593 abscondat.

2456 704 2847 761 CAPITULUM
2876 702 3083 756 XXXI.

1968 829 2043 883 De
2074 825 2339 897 diligenti
2375 820 2817 897 sollicitudine,
2866 822 2920 872 et
2970 817 3217 897 sollicita
3267 813 3569 897 diligentia

2038 884 2207 969 quani
2245 894 2492 969 orationi
2531 894 2745 969 nostra?
2773 889 3043 969 (quando
3075 888 3127 941 ei
3160 884 3565 969 incumbimus)

2039 954 2300 1023 debemus
2342 954 2882 1035 impenderact'dc
2934 975 3142 1028 magna
3182 954 3566 1035 irristabilitate

2039 1056 2147 1111 qua
2170 1040 2237 1111 iri
2251 1028 2438 1111 corde,
2464 1033 2741 1111 orationis
2760 1034 3007 1111 tempore
3027 1045 3128 1111 per
3154 1028 3417 1110 otiosa-ct
3459 1039 3565 1077 no-

2039 1098 2161 1165 civa
2205 1098 2469 1177 dispersis
2507 1098 2943 1177 cogitationibus
2965 1100 3228 1177 fnestris,
3270 1098 3475 1150 misere
3502 1110 3567 1147 ac

2038 1171 2443 1235 miserabiliter
2482 1171 2849 1244 uctuamus,
2885 1176 2938 1226 ct
2970 1187 3069 1242 per
3099 1171 3403 1223 innumera
3435 1180 3567 1220 eva-

2036 1266 2258 1323 gamur.

2038 1366 2097 1417 In
2120 1360 2521 1417 transvadando
2545 1358 2767 1413 uvium
2787 1356 2937 1411 illum
2961 1352 3278 1419 secundum,
3300 1349 3390 1421 qui
3413 1365 3568 1420 egre-

1967 1453 2115 1507 ditur
2145 1451 2361 1505 deloco
2412 1447 2723 1518 voluptatis,
2773 1445 2859 1502 cui
2896 1459 3098 1498 nomen
3127 1448 3209 1496 est
3228 1439 3437 1505 Gihon,
3472 1437 3567 1491 ali-

1970 1557 2133 1614 quam
2176 1539 2405 1595 tecimus
2453 1552 2682 1591 moram.
2729 1536 2844 1589 Nec
2893 1532 3077 1595 debet,
3124 1536 3183 1583 ut
3229 1526 3567 1591 arbitramur,

1881 1634 1934 1695 B
1965 1631 2050 1686 vel
2080 1630 2200 1699 ipsa
2230 1643 2389 1699 quam
2432 1625 2658 1680 fecimus
2696 1638 2853 1678 mora
2897 1617 3242 1691 reprehendi,
3289 1615 3374 1670 vel
3407 1630 3567 1684 super

1965 1736 2028 1775 ea
2056 1717 2251 1790 aliquis
2300 1714 2528 1771 nimium
2574 1711 2847 1777 admirari,
2900 1709 2992 1780 qui
3038 1714 3241 1779 quanta
3287 1705 3562 1767 duntaxat,

1963 1808 2049 1863 vel
2121 1806 2239 1874 ejus
2288 1804 2356 1858 sit
2414 1802 2643 1858 latitudo
2691 1808 2741 1855 et
2777 1797 3116 1870 profunditas
3159 1810 3269 1849 non
3328 1793 3563 1864 ignorat.

1970 1898 2127 1951 Nunc
2156 1903 2335 1949 autem
2365 1893 2433 1946 ad
2464 1890 2683 1946 tertium
2713 1888 2804 1960 qui
2833 1888 2900 1942 de
2931 1887 3053 1941 loco
3084 1881 3372 1953 voluptatis
3405 1896 3567 1952 egre-

1963 1985 2108 2039 ditur
2138 1982 2380 2047 uvium,
2429 1980 2517 2036 cui
2560 1979 2740 2050 Tigris
2770 1992 2969 2030 nomen
2998 1982 3097 2039 est,
3132 1972 3477 2037 accedamus,
3511 1977 3569 2022 ut

1962 2090 2059 2144 per
2098 2088 2222 2128 eum
2254 2080 2617 2125 transeamus.
2669 2068 2783 2121 Nos
2815 2081 2943 2120 vero
2982 2079 3082 2134 per
3130 2063 3275 2115 hunc
3321 2058 3563 2124 fluvium,

1963 2163 2054 2233 qui
2088 2161 2286 2216 dicitur
2333 2158 2531 2230 Tigris,
2585 2163 2842 2228 quantum
2890 2154 2957 2206 ad
3006 2150 3263 2205 moralem
3308 2148 3568 2202 duntaxat

1962 2251 2153 2305 attinet
2182 2264 2423 2312 sensum,
2467 2247 2719 2301 devotam
2766 2242 3007 2297 diximus
3037 2237 3413 2308 accipiendam
3445 2251 3567 2290 esse

1963 2339 2265 2394 orationem
2290 2356 2303 2403 ;
2339 2336 2475 2391 sicut
2510 2350 2607 2404 per
2626 2334 2775 2386 illum
2796 2331 2887 2402 qui
2906 2330 3087 2385 Gihon
3108 2335 3348 2392 vocatur,
3374 2339 3569 2395 puram

1961 2426 2397 2482 meditationem.
2448 2425 2517 2477 Et
2555 2422 2623 2476 de
2653 2419 3067 2475 meditationum
3099 2415 3318 2487 quidem
3346 2413 3569 2486 generi-

1962 2516 2064 2569 bus
2095 2514 2280 2585 aliqua
2327 2511 2439 2579 tibi,
2474 2511 2565 2581 qui
2613 2509 2883 2564 habitator
2912 2506 3064 2561 cellae
3093 2521 3173 2573 es,
3207 2502 3441 2557 diximus
3469 2520 3484 2568 ;
3517 2509 3570 2555 et

1961 2600 2164 2653 utinam
2198 2607 2304 2651 tam
2355 2596 2460 2649 sint
2510 2595 2655 2649 dicta
2704 2593 2799 2647 tibi
2848 2592 3141 2656 fructuose,
3190 2603 3352 2658 quam
3384 2594 3505 2641 sunt
3537 2601 3571 2640 a

1961 2687 2122 2741 nobis
2152 2687 2299 2741 dicta
2330 2684 2551 2755 profuse
2581 2682 2591 2736 l
2626 2683 2784 2736 Nunc
2814 2688 2993 2735 autem
3021 2679 3089 2732 de
3120 2676 3409 2731 devotione
3439 2690 3567 2729 ora-

1961 2776 2124 2830 tionis
2161 2775 2341 2845 aliqua
2372 2772 2469 2825 tibi
2509 2770 2745 2826 dicenda
2794 2776 2957 2832 sunt;
2994 2782 3115 2838 quae
3146 2764 3217 2823 (si
3248 2763 3377 2835 quid
3406 2763 3474 2817 de
3504 2779 3571 2817 ea

1962 2864 2290 2920 suicienter
2338 2862 2519 2916 dicere
2566 2859 2654 2914 vel
2705 2850 2985 2922 seiremus,
3034 2855 3120 2910 vel
3163 2853 3473 2925 possemus)
3505 2867 3569 2907 eo

1961 2953 2141 3026 magis
2175 2952 2269 3005 tibi
2299 2950 2499 3005 debent
2539 2964 2662 3003 esse
2708 2944 3045 3009 necessaria,
3079 2958 3184 3014 quo
3215 2942 3358 2996 inter
3387 2940 3569 2995 omnia

1965 3042 2162 3113 quibus
2194 3040 2248 3092 in
2277 3038 2415 3094 cella
2465 3034 2700 3090 intendis
2731 3033 3007 3098 exercitia,
3042 3031 3096 3084 in
3127 3029 3567 3101 frequentissimo

1965 3130 2113 3185 soles
2139 3130 2279 3182 hanc
2306 3143 2408 3180 usu
2439 3134 2492 3181 et
2530 3121 2923 3179 consuetudine
2953 3120 3171 3174 habere.
3195 3118 3303 3173 Sed
3325 3117 3454 3188 quid
3477 3117 3573 3171 tibi

1964 3218 2033 3271 de
2063 3232 2129 3270 ea
2150 3216 2334 3270 dicere
2356 3214 2441 3268 vel
2465 3213 2668 3267 scimus
2686 3210 2773 3266 vel
2794 3209 3040 3265 valemus
3058 3208 3085 3261 )
3114 3209 3181 3263 Ut
3204 3214 3384 3261 autem
3403 3205 3567 3271 scias,

1962 3313 2019 3359 tu
2050 3305 2139 3375 qui
2169 3302 2438 3358 habitator
2485 3300 2636 3355 cellze
2685 3316 2763 3365 es,
2818 3297 3046 3368 qualiter
3083 3296 3132 3351 ei
3164 3294 3444 3350 intendere
3474 3295 3570 3349 de-

1964 3394 2117 3459 beas,
2150 3392 2325 3464 magis
2358 3390 2450 3445 illa
2484 3389 2701 3459 indiges
2750 3403 2870 3458 quae
2897 3387 2964 3440 de
2997 3385 3246 3441 omnibus
3278 3384 3438 3438 docet
3465 3398 3571 3437 un-

1963 3483 2162 3549 ctione,
2189 3496 2353 3552 quam
2383 3486 2567 3533 nostra
2590 3475 2912 3531 eruditione.
2940 3474 3079 3529 Dicit
3100 3472 3245 3527 enim
3273 3470 3568 3541 Apostolus

1965 3571 2088 3642 quia
2128 3571 2259 3642 quid
2296 3585 2518 3624 oremus
2549 3569 2697 3622 sicut
2722 3564 3258 3635 oportet,nescimus
3279 3581 3298 3628 ;
3323 3561 3416 3616 sed
3451 3560 3570 3631 ipse

1962 3661 2205 3724 Spiritus
2220 3658 2477 3730 postulat
2486 3672 2589 3728 pro
2600 3655 2757 3710 nobis
2774 3653 3074 3725 gemitibus
3092 3650 3569 3706 inenarrabilibus

1963 3748 2144 3819 (Rom.
2178 3763 2292 3813 vui,
2325 3748 2437 3815 26).
2474 3744 2669 3814 Utique
2702 3758 2801 3813 pro
2822 3741 2981 3796 nobis
3001 3739 3256 3811 postulat,
3282 3738 3410 3810 quia
3431 3753 3571 3808 quos

1966 3836 2157 3907 replet,
2202 3835 2539 3905 postulantes
2570 3831 2695 3887 facit
2729 3848 2742 3884 :
2786 3838 2838 3885 et
2860 3847 2926 3884 ex
2956 3830 3072 3898 ejus
3119 3827 3290 3883 solius
3318 3842 3567 3891 munere,

1964 3934 2016 3979 et
2045 3925 2236 3997 gratia:
2279 3940 2391 3978 suae
2436 3921 2708 3976 infusione
2760 3920 3046 3974 nobiscum
3088 3917 3285 3988 agitur,
3331 3924 3388 3970 ut
3432 3915 3571 3971 sicut

1963 4022 2175 4084 oportet
2233 4028 2395 4067 orare
2439 4012 2697 4066 sciamus.
2748 4009 2922 4080 Magis
2950 4006 3169 4078 quidem
3201 4022 3326 4061 cum
3355 4005 3572 4060 interno

1961 4102 2170 4173 gemitu
2218 4108 2269 4155 et
2314 4100 2505 4154 dolore
2543 4114 2744 4171 magno
2792 4096 3055 4167 conqueri
3105 4103 3158 4149 et
3206 4093 3571 4163 nosmetipsos

1964 4206 2228 4245 accusare
2262 4188 2549 4253 debemus,
2587 4186 2729 4256 quod
2760 4185 2874 4239 fere
2903 4198 3177 4254 nunquam
3203 4182 3572 4252 sicutoportet

1967 4294 2208 4346 oramus,
2243 4291 2405 4347 quam
2450 4284 2507 4329 ut
2549 4275 2685 4329 alios
2710 4290 2869 4328 orare
2898 4273 3192 4326 doceamus
3226 4288 3239 4325 :
3274 4270 3399 4341 quia
3430 4286 3569 4340 qua-

269 4371 389 4418 sunt
416 4364 556 4429 duae,
610 4378 773 4433 quam
820 4376 928 4415 una
967 4377 1077 4415 res.
1126 4361 1395 4415 Caeterum
1424 4359 1479 4413 in
1512 4373 1725 4413 summa
1749 4357 1863 4411 Tri-

1973 4368 2091 4422 liter
2122 4366 2259 4421 sicut
2290 4372 2498 4435 oportet
2530 4378 2747 4417 oremus
2773 4377 2873 4415 nos
2911 4369 3059 4415 certe
3090 4359 3387 4415 nescimus.
3420 4359 3571 4413 Nun-

272 4453 454 4521 nitate,
486 4459 690 4506 tantum
721 4458 805 4507 est
832 4466 960 4515 una,
995 4456 1250 4520 quantum
1282 4456 1395 4502 tres
1427 4447 1622 4513 simul;
1658 4454 1866 4501 tantum

267 4542 385 4595 duae
416 4547 675 4611 quantum
706 4554 831 4594 una.
865 4540 1050 4608 Itaque
1080 4545 1131 4592 et
1152 4536 1369 4608 singula
1392 4545 1514 4590 sunt
1534 4535 1589 4590 in
1611 4536 1861 4608 singulis,

270 4638 321 4685 et
348 4629 531 4683 omnia
561 4628 615 4681 in
661 4627 910 4699 singulis,
946 4634 997 4681 et
1028 4626 1239 4695 singula
1268 4625 1323 4678 in
1355 4625 1627 4691 omnibus,
1662 4631 1714 4679 et
1743 4640 1863 4679 om-

269 4717 357 4772 nia
384 4716 439 4771 in
470 4716 723 4771 omnibus
745 4761 757 4784 ,
791 4724 845 4770 et
872 4731 1039 4769 unum
1075 4714 1276 4769 omnia.
1311 4713 1415 4781 Qui
1443 4712 1589 4768 videt
1619 4714 1743 4781 hoc,
1779 4714 1865 4767 vel

268 4822 329 4859 ex
360 4812 533 4875 parte,
568 4804 656 4859 vel
684 4820 785 4874 per
816 4803 1097 4874 speculum
1129 4809 1181 4857 et
1209 4801 1265 4875 in
1285 4801 1596 4872 aenigmate,
1627 4802 1867 4873 gaudeat

269 4909 603 4963 cognoscens
648 4894 842 4957 Deum,
897 4900 948 4946 et
979 4892 1058 4946 sic
1104 4892 1278 4945 Deum
1325 4892 1551 4945 honoret
1581 4898 1634 4945 et
1663 4890 1866 4961 gratias

270 4990 416 5053 agat.
449 4980 552 5048 Qui
582 4987 764 5034 autem
795 4995 905 5034 non
952 4979 1117 5045 videt,
1170 4979 1356 5033 tendat
1397 4995 1489 5049 per
1518 4978 1772 5050 pietatem
1800 4979 1866 5030 ad

265 5069 576 5134 videndum,
625 5084 734 5123 non
790 5084 887 5139 per
930 5068 1227 5123 caecitatem
1274 5068 1339 5121 ad
1387 5066 1865 5130 calumniandum;

274 5157 531 5229 quoniam
560 5173 700 5211 unus
751 5164 833 5211 est
879 5157 1047 5222 Deus,
1090 5156 1188 5210 sed
1234 5163 1414 5210 tamen
1461 5156 1719 5209 Trinitas.
1752 5156 1867 5210 Nec

271 5246 489 5301 confuse
541 5245 917 5315 accipiendum
962 5252 1063 5312 est,
1111 5261 1175 5299 ex
1205 5260 1309 5316 quo
1342 5245 1542 5309 omnia,
1576 5260 1676 5314 per
1707 5259 1868 5314 quem

270 5335 466 5403 omnia,
501 5336 555 5389 in
588 5349 694 5406 quo
723 5335 943 5390 omnia:
976 5350 1079 5389 nec
1108 5334 1212 5387 diis
1240 5333 1445 5403 multis,
1478 5334 1575 5388 sed
1608 5333 1711 5403 ipsi
1742 5333 1866 5405 glo-

270 5423 346 5478 ria
372 5424 429 5477 in
460 5423 673 5479 szecula.
771 5425 835 5478 Et
869 5423 986 5479 haec
1016 5424 1211 5478 beatus
1261 5424 1417 5477 Pater
1447 5422 1785 5494 Augustinus
1817 5430 1870 5477 et

274 5512 460 5569 doctor
492 5511 724 5584 insignis
755 5511 822 5567 de
849 5512 953 5568 his.
987 5513 1100 5569 Nos
1144 5519 1323 5569 autem
1352 5511 1422 5569 de
1452 5511 1537 5568 his
1566 5511 1713 5584 loqui
1743 5512 1868 5567 diu-

1968 4454 2097 4527 quid
2130 4462 2257 4508 tunc
2289 4453 2428 4508 sicut
2460 4458 2674 4523 Oportet
2712 4466 2931 4505 oramus
2951 4492 2963 4515 ,
2996 4449 3212 4520 quando
3239 4448 3294 4502 in
3322 4447 3570 4502 oratione

1967 4551 2177 4609 nostra,
2230 4542 2317 4597 vel
2366 4541 2499 4595 nihil
2548 4540 2783 4610 penitus,
2818 4538 2903 4593 vel
2935 4537 3157 4593 omnino
3188 4537 3464 4592 modicum
3495 4538 3572 4607 (et

1968 4634 2071 4686 hoc
2103 4630 2426 4700 rarissime),
2463 4628 2705 4684 omnium
2738 4644 2929 4682 eorum
2960 4642 3079 4697 quae
3110 4642 3202 4681 ore
3224 4624 3570 4696 proferimus,

1968 4720 2134 4775 corde
2166 4735 2468 4774 versamus.
2525 4716 2755 4785 Quando
2805 4730 2937 4771 vero
2986 4715 3063 4769 sic
3109 4713 3263 4767 nobis
3303 4712 3436 4782 ipsis
3467 4712 3570 4765 ab-

1968 4816 2167 4876 sentes,
2218 4817 2269 4862 et
2318 4806 2464 4877 quod
2506 4821 2601 4859 ore
2651 4805 2901 4873 dicimus,
2951 4802 3188 4857 funditus
3239 4799 3565 4866 nescientes,

1967 4912 2128 4952 orare
2166 4911 2266 4950 nos
2312 4894 2659 4958 arbitramur,
2692 4892 2995 4963 periculose
3038 4889 3261 4943 nimium
3293 4887 3566 4954 fallimur;

1968 4985 2156 5055 eisque
2186 5000 2284 5054 per
2313 4982 2495 5037 omnia
2526 4981 2731 5035 similes
2762 4979 3043 5044 efficimur,
3078 4978 3145 5031 de
3166 4977 3363 5048 quibus
3387 4977 3571 5033 Domi-
3658 5028 3673 5038 ,

1968 5089 2070 5127 nus
2100 5089 2200 5142 per
2225 5072 2544 5142 prophetam
2574 5070 2707 5124 dicit
2741 5086 2753 5122 :
2786 5067 3033 5138 Populus
3057 5067 3147 5121 hic
3169 5066 3331 5121 labiis
3350 5083 3437 5121 me
3471 5066 3565 5123 ho-

1968 5164 2156 5228 norat,
2172 5176 2267 5217 cor
2286 5164 2478 5215 autem
2492 5175 2686 5215 eorum
2711 5159 2867 5227 longe
2891 5159 2975 5211 est
3046 5172 3133 5211 me
3150 5156 3280 5225 (lsa.
3298 5170 3463 5219 xxxx,
3482 5158 3570 5223 13)

1969 5250 2113 5304 Dixit
2143 5258 2320 5304 autem
2373 5249 2562 5303 beatus
2592 5246 2928 5317 Augustinus
2957 5244 3173 5299 clericis
3205 5243 3336 5308 suis,
3369 5243 3424 5296 in
3456 5244 3567 5297 lle-

1968 5339 2097 5411 gula
2128 5340 2273 5409 (cap.
2310 5339 2361 5407 4)
2396 5352 2584 5392 eorum
2622 5352 2633 5391 :
2732 5333 2959 5389 Psalmis
2982 5342 3033 5388 et
3061 5332 3278 5403 hymnis
3302 5347 3423 5386 cum
3451 5346 3569 5385 ora-

1971 5428 2036 5482 tis
2069 5429 2260 5493 Deum,
2312 5427 2413 5481 hoc
2461 5432 2705 5480 versetur
2741 5424 2795 5478 in
2827 5424 2995 5479 corde
3028 5421 3173 5492 quod
3203 5418 3479 5490 profertur
3511 5418 3566 5472 in

1969 5533 2083 5573 ore.
2173 5516 2280 5571 Sed
2311 5523 2363 5571 et
2394 5515 2584 5570 beatus
2614 5513 2938 5570 Benedictus
2968 5511 3048 5566 sic
3070 5510 3137 5566 de
3160 5510 3263 5566 hoc
3282 5508 3338 5565 in
3358 5507 3567 5581 Regula
