3972 6052
445 161 544 214 863

1315 156 1656 213 GUIGONIS
1707 157 1750 212 ll
1801 151 2210 212 CARTHUSItE
2241 156 2534 215 MAJORIS
2566 158 2858 216 PRIORIS.

3653 170 3763 222 864

442 284 836 338 monachorum
868 283 1008 352 (cap.
1044 284 1133 352 t9)
1164 281 1293 337 dicit
1327 297 1340 335 :
1381 306 1401 328 α
1437 282 1646 353 Ubique
1669 282 1938 337 credimus
1951 281 2038 335 di-
2059 283 2116 342 Α
2142 288 2263 336 ιιιοι·
2301 283 2548 339 seniores
2577 285 2779 340 habere
2803 285 3032 358 phialas
3061 302 3286 353 aureas,
3311 289 3512 360 plenas
3543 289 3749 346 odora-

443 372 619 426 vinam
653 387 774 426 esse
822 370 1187 441 praesentiam,
1233 379 1284 425 et
1313 371 1499 425 oculos
1549 369 1764 423 Domini
1810 370 1864 422 in
1895 369 2042 424 omni

439 460 565 516 loco
597 460 863 530 speculari
915 460 1088 514 bonos
1121 469 1171 513 et
1208 459 1382 514 malos
1417 477 1428 512 ε
1465 459 1695 513 maxime
1726 467 1906 512 tamen
1939 459 2042 513 hoc

450 549 570 603 sine
604 549 785 618 aliqua
819 548 1153 602 dubitatione
1185 549 1493 612 credamus,
1521 564 1644 602 cum
1665 548 1729 601 ad
1753 564 1888 616 opus
1915 547 2044 601 divi-

445 655 570 691 num
604 638 930 690 assistimus.
987 638 1114 690 Ideo
1148 653 1365 705 semper
1396 653 1666 691 memores
1699 637 1867 689 simus
1898 637 2042 706 quod

443 725 513 779 ait
533 727 799 795 Propheta
827 727 1068 780 :Servite
1090 728 1326 779 Domino
1347 727 1407 778 in
1432 729 1631 780 timore
1649 727 1822 784 ('Psal.
1847 740 1903 790 ιι,
1928 725 2037 793 tt),

445 822 497 867 et
531 814 725 868 iterum
763 832 776 868 :
811 815 1049 868 I’sallile
1081 816 1368 884 sapienter
1405 815 1580 882 (Psal.
1625 829 1776 875 XLVI,
1813 817 1904 882 8);
1940 820 1989 867 ct
2027 831 2039 866 :

445 899 509 951 In
532 899 1177 969 conspecluangelorum
1196 897 1442 968 psallam
1467 897 1566 951 tibi
1584 899 1757 966 (\Psal.
1785 912 2038 960 cxxxvu,

446 986 519 1054 1).
545 986 692 1056 Ergo
715 985 1124 1040 consideremus
1156 985 1387 1055 qualiter
1416 993 1660 1055 oporteat
1689 1001 1788 1039 nos
1821 985 1873 1038 in
1905 1000 2042 1039 con-

444 1083 631 1144 spectu
665 1073 960 1128 divinitatis
1011 1083 1062 1128 et
1094 1074 1414 1146 angelorum
1445 1090 1587 1140 esse,
1639 1081 1691 1128 et
1722 1073 1799 1128 sic
1839 1081 2043 1127 stemus

443 1163 510 1216 ad
550 1162 916 1232 psallendum,
970 1170 1027 1215 ut
1067 1178 1222 1216 mens
1250 1169 1436 1216 nostra
1467 1163 1756 1217 concordet
1786 1163 1906 1216 voci
1939 1178 2040 1216 no-

449 1260 594 1306 strae.
628 1272 648 1299 ι
678 1272 775 1300 -ιι
805 1251 859 1304 Si
882 1266 1002 1305 cum
1028 1250 1336 1304 hominibus
1353 1251 1662 1320 potentibus
1684 1250 2046 1304 volnmusali-

447 1355 549 1408 qua
579 1355 903 1410 suggerere,
930 1354 1035 1392 non
1054 1339 1453 1408 przesumimus,
1474 1339 1576 1392 nisi
1600 1355 1723 1392 cum
1744 1339 2044 1393 humilitate

445 1435 498 1482 et
529 1427 852 1494 reverentia,
888 1435 1087 1497 quanto
1129 1427 1304 1499 'nagis
1348 1427 1578 1482 Domino
1611 1429 1725 1482 Deo
1758 1427 2042 1482 universo-

448 1531 569 1568 rum
598 1531 718 1570 cum
770 1514 1065 1568 humilitate
1111 1523 1161 1568 et
1203 1515 1446 1584 puritatis
1493 1515 1780 1570 devotione
1833 1516 2043 1586 suppli-

444 1604 680 1658 candum
713 1603 833 1657 est?
861 1604 927 1656 Et
973 1620 1081 1656 non
1125 1603 1180 1657 in
1209 1604 1567 1674 multiloqnio,
1602 1605 1698 1658 sed
1730 1605 1783 1657 in
1815 1605 2042 1675 puritate

445 1691 629 1745 cordis
676 1699 728 1744 et
771 1691 1186 1761 compunctione
1235 1692 1596 1762 lacrymarum
1646 1708 1746 1747 nos
1799 1693 2042 1747 exaudiri

445 1781 697 1835 sciamus.
759 1782 825 1834 Et
871 1780 995 1834 ideo
1044 1780 1226 1834 brevis
1277 1781 1437 1835 debet
1483 1797 1606 1835 esse
1648 1789 1699 1835 et
1741 1798 1876 1852 pura
1914 1799 2041 1853 ora-

443 1864 517 1918 tio
552 1864 693 1918 :nisi
738 1863 875 1918 forte
917 1881 982 1918 ex
1027 1863 1220 1918 affectu
1264 1865 1460 1919 divinae
1508 1865 1875 1935 inspirationis
1905 1883 2041 1938 gra-

444 1952 530 2007 tia;
578 1952 936 2022 protendatur
985 1953 1138 2022 (Reg.
1191 1954 1245 2008 S.
1297 1955 1452 2017 Ben.,
1485 1970 1532 2008 c.
1566 1956 1676 2024 20).
1717 1975 1739 2002 »
1791 1955 1919 2008 Haec
1967 1954 2041 2007 illi

443 2040 624 2095 eximii
656 2041 753 2096 viri
782 2042 883 2095 hoc
914 2041 1077 2095 modo
1108 2049 1398 2095 senserunt
1427 2041 1494 2094 de
1518 2042 1621 2094 his.
1646 2045 1713 2095 At
1733 2058 1832 2096 nos
1855 2041 2041 2096 miseri

445 2145 567 2184 cum
601 2145 842 2193 oramus,
893 2129 1001 2183 imo
1033 2145 1155 2184 cum
1199 2145 1300 2183 nos
1331 2145 1489 2184 orare
1521 2131 1730 2200 decepti
1762 2138 2038 2200 putamus,

441 2217 532 2272 vel
562 2233 754 2271 somno
787 2217 942 2271 inerti
978 2218 1277 2287 saepissime
1308 2218 1675 2288 deprimimur,
1711 2218 1797 2272 vel
1825 2218 2039 2290 c0gita-

441 2305 587 2360 tione
619 2304 853 2359 instabili
901 2313 1050 2360 extra
1098 2322 1216 2374 nos,
1260 2322 1369 2359 non
1401 2315 1508 2360 tam
1541 2307 1850 2376 frequenter
1879 2323 2035 2377 quam

442 2393 554 2448 fere
584 2394 939 2459 incessanter,
981 2411 1082 2464 per
1120 2412 1351 2466 quaeque
1393 2395 1566 2448 otiosa
1610 2403 1662 2449 et
1700 2395 1908 2462 frivola,
1939 2411 2040 2466 per

442 2481 600 2538 noxia
630 2491 681 2537 et
710 2482 919 2536 inutilia
962 2499 1244 2553 vagamur.
1297 2483 1352 2538 Si
1400 2483 1562 2538 talem
1593 2483 1893 2538 orationem
1922 2484 2038 2538 Deo

443 2587 566 2627 esse
595 2571 851 2642 placitam
883 2579 1158 2641 putamus,
1191 2572 1398 2644 absque
1415 2572 1579 2626 dubio
1599 2563 1851 2625 fallimur.
1877 2569 2038 2639 Quod

445 2659 492 2712 si
522 2658 870 2729 pertinaciter
921 2659 1252 2724 insistentes,
1296 2669 1344 2713 et
1395 2668 1719 2731 arroganter
1751 2660 2032 2724 instantes,

440 2747 591 2801 illam
657 2747 1034 2802 contendimus
1096 2756 1289 2802 contra
1345 2748 1736 2802 conscientiam
1792 2756 2035 2802 nostram

446 2835 563 2890 Deo
593 2834 833 2905 placere,
866 2835 1176 2903 mentimur,
1209 2843 1259 2889 et
1291 2836 1571 2890 veritatem
1587 2851 1696 2890 non
1718 2835 1964 2901 facimus,
1985 2843 2038 2890 et

437 2923 636 2979 veritas
666 2923 721 2976 in
771 2923 928 2976 nobis
959 2939 1066 2976 non
1113 2928 1213 2977 est.
1257 2925 1378 2978 Non
1425 2924 1569 2977 enim
1601 2923 1720 2977 talis
1751 2932 1832 2978 est
1861 2924 2032 2979 oratio

439 3012 507 3066 ad
540 3028 699 3083 quam
729 3027 830 3066 nos
876 3011 1074 3066 Paulus
1121 3011 1325 3080 invitat,
1361 3011 1451 3083 qui
1482 3028 1582 3066 nos
1611 3019 1792 3066 monet
1822 3020 1878 3066 ut
1907 3028 2038 3067 ore-
2069 2997 2116 3056 Ο

437 3115 557 3154 mus
601 3100 656 3153 in
699 3100 912 3170 spiritu,
962 3107 1014 3154 et
1061 3100 1349 3170 vigilemus
1395 3099 1448 3153 in
1492 3101 1759 3164 oratione,
1805 3100 1860 3154 in
1889 3101 2037 3155 omni

437 3188 717 3243 instantia.
753 3189 858 3243 Sed
890 3196 943 3242 et
983 3188 1099 3258 ipse
1131 3189 1393 3243 Dominus
1422 3189 1697 3260 apostolos
1728 3189 2032 3260 alloquens,

435 3285 490 3332 et
558 3277 627 3331 ad
693 3277 959 3331 orandum
1022 3278 1362 3331 exhortans:
1404 3279 1670 3348 Vigilate,
1725 3277 1928 3348 inquit,
1980 3282 2036 3332 et

436 3369 594 3420 orate
663 3365 713 3435 (1
768 3365 888 3420 Cor.
942 3381 1053 3430 xiv,
1119 3365 1246 3435 15);
1292 3365 1555 3436 przemisit
1619 3366 1877 3438 vigilate,
1936 3382 2036 3435 per

433 3454 539 3508 hoc
603 3453 854 3508 erudiens
901 3469 1032 3519 nos,
1086 3463 1353 3524 quatenus
1408 3455 1451 3508 si
1496 3462 1547 3508 et
1595 3454 1711 3509 Deo
1758 3454 2030 3524 placitam,

433 3550 487 3598 et
552 3541 710 3596 nobis
791 3541 1124 3597 fructuosam
1204 3550 1441 3597 nostram
1530 3558 1654 3597 esse
1736 3542 2034 3597 orationem

433 3639 837 3701 praeoptamns,
908 3631 1055 3685 omni
1119 3631 1370 3685 nimirum
1455 3631 1634 3686 studio
1719 3639 1771 3685 et
1835 3639 2032 3686 conatu

431 3728 624 3775 contra
672 3719 970 3774 insolentes
1015 3727 1068 3773 et
1105 3719 1420 3784 instabiles,
1477 3727 1664 3774 contra
1712 3719 1933 3774 nocivas
1981 3727 2033 3773 et

430 3807 648 3862 inutiles
679 3807 1058 3879 cogitationes,
1092 3815 1145 3861 et
1176 3815 1300 3861 ante
1331 3816 1544 3877 tempus
1575 3807 1863 3870 orationis,
1897 3815 1948 3860 et
1978 3807 2032 3860 in

430 3895 552 3965 ipsa
583 3911 741 3966 quam
770 3895 1002 3949 maxime
1027 3894 1314 3966 vigilemus
1337 3895 1579 3949 oratione
1603 3895 1831 3965 (Coloss.
1861 3911 1934 3961 ιν,
1957 3900 1990 3952 2
2015 3915 2029 3961 ;

431 3984 626 4055 Ephes.
663 3998 737 4046 vr,
777 3986 875 4048 18;
911 3985 1076 4037 Marc.
1102 3999 1214 4047 xtv,
1243 3985 1332 4053 38)
1359 4000 1371 4037 :
1398 3999 1466 4038 ne
1503 3983 1648 4054 quod
1669 3983 1854 4054 lingua
1877 3983 2030 4055 quasi

432 4070 638 4126 orando
668 4069 920 4140 proferre
950 4070 1178 4134 videtur,
1213 4070 1477 4126 eﬂiciente
1507 4073 1612 4126 hoc
1641 4071 2030 4143 cogitationum

431 4159 765 4214 instabilium
819 4159 1156 4231 evagatione,
1209 4162 1355 4213 omni
1405 4159 1619 4229 penitus
1650 4159 1823 4215 fructu
1863 4160 2029 4230 spiri-

432 4248 559 4302 tuali
609 4247 868 4318 privetur.
923 4249 988 4302 Ut
1037 4248 1181 4302 enim
1229 4248 1304 4301 ait
1351 4248 1713 4304 Ecclesiastes
1765 4267 1778 4303 2
1830 4251 2030 4305 Musca:

2156 375 2482 427 mentorum
2511 373 2697 444 (Apoc.
2733 389 2788 441 v,
2824 376 2897 443 8).
2923 375 2990 428 Et
3017 383 3072 429 ut
3103 375 3336 430 sciamus
3368 377 3494 447 quid
3514 393 3613 448 per
3635 379 3756 434 haec

2155 459 2513 515 odoramenta
2542 462 2790 532 accipere
2821 463 3139 529 debeamus,
3174 465 3438 537 adjnngit,
3473 483 3593 537 quae
3611 472 3753 521 sunt

2155 551 2438 603 orationes
2487 555 2835 606 sanctorum.
2894 551 3027 620 Quae
3058 560 3180 606 sunt
3209 554 3293 606 hae
3318 553 3514 624 phiala:
3543 570 3746 623 aureae,

2154 635 2256 688 nisi
2322 646 2532 690 mentes
2582 648 2802 704 sanctae,
2858 641 3090 709 puritate
3135 641 3412 696 munditia:
3458 642 3640 704 clarae,
3695 651 3748 697 et

2152 724 2383 778 maxime
2415 726 2615 780 amoris
2649 728 2744 782 Dei
2766 735 2817 781 et
2837 728 3065 797 proximi
3086 729 3284 784 decore
3307 729 3542 800 pretioso
3584 732 3746 785 ador-

2152 822 2289 866 nata:
2313 814 2340 866 ‘?
2381 815 2436 866 In
2467 815 2662 868 talibus
2712 816 2903 886 phialis
2933 817 3143 889 integra
3193 827 3242 872 et
3274 818 3580 888 incorrupta
3610 835 3748 874 con-

2151 910 2434 956 servantur
2492 903 2878 974 odoramenta,
2932 906 3058 977 quia
3105 923 3133 960 a
3199 907 3451 961 cordibus
3499 908 3648 978 puris
3698 917 3751 962 et

2149 991 2411 1045 charitate
2443 991 2620 1062 plenis
2661 1002 2886 1063 accepta
2934 994 3049 1049 Deo
3079 995 3392 1049 emittuntur
3420 1003 3472 1050 et
3502 994 3747 1050 offerun-

2148 1085 2232 1131 tur
2257 1078 2471 1148 piarum
2501 1081 2804 1134 orationum
2833 1082 3074 1136 incensa.
3115 1084 3268 1137 Unde
3298 1091 3348 1138 et
3379 1083 3576 1139 dicitur
3603 1085 3751 1154 quod

2147 1165 2253 1222 illa:
2283 1169 2539 1224 mulieres
2589 1177 2940 1239 portaverunt
2987 1180 3227 1226 aromata
3270 1188 3390 1243 quae
3420 1181 3750 1242 paraverant

2146 1257 2300 1325 (Luc.
2327 1273 2474 1322 xxiv,
2513 1259 2586 1327 1).
2634 1260 2773 1313 Nam
2802 1259 2983 1313 minus
3015 1260 3234 1332 quidem
3263 1276 3364 1315 nos
3394 1270 3582 1331 parata
3611 1277 3747 1316 aro-

2145 1352 2291 1397 mata
2321 1353 2625 1414 portamus,
2679 1363 2802 1401 cum
2850 1349 2968 1402 Deo
2997 1348 3134 1402 tales
3164 1349 3434 1404 orationes
3461 1350 3530 1419 (si
3558 1358 3749 1404 tamen

2145 1431 2446 1504 orationes)
2477 1433 2777 1501 offerimus,
2818 1452 2954 1505 quas
2985 1436 3313 1491 instabilium
3347 1445 3398 1492 et
3429 1438 3747 1493 immunda-

2148 1535 2268 1573 rum
2315 1521 2703 1593 cogitationum
2755 1523 3152 1592 abjectissimus
3200 1525 3374 1596 pulvis
3423 1526 3663 1580 exinanit
3693 1535 3749 1582 et

2145 1610 2459 1679 corrumpit,
2492 1619 2540 1664 et
2586 1611 2718 1680 ipsis
2760 1612 2960 1666 divinis
3008 1613 3230 1667 auribus
3261 1613 3512 1686 indignas
3543 1615 3744 1670 reddit.

2145 1697 2252 1751 Sed
2280 1698 2428 1768 prius
2471 1707 2713 1754 aromata
2763 1708 3040 1770 parentur,
3077 1709 3130 1756 et
3157 1701 3235 1756 sic
3265 1710 3498 1756 aromata
3528 1703 3594 1756 ad
3626 1704 3744 1757 Do-

2141 1785 2347 1838 minum
2379 1795 2680 1856 portentur.
2738 1789 2852 1843 Hoc
2901 1797 3000 1854 est,
3051 1789 3200 1859 prius
3229 1789 3502 1846 orationes
3532 1799 3747 1846 nostras

2142 1889 2309 1943 puras
2350 1873 2660 1942 efﬁciamus,
2708 1885 2760 1930 et
2802 1885 2927 1932 tunc
2973 1893 3066 1932 eas
3111 1878 3466 1948 omnipotenti
3514 1879 3650 1946 Deo,
3685 1889 3746 1934 ut

2143 1961 2193 2014 ei
2221 1963 2584 2032 acceptabiles
2633 1963 2758 2030 sint,
2808 1965 3004 2020 devote
3034 1963 3347 2020 offeramus.
3380 1967 3600 2030 Verum,
3634 1968 3744 2022 heu

2142 2065 2242 2103 nos
2273 2050 2458 2105 miseri
2485 2051 2496 2105 l
2530 2052 2707 2106 minus
2736 2061 2919 2123 parata
2935 2054 3001 2107 ad
3025 2070 3149 2108 eum
3173 2063 3413 2109 aromata
3434 2063 3739 2126 portamus,

2141 2138 2231 2210 qui
2264 2140 2485 2209 quando
2537 2156 2634 2194 nos
2674 2156 2838 2197 orare
2883 2150 3154 2212 putamus,
3187 2143 3315 2214 quid
3344 2159 3439 2200 ore
3483 2143 3741 2214 profera-

2141 2243 2279 2292 mus,
2317 2227 2368 2281 in
2403 2229 2571 2284 corde
2603 2245 2706 2284 nec
2734 2246 2835 2300 per
2855 2231 3204 2295 intellectum,
3238 2248 3338 2288 nec
3367 2248 3466 2303 per
3484 2232 3740 2288 aﬂ‘ectnm

2140 2306 2414 2370 multoties
2463 2325 2515 2371 et
2559 2317 2674 2373 fere
2739 2336 2957 2390 semper
2995 2336 3301 2376 versamus.
3351 2321 3418 2375 Et
3465 2322 3742 2392 quomodo

2140 2419 2240 2457 nos
2271 2403 2422 2458 illam
2453 2421 2483 2458 a
2516 2406 2632 2460 Deo
2667 2408 3064 2462 exaudiendam
3115 2425 3237 2464 esse
3277 2399 3577 2464 orationem
3607 2427 3740 2480 spe-

2140 2508 2260 2547 rare
2308 2509 2618 2563 possumus,
2671 2511 2832 2566 quam
2883 2497 2963 2552 sic
3001 2495 3297 2567 offerimus,
3347 2497 3490 2570 quod
3517 2514 3619 2553 nos
3648 2499 3743 2570 qui

2139 2596 2262 2634 eam
2293 2590 2572 2653 utcunque
2605 2584 2851 2639 videmur
2879 2583 3098 2651 offerre,
3123 2601 3226 2641 nec
3247 2602 3344 2657 per
3357 2603 3620 2654 amorem,
3640 2603 3743 2642 nec

2137 2685 2238 2739 per
2291 2669 2701 2740 intelligentiam
2752 2673 3033 2728 sentimus.
3087 2675 3153 2728 Et
3189 2675 3404 2745 quando
3449 2675 3563 2730 hinc
3609 2691 3740 2730 aro-

2138 2765 2284 2812 mata
2306 2759 2568 2814 mulieres
2596 2769 2795 2831 parata
2825 2763 3216 2832 portaverunt?
3245 2763 3430 2834 utique
3457 2779 3563 2817 una
3594 2764 3739 2819 Sab-

2139 2845 2266 2910 bati,
2317 2847 2474 2902 valde
2523 2847 2784 2904 diluculo.
2837 2849 2883 2905 Ο
2917 2850 3222 2906 stabilitas!
3266 2867 3298 2906 ο
3346 2851 3737 2923 tranquillitas!

2139 2949 2171 2986 ο
2201 2941 2252 2988 et
2285 2934 2508 2990 claritas
2532 2935 2543 2990 Ι
2580 2937 2762 3009 itaque
2781 2953 2889 2993 una
2912 2939 3152 3004 Sabbati,
3176 2939 3332 2994 valde
3353 2939 3592 2995 diluculo
3613 2956 3741 3012 por-

2139 3029 2384 3076 taverunt
2416 3040 2537 3094 quae
2565 3033 2891 3094 paraverant
2911 3035 3176 3094 aromata,
3201 3035 3257 3082 ut
3278 3027 3514 3083 sciamus
3537 3028 3740 3084 debere

2138 3125 2240 3165 nos
2295 3111 2493 3167 habere
2541 3129 2663 3167 cum
2711 3130 2952 3180 oramus,
3003 3116 3138 3170 intra
3187 3132 3305 3182 nos,
3367 3124 3419 3171 et.
3475 3116 3738 3172 unitatem

2138 3207 2400 3269 quantum
2458 3199 2524 3254 ad
2585 3201 2968 3274 cogitationum
3001 3211 3309 3259 nostrarum
3345 3204 3736 3272 stabilitatem;

2137 3293 2190 3340 et
2219 3287 2455 3358 quietem
2503 3297 2762 3358 quantum
2790 3291 2859 3345 ad
2888 3307 3101 3361 pacem,
3140 3301 3191 3347 et
3219 3293 3518 3348 claritatem
3551 3309 3732 3364 quan-

2136 3382 2249 3428 tum
2297 3376 2364 3429 ad
2413 3377 2816 3447 cognitionem;
2850 3388 3114 3450 quatenus
3183 3381 3441 3436 orationis
3487 3389 3736 3450 tempore

2133 3478 2237 3518 nec
2265 3481 2368 3534 per
2394 3465 2570 3520 otiosa
2599 3466 2782 3538 aliqua
2814 3476 2864 3522 et
2895 3468 3079 3524 illicita
3110 3484 3212 3523 nos
3241 3469 3293 3523 in
3317 3477 3496 3524 mente
3514 3470 3738 3542 evagari

2139 3553 2536 3621 permittamus,
2590 3555 2687 3608 sed
2719 3564 2982 3626 quantum
3011 3573 3111 3626 per
3141 3557 3241 3612 Dei
3273 3558 3501 3630 gratiam
3531 3575 3737 3629 possu-

2132 3655 2276 3706 mus,
2310 3639 2418 3695 illis
2449 3641 2578 3696 solis
2607 3659 2726 3714 quae
2748 3659 2844 3699 ore
2866 3643 3214 3714 proferimus,
3237 3662 3335 3717 per
3349 3647 3734 3719 cogitationem

2133 3727 2493 3784 intendamus.
2529 3731 2635 3786 Sed
2683 3747 2786 3788 nec
2815 3732 3050 3804 aliquam
3081 3733 3412 3790 intrinsecus
3441 3736 3734 3806 perturba-

2071 3880 2078 3893 .
2131 3815 2336 3872 tionem
2365 3818 2706 3874 revolvamus
2731 3839 2744 3887 ;
2779 3821 2877 3875 sed
2907 3822 2962 3875 in
2992 3822 3156 3892 plena
3185 3839 3318 3896 erga
3348 3839 3539 3878 omnes
3559 3825 3735 3878 homi-

2130 3919 2248 3969 nes,
2282 3912 2332 3960 et
2362 3907 2598 3962 maxime
2628 3924 2760 3978 erga
2781 3908 2978 3965 fratres
3001 3918 3052 3966 et
3074 3920 3255 3983 patres
3278 3919 3513 3978 nostros,
3537 3911 3736 3984 quibus

2130 3993 2446 4049 cohabitare
2475 4003 2720 4051 tenemur
2768 3999 3052 4054 unanimes
3094 4001 3147 4054 in
3187 4001 3369 4066 domo,
3403 4013 3538 4071 pace
3567 4000 3736 4072 quieti

2130 4095 2344 4135 sumus.
2401 4083 2484 4137 Ad
2546 4093 2846 4141 extremum
2911 4103 3011 4143 nec
3061 4089 3291 4158 alicujus
3337 4089 3734 4159 phantasmatis

2130 4169 2364 4241 caligine
2431 4171 2813 4240 obscuremur,
2877 4176 2974 4230 sed
3031 4177 3209 4248 potius
3269 4177 3407 4232 lucis
3451 4177 3732 4244 cujusdam

2129 4257 2423 4327 spiritualis
2455 4276 2486 4316 a
2516 4263 2632 4318 Deo
2661 4279 2692 4318 a
2721 4265 2881 4320 nobis
2925 4265 3187 4322 immissae
3219 4265 3580 4321 illustratione
3611 4265 3732 4322 cla—

431 4338 738 4391 morientes
753 4336 1000 4407 perdunt
1030 4338 1373 4392 suavitatem
1410 4339 1692 4409 unguenti
1727 4338 1930 4406 (Eccle.
1974 4355 2024 4402 ιι,
2058 4345 2423 4413 Driﬁccmur,

433 4426 514 4494 1):
540 4432 592 4478 et
609 4426 813 4492 (utnon
837 4433 946 4478 tam
970 4424 1304 4496 frequenter,
1331 4441 1492 4496 quam
1518 4425 1631 4481 fere
1661 4426 2032 4481 indesinenter

430 4513 762 4583 experimur)
819 4513 1157 4568 descendunt
1222 4513 1476 4569 volucres
1529 4531 1695 4585 super
1741 4515 2026 4569 cadavera.

429 4601 500 4656 Et
529 4609 612 4656 est
659 4600 816 4655 valde
861 4602 1227 4656 necessarium
1260 4610 1316 4656 ut
1351 4602 1535 4674 abigat
1565 4619 1660 4657 eas
1690 4604 1890 4656 Abram
1916 4621 1932 4669 ;
1963 4619 2032 4658 ne

429 4690 570 4744 forte
635 4689 848 4760 penitus
915 4690 1060 4761 quod
1099 4689 1256 4744 oﬂert
1324 4691 1598 4760 perdatur,
1651 4690 1696 4743 si
1745 4691 2032 4761 contigerit

432 4778 597 4850 (quod
631 4776 826 4849 absit!)
858 4785 913 4831 ut
945 4779 1012 4831 ab
1043 4779 1122 4832 eis
1155 4779 1414 4849 rapiatur.
1449 4779 1554 4832 Sed
1584 4787 1636 4832 et
1664 4779 1924 4833 mulieres
1954 4781 2032 4848 (nt

430 4882 617 4921 eorum
647 4882 764 4937 quae
795 4866 966 4937 gessit
992 4867 1274 4932 Dominus,
1309 4867 1510 4922 relator
1528 4867 1788 4939 egregius
1813 4875 2030 4923 sanctus

429 4956 603 5009 Lucas
652 4955 810 5009 nobis
859 4954 1190 5024 manifestat)
1241 4955 1310 5008 ad
1359 4964 1768 5010 monumentum
1815 4956 2031 5011 Domini

428 5051 714 5109 venerunt,
748 5047 1045 5115 portantes
1069 5060 1191 5115 quae
1208 5049 1557 5114 paraverant
1579 5049 1838 5100 aromata
1871 5047 2028 5112 (Luc.

429 5146 578 5192 xxiv,
616 5130 684 5200 1).
719 5131 785 5183 Et
832 5148 952 5202 qua:
998 5140 1120 5184 sunt
1169 5133 1282 5186 hrcc
1328 5140 1590 5197 aromata,
1627 5133 1730 5186 nisi
1761 5133 1952 5188 suavia
1981 5141 2033 5188 et

433 5217 708 5273 odorifera
739 5228 1049 5274 sanctarum
1090 5219 1396 5274 orationum
1447 5221 1848 5276 odoramenta?
1880 5223 2032 5277 Unde

431 5315 485 5360 et
533 5307 663 5377 petit
711 5308 1016 5377 Psalmista,
1066 5309 1361 5362 orationem
1409 5325 1560 5362 suam
1601 5310 1760 5382 dirigi
1794 5311 1847 5363 in
1895 5326 2030 5365 con-

431 5403 619 5465 spectu
665 5396 879 5468 Domini
926 5397 1061 5451 sicut
1113 5397 1392 5451 incensum
1439 5400 1615 5462 (Psal.
1673 5415 1792 5462 CXL,
1838 5401 1893 5467 2)
1932 5415 1942 5452 :
1979 5407 2032 5454 et

355 5537 363 5545 ,
434 5493 649 5540 sanctus
689 5486 924 5540 Joannes
967 5485 1020 5540 in
1050 5485 1380 5560 Apocalypsi
1411 5487 1627 5552 asserit,
1670 5487 1861 5561 viginti
1891 5503 2029 5559 qua-

2594 4517 2990 4575 CAPITULUM
3017 4519 3252 4574 XXXII.

2131 4681 2208 4736 re
2235 4685 2446 4768 mentis
2495 4690 2842 4768 evagatione,
2891 4689 3245 4768 q_uam_z_zobis
3269 4689 3551 4768 orationis
3594 4693 3733 4768 tem-

2199 4768 2333 4823 pore
2352 4761 2535 4832 inesse
2556 4762 2852 4832 sentimus,
2877 4765 2933 4814 et
2953 4761 3205 4832 qualiter
3223 4765 3277 4814 et
3299 4776 3472 4832 quare
3488 4776 3594 4830 per
3618 4764 3734 4814 ter-

2205 4835 2349 4888 tium
2370 4832 2464 4904 qui
2485 4830 2550 4884 de
2575 4832 2689 4885 loco
2712 4830 3018 4904 voluptatis
3041 4830 3606 4904 egreditur/luvium,
3635 4832 3732 4904 qni

2201 4908 2256 4959 et
2285 4901 2460 4972 Tigris
2477 4905 2724 4966 vocatur,
2749 4901 3025 4957 orationis
3043 4901 3372 4973 accipienda
3393 4901 3608 4956 devotio
3631 4901 3730 4956 sit.

2203 5044 2358 5117 Cogit
2389 5059 2489 5098 nos
2520 5051 2578 5097 ut
2609 5050 2799 5108 tecum,
2839 5043 2928 5113 qui
2960 5043 3228 5098 habitator
3245 5042 3398 5099 cella:
3419 5059 3496 5109 es,
3522 5041 3731 5114 aliquid

2131 5135 2310 5190 adhuc
2339 5148 2570 5205 agamus
2597 5131 2664 5186 de
2681 5132 2800 5196 his;
2834 5132 2978 5202 cogit
2997 5147 3116 5200 nos,
3144 5132 3387 5204 inquam.
3407 5147 3606 5204 magna
3627 5148 3733 5202 qua

2132 5224 2262 5278 satis
2294 5221 2650 5292 deprimimur
2684 5220 2925 5284 miseria,
2950 5229 3124 5275 nostri
3160 5237 3266 5274 non
3314 5221 3582 5276 oblivisci.
3611 5221 3736 5274 Non

2130 5312 2274 5367 enim
2329 5327 2618 5380 possumus
2646 5325 2752 5363 non
2783 5309 3056 5379 suspirare
3087 5317 3137 5364 et
3169 5325 3413 5379 gemere,
3448 5325 3612 5379 super
3643 5309 3734 5362 in-

2131 5399 2282 5472 genti
2314 5399 2660 5453 instabilitate
2691 5397 2873 5452 miseri
2898 5405 2950 5452 et
2977 5397 3306 5452 miserabilis
3337 5397 3521 5453 cordis
3540 5395 3737 5451 nostri.

2131 5491 2308 5562 Supra
2338 5489 2558 5545 modum
2588 5503 2785 5560 vagum
2816 5495 2867 5542 et
2897 5486 3190 5559 profugum
3213 5495 3313 5554 est,
3338 5494 3392 5542 et
3415 5503 3475 5542 se
3497 5485 3601 5542 sibi
3619 5484 3738 5544 fere
