3972 6052
195 258 300 312 865

1326 253 1526 309 LIBER
1566 252 1659 309 DE
1698 251 2081 308 EXERCITIO
2121 252 2376 306 CELLIE.

3401 259 3503 311 866

202 382 543 437 incessanter
573 379 798 445 furatur,
835 387 887 434 et
934 386 1224 450 antequam
1263 378 1477 445 sentiat,
1512 386 1670 450 atque
1701 378 1801 433 de—
1823 380 1879 438 Α
1909 377 2147 448 perfecte
2178 376 2292 431 sine
2324 375 2469 430 omni
2510 374 2855 430 excusatione
2905 383 3222 446 reputamus
3248 378 3498 447 injustos.

203 470 526 540 prehendat,
562 477 713 523 extra
747 485 806 523 se
846 468 1023 522 fusum
1071 468 1473 533 comminuitur,
1508 475 1559 522 et
1588 485 1689 537 per
1718 468 1805 521 in—

201 574 428 614 numera
516 558 867 630 dispergitur.
927 558 1016 612 Sic
1086 566 1265 612 autem
1323 557 1712 612 comminutum
1757 565 1809 610 et

206 647 514 717 dispersum
546 647 633 701 vix
663 663 722 700 se
751 646 1008 717 permittit
1044 646 1113 700 ad
1155 662 1214 701 se
1246 646 1491 701 revocari
1521 654 1571 700 et
1600 644 1805 717 colligi,

206 744 261 790 et
288 736 428 789 intra
472 751 530 789 se
580 734 941 807 redintegrari
975 751 985 789 :
1022 734 1149 789 etsi
1189 733 1329 789 forte
1380 734 1467 789 vel
1513 733 1809 804 aliquando

206 824 278 878 ad
310 840 369 878 se
399 822 557 878 fuerit
602 823 907 889 collectum,
965 838 1066 878 nec
1123 838 1232 878 uno
1280 824 1357 892 (ut
1412 823 1482 876 ita
1541 821 1808 892 dicamus)

202 912 350 966 intra
381 928 438 967 se
468 919 743 966 momento
786 911 1047 982 permittit
1095 928 1153 966 se
1194 911 1498 965 demorari.
1560 911 1630 964 Et
1686 927 1807 965 cum

202 1000 371 1054 tantis
398 1016 461 1055 ac
489 1000 686 1054 talibus
716 1000 1088 1055 indesinenter
1132 998 1370 1055 miseriis
1425 998 1810 1054 miserabiliter

208 1088 541 1154 devastetur,
573 1096 849 1155 oneretur,
895 1096 1194 1158 prematur,
1230 1096 1357 1143 tunc
1386 1087 1604 1159 quidem
1631 1086 1810 1158 magis

214 1177 287 1231 ab
316 1176 395 1231 eis
425 1185 655 1232 vexatur
682 1193 802 1232 cum
851 1177 919 1231 ad
949 1176 1246 1232 orationem
1289 1176 1637 1231 convertitur.
1669 1177 1810 1229 Nam

207 1266 425 1336 quando
470 1265 557 1320 vel
600 1266 653 1319 in
699 1266 889 1321 codice
942 1264 1197 1337 legimus,
1231 1265 1314 1320 vel
1364 1264 1601 1319 manuali
1651 1262 1813 1318 alicui

208 1354 364 1425 operi
393 1353 743 1419 intendimus,
778 1354 1115 1424 aliquantum
1163 1368 1555 1423 nonnunquam
1584 1368 1681 1407 cor
1709 1368 1812 1421 ap-

208 1458 417 1513 ponere
450 1442 712 1511 valemus,
746 1450 800 1497 et
827 1450 884 1496 ut
922 1441 987 1495 iis
1036 1443 1104 1496 de
1153 1442 1347 1512 quibus
1391 1457 1491 1495 nos
1536 1439 1812 1493 introrrit-

207 1530 392 1595 timus,
425 1539 699 1602 utcunque
727 1530 854 1585 licet
883 1530 1111 1585 multum
1157 1529 1399 1584 renitens
1433 1536 1483 1583 et
1513 1528 1810 1593 reluctans,

210 1620 417 1674 morari
475 1635 535 1674 se
602 1618 880 1689 permittat
939 1618 1200 1673 efﬁcimus
1249 1636 1262 1672 :
1320 1634 1513 1673 verum
1566 1632 1687 1672 cum
1744 1616 1813 1670 ad

210 1708 472 1762 orandum
528 1708 881 1774 accedimus,
937 1706 1221 1763 confestim
1279 1706 1431 1777 quasi
1490 1707 1594 1761 hoc
1650 1719 1815 1775 supra

206 1796 430 1851 modum
459 1811 705 1862 exosum,
766 1804 817 1850 et
864 1796 919 1850 in
963 1796 1126 1866 pleno
1172 1811 1234 1849 ac
1282 1794 1521 1865 perfecto
1567 1793 1693 1847 odio
1721 1808 1817 1849 cor

208 1893 457 1939 nostrum
502 1885 716 1950 habeat,
768 1900 827 1939 se
859 1883 960 1937 sibi
1005 1883 1193 1949 furari,
1243 1899 1302 1938 se
1332 1899 1363 1936 a
1400 1899 1458 1936 se
1507 1882 1811 1947 extrahere,

207 1972 375 2045 longe
404 1989 433 2026 a
463 1989 522 2028 se
579 1973 841 2028 secedere
898 1972 1088 2044 |Par.,
1146 1970 1444 2043 recedere],
1508 1978 1559 2025 et
1600 1971 1666 2024 iis
1695 1986 1816 2041 qua:

204 2061 263 2115 in
294 2077 391 2116 ore
420 2061 773 2131 proferuntur
802 2054 1024 2116 dorsum
1056 2068 1266 2115 vertere
1310 2058 1569 2114 velociter
1595 2058 1815 2131 fugiens

206 2148 447 2204 festinat.
486 2150 554 2205 Et
584 2149 629 2203 si
651 2149 790 2205 forte
821 2150 890 2205 ad
919 2165 979 2203 se
1012 2149 1097 2204 vel
1126 2147 1408 2203 rarissime
1441 2147 1598 2212 redit,
1633 2149 1813 2201 statim

205 2253 240 2292 a
267 2254 327 2293 se
357 2237 581 2305 recedit,
615 2246 667 2292 et
696 2255 909 2293 rursum
940 2236 1216 2310 vagationi
1258 2236 1499 2307 pristina:
1529 2252 1587 2289 se
1619 2235 1804 2290 tradit.

210 2325 258 2381 Ο
289 2342 488 2399 magna
528 2326 787 2381 miseria!
860 2342 1023 2397 quam
1069 2326 1210 2381 bene
1252 2324 1382 2379 illud
1429 2324 1631 2379 dictum
1681 2332 1763 2378 est
1798 2339 1809 2376 :

210 2416 450 2470 Factum
480 2419 564 2471 est
596 2416 893 2471 silentium
930 2416 993 2469 in
1032 2416 1166 2470 caelo
1210 2414 1371 2486 quasi
1410 2414 1595 2468 media
1627 2414 1764 2468 hora
1796 2419 1814 2466 !

204 2504 401 2575 (Apoc.
433 2519 554 2569 vm,
591 2503 668 2573 1.)
714 2504 1075 2574 Nequaquam
1120 2503 1282 2573 plena
1330 2502 1488 2567 hora,
1531 2500 1627 2555 sed
1657 2500 1815 2554 dimi-

208 2592 301 2646 dia
358 2592 625 2646 stabilitas
702 2600 753 2646 et
808 2592 964 2663 quies
1010 2590 1069 2645 ﬁt
1123 2591 1179 2645 in
1236 2590 1456 2655 animo;
1515 2588 1659 2659 quod
1733 2596 1815 2642 est

210 2679 331 2735 ﬁeri
364 2680 636 2736 silentium
670 2680 726 2734 in
755 2680 915 2735 coelo.
952 2680 1058 2735 Sed
1090 2695 1189 2734 nec
1218 2679 1307 2732 illa
1347 2677 1589 2743 dimidia,
1622 2676 1814 2730 saltem

209 2776 267 2823 ut
311 2768 534 2823 dimidia
591 2769 840 2834 sentitur,
902 2767 1029 2839 quia
1084 2775 1136 2822 et
1188 2766 1345 2837 quasi
1373 2764 1731 2835 praemittitur.
1767 2764 1813 2819 Ο

211 2856 397 2912 cordis
415 2856 614 2927 ingens
633 2856 858 2911 morbus
885 2855 895 2910 l
931 2863 983 2910 et
1001 2855 1219 2926 quidem
1248 2854 1469 2909 omnino
1498 2852 1814 2908 incurabilis

211 2944 453 3018 quandiu
509 2961 706 3016 corpus
767 2945 911 3016 quod
966 2943 1325 3014 corrumpitur
1374 2949 1645 3015 aggravet
1690 2942 1813 2997 ani-

209 3049 376 3097 mam,
411 3041 465 3088 et
495 3033 751 3104 deprimit
788 3041 1003 3089 terrena
1032 3031 1347 3087 inhabitatio
1393 3047 1616 3086 sensum
1646 3030 1814 3083 multa

213 3122 561 3193 cogitantem.
595 3121 699 3177 Ubi
726 3120 884 3176 nobis
914 3121 971 3174 in
998 3128 1147 3175 tanta
1192 3120 1413 3174 miseria
1444 3136 1589 3189 spes,
1626 3118 1730 3171 nisi
1759 3118 1815 3171 in

214 3210 332 3265 sola
362 3210 742 3266 misericordia
779 3209 899 3276 Dei,
933 3209 1026 3280 qui
1070 3208 1321 3263 exercitio
1368 3207 1466 3275 illi,
1502 3207 1644 3278 quod
1677 3207 1814 3260 inter

212 3298 395 3354 omnia
424 3298 620 3369 quibus
648 3298 978 3353 intendimus
1035 3296 1289 3352 exercitia
1336 3295 1514 3365 magis
1545 3302 1625 3348 est
1656 3294 1814 3348 nobis

211 3386 605 3452 necessarium,
655 3385 793 3443 sicut
838 3386 1122 3451 debemus,
1188 3384 1471 3439 intendere
1514 3399 1621 3437 non
1664 3382 1814 3437 vale-

210 3475 378 3529 mus?
418 3474 560 3542 Quid
592 3475 661 3529 de
692 3474 825 3544 ipsis
855 3474 1060 3544 apertis
1097 3473 1253 3527 malis
1298 3473 1500 3527 nostris
1548 3472 1809 3535 dicemus,

215 3563 435 3635 quando
465 3562 585 3633 ipsa
616 3563 760 3617 bona
788 3570 996 3626 nostra,
1030 3578 1141 3616 non
1194 3577 1359 3631 posse
1404 3561 1545 3614 bona
1577 3575 1697 3614 esse
1727 3558 1813 3614 vi-

216 3652 410 3706 demus
427 3651 457 3707 ?
486 3650 627 3718 Quid
659 3650 800 3704 inter
827 3650 980 3705 haec?
1008 3650 1385 3719 Nosmetipsos
1405 3649 1743 3703 incessanter
1763 3655 1816 3702 et

214 3739 416 3794 acriter
446 3739 501 3792 in
529 3747 826 3809 conspectu
856 3738 957 3792 Dei
974 3753 1293 3811 arguamus,
1324 3737 1810 3808 reprehendamus,

216 3844 558 3893 accusemus,
595 3836 647 3883 et
684 3828 945 3882 miseram
990 3827 1224 3881 animam
1280 3833 1520 3880 nostram
1551 3825 1606 3878 in
1636 3825 1814 3878 mani-

216 3917 319 3971 bus
375 3916 576 3971 nostris
634 3924 933 3987 portantes,
999 3931 1193 3972 carnes
1240 3922 1458 3970 nostras
1507 3914 1815 3968 laceremus

214 4005 470 4060 dentibus
533 4005 753 4060 nostris.
821 4005 939 4059 Erit
988 4004 1235 4059 fortassis
1299 4004 1445 4074 apud
1490 4002 1636 4073 pium
1673 4003 1814 4057 Con-

212 4094 445 4149 ditorem
471 4102 735 4155 nostrum,
769 4095 860 4165 qui
889 4093 1170 4166 cognoscit
1198 4092 1515 4163 ﬁgmentum
1546 4098 1809 4156 nostrum,

213 4182 304 4253 qui
336 4190 389 4236 et
438 4183 758 4237 recordatur
814 4182 938 4253 quia
995 4197 1122 4237 caro
1173 4198 1379 4247 sumus,
1428 4180 1611 4252 aliqua
1657 4179 1815 4247 hujus

211 4277 417 4325 nostrae
437 4269 742 4342 fragilitatis
791 4269 1088 4337 excusatio,
1141 4270 1258 4339 ipsa
1286 4276 1474 4324 nostra
1503 4283 1732 4322 accensa
1763 4275 1816 4321 et

214 4358 468 4412 humilias
499 4358 795 4414 accusatio.
827 4360 895 4413 Et
934 4358 1151 4429 quidem
1183 4357 1345 4429 quasi
1389 4372 1617 4428 pannus
1648 4371 1813 4410 men-

1907 468 1974 542 ᾼι
2006 474 2057 519 tu
2092 465 2355 529 fortassis,
2391 464 2481 535 qui
2510 464 2662 518 cellae
2706 464 2975 518 habitator
3015 481 3093 527 es,
3129 466 3202 519 ita
3231 468 3391 522 nobis
3420 463 3505 523 re-

1908 554 2146 624 spondes
2179 554 2247 607 ad
2278 555 2391 607 hmo
2424 571 2436 605 :
2469 552 2690 606 multum
2725 569 2811 606 me
2844 553 2895 605 in
2940 554 3119 607 verbis
3149 554 3266 608 istis
3297 556 3505 611 sollici-

1909 650 2021 696 tum
2071 650 2121 696 et
2176 642 2434 712 pavidum
2489 641 2811 706 reddidisti,
2865 642 3199 713 multumque
3248 644 3499 715 turbasti,

1908 730 2267 797 commovisti,
2300 729 2622 785 concussisti
2657 745 2667 782 :
2702 746 2825 783 nam
2874 730 3036 800 plene
3087 731 3218 785 mihi
3249 748 3313 787 ac
3343 733 3505 802 plane

1909 818 2392 873 miseriam‘meam
2422 834 2697 889 magnam,
2736 835 2837 888 qua
2882 836 3042 889 supra
3073 820 3293 874 modum
3323 821 3426 877 hac
3454 822 3509 876 in
3574 836 3583 844 ‘

1908 915 2061 978 parte
2093 914 2344 961 oneratus
2375 922 2440 961 ac
2468 914 2708 961 vastatus
2738 923 2855 961 sum
2886 907 3284 975 demonstrasti,
3319 917 3373 965 et
3393 926 3509 965 om-

1909 1012 2033 1050 nem
2066 995 2195 1048 mihi
2213 995 2425 1065 penitus
2447 995 2854 1049 excusationem
2877 996 3163 1050 abstulisti.
3200 998 3255 1052 Si
3287 999 3506 1069 quidem

1911 1084 2095 1139 omnia
2122 1084 2240 1138 haec
2270 1083 2340 1136 ita
2372 1082 2423 1136 in
2456 1098 2543 1137 me
2592 1084 2786 1147 sentio,
2837 1084 2975 1139 sicut
3002 1100 3062 1138 ea
3094 1092 3146 1139 te
3193 1086 3378 1142 dicere
3404 1103 3507 1143 au-

1910 1172 2019 1227 dio.
2052 1172 2149 1225 Est
2196 1171 2378 1242 utique
2432 1171 2691 1241 quidquid
2722 1171 2858 1226 dicis
2888 1189 3093 1239 verum,
3124 1180 3177 1227 et
3204 1190 3312 1229 non
3344 1184 3426 1230 est
3456 1176 3512 1230 in

1910 1260 1995 1314 his
2043 1260 2221 1315 verbis
2276 1259 2380 1313 tuis
2441 1259 2659 1329 aliquod
2718 1260 3079 1315 mendacium.
3121 1260 3317 1318 Omnia
3366 1265 3510 1319 enim

1914 1365 2033 1419 quae
2065 1348 2223 1413 dicis,
2260 1348 2337 1403 sic
2367 1363 2487 1402 esse
2527 1356 2583 1402 ut
2615 1347 2772 1407 dicis.
2818 1349 3179 1404 certissimum
3217 1369 3303 1407 me
3334 1354 3513 1408 reddit

1913 1453 2022 1491 non
2054 1437 2226 1490 solum
2259 1435 2504 1499 scientia,
2538 1435 2635 1489 sed
2666 1442 2718 1489 et
2748 1436 3075 1506 quotidiana,
3122 1439 3231 1494 imo
3260 1441 3515 1497 continua

1913 1541 2037 1580 mea
2058 1524 2419 1595 experientia.
2462 1524 2568 1578 Sed
2601 1524 2729 1594 quid
2752 1524 2882 1578 mihi
2910 1526 3135 1595 prodest
3164 1530 3308 1598 quod
3338 1529 3515 1585 valida

1915 1614 2074 1682 (sicut
2106 1629 2212 1685 ego
2244 1613 2360 1683 ipse
2392 1628 2457 1667 eo
2490 1612 2704 1682 plenius
2736 1613 2869 1677 scio,
2913 1615 3057 1684 quod
3083 1617 3365 1671 molestius
3394 1634 3515 1673 eam

1834 1735 1886 1793 B
1917 1702 2114 1771 sentio)
2166 1718 2254 1755 me
2310 1700 2447 1755 dicis
2504 1701 2827 1771 argritudine
2876 1703 3080 1769 vexari,
3143 1704 3245 1758 nisi
3276 1714 3328 1760 et
3383 1707 3515 1762 mihi

1916 1791 2174 1844 ostendas
2235 1789 2508 1860 quomodo
2560 1790 2733 1859 possit
2799 1798 2849 1843 et
2904 1791 3098 1845 debeat
3146 1794 3369 1848 curari?
3417 1795 3518 1851 Dic
3596 1854 3605 1863 κ

1915 1877 2165 1948 proinde,
2204 1893 2389 1948 quaeso
2418 1885 2491 1941 te,
2543 1885 2699 1947 prout
2736 1877 2831 1930 tibi
2880 1879 3136 1945 occurrit,
3180 1882 3397 1951 qualem
3428 1876 3516 1939 me

1914 1966 1969 2019 in
1995 1966 2243 2021 oratione
2292 1965 2552 2020 exhibere
2609 1965 2860 2031 debeam,
2918 1975 2975 2020 ut
3022 1982 3143 2022 eam
3174 1968 3370 2025 offerre
3400 1972 3517 2027 Deo

1915 2054 2121 2125 possim
2153 2063 2451 2124 acceptam.
2472 2055 2540 2107 Et
2563 2069 2662 2108 nos
2702 2054 2796 2107 tibi
2823 2053 2902 2109 sic
2930 2058 3326 2126 respondemus
3359 2075 3371 2112 :
3404 2061 3519 2117 Hoc

1914 2142 2005 2197 ille
2054 2143 2149 2197 tibi
2203 2144 2255 2196 in
2307 2143 2469 2197 corde
2524 2150 2618 2197 tuo
2662 2142 2885 2197 silenter
2933 2144 3081 2209 dicit,
3124 2146 3331 2217 absque
3360 2150 3516 2217 cujus

1917 2231 2085 2286 solius
2142 2246 2385 2298 munere,
2417 2231 2589 2286 oratio
2639 2238 2729 2285 tua
2774 2247 2875 2287 nec
2905 2232 2982 2285 illi
3011 2242 3252 2303 accepta,
3287 2251 3389 2291 nec
3420 2237 3516 2291 tibi

1918 2320 2058 2374 valet
2115 2336 2237 2374 esse
2294 2319 2620 2374 fructuosa:
2684 2321 2836 2389 cujus
2898 2321 3216 2393 plerumque
3289 2324 3511 2394 dixisse,

1914 2408 2111 2463 fecisse
2142 2416 2243 2462 est.
2274 2408 2492 2463 Diceret
2536 2408 2627 2462 tibi
2686 2407 2929 2463 fortassis
2960 2418 3012 2464 et
3071 2427 3171 2480 per
3225 2428 3354 2479 nos;
3386 2413 3514 2469 licet

1912 2496 2061 2568 loqui
2092 2496 2159 2551 de
2206 2498 2310 2553 hoc
2346 2497 2462 2551 sine
2504 2513 2705 2568 magna
2755 2506 2945 2553 nostra
2990 2499 3306 2556 confusione
3336 2510 3387 2557 et
3417 2521 3514 2557 ru—

1914 2586 2045 2640 bore
2076 2602 2185 2639 non
2214 2601 2526 2655 possumus.
2559 2586 2753 2640 Nonne
2793 2586 3039 2641 confusio
3068 2589 3231 2643 debet
3260 2607 3382 2645 esse
3409 2608 3512 2647 no-

1913 2674 1997 2727 bis
2028 2675 2172 2744 quod
2212 2674 2347 2728 alios
2388 2674 2669 2737 docemus,
2719 2690 2819 2729 nos
2850 2675 3000 2749 ipsos
3037 2684 3214 2732 autem
3264 2695 3371 2734 non
3409 2681 3513 2735 do-

1914 2778 2100 2817 cemus
2120 2764 2147 2817 ?
2178 2763 2323 2833 quod
2374 2762 2659 2833 pulchrum
2689 2763 3036 2834 depingimus
3084 2766 3382 2835 hominem,
3411 2768 3517 2840 ipsi

1912 2850 2151 2921 pictores
2180 2851 2289 2905 fedi
2317 2850 2344 2904 ‘I
2376 2851 2518 2921 quod
2540 2850 2674 2904 alios
2693 2851 2813 2905 cibo
2844 2862 3083 2923 potuque
3102 2854 3392 2922 reficimus,
3421 2858 3513 2928 qui

1912 2938 2056 2994 fame
2086 2954 2150 2994 ac
2179 2939 2266 2992 siti
2295 2938 2537 3009 perimus
2559 2938 2587 2992 εν
2632 2940 2775 3009 quod
2813 2940 2946 2995 alios
2987 2942 3323 2998 vestimentis
3368 2946 3512 3015 opti-

1911 3028 2016 3082 mis
2043 3028 2335 3091 induimus,
2360 3035 2412 3081 et
2442 3026 2545 3096 ipsi
2566 3027 2696 3080 nudi
2717 3028 3056 3083 ambulamus
3077 3032 3105 3084 ε)
3135 3031 3273 3085 Etin
3305 3040 3513 3088 tantum

1835 3092 1881 3151 Ο
1913 3116 2064 3181 nudi,
2097 3116 2243 3186 quod
2291 3092 2498 3170 cunctis
2555 3125 2774 3185 apparet
2816 3117 3062 3172 confusio
3109 3120 3367 3175 nuditatis
3415 3139 3514 3178 no-

1917 3212 2059 3269 strte,
2103 3212 2156 3259 et
2183 3204 2390 3257 videtur
2419 3204 2489 3257 ab
2520 3204 2772 3257 omnibus
2802 3206 3076 3275 turpitudo
3106 3216 3311 3271 nostra.
3344 3210 3514 3281 Igitur

1914 3300 1971 3345 ut
2019 3292 2089 3345 ad
2137 3299 2281 3345 tuam
2332 3291 2762 3358 aedificationem,
2804 3301 2862 3346 tu
2911 3294 3001 3363 qui
3050 3295 3320 3352 habitator
3361 3300 3512 3355 cella:

1916 3396 1993 3447 es,
2029 3380 2373 3434 intendamus
2401 3379 2504 3446 his,
2540 3380 2819 3434 retulimus
2851 3381 3011 3450 (sicut
3040 3383 3157 3453 ipse
3186 3386 3315 3453 scis)
3347 3387 3511 3461 longe

1917 3468 2186 3538 superius,
2247 3476 2297 3523 et
2338 3468 2514 3523 adhuc
2573 3468 2857 3523 referimus
2910 3472 3061 3539 juxta
3114 3474 3513 3547 tropologicum

1916 3573 2155 3621 sensum,
2190 3557 2260 3611 ad
2292 3557 2433 3611 hunc
2472 3557 2688 3611 tertium
2737 3557 2959 3613 fluvium
2997 3560 3089 3630 qui
3131 3563 3409 3632 egreditur
3443 3565 3510 3620 de

1915 3644 2037 3699 loco
2085 3645 2393 3714 voluptatis,
2454 3646 2735 3715 puritatem
2783 3646 2995 3702 devota)
3042 3649 3324 3704 orationis.
3379 3653 3512 3721 Ejus

1916 3750 2046 3789 vero
2078 3749 2277 3788 nomen
2307 3741 2409 3797 est,
2443 3742 2499 3787 ut
2529 3749 2692 3789 verax
2730 3734 2858 3789 dicit
2901 3734 3145 3801 historia,
3180 3738 3377 3807 Tigris.
3413 3740 3515 3795 Est

1916 3839 2051 3895 ergo
2108 3822 2283 3893 Tigris
2352 3822 2563 3893 sagitta,
2614 3822 2785 3877 oratio
2832 3840 2961 3893 pura
3006 3832 3056 3878 et
3103 3826 3340 3880 devota:
3392 3846 3513 3899 quae

1915 3912 2135 3983 quidem
2165 3911 2321 3966 velox
2354 3919 2455 3977 est,
2486 3911 2856 3981 perforanset
2904 3920 3213 3982 penetrans,
3254 3915 3512 3971 scindens

1915 4009 1967 4054 et
1997 4001 2332 4071 pertingens.
2386 4000 2543 4054 Certe
2591 4000 2659 4055 ad
2706 4000 2878 4055 instar
2921 4002 3133 4072 sagittae
3171 4004 3513 4061 velocissime

1915 4090 2163 4153 volantis,
2199 4097 2251 4144 et
2278 4090 2395 4158 ipsa
2425 4089 2565 4143 volat
2594 4106 2767 4159 usque
2796 4091 2863 4143 ad
2900 4090 3079 4160 ipsum
3116 4094 3311 4147 Deum.
3346 4095 3512 4148 Deni-

1916 4195 2020 4249 que
2050 4178 2217 4233 oratio
2242 4177 2371 4245 justi
2425 4185 2671 4247 penetrat
2718 4179 2909 4232 nubes.
2962 4178 3102 4246 Quid
3148 4180 3196 4233 ei
3245 4181 3513 4237 obsistere

1912 4267 2135 4336 potest?
2168 4265 2417 4319 universa
2448 4282 2567 4334 qua)
2586 4265 2870 4319 visibiliter
2898 4274 3158 4336 apparent
3190 4268 3345 4338 quasi
3376 4270 3514 4324 dura

1915 4362 1967 4409 et
1997 4355 2205 4419 clausa,
2239 4353 2353 4423 ipsa
2387 4352 2632 4423 perforat
2690 4360 2740 4406 et
2788 4362 3050 4422 penetrat,
3085 4370 3118 4409 a
3146 4372 3279 4426 puro
3318 4357 3512 4427 spiritu

212 4450 471 4515 structae,
496 4455 554 4500 ut
588 4447 660 4501 ait
680 4446 867 4511 Isaias,
893 4463 1085 4501 omnes
1111 4446 1417 4516 injustitiaz
1442 4448 1653 4499 nostra?
1678 4444 1806 4512 (Isa.
1831 4448 1883 4508 D
1914 4442 2133 4511 emissa,
2167 4449 2219 4495 et
2248 4442 2317 4495 ab
2362 4457 2427 4495 eo
2484 4457 2591 4495 non
2643 4441 2861 4495 amissa.
2915 4443 3022 4497 Sed
3069 4452 3121 4498 et
3176 4462 3512 4518 quaecunque

212 4550 367 4603 wa,
383 4535 746 4607 6);utabsque
771 4534 936 4590 dubio
955 4534 1189 4589 sciamus
1213 4533 1341 4605 quid
1364 4535 1432 4587 de
1454 4532 1587 4603 ipsis
1602 4531 1811 4600 injusti-

212 4623 303 4677 tiis
324 4624 525 4678 nostris
546 4624 746 4679 sentire
767 4624 1079 4689 debeamus,
1098 4623 1189 4694 qui
1204 4622 1439 4690 justitias
1470 4637 1687 4693 quoque
1717 4636 1814 4675 no-

215 4718 361 4766 stras
382 4712 451 4781 (si
475 4721 650 4767 tamen
664 4712 923 4781 justitias)
943 4728 975 4765 a
996 4718 1141 4765 tanto
1161 4711 1425 4781 propheta
1448 4709 1540 4763 tali
1562 4710 1639 4763 rei
1669 4709 1811 4763 assi-

215 4799 397 4854 milari
436 4800 705 4855 audimus.
764 4799 1173 4870 Correptionem
1206 4798 1430 4869 proinde
1459 4812 1727 4861 severam,
1763 4804 1815 4851 et

218 4888 663 4960 redargutionem
708 4896 950 4955 acutam,
1001 4896 1165 4959 atque
1208 4887 1602 4942 accusationem
1660 4900 1813 4940 mor-

215 4977 435 5032 dentem
490 4976 814 5033 intrinsecus
870 4978 924 5031 in
979 4976 1178 5042 corde,
1230 4976 1562 5031 extrinsecus
1606 4974 1661 5027 in
1692 4990 1809 5040 ore,

215 5082 435 5136 semper
463 5074 515 5120 et
542 5065 743 5137 ubique
773 5082 957 5121 coram
986 5067 1103 5120 Deo
1134 5064 1602 5129 circumferamus;
1636 5063 1811 5133 ipsum

213 5155 406 5209 devote
447 5163 750 5219 exorantes,
778 5162 1043 5225 quatenus
1086 5154 1243 5208 nobis
1280 5154 1367 5223 pic
1401 5152 1706 5209 concedere
1725 5152 1812 5205 di-

213 5251 432 5314 gnetur,
473 5250 529 5296 ut
577 5244 643 5296 sit
674 5242 977 5313 impetratio
1008 5243 1199 5307 venite,
1235 5242 1453 5295 humilis
1482 5243 1597 5296 haec
1628 5247 1814 5295 nostra

212 5347 335 5386 cum
368 5331 581 5385 interna
610 5331 935 5386 contritione
966 5331 1167 5395 cordis,
1204 5337 1257 5384 et
1300 5346 1429 5399 pura
1466 5328 1813 5385 confessione

214 5419 349 5479 oris.
384 5419 623 5491 cognitio
652 5420 827 5489 culpae
860 5438 872 5473 :
908 5435 1007 5474 nos
1065 5434 1281 5489 quoque
1314 5418 1493 5489 aliquo
1525 5417 1689 5471 modo
1715 5431 1813 5471 co-

214 5523 332 5562 ram
364 5523 423 5562 se
455 5507 508 5562 in
537 5508 643 5564 hoc
685 5508 906 5579 deputet
944 5507 1141 5576 justos,
1183 5507 1239 5560 in
1269 5522 1376 5577 quo
1413 5523 1515 5561 nos
1561 5506 1721 5577 plene
1751 5520 1815 5561 ac

1913 4530 2066 4601 quasi
2116 4529 2389 4585 obviantia
2449 4529 2740 4599 spiritualis
2803 4546 2914 4585 sum
2968 4532 3216 4601 puritatis
3262 4536 3513 4591 acumine

1914 4619 2131 4683 scindit,
2166 4633 2266 4673 nec
2295 4635 2532 4689 unquam
2573 4618 2767 4685 resilit,
2802 4619 2847 4673 si
2894 4636 3068 4691 usque
3097 4622 3165 4675 ad
3214 4622 3391 4692 ipsum
3422 4624 3514 4694 qui

1914 4723 2082 4778 super
2111 4707 2292 4761 omnia
2321 4715 2402 4761 est
2440 4707 2720 4779 pertingit.
2772 4708 2891 4762 Non
2944 4709 3115 4763 solum
3164 4719 3365 4776 autem,
3415 4713 3510 4765 sed

1914 4803 1966 4849 et
2011 4795 2194 4849 omnia
2256 4812 2374 4866 qua:
2423 4804 2545 4849 sunt
2600 4796 2759 4850 nobis
2809 4797 3174 4863 adversantia,
3225 4814 3342 4867 quae
3392 4806 3515 4852 sunt

1912 4884 2206 4952 contraria,
2242 4900 2361 4954 quae
2392 4891 2515 4937 sunt
2542 4884 2751 4948 nociva,
2803 4885 2921 4955 ipsa
2969 4885 3226 4953 debellat,
3276 4902 3512 4957 exsupe-

1912 4980 1997 5027 rat
2028 4980 2079 5026 et
2108 4972 2393 5025 annihilat.
2435 4974 2503 5025 Et
2530 4973 2632 5027 hoc
2660 4972 2909 5027 fortassis
2941 4982 3041 5039 est,
3076 4974 3220 5043 quod
3254 4974 3321 5034 de
3352 4975 3514 5031 fluvio

1914 5060 2015 5115 isto
2047 5061 2241 5114 dicitur
2273 5060 2399 5131 quia
2427 5060 2571 5113 vadit
2600 5069 2784 5115 contra
2815 5060 3085 5131 Assyrios.
3109 5061 3251 5115 Nam
3281 5078 3377 5132 per
3404 5080 3507 5134 po-

1913 5149 2096 5219 pulum
2131 5149 2479 5219 Assyriorum
2510 5149 2771 5220 quidquid
2802 5149 3062 5219 spiriluali
3092 5159 3293 5205 nostra)
3318 5152 3510 5208 militat

1914 5236 2140 5303 laesioni,
2174 5245 2420 5307 putamus
2442 5254 2563 5292 esse
2594 5238 2985 5307 accipiendum.
3038 5239 3239 5293 Contra
3268 5242 3370 5295 hoc
3401 5244 3509 5295 As-

1915 5327 2089 5398 syrios
2118 5326 2265 5381 vadit
2292 5326 2393 5381 iste
2411 5326 2603 5380 fluvius
2624 5326 2823 5398 Tigris,
2858 5328 2979 5397 quia
3001 5328 3252 5381 omnibus
3271 5345 3391 5398 qua)
3421 5346 3510 5383 no-

1916 5432 2041 5470 cere
2072 5415 2228 5470 nobis
2258 5424 2483 5485 possunt
2505 5415 2632 5485 (nisi
2653 5414 2792 5470 forte
2816 5423 2871 5469 ut
2900 5417 3128 5486 prosint,
3156 5424 3207 5470 et
3236 5424 3291 5468 ut
3321 5432 3509 5470 eorum

1916 5504 2112 5559 obesse
2142 5503 2274 5557 nihil
2305 5504 2449 5558 aliud
2477 5519 2641 5574 quam
2683 5504 2944 5574 prodesse
2992 5504 3082 5574 sit)
3114 5503 3308 5558 similis
3334 5513 3509 5561 acutae
