3972 6052
447 194 551 246 867

1315 183 1659 242 GUIGONIS
1699 184 1746 239 ΙΙ
1786 181 2195 240 ΟΑΒΤΗῙῘΞῘᾸΞ
2233 184 2530 242 MAJORIS
2568 184 2869 242 PRIORIS.

3637 187 3741 239 868

445 314 674 384 sagittas,
705 311 964 369 citissime
996 310 1247 379 volantis,
1280 308 1488 379 puritas
1508 306 1711 362 resistit
1741 314 1794 361 et
1826 313 2041 361 contra-
2060 307 2114 366 A
2143 315 2344 366 ctuosae
2373 312 2625 379 existant,
2657 311 2868 368 alacres
2917 321 3010 366 eas
3057 317 3110 364 et
3156 307 3412 363 robustas
3450 306 3740 363 exhibeant

443 404 572 458 dicit
600 403 809 457 devotae
839 399 1121 455 orationis.
1156 398 1210 452 Si
1238 414 1337 452 nos
1378 396 1569 467 fatigat
1616 396 1842 463 alicujus
1872 395 2042 450 vehe-

442 491 649 546 mentia
678 489 1009 554 temtationis,
1043 488 1089 541 si
1144 502 1243 541 nos
1296 484 1491 556 premit
1539 484 1620 554 (ut
1658 498 2043 554 nonnunquam

440 579 667 647 assolet)
699 578 871 633 moles
900 577 1209 648 ponderosa
1236 574 1464 643 alicujus
1495 572 1723 627 furentis
1750 571 2047 628 adversita-

442 670 532 735 tis,
579 676 764 724 contra
812 668 913 721 hos
972 674 1024 720 et
1063 664 1350 719 universos
1395 662 1529 716 alios
1578 662 1670 733 qui
1723 661 1862 716 intra
1900 661 2043 714 hunc

439 758 705 813 mundum
749 762 871 811 sunt
918 753 1193 823 Assyrios,
1251 751 1399 807 vadit
1437 749 1631 804 ﬂuvius
1681 750 1781 805 iste
1826 749 2039 821 Tigris;

443 847 569 918 quia
598 846 844 902 valenter
873 843 1085 898 obsistit
1106 841 1185 895 eis
1207 841 1417 895 d’evotae
1439 839 1723 894 sinceritas
1744 837 2036 902 orationis;

440 951 566 991 cum
604 951 704 989 nos
724 934 1044 1004 plerumque
1074 930 1320 1001 fatigant,
1355 943 1633 997 nunquam
1664 943 1763 981 nos
1803 942 2039 996 exsupe-

440 1032 582 1093 rent,
616 1038 717 1078 nec
767 1020 1057 1092 aliquando
1096 1034 1197 1073 nos
1244 1016 1573 1088 opprimant,
1628 1015 1727 1069 etsi
1764 1014 2039 1069 multoties

438 1119 709 1183 premant.
751 1112 895 1165 Num
922 1108 1089 1163 menti
1120 1116 1319 1162 nostrae
1351 1105 1566 1169 excidit,
1602 1104 1728 1175 quia
1759 1103 1904 1158 venit
1934 1103 2037 1157 du-

439 1201 569 1255 dum
597 1199 821 1255 Amalec
852 1206 909 1253 ut
939 1203 1211 1269 pugnaret
1236 1202 1425 1250 contra
1446 1193 1611 1247 Israel
1633 1194 1660 1246 ?
1694 1191 1852 1259 Quod
1883 1191 2036 1245 nimi-

442 1306 563 1344 rum
590 1289 768 1343 adhuc
796 1286 958 1341 hodie
988 1285 1063 1351 fit,
1108 1301 1231 1340 cum
1281 1282 1635 1352 reproborum
1666 1280 1898 1350 populus
1928 1288 2037 1333 ter-

435 1394 570 1433 rena
600 1386 653 1432 et
680 1374 997 1430 transitoria
1024 1388 1125 1443 per
1155 1371 1405 1426 affectum
1437 1376 1489 1425 et
1517 1368 1850 1423 desiderium
1880 1369 2037 1440 quasi

433 1466 669 1537 lingens,
701 1463 885 1535 pravis
916 1462 1029 1516 suis
1068 1467 1179 1515 tam
1210 1457 1473 1529 exemplis
1505 1473 1666 1528 quam
1693 1456 1931 1521 monitis,
1966 1457 2035 1511 ad

433 1554 643 1625 peccati
669 1551 1087 1607 delectationem
1126 1564 1191 1603 ac
1241 1547 1717 1619 perpetrationem,
1763 1544 2035 1600 mediante

2146 406 2256 453 tam
2287 400 2455 455 imum
2483 401 2813 468 humilitatis,
2847 402 2904 457 in
2931 399 3150 456 infirmo
3188 412 3282 452 eas
3310 411 3380 450 ne
3424 396 3742 465 superbiant

2144 506 2437 559 premens;
2472 507 2634 561 quam
2665 492 2832 546 ardor
2863 488 3162 553 charitatis,
3194 494 3246 540 et
3277 485 3331 539 in
3360 486 3535 539 Deum
3564 500 3654 538 eas
3686 492 3740 538 et

2143 578 2196 631 in
2227 579 2534 649 proximum
2563 596 2632 634 ne
2663 579 2925 651 frigescas
2974 577 3335 631 inﬂammans.
3384 573 3524 626 Nam
3556 574 3737 626 Aaron

2144 682 2305 722 mons
2347 668 2711 739 fortitudinis
2758 668 3163 739 interpretatur.
3218 664 3287 718 Et
3334 660 3553 733 quidem
3596 676 3738 716 verae

2140 755 2456 810 humilitatis
2513 756 2684 813 virtus
2732 765 2783 811 et
2840 754 3086 811 sublimis
3133 760 3231 819 est,
3273 758 3326 805 et
3376 749 3565 814 fortis;
3615 748 3739 820 quia

2140 844 2288 911 illam
2329 862 2486 916 quam
2541 862 2606 901 ex
2655 852 2767 900 toto
2822 851 3053 915 occupat
3077 847 3335 905 mentem,
3387 846 3440 892 et
3468 836 3739 892 excelsam

2141 933 2278 989 redit
2308 942 2359 989 et
2388 935 2687 989 robustam.
2735 934 2875 988 Nam
2911 932 3004 1004 qui
3040 946 3169 987 vere
3215 927 3432 983 humilis
3478 934 3579 993 est,
3630 941 3740 996 quo

2140 1022 2316 1093 magis
2344 1022 2400 1077 in
2428 1022 2541 1077 suis
2570 1030 2652 1077 est
2680 1022 2853 1078 oculis
2892 1020 2949 1075 in
2978 1020 3107 1085 imo,
3140 1032 3205 1073 eo
3251 1015 3427 1087 magis
3456 1014 3511 1068 in
3539 1013 3740 1068 divinis

2141 1118 2223 1166 est
2252 1110 2425 1166 oculis
2450 1112 2505 1166 in
2537 1111 2777 1177 excelso,
2808 1118 2862 1166 et
2891 1124 2997 1181 quo
3044 1107 3145 1161 sibi
3193 1112 3415 1177 apparet
3442 1102 3733 1168 inﬁrmior,

2140 1215 2206 1254 eo
2245 1214 2428 1255 coram
2458 1200 2574 1255 Deo
2606 1198 2786 1254 existit
2834 1197 3026 1253 fortior
3060 1211 3072 1249 :
3105 1194 3231 1266 quia
3260 1192 3515 1247 nimirum
3562 1191 3737 1245 virtus

2138 1288 2194 1342 in
2223 1305 2281 1344 se
2310 1289 2473 1343 habet
2521 1287 2834 1343 humilitatis
2866 1294 2917 1341 et
2964 1283 3336 1339 fortitudinem
3360 1280 3641 1346 humilem,
3686 1286 3739 1334 et

2138 1377 2495 1433 humilitatem
2542 1376 2758 1442 fortem,
2805 1383 2862 1430 ut
2926 1381 3123 1429 neutra
3181 1370 3335 1426 alteri
3380 1369 3735 1441 praejudicet;

2138 1473 2405 1536 quatenus
2451 1465 2764 1521 humilitatis
2808 1471 3007 1519 sancta:
3048 1461 3215 1518 virtus
3265 1468 3316 1514 et
3344 1458 3399 1513 in
3444 1458 3553 1513 imo
3584 1457 3651 1511 sit
3681 1457 3739 1510 in

2137 1556 2310 1610 oculis
2338 1555 2590 1626 propriis,
2625 1562 2677 1609 et
2706 1554 2761 1607 in
2778 1551 2995 1608 excelso
3027 1550 3083 1605 in
3110 1548 3284 1606 oculis
3313 1547 3532 1602 divinis.
3566 1547 3739 1601 Porro

436 1642 620 1699 illicito
651 1657 921 1697 consensu
949 1638 1271 1710 pertrahere
1319 1635 1616 1691 contendit.
1651 1635 1759 1690 Sed
1796 1642 1854 1688 ut
1887 1634 2032 1689 scia-
2053 1663 2107 1724 B
2136 1642 2251 1696 Ηωι
2298 1646 2485 1715 ignem
2553 1650 2728 1708 sonat,
2780 1649 2833 1697 ει
2866 1639 3146 1696 Chal-imus
3174 1637 3427 1692 ardorem
3456 1635 3735 1705 designat,

432 1748 554 1786 mus
584 1730 859 1801 quomodo
898 1728 1058 1784 vadat
1088 1726 1283 1781 ﬂuvius
1304 1724 1484 1795 Tigris
1514 1732 1707 1779 contra
1737 1722 2032 1793 Assyrios;

430 1819 665 1891 percutit
695 1834 819 1873 eum
847 1818 1011 1871 Josue
1043 1830 1215 1885 usque
1247 1814 1313 1867 ad
1347 1812 1795 1877 internecionem,
1829 1827 1951 1867 cum
1982 1811 2034 1865 in

432 1916 616 1964 monte
654 1923 851 1963 manus
882 1906 1025 1961 levat
1054 1905 1270 1975 Moyses
1302 1901 1499 1971 (Exod.
1533 1902 1689 1971 xvu).
1720 1901 1857 1954 Nam
1881 1900 2037 1969 juxta

428 1998 576 2053 hunc
624 1995 944 2062 secundum,
1001 2008 1165 2063 quem
1230 1991 1392 2045 modo
1438 1990 1739 2044 incedimus
1789 2004 2030 2057 sensum,

433 2101 601 2142 unum
629 2085 760 2157 quid
787 2083 994 2149 innuit;
1018 2089 1071 2135 et
1102 2082 1316 2151 Moyses
1346 2086 1405 2133 ut
1426 2086 1762 2149 expugnetur
1789 2076 2029 2140 Amalec,

429 2176 486 2229 in
515 2181 698 2229 monte
728 2187 921 2226 manus
974 2170 1203 2235 levans;
1247 2176 1301 2223 et
1358 2167 1552 2222 ﬂuvius
1606 2165 1787 2238 Tigris
1841 2172 2033 2221 contra

428 2262 686 2333 Assyrios
713 2261 947 2317 vadens.
978 2259 1043 2313 Et
1075 2257 1195 2329 quis
1227 2256 1327 2311 iste
1358 2256 1574 2325 Moyses
1594 2254 1621 2307 ‘2
1648 2255 1790 2307 Num
1820 2253 1905 2307 his
1942 2253 2030 2307 in-

428 2350 725 2406 sistendum
757 2357 839 2405 est
886 2347 1063 2415 vobis,
1106 2354 1164 2400 ut
1205 2354 1280 2409 tu,
1324 2345 1415 2415 qui
1452 2343 1718 2398 habitator
1765 2341 1916 2397 cella
1950 2349 2031 2396 est

426 2439 713 2496 aedificeris
733 2438 760 2492 ?
789 2441 872 2492 An
900 2454 930 2491 a
959 2435 1117 2491 nobis
1147 2442 1230 2490 est
1257 2432 1659 2499 retrahendum,
1694 2447 1762 2486 ne
1800 2431 1855 2485 id
1884 2431 2031 2502 quod

425 2528 658 2584 dicimus
699 2535 896 2598 putans
945 2542 1067 2581 esse
1117 2524 1362 2588 nimium,
1416 2522 1661 2577 incurras
1709 2519 2030 2574 fastidium?

427 2618 533 2673 Sed
566 2617 686 2688 quis
743 2614 1071 2687 sapientium
1126 2613 1254 2668 dicit
1301 2628 1425 2667 esse
1465 2611 1710 2679 nimium,
1744 2616 2026 2680 quantum-

427 2721 642 2776 cunque
683 2703 846 2758 fuerit
898 2704 953 2759 in
992 2702 1173 2757 verbis
1222 2700 1511 2771 prolixum,
1561 2698 1854 2752 dummodo
1891 2713 2025 2767 pos-

427 2794 535 2848 sint
565 2792 781 2863 singula
808 2792 976 2848 verba
1006 2790 1341 2861 spiritualem
1371 2789 1426 2842 in
1455 2786 1795 2841 audientibus
1828 2793 2026 2840 sanctas

425 2880 798 2937 aediﬁcationis
853 2895 1055 2951 augere
1083 2877 1389 2949 profectum
1409 2876 1436 2930 ‘2
1483 2875 1616 2944 Quis
1647 2890 1782 2947 ergo
1811 2872 1913 2929 iste
1944 2881 2027 2928 est

422 2972 660 3042 Moyses,
693 2970 799 3024 nisi
826 2977 883 3024 tu
914 2970 1006 3040 qui
1037 2983 1202 3023 verus
1231 2974 1285 3022 et
1310 2965 1556 3021 sincerus
1579 2964 1729 3019 cellae
1759 2963 2024 3017 inhabita-

421 3068 505 3114 tor
542 3058 645 3113 es?
692 3059 833 3113 Nam
862 3073 1062 3113 nomen
1094 3057 1197 3111 hoc
1244 3056 1478 3125 Moyses,
1531 3053 1676 3125 quod
1703 3068 1855 3107 more
1885 3051 2022 3106 mul—

419 3156 598 3203 torum
644 3147 860 3203 celebre
919 3155 972 3202 et
1016 3146 1272 3216 frequens
1325 3144 1574 3211 habetur,
1630 3159 1695 3196 ex
1745 3157 1884 3213 aqua
1933 3156 2022 3195 as-

420 3244 667 3307 sumptus
698 3236 1098 3306 interpretatur.
1132 3235 1199 3287 Et
1227 3248 1407 3288 nonne
1456 3240 1511 3286 tu
1542 3248 1607 3286 ex
1638 3231 1793 3302 aquis
1826 3246 1885 3284 es
1925 3246 2018 3283 as-

420 3334 689 3395 sumptus,
725 3324 816 3395 qui
849 3323 1095 3379 visitante
1116 3330 1168 3377 te
1188 3321 1365 3395 gratia
1385 3320 1505 3386 Dei,
1532 3337 1563 3373 a
1594 3319 1741 3374 ﬂuxu
1768 3335 1828 3373 es
1857 3335 2018 3372 mun-

417 3414 576 3469 danae
606 3413 1033 3469 conversationis
1063 3419 1302 3482 ereptus,
1356 3418 1408 3464 et
1438 3410 1507 3465 ad
1551 3424 1771 3464 suavem
1804 3423 1868 3462 ac
1898 3406 2018 3460 dul-

415 3518 537 3558 cem
561 3502 713 3558 cellaa
739 3501 975 3573 quietem
1031 3500 1325 3555 translatus
1344 3499 1372 3552 εἰ
1419 3499 1530 3555 Sed
1559 3499 1775 3567 Moyses
1823 3495 2019 3552 dicitur

414 3607 610 3646 manus
638 3591 841 3657 levare,
888 3590 1016 3662 quia
1064 3589 1204 3643 tuin
1245 3587 1383 3643 cella
1430 3586 1546 3641 sine
1592 3585 2013 3651 intermissione,

406 3681 557 3749 juxta
610 3679 1030 3734 admonitionem
1097 3677 1475 3748 apostolicam,
1521 3675 1689 3730 debes
1746 3689 1900 3728 orare
1948 3674 2014 3741 (I,

421 3771 603 3825 Thess.
637 3784 690 3834 v,
725 3770 835 3837 17).
863 3769 930 3822 Et
958 3767 1029 3821 ad
1058 3768 1229 3821 hocut
1251 3765 1520 3837 eﬂugetur
1547 3763 1789 3828 Amalec,
1824 3778 2015 3817 manus

413 3856 556 3911 levet
584 3858 837 3926 Moyses;
872 3863 1137 3926 quatenus
1168 3853 1365 3909 ﬂuvius
1412 3851 1591 3923 Tigris
1634 3851 1793 3906 vadat
1823 3858 2016 3905 contra

411 3944 689 4015 Assyrios.
726 3944 832 3998 Sed
862 3950 1075 4012 Oportet
1101 3950 1160 3996 ut
1186 3949 1427 3996 montem
1471 3939 1815 4004 conscendat,
1850 3954 2016 4008 pona-

409 4040 493 4087 tur
522 4032 658 4102 lapis
689 4047 852 4101 super
883 4047 1047 4102 quem
1075 4031 1283 4095 sedeat,
1319 4037 1373 4084 et
1409 4036 1636 4100 uterque
1670 4030 1801 4097 (tam
1830 4028 2013 4081 Aaron

411 4120 667 4176 videlicet
697 4136 858 4191 quam
886 4120 1022 4191 Hur)
1052 4134 1245 4173 manus
1277 4118 1393 4186 ejus
1441 4124 1725 4172 sustentet.
1759 4114 2011 4183 Quandiu

409 4210 602 4265 levatae
630 4209 849 4277 fuerint,
884 4207 1161 4279 superabit
1191 4206 1361 4261 Israel
1390 4213 1443 4261 et
1474 4204 1814 4276 superabitur
1846 4205 2011 4258 Ama-

412 4298 533 4365 lec;
565 4313 689 4354 cum
720 4305 902 4353 autem
934 4297 1023 4354 vel
1049 4298 1117 4351 ad
1162 4295 1434 4352 modicum
1466 4294 1619 4367 quasi
1648 4294 1879 4349 lassatas
1909 4292 2010 4347 de-

2140 1732 2325 1803 Itaque
2353 1732 2438 1787 he
2465 1731 2691 1786 virtutes
2720 1728 2949 1794 eximiae,
2984 1728 3138 1782 fortis
3167 1725 3418 1782 videlicet
3444 1723 3733 1789 celsitudo,

2137 1820 2394 1892 celsaque
2468 1818 2728 1874 fortitudo
2785 1816 3121 1885 humilitalis,
3181 1822 3235 1869 et
3281 1812 3742 1885 inexstinguibilis

2136 1910 2304 1964 ardor
2342 1908 2641 1975 charitatis,
2683 1924 2752 1963 ne
2798 1906 3086 1971 lassentur,
3126 1910 3340 1958 tuarum
3386 1900 3738 1957 devotionum

2136 2005 2440 2053 sustentent
2466 2012 2659 2051 manus
2692 2013 2705 2051 :
2742 1995 2836 2050 tibi
2867 1993 3117 2059 dicimus,
3161 1991 3253 2063 qui
3280 1990 3551 2047 habitator
3581 1988 3739 2045 cellae

2135 2104 2213 2157 es,
2248 2087 2339 2158 qui
2360 2103 2523 2143 verus
2552 2101 2617 2141 ac
2647 2084 2895 2140 sincerus
2919 2083 3068 2151 juxta
3096 2083 3239 2136 hunc
3267 2096 3487 2135 sensum
3516 2080 3739 2151 Moyses

2134 2192 2212 2230 es.
2246 2177 2313 2229 Et
2352 2177 2469 2230 haac
2526 2174 2712 2229 omnia
2767 2172 2968 2228 idcirco
3023 2170 3274 2236 diximus,
3334 2176 3392 2222 ut
3457 2166 3736 2239 quomodo

2132 2262 2413 2317 moraliter
2443 2262 2821 2333 accipiendum
2855 2260 2923 2314 sit
2962 2259 3328 2325 ostendamus,
3361 2257 3505 2327 quod
3534 2255 3736 2311 ﬂuvius

2130 2352 2321 2406 tertius
2352 2351 2443 2422 qui
2477 2350 2755 2422 egreditur
2803 2348 2871 2403 de
2901 2348 3023 2403 loco
3067 2346 3355 2416 voluptatis
3388 2348 3526 2415 ‘(per
3566 2360 3732 2416 quem

2132 2441 2387 2495 devotam
2444 2456 2566 2494 esse
2629 2437 3002 2508 accipiendam
3053 2435 3350 2490 orationem
3407 2432 3733 2504 asserimus)

2131 2528 2311 2583 adhuc
2341 2528 2503 2583 hodie
2534 2527 2631 2582 sed
2663 2525 3016 2597 spiritualiter
3044 2523 3205 2580 vadat
3234 2530 3422 2577 contra
3451 2521 3730 2592 Assyrios.

2128 2618 2271 2671 Ecce
2304 2625 2501 2688 quanta
2530 2631 2593 2670 ac
2625 2614 2801 2686 qualia
2832 2621 3019 2669 contra
3038 2620 3228 2668 cuncta
3258 2611 3504 2679 adversa,
3539 2617 3732 2666 contra

2130 2721 2357 2776 quaeque
2390 2705 2603 2770 nociva,
2635 2703 2803 2758 virtus
2830 2701 3111 2765 orationis,
3146 2716 3270 2757 cum
3300 2700 3351 2754 ei
3397 2698 3729 2753 intendimus

2128 2809 2194 2847 eo
2224 2794 2387 2848 modo
2434 2808 2539 2864 quo
2586 2791 2871 2846 intendere
2909 2791 3194 2859 debemus,
3240 2787 3429 2843 solatia
3472 2787 3629 2842 nobis
3675 2795 3731 2841 et

2125 2881 2325 2936 auxilia
2352 2881 2617 2952 impendit
2651 2898 2663 2933 :
2705 2888 2762 2935 ut
2789 2887 2971 2951 pateat
3002 2878 3177 2945 nobis,
3210 2879 3356 2949 quod
3384 2892 3729 2948 nequaquam

2128 2971 2302 3026 otiose
2334 2970 2607 3040 Scriptura
2644 2968 2790 3034 dicit,
2838 2968 2965 3039 quia
3009 2966 3188 3037 Tigris
3238 2974 3423 3021 contra
3472 2965 3729 3036 Assyrios

2122 3059 2289 3115 vadit.
2322 3061 2386 3114 Et
2418 3059 2539 3131 quis
2568 3058 2661 3113 ille
2697 3065 2777 3112 est
2806 3057 2999 3112 modus
3029 3072 3134 3126 quo
3166 3062 3219 3111 et
3245 3055 3528 3110 intendere
3549 3054 3727 3109 debe-

2121 3148 2292 3202 mus?
2337 3148 2479 3202 Nam
2518 3147 2638 3218 quis
2686 3146 2754 3201 sit
2799 3145 2910 3208 ille,
2972 3144 3187 3215 quaeris,
3235 3144 3325 3215 qui
3367 3144 3637 3197 habitator
3666 3159 3728 3197 es

2121 3236 2293 3302 cellae,
2355 3236 2535 3291 sciens
2590 3234 2840 3289 nimirum
2898 3232 2994 3286 tibi
3046 3249 3169 3288 esse
3226 3232 3562 3287 fructuosum
3619 3232 3725 3286 hoc

2122 3325 2283 3393 scire,
2316 3323 2645 3379 fructuosius
2676 3330 2859 3377 autem
2889 3337 3056 3392 opere
3084 3329 3137 3376 et
3183 3321 3407 3376 veritate
3435 3337 3537 3391 per
3564 3336 3729 3390 expe-

2120 3414 2371 3468 rientiam
2401 3428 2673 3467 exercere.
2732 3408 2849 3467 Hoc
2897 3418 3079 3465 autem
3108 3426 3218 3465 non
3246 3426 3276 3463 a
3304 3408 3482 3479 nobis,
3528 3398 3629 3464 sed
3656 3408 3725 3463 ab

2121 3510 2345 3572 experto
2378 3517 2624 3572 quaerere
2684 3500 2936 3566 deberes,
2986 3498 3043 3553 id
3099 3499 3243 3554 enim
3290 3498 3420 3569 quid
3463 3498 3550 3567 sit,
3602 3497 3721 3552 sola

2120 3590 2457 3661 experientia
2484 3589 2649 3660 capit.
2680 3590 2884 3644 Verum
2940 3587 3063 3659 quia
3116 3587 3242 3642 inde
3269 3603 3371 3641 nos
3401 3586 3601 3658 aliquid
3632 3586 3722 3640 di-

2119 3695 2246 3734 cere
2289 3678 2590 3749 compellis,
2650 3677 2936 3749 loquemur
2991 3676 3138 3747 quod
3195 3676 3458 3730 Dominus
3512 3674 3724 3730 dederit

2117 3767 2294 3833 nobis,
2329 3766 2421 3838 qui
2450 3782 2551 3821 nos
2580 3782 2689 3821 non
2719 3765 2801 3819 vis
2831 3764 3187 3836 philosophos
3219 3765 3409 3835 putari,
3445 3764 3588 3834 quod
3613 3762 3722 3818 for-

2116 3857 2281 3911 tassis
2330 3855 2484 3911 fieret
2529 3855 2575 3909 si
2622 3863 2947 3911 taceremus.
3008 3854 3237 3910 Videtur
3274 3852 3433 3908 nobis
3483 3852 3628 3924 quod
3673 3852 3721 3907 si

2117 3944 2394 3999 fructuose
2426 3959 2580 3999 orare
2624 3944 2924 4010 desideras,
2976 3942 3075 3997 tria
3130 3942 3377 4014 quaedam
3408 3941 3719 4011 diligentis-

2116 4033 2251 4087 sime
2280 4032 2633 4088 considerare
2673 4033 2894 4088 debeas.
2947 4031 3185 4086 Primum
3242 4031 3481 4102 quidem,
3541 4030 3720 4101 qualis

2115 4121 2186 4176 ad
2215 4121 2520 4176 orationem
2540 4122 2792 4176 accedas.
2819 4120 3070 4177 Secundo
3100 4120 3312 4192 qualem
3343 4127 3395 4173 te
3425 4120 3541 4174 Deo
3568 4118 3625 4172 in
3654 4135 3718 4173 ea

2114 4208 2338 4265 offeras.
2378 4209 2560 4264 Tertio
2590 4226 2810 4281 quoque
2840 4209 3053 4280 qualem
3084 4216 3140 4263 te
3180 4216 3304 4279 post
3335 4216 3547 4278 tempus
3586 4222 3715 4262 ora-

2114 4298 2275 4353 tionis
2306 4298 2583 4353 exhibeas.
2628 4298 2801 4366 Quam
2851 4298 3086 4352 mundus
3144 4296 3393 4352 videlicet
3422 4304 3475 4350 et
3504 4296 3719 4367 quietus

407 4386 650 4457 posuerit
687 4401 901 4451 manus,
956 4385 1231 4455 superabit
1278 4384 1522 4449 Amalec,
1574 4391 1626 4437 et
1663 4371 2082 4452 superabiturD
2112 4388 2183 4442 ad
2216 4403 2337 4442 eam
2368 4387 2573 4452 venias,
2607 4402 2769 4459 quam
2824 4403 2994 4458 purus
3025 4394 3077 4441 ει
3123 4386 3337 4458 integer
3367 4385 3420 4439 ίιι
3462 4400 3524 4440 ea
3582 4400 3721 4455 per-

410 4475 595 4530 Israel.
630 4475 739 4529 Sed
766 4490 836 4529 ne
863 4476 1003 4529 hanc
1044 4473 1177 4544 ipsis
1222 4472 1481 4528 Israelitis
1530 4471 1687 4528 valde
1736 4470 2013 4541 periculo-

411 4580 524 4618 sam
556 4579 750 4618 manus
792 4563 908 4631 ejus
957 4562 1329 4617 lassitudinem
1376 4561 1673 4628 incurrant,
1708 4574 1799 4613 eas
1828 4561 2013 4613 Aaron

408 4661 461 4709 et
507 4654 621 4708 IIur
666 4660 985 4708 sustentent.
1049 4651 1192 4719 Quid
1252 4650 1354 4704 sibi
1394 4650 1583 4704 volunt
1646 4649 1761 4702 haec
1790 4648 1818 4701 ε)
1864 4648 2011 4702 Con-

411 4742 639 4798 scendat
685 4749 928 4796 montem
968 4742 1220 4811 Moyses,
1269 4747 1326 4793 ut
1387 4746 1590 4793 sanctae
1636 4735 2010 4791 conversatio-

411 4830 497 4885 nis
547 4829 927 4901 apprehendas
976 4828 1377 4893 sublimitatem,
1428 4833 1483 4879 tu
1525 4824 1615 4895 qui
1658 4823 1810 4879 cellae
1857 4824 2011 4877 inha-

409 4919 611 4973 bitator
649 4935 728 4972 es.
764 4918 871 4973 Sed
904 4925 956 4971 et
977 4932 1142 4987 super
1162 4915 1395 4985 lapidem
1436 4914 1651 4979 sedeas,
1685 4920 1742 4966 ut
1772 4912 1826 4965 in
1856 4910 2011 4965 ﬁrma

407 5006 791 5079 cogitationum
825 5005 1146 5059 mundarum
1178 5002 1492 5070 stabilitate,
1526 5009 1580 5056 et
1618 5000 1797 5055 stabili
1818 5016 2009 5055 earum

406 5094 657 5150 ﬁrmitate
687 5094 1020 5166 requiescas.
1064 5093 1147 5148 Ad
1177 5099 1480 5147 extremum
1524 5106 1656 5145 vero
1702 5107 1771 5144 ne
1817 5106 2008 5144 manus

402 5190 509 5239 tuae
537 5184 830 5252 lassentur,
873 5191 925 5238 et
963 5182 1175 5237 lassatm
1218 5181 1576 5250 deponantur,
1628 5179 1695 5231 ab
1744 5181 1926 5233 Aaron
1958 5186 2009 5233 et

403 5273 520 5327 Hur
544 5280 931 5327 sustententur.
961 5272 1102 5326 Nam
1131 5286 1200 5324 ne
1248 5266 1610 5340 cogitationes
1643 5274 1746 5321 tuae
1785 5266 1903 5336 (tibi
1933 5266 2009 5320 di-

399 5361 592 5429 cimus,
645 5361 734 5432 qui
780 5360 1051 5414 habitator
1107 5357 1260 5414 cellm
1314 5358 1397 5427 es)
1436 5356 1492 5410 in
1549 5355 1791 5410 oratione
1848 5364 2004 5426 tepe-

400 5459 570 5518 scant,
604 5464 671 5506 ac
698 5447 925 5521 proinde
967 5464 1067 5503 nec
1124 5448 1239 5503 Deo
1287 5452 1547 5517 acceptae,
1593 5460 1696 5500 nec
1759 5443 1853 5500 tibi
1882 5443 2004 5498 fru-

2116 4476 2301 4543 sistas,
2336 4492 2498 4547 quam
2530 4476 2713 4546 gravis
2745 4490 2962 4547 quoque
3020 4475 3135 4547 ipsa
3191 4475 3383 4532 devote
3441 4473 3724 4529 celebrata

2113 4571 2167 4618 et
2229 4563 2414 4633 finita,
2476 4579 2748 4635 quamque
2804 4572 3047 4618 maturus
3103 4563 3344 4636 quandiu
3398 4569 3554 4634 potes
3595 4577 3721 4632 per-

2112 4668 2373 4719 maneas;
2406 4652 2589 4724 itaque
2618 4653 2686 4707 de
2734 4653 2977 4708 oratione
3035 4653 3172 4707 tein
3219 4652 3359 4708 cella
3400 4659 3491 4706 tua
3538 4650 3717 4705 intro-

2112 4741 2355 4809 mittens,
2405 4757 2512 4812 quo
2596 4740 2880 4797 sollicitius
2941 4742 3058 4797 haec
3112 4741 3211 4795 tria
3245 4739 3593 4808 exercueris,
3652 4755 3720 4794 eo

2112 4829 2366 4883 nimirum
2398 4830 2574 4884 oratio
2623 4838 2712 4884 tua
2742 4838 2795 4885 et
2822 4829 3095 4900 acceptior
3140 4831 3276 4896 Deo,
3311 4837 3363 4883 et
3390 4827 3721 4883 fructuosior

2111 4918 2212 4973 erit
2238 4918 2356 4972 tibi.
2415 4918 2471 4972 Si
2501 4918 2585 4971 his
2634 4918 2814 4973 modis
2861 4920 3070 4973 Patrem
3108 4918 3165 4972 in
3205 4918 3348 4973 illius
3376 4917 3595 4972 nomine
3625 4917 3721 4987 qui

2112 5014 2163 5059 et
2185 5006 2452 5061 vocabulo
2474 5006 2671 5062 dicitur
2728 5015 2780 5061 et
2831 5024 2886 5062 re
2945 5024 3067 5062 esse
3115 5009 3271 5062 Jesus
3308 5006 3547 5077 petieris,
3580 5005 3716 5059 abs-

2110 5112 2215 5165 que
2245 5094 2412 5149 dubio
2444 5096 2587 5165 quod
2610 5096 2687 5150 sic
2718 5096 2857 5166 petis
2915 5096 3251 5166 impetrabis,
3302 5095 3398 5150 sed
3446 5094 3718 5148 universis

2110 5198 2448 5254 quaecunque
2480 5183 2575 5238 illa
2616 5184 2723 5237 sint
2775 5201 2895 5255 quae
2927 5184 3023 5239 tibi
3068 5185 3349 5239 adversari
3396 5183 3713 5248 moliuntur,

2109 5270 2398 5327 efﬁcaciter
2458 5279 2511 5327 et
2561 5272 2737 5328 valide
2797 5274 3069 5342 resistere,
3133 5282 3191 5327 ut
3248 5288 3314 5328 ea
3368 5272 3624 5326 devincas
3661 5280 3719 5325 et

2107 5359 2373 5425 destruas,
2408 5367 2660 5431 potenter
2677 5360 2904 5427 valebis,
2939 5368 3205 5433 quatenus
3245 5360 3364 5431 ipsa
3393 5367 3445 5415 te
3474 5366 3561 5413 tua
3592 5374 3719 5414 cer—

2107 5455 2218 5501 tum
2248 5449 2578 5520 experientia
2608 5449 2820 5519 reddat,
2880 5450 3109 5523 qualiter
3139 5449 3335 5506 ﬂuvius
3391 5448 3492 5503 iste
3521 5447 3718 5503 tertius
