3972 6052
242 256 344 307 869

1359 256 1562 311 LIBER
1601 256 1694 311 DE
1732 255 2118 312 EXERCITIO
2158 256 2418 312 CELLzE.

3443 266 3544 320 870

240 380 331 451 qui
362 379 430 434 de
459 379 581 435 loco
612 382 891 454 egreditur
919 383 1228 455 voluptatis,
1264 385 1357 456 qui
1387 392 1440 440 et
1477 384 1653 457 Tigris
1683 399 1842 439 voca-
1864 385 1921 444 Α
1950 382 2159 449 humili,
2193 391 2246 438 et
2275 382 2417 437 fideli
2442 403 2455 449 ;
2490 384 2853 440 satisfactione
2903 386 3193 458 condigna,
3237 370 3361 443 cum
3412 408 3543 462 per-

244 476 346 537 tur,
381 478 573 524 contra
602 471 856 542 Assyrios
903 474 1081 528 vadat.

709 684 1107 743 CAPITULUM
1133 687 1390 742 XXXIII.

252 825 455 893 Quales
478 828 752 903 exhibere
771 829 1068 886 debeamus
1088 832 1418 903 priusquam
1439 831 1511 887 ad
1532 832 1849 887 orationem

323 898 675 971 accedamus,
708 904 773 954 ut
802 916 933 954 cum
962 903 1033 956 ad
1060 898 1183 957 eam
1213 898 1563 971 venerimus,
1601 904 1680 958 sic
1725 919 1850 958 cam

322 969 779 1045 Deae/feramus,
810 975 876 1045 ut
914 972 1032 1042 ipse
1064 988 1195 1045 eam
1221 978 1277 1028 et
1309 974 1414 1028 sibi
1452 969 1761 1045 acceptam,
1795 978 1850 1029 et

320 1040 477 1095 nobis
506 1040 955 1097 misericorditer
984 1043 1200 1113 efﬁciat
1231 1040 1606 1114 fructuosam'.

323 1183 630 1251 Antequam
660 1180 885 1235 fluvium
910 1182 1063 1237 illum
1092 1192 1340 1255 quartum
1370 1185 1652 1251 intremus,
1688 1202 1848 1257 quem

253 1267 323 1322 de
367 1268 489 1323 loco
537 1268 831 1340 voluptatis
880 1272 1069 1343 egredi
1101 1272 1354 1343 legimus,
1414 1275 1501 1329 cui
1531 1291 1729 1330 nomen
1769 1284 1852 1330 est

253 1356 581 1427 Euphrates,
615 1358 755 1429 petis
804 1367 859 1413 tu
904 1360 996 1431 qui
1054 1360 1323 1416 habitator
1379 1362 1532 1417 cella:
1590 1379 1668 1429 es,
1702 1371 1758 1416 ut
1786 1364 1855 1419 de

250 1445 493 1501 oratione
523 1454 701 1502 tecum
732 1448 911 1504 adhuc
942 1448 1147 1519 aliquid
1176 1464 1423 1522 agamus,
1488 1466 1595 1522 quo
1622 1452 1764 1506 enim
1805 1456 1855 1508 ei

248 1531 584 1604 frequentius
628 1535 919 1602 incumbis,
970 1552 1035 1593 eo
1082 1537 1337 1591 nimirum
1380 1539 1581 1593 erudiri
1630 1540 1857 1610 qualiter

251 1621 301 1675 ei
317 1621 601 1679 intendere
631 1624 854 1691 debeas,
886 1626 1161 1681 ardentius
1209 1627 1577 1697 concupiscis.
1643 1628 1855 1683 Annui-

1950 471 2111 539 fecto,
2146 488 2243 541 per
2271 472 2500 543 gratiam
2531 474 2647 538 Dei,
2675 474 2742 528 de
2772 482 2971 530 caetero
2999 477 3309 531 continendi
3336 494 3541 549 propo-

1951 560 2050 613 sito
2078 560 2393 625 emendare,
2429 570 2480 615 et
2508 577 2539 615 a
2573 570 2623 616 te
2645 562 2883 630 abjicere
2930 565 3105 619 stude.
3148 566 3353 621 Idcirco
3395 567 3537 631 dico,

1952 648 2213 719 quidquid
2246 650 2635 704 conscientiam
2678 659 2819 704 tuam
2869 653 3180 708 remordere
3228 654 3386 721 valet,
3418 656 3545 727 quia

1953 745 2077 790 sunt
2106 738 2462 808 quamplures
2489 739 2579 809 qui
2611 739 2817 793 nullum
2849 740 2959 797 fere
3000 759 3217 813 semper
3246 743 3300 797 in
3336 745 3542 799 cunctis

1952 826 2273 880 excessibus
2303 827 2416 879 suis
2448 844 2692 881 morsum
2724 831 3070 887 conscientiae
3111 849 3223 887 suae
3254 834 3539 901 sustinent,

1952 930 2072 968 cum
2105 922 2283 968 tamen
2312 915 2683 971 indesinenter
2711 920 2855 989 quod
2884 919 3127 974 illicitum
3167 930 3247 975 est
3298 924 3546 979 commit-

1954 1009 2069 1056 tere
2096 1017 2203 1057 non
2234 1012 2472 1059 cessent.
2511 1005 2633 1059 Non
2656 1014 2737 1060 est
2768 1007 2911 1061 enim
2950 1008 3107 1062 timor
3138 1011 3236 1063 Dei
3263 1019 3386 1066 ante
3414 1028 3543 1068 ocu-

1952 1090 2035 1144 los
2062 1107 2271 1159 eorum,
2318 1108 2426 1146 non
2484 1094 2718 1163 propria)
2764 1095 2951 1149 salutis
3005 1096 3351 1153 desiderium.
3416 1102 3544 1157 Inde

1953 1187 2055 1245 est,
2089 1181 2236 1250 quod
2264 1181 2319 1233 in
2350 1181 2514 1236 nullis
2546 1199 2666 1253 quae
2698 1184 3040 1239 committunt
3071 1185 3287 1252 illicitis,
3308 1188 3378 1243 ad
3395 1205 3545 1244 suam

1952 1268 2126 1322 sciunt
2157 1269 2540 1323 conscientiam
2574 1272 2748 1326 redire
2778 1290 2790 1325 :
2824 1280 2875 1326 et
2907 1282 3098 1329 cuncta
3143 1292 3264 1345 quae
3292 1280 3545 1333 commit-

1954 1364 2068 1410 tunt
2101 1358 2244 1411 mala
2275 1374 2420 1413 cazca
2449 1367 2629 1413 mente
2662 1368 3125 1429 pertranseuntes,
3167 1379 3269 1418 nec
3294 1381 3351 1419 se
3382 1368 3547 1421 etiam

1955 1444 2010 1498 in
2041 1445 2220 1517 aliquo
2253 1462 2380 1501 reos
2400 1446 2688 1513 aestiment,
2723 1464 2842 1502 cum
2900 1457 3111 1503 constet
3168 1452 3313 1521 quod
3364 1454 3418 1507 in
3472 1456 3548 1510 in-

1956 1534 2194 1588 numeris
2224 1534 2560 1605 delinquaut.
2597 1536 2729 1589 Cum
2779 1552 2910 1591 vero
2966 1537 3287 1609 plerumque
3344 1542 3548 1614 aliquid

1956 1623 2112 1692 quasi
2133 1623 2280 1688 boni,
2312 1624 2399 1679 vel
2439 1624 2691 1693 tenuiter,
2751 1633 2801 1680 et
2860 1626 3305 1696 superﬁcietenus
3352 1630 3546 1686 viden-

252 1726 393 1777 mus,
427 1712 668 1783 gerimus
689 1713 784 1768 tibi
811 1729 1036 1781 morem,
1073 1722 1125 1769 et
1154 1731 1256 1786 pro
1305 1732 1468 1785 posse
1498 1725 1549 1771 ct
1577 1716 1718 1772 scire
1749 1734 1851 1773 no-
1883 1738 1935 1797 B
1959 1717 2046 1764 tur
2076 1719 2349 1782 utcunque
2378 1729 2563 1785 agere,
2596 1714 2702 1769 hoc
2731 1715 2894 1769 etiam
2948 1717 3093 1785 apud
3150 1734 3208 1771 se
3257 1718 3550 1775 introrsum

250 1806 365 1853 stro
394 1807 539 1854 tuam
577 1801 631 1855 in
660 1802 764 1857 hoc
802 1803 977 1873 parati
1006 1820 1191 1858 sumus
1238 1804 1462 1875 implere
1502 1804 1850 1861 voluntatem.

251 1887 517 1955 Diximus,
572 1890 620 1944 si
679 1891 1063 1961 reminisceris,
1122 1892 1265 1948 circa
1310 1892 1473 1948 finem
1520 1893 1665 1949 illius
1710 1896 1855 1965 quod

249 1974 393 2031 istud
447 1978 694 2048 proxime
740 1979 999 2051 praecedit
1053 1980 1292 2051 capituli,
1325 1990 1381 2035 ut
1424 1982 1591 2037 oratio
1642 1990 1750 2049 tua,
1804 1988 1856 2039 et

252 2080 283 2118 a
304 2065 419 2121 Deo
452 2079 677 2138 accepta
704 2069 911 2133 haberi,
955 2076 1006 2124 et
1035 2069 1131 2124 tibi
1177 2069 1453 2125 fructuosa
1492 2071 1666 2141 possit
1712 2071 1849 2138 ﬁeri,

253 2153 357 2208 tria
386 2156 637 2226 quaedam
666 2157 869 2213 debere
892 2174 922 2211 a
954 2166 1007 2213 te
1035 2158 1449 2229 diligentissime
1479 2160 1845 2215 considerari.

254 2242 491 2298 Primum
536 2245 756 2316 quidem
786 2254 887 2312 est,
920 2255 977 2301 ut
1005 2248 1255 2303 attendas
1301 2248 1549 2317 sollicite,
1585 2249 1758 2320 qualis
1787 2250 1853 2303 ad

255 2347 375 2387 eam
409 2333 663 2389 accedas.
700 2334 1006 2391 Secundum
1028 2351 1245 2407 quoque
1273 2344 1375 2405 est,
1409 2336 1628 2408 qualem
1658 2346 1708 2393 te
1740 2339 1854 2393 Deo

254 2420 307 2475 in
339 2437 403 2476 ea
433 2422 651 2477 offeras.
692 2423 932 2479 Tertium
988 2440 1137 2489 vero,
1184 2424 1399 2496 qualem
1432 2433 1482 2480 te
1512 2434 1635 2495 post
1692 2426 1856 2483 tinem

255 2510 514 2565 orationis
564 2510 843 2567 exhibeas.
896 2513 965 2568 Ut
990 2520 1170 2568 autem
1214 2513 1451 2584 primum
1483 2514 1551 2568 de
1594 2514 1771 2584 primo
1802 2516 1856 2570 in

255 2598 361 2654 hoc
391 2599 625 2669 capitulo
653 2616 882 2672 agamus
912 2601 1045 2671 (non
1082 2602 1227 2656 enim
1258 2602 1326 2657 de
1358 2602 1530 2657 tribus
1578 2603 1663 2658 his
1697 2604 1856 2660 simul

261 2686 595 2743 sufﬁcienter
622 2696 859 2745 tractare
890 2690 945 2745 in
977 2691 1079 2745 hoc
1114 2690 1348 2761 capitulo
1380 2691 1645 2761 valemus)
1677 2701 1752 2759 ut,
1778 2694 1858 2748 in-

258 2792 441 2846 quam,
475 2776 708 2847 primum
737 2776 792 2831 in
834 2778 1071 2849 capitulo
1120 2780 1224 2834 hoc
1271 2779 1339 2834 de
1372 2780 1549 2849 primo
1607 2796 1854 2853 agamus,

255 2864 523 2920 instanter
552 2874 624 2935 te,
659 2866 749 2938 qui
778 2867 1049 2923 habitator
1078 2867 1231 2923 cellae
1261 2884 1339 2934 es,
1359 2868 1735 2937 admonemus,
1758 2871 1857 2924 ob-

254 2953 379 3010 nixe
410 2970 712 3022 exoramus,
737 2964 1042 3027 opportune
1089 2972 1304 3028 quoque
1336 2957 1429 3011 tibi
1460 2965 1512 3013 et
1553 2958 1856 3029 importune

253 3042 310 3097 in
368 3043 601 3098 Domino
675 3045 1019 3115 prmeipimus
1075 3053 1171 3111 ut,
1221 3060 1343 3101 cum
1390 3046 1460 3100 ad
1516 3047 1853 3102 adorandum

259 3131 551 3187 Dominum
601 3134 775 3188 Deum
824 3141 973 3189 tuum
1033 3150 1316 3205 properas,
1363 3142 1415 3189 et
1444 3135 1679 3190 maxime
1736 3152 1862 3192 cum

256 3219 538 3277 immolare
568 3222 708 3276 Patri
757 3222 969 3293 Filium,
1027 3222 1119 3277 ubi
1149 3222 1458 3293 specialiter
1503 3225 1652 3279 Deus
1678 3233 1760 3279 est
1805 3226 1860 3279 in

260 3309 455 3365 eodem
478 3310 694 3366 Christo
723 3312 984 3367 mundum
1032 3311 1396 3367 reconcilians
1426 3311 1550 3379 sibi,
1599 3313 1860 3370 accedere

255 3399 486 3470 cogitas,
538 3399 830 3473 diligenter
871 3400 927 3454 in
970 3400 1237 3455 memoria
1288 3400 1510 3467 habeas,
1563 3408 1616 3456 et
1653 3402 1860 3474 absque

262 3487 411 3541 omni
434 3487 600 3542 dubio
648 3488 809 3555 scias,
844 3504 963 3544 cum
1021 3489 1077 3543 in
1130 3489 1278 3544 omni
1310 3489 1432 3545 loco
1463 3489 1606 3544 oculi
1644 3491 1861 3545 Domini

259 3576 612 3647 speculantur
642 3577 815 3633 bonos
856 3586 907 3632 et
934 3578 1128 3646 malos,
1162 3586 1289 3633 tunc
1319 3586 1371 3633 te
1423 3578 1767 3648 potissimum
1805 3581 1860 3633 in

257 3673 553 3736 conspectu
583 3666 682 3721 Dei
713 3674 765 3722 et
793 3674 1108 3723 sanctorum
1135 3666 1476 3739 angelorum,
1504 3667 1593 3738 qui
1626 3685 1860 3738 praesen-

258 3760 341 3807 tes
366 3755 579 3820 adsunt,
617 3763 780 3826 atque
828 3756 1069 3810 omnium
1110 3762 1420 3811 sanctorum
1476 3771 1759 3826 apparere.
1792 3757 1863 3811 Et

258 3842 405 3914 quod
425 3843 636 3897 orando
666 3842 833 3899 oﬂ‘ers
886 3844 1021 3911 Deo,
1056 3852 1163 3899 tam
1193 3844 1287 3899 illo
1322 3860 1485 3915 quam
1530 3844 1636 3898 illis
1686 3844 1861 3899 beatis

258 3930 499 3987 caelestis
551 3932 715 3987 curiae
759 3933 1059 4004 spiritibus,
1102 3933 1199 3989 sed
1246 3940 1300 3988 et
1340 3933 1592 3988 omnibus
1660 3934 1861 3989 sanctis

259 4021 332 4090 (et
362 4036 485 4077 cum
516 4020 571 4075 in
604 4020 739 4077 cella
767 4021 917 4077 solus
946 4038 1056 4077 non
1096 4022 1264 4086 solus,
1298 4029 1351 4077 et
1378 4038 1502 4077 cum
1518 4022 1573 4075 in
1620 4022 1860 4077 oratorio

259 4124 384 4165 cum
415 4110 537 4165 aliis
566 4111 712 4181 oras)
742 4110 1099 4181 przesentibus
1142 4118 1195 4165 te
1223 4110 1444 4166 offerre.
1476 4112 1544 4165 Et
1575 4110 1620 4165 si
1660 4112 1761 4167 hoc
1790 4112 1861 4165 ita

260 4206 361 4265 est,
387 4199 497 4272 imo
526 4198 651 4271 quia
672 4199 745 4254 ita
775 4207 874 4266 est,
908 4199 1126 4255 attende
1156 4199 1573 4271 diligentissime
1630 4200 1862 4270 qualiter

261 4288 515 4354 accedas,
549 4296 602 4343 et
642 4288 857 4360 qualem
892 4297 943 4343 te
972 4288 1029 4342 in
1055 4289 1160 4344 hoc
1206 4303 1435 4345 accessu
1481 4288 1736 4343 exhibere
1766 4288 1861 4343 de-

262 4375 412 4431 beas.
445 4378 513 4431 Et
541 4376 677 4432 dicis
710 4376 884 4431 mihi?
918 4378 1001 4432 Ad
1036 4385 1087 4432 te
1118 4377 1307 4432 attinet
1334 4393 1422 4432 me
1452 4377 1668 4444 docere,
1720 4392 1857 4447 qua-

1883 3094 1929 3155 C

1956 1799 2346 1868 indesinenter,
2376 1817 2483 1856 non
2516 1803 2573 1855 in
2622 1804 2853 1858 Domino
2879 1805 2978 1858 sed
3006 1804 3061 1858 in
3118 1822 3177 1861 se
3233 1807 3548 1879 gloriantes,

1958 1889 2256 1957 revolvere,
2293 1898 2346 1944 et
2375 1890 2609 1945 extcrius
2639 1908 2731 1946 ore
2761 1892 2980 1947 laudem
3012 1903 3319 1965 quaerentes
3370 1898 3556 1953 huma-

1957 1992 2104 2044 nam,
2139 1994 2247 2032 non
2276 1986 2496 2033 cessant
2523 1988 2839 2052 arroganter
2858 1981 3078 2037 referre.
3102 1984 3226 2038 Non
3255 1984 3332 2040 sic
3362 1993 3437 2056 tu,
3459 1987 3554 2058 qui

1956 2066 2227 2120 habitator
2255 2066 2407 2121 cellas
2440 2084 2519 2135 es,
2554 2083 2663 2122 non
2694 2069 2792 2132 sic,
2830 2070 2925 2124 sed
2955 2070 3009 2123 in
3039 2072 3289 2126 omnibus
3318 2091 3438 2145 quae
3464 2076 3551 2131 vel

1957 2163 2141 2208 mente
2171 2155 2406 2210 revolvis
2436 2155 2523 2209 vel
2554 2172 2645 2211 ore
2699 2156 2855 2225 dicis,
2916 2159 3002 2213 vel
3033 2174 3199 2230 Opere
3238 2163 3548 2231 committis,

1957 2242 2027 2296 ad
2058 2243 2409 2298 conscientiae
2439 2251 2544 2299 tum
2589 2260 2804 2314 semper
2834 2254 2887 2299 et
2936 2247 3136 2318 ubique
3185 2250 3552 2305 testimonium

1957 2339 2253 2401 revertere,
2285 2340 2338 2386 et
2367 2332 2544 2402 ipsam
2565 2333 2619 2386 in
2648 2334 2810 2403 plena
2840 2334 3080 2389 veritatis
3100 2336 3218 2392 luce
3237 2339 3550 2407 pervidens,

1957 2421 2103 2490 quod
2132 2420 2247 2491 ipsa
2277 2422 2545 2477 veraciter
2576 2422 2644 2477 de
2675 2422 2903 2495 singulis
2934 2424 3038 2478 tuis
3062 2433 3113 2479 et
3127 2426 3553 2483 revolutionibus

1956 2508 2204 2577 internis,
2239 2518 2292 2564 et
2318 2510 2561 2565 moribus
2591 2512 2830 2566 externis
2850 2512 3211 2580 judicaverit;
3240 2516 3347 2570 hoc
3369 2524 3549 2571 tutam

1957 2597 2012 2651 in
2040 2598 2107 2652 iis
2136 2614 2255 2668 qua:
2285 2599 2401 2669 ipsa
2430 2600 2687 2670 reprobat
2715 2602 3031 2672 arguendis,
3064 2604 3369 2674 culpandis,
3423 2622 3552 2661 cor-

1957 2686 2223 2757 rigendis,
2257 2704 2419 2759 quam
2440 2688 2494 2741 in
2526 2689 2591 2743 iis
2621 2706 2742 2760 qum
2770 2691 3049 2760 approbat,
3072 2693 3437 2763 acquirendis,
3472 2712 3555 2750 re-

1960 2776 2215 2841 tinendis,
2252 2777 2590 2843 exercendis,
2640 2778 2998 2849 adaugendis,
3034 2796 3130 2850 per
3167 2782 3348 2836 omnia
3378 2792 3552 2838 ratum

1958 2864 2139 2919 habet.
2182 2867 2362 2937 Itaque
2392 2866 2447 2919 i-n
2478 2866 2655 2921 balteo
2699 2866 2881 2923 cordis
2937 2867 3031 2933 tui,
3065 2878 3280 2924 acutum
3336 2887 3557 2942 semper

1960 2969 2164 3026 gerens
2195 2955 2434 3025 propriae
2463 2955 2821 3010 accusationis
2850 2956 3129 3027 paxillum,
3185 2958 3315 3013 sede
3340 2967 3390 3013 te
3448 2961 3553 3015 hu-

1958 3042 2241 3107 miliando,
2275 3043 2398 3097 fode
2432 3050 2483 3097 tc
2515 3044 2861 3116 corrigendo,
2894 3053 2950 3099 ut
2981 3045 3060 3100 sic
3090 3047 3237 3117 quod
3266 3062 3299 3100 a
3328 3055 3381 3101 te
3411 3048 3555 3105 foede

1960 3146 2025 3186 ac
2055 3130 2219 3185 fetide
2250 3146 2358 3185 non
2389 3138 2500 3185 tam
2529 3148 2627 3201 per
2666 3140 2908 3186 naturam
2940 3142 3211 3205 egestum,
3247 3152 3405 3206 quam
3456 3154 3557 3207 per

1960 3220 2174 3289 culpam
2206 3227 2424 3291 gestum
2454 3226 2555 3287 est,
2589 3221 2868 3290 cooperias
2899 3222 3234 3291 pmnitendo,
3296 3224 3474 3279 sciens
3503 3234 3554 3280 ct

1962 3309 2152 3363 beatos
2181 3324 2303 3363 esse
2335 3324 2563 3380 quorum
2594 3315 2738 3364 tecta
2776 3317 2901 3363 sunt
2954 3318 3201 3379 peccata,
3236 3319 3289 3365 et
3320 3314 3443 3383 quia
3500 3314 3554 3368 in

1962 3397 2166 3451 sanctis
2196 3397 2541 3463 animalibus,
2602 3396 2739 3452 sicut
2796 3398 2916 3452 dum
2969 3415 3163 3468 pennae
3210 3400 3551 3472 singulorum

1954 3486 2347 3557 jungebantur,
2383 3486 2462 3541 sic
2492 3485 2844 3540 nihilominus
2876 3494 2928 3541 et
2959 3487 3081 3541 duae
3139 3490 3397 3560 tegebant
3428 3506 3556 3545 cor-

1961 3590 2094 3644 pora
2124 3591 2332 3629 eorum.
2368 3574 2507 3641 Quid
2565 3582 2744 3628 autem
2784 3575 2888 3629 sibi
2944 3576 3112 3630 velint
3166 3576 3301 3642 haec,
3363 3578 3555 3633 beatus

1964 3663 2265 3735 Gregorius
2284 3671 2336 3718 te
2367 3663 2580 3730 doceat,
2614 3663 2793 3733 magis
2824 3672 3003 3719 autem
3032 3664 3252 3734 propria
3284 3673 3335 3719 te
3391 3682 3556 3737 expe-

1962 3752 2157 3807 rientia
2186 3758 2391 3806 certum
2424 3751 2636 3807 reddat.
2670 3751 2779 3807 Sed
2808 3761 2857 3805 et
2889 3752 2933 3807 si
2989 3753 3172 3824 aliqua
3203 3754 3359 3824 quasi
3416 3755 3556 3810 bona

1961 3841 2163 3895 videris
2194 3841 2247 3894 in
2282 3849 2354 3907 te,
2388 3841 2444 3895 in
2500 3840 2689 3911 primis
2746 3841 3049 3897 certissime
3099 3842 3243 3898 scias
3274 3843 3392 3914 ipsa
3447 3859 3557 3899 non

1962 3947 2086 3984 esse
2118 3946 2150 3983 a
2178 3938 2251 3998 te,
2286 3930 2483 3985 deinde
2514 3946 2623 3985 non
2652 3930 2876 4002 ignores
2927 3931 3049 4002 quia
3109 3931 3285 4002 ipsam
3341 3948 3559 4004 quoque

1960 4019 2261 4073 Jerusalem
2286 4020 2462 4087 justus
2492 4019 2603 4090 ille,
2630 4028 2683 4074 et
2713 4019 2988 4074 districtus
3014 4020 3179 4088 judex
3230 4022 3560 4077 scrutabitur

1960 4106 2019 4161 in
2046 4107 2283 4163 lucernis
2318 4123 2331 4162 :
2365 4116 2417 4162 et
2456 4126 2580 4163 cum
2621 4108 2893 4179 acceperit
2940 4117 3172 4179 tempus,
3221 4109 3339 4179 ipse
3396 4110 3559 4164 etiam

1957 4196 2192 4264 justitias
2216 4196 2499 4263 judicabit.
2534 4196 2673 4265 Quia
2702 4196 2955 4251 nimirum
3014 4197 3153 4251 sicut
3180 4197 3224 4250 si
3252 4198 3462 4253 venerit
3490 4198 3561 4253 ad

1964 4292 2035 4349 te,
2070 4300 2178 4338 non
2206 4284 2415 4338 videbis
2447 4302 2590 4349 eum,
2649 4285 2727 4339 sic
2783 4300 3000 4354 quoque
3042 4284 3149 4347 etsi
3200 4285 3414 4351 abierit,
3444 4302 3555 4341 non

1966 4372 2261 4443 intelliges,
2292 4380 2349 4425 ut
2380 4372 2424 4425 si
2457 4372 2669 4442 quando
2692 4372 2829 4425 ridet
2860 4371 2930 4424 ad
2962 4379 3031 4436 te,
3089 4387 3197 4426 non
3254 4373 3445 4427 credas
3484 4374 3555 4429 ei.

261 4464 387 4519 liter
414 4482 499 4519 me
539 4466 772 4521 debeam
802 4466 939 4521 hora
968 4466 1061 4520 illa
1103 4466 1362 4521 exhibere
1389 4484 1403 4532 ;
1438 4466 1508 4520 ad
1542 4481 1629 4520 me
1657 4472 1858 4531 autem,
1880 4452 1933 4512 D
1965 4460 2164 4532 Sicque
2196 4460 2398 4515 bonum
2430 4460 2543 4528 tibi,
2597 4468 2865 4531 quatenus
2922 4460 3295 4531 experimento
3351 4462 3552 4528 discas.

263 4560 315 4607 et
343 4554 616 4610 humiliter
672 4554 879 4622 audire,
912 4562 966 4609 et
994 4570 1097 4625 pro
1142 4570 1305 4625 posse
1334 4570 1398 4610 ac
1426 4570 1590 4609 nosse
1649 4554 1865 4610 effectui

262 4641 459 4697 devote
486 4643 815 4715 mancipare.
872 4643 940 4697 Et
970 4659 1095 4717 ego,
1146 4643 1217 4697 ita
1264 4642 1373 4709 fiat,
1406 4651 1464 4697 ut
1515 4642 1650 4697 dicis
1685 4660 1698 4696 :
1731 4659 1863 4713 pre-

259 4747 460 4803 corque
490 4734 664 4787 Deum
694 4740 751 4785 ut
780 4730 859 4787 sic
891 4731 1171 4787 faciamus.
1219 4726 1406 4802 Itaque
1437 4731 1506 4786 ad
1564 4730 1864 4787 orationem

263 4822 554 4887 accedens,
599 4820 891 4893 diligenter
938 4821 1114 4886 stude,
1149 4828 1203 4874 et
1232 4820 1354 4873 totis
1383 4819 1585 4875 viribus
1643 4835 1861 4885 conare,

261 4918 321 4965 ut
377 4925 469 4965 cor
522 4908 782 4964 mundum
832 4925 934 4979 per
987 4908 1166 4963 omnia
1211 4906 1447 4973 aﬁ‘eras,
1506 4915 1773 4979 quatenus
1814 4916 1866 4963 et

262 4999 379 5053 Deo
409 4999 710 5068 placentem
744 5006 796 5053 et
828 4998 927 5052 tibi
984 4997 1255 5052 salubrem
1283 4996 1585 5051 orationem
1643 4995 1861 5051 offeras.

264 5086 571 5155 Quomodo,
596 5086 697 5155 ais,
731 5086 825 5142 ﬁet
866 5086 1010 5141 istud
1038 5086 1065 5139 ?
1092 5086 1251 5151 Audi,
1288 5093 1339 5140 et
1369 5086 1627 5158 intelligo,
1663 5092 1714 5139 et
1769 5100 1865 5139 au-

262 5175 419 5230 diens
442 5184 600 5247 atque
632 5175 962 5247 intelligens,
1006 5174 1170 5229 etiam
1201 5191 1369 5245 opere
1416 5174 1638 5245 perfice.
1690 5173 1864 5241 Quid-

260 5263 389 5335 quid
434 5264 825 5320 conscientiam
868 5271 1017 5319 tuam
1088 5263 1386 5327 remordet,
1438 5264 1547 5317 imo
1601 5262 1861 5334 quidquid

262 5352 651 5408 conscientiam
692 5360 835 5408 tuam
882 5352 1066 5408 illicite
1122 5359 1233 5407 ate
1294 5350 1380 5405 vel
1437 5367 1536 5421 per
1581 5350 1865 5420 cogitatio-

262 5456 408 5507 nem,
442 5450 535 5497 aut
561 5458 657 5513 per
683 5441 1047 5507 locutionem,
1099 5458 1195 5496 seu
1241 5447 1389 5495 certe
1441 5455 1542 5509 per
1589 5438 1863 5508 operatio—

260 5546 408 5598 nem,
442 5538 536 5586 aut
566 5546 891 5603 quocunque
946 5530 1111 5587 modo
1150 5528 1503 5587 commissum
1548 5527 1865 5582 remordere

258 5618 423 5687 valet,
456 5620 769 5691 pcenitentia
798 5620 951 5692 prius
989 5619 1151 5691 plena
1182 5638 1197 5686 ;
1230 5616 1575 5674 confessione
1623 5630 1779 5687 pura,
1814 5622 1866 5671 et

1963 4551 2230 4605 bonorum
2263 4566 2405 4617 esse,
2438 4548 2509 4602 ibi
2542 4549 2753 4619 culpam
2790 4548 3081 4614 mstimare,
3116 4550 3208 4603 ubi
3258 4550 3417 4621 culpa
3448 4567 3558 4606 non

1964 4646 2066 4693 est.
2100 4640 2286 4709 Itaque
2308 4638 2400 4692 illa
2442 4637 2734 4693 mortifera:
2791 4638 3153 4694 excusationis
3198 4638 3561 4709 protOplastoo

1964 4744 2083 4782 rum
2115 4743 2146 4783 a
2179 4736 2230 4782 te
2261 4726 2501 4781 funditus
2532 4727 2736 4797 projice
2766 4728 3113 4798 perizomata,
3148 4728 3341 4797 quibus
3392 4727 3555 4781 innu-

1963 4817 2103 4871 meri
2132 4816 2294 4871 hodie
2326 4832 2422 4870 sua
2453 4816 2521 4870 ad
2544 4831 2803 4887 magnam
2842 4815 3208 4886 insipientiam
3240 4815 3342 4869 sibi
3373 4823 3564 4887 tegunt

1964 4906 2225 4961 verenda.
2253 4905 2450 4975 Sicque
2480 4904 2643 4972 scias,
2670 4903 2803 4957 nihil
2834 4904 2980 4957 aliud
3012 4920 3133 4958 esse
3161 4903 3375 4973 culpam
3397 4920 3560 4960 excu-

1967 5010 2110 5061 sare,
2160 5010 2323 5065 quam
2382 5001 2434 5046 et
2479 4992 2780 5062 simplicem
2828 4990 3140 5062 geminare,
3197 5000 3248 5045 et
3305 4992 3557 5064 exiguam

1966 5083 2262 5151 adaugere.
2331 5081 2507 5154 Magis
2541 5089 2721 5134 autem
2748 5080 2803 5133 in
2831 5079 2963 5149 ipsis
2993 5078 3220 5133 internis
3253 5080 3357 5135 tuis
3387 5082 3557 5153 quod-

1965 5170 2088 5224 dam
2126 5170 2361 5240 rigidum
2391 5169 2681 5240 capitulum
2724 5167 2863 5222 ratio
2911 5167 3133 5238 quidem
3163 5175 3385 5235 teneat;
3429 5186 3560 5225 con-

1966 5258 2190 5314 seientia
2246 5275 2373 5313 vero
2421 5274 2682 5329 parcere,
2752 5256 2914 5311 silere
2970 5273 3032 5311 ac
3097 5257 3278 5313 celare
3350 5259 3556 5324 nescia,

1965 5348 2422 5419 proclamationes
2480 5347 2656 5402 faciat.
2720 5346 2840 5416 Ipsa
2887 5345 3237 5400 nihilominus
3277 5362 3431 5399 mens
3488 5346 3559 5399 ab

1966 5438 2115 5492 omni
2173 5436 2573 5500 excusationis,
2652 5434 3009 5501 defensionis,
3093 5432 3557 5501 contradictionis,

1966 5525 2435 5598 tergiversationis
2452 5524 2667 5595 penitus
2696 5524 2912 5578 macula
2940 5524 3307 5591 Obmutescat;
3332 5522 3561 5591 abjectis

1966 5614 2145 5684 potuis
2174 5630 2355 5685 pravae
2376 5612 2595 5684 (quibus
2640 5612 2928 5685 tegebatur
2955 5612 3061 5667 huc
3116 5612 3311 5685 usque)
3336 5611 3559 5668 tacitur-
