3972 6052
423 259 518 309 871

1301 261 1640 317 GUIGONIS
1680 264 1725 316 II
1765 262 2171 321 CARTHUSI/E
2208 271 2501 327 MAJORIS
2542 274 2832 330 PRIURIS.

3624 281 3731 336 8'72

424 378 605 433 uitatis
634 379 909 474 vestibus;
968 398 1067 474 per
1113 400 1307 453 puram
1370 386 1790 453 confessionem,
1828 388 2025 442 nudam
2048 395 2099 451 A
2131 393 2439 451 damnabile
2468 397 2693 463 malum,
2730 416 2760 452 a
2790 399 2949 453 nobis
2982 400 3243 454 orationis
3265 408 3509 471 tempore
3553 404 3737 474 depel-

427 483 487 521 se
518 476 570 521 et
617 467 970 537 despoliatam
1032 470 1188 525 faciat
1222 491 1233 526 :
1269 482 1322 527 et
1355 474 1407 527 in
1464 476 1752 543 praesentia
1811 477 2037 531 rationis

429 556 553 610 huic
582 556 819 627 capitulo
868 560 1232 628 przesidentis,
1282 563 1571 631 profunde,
1606 582 1663 618 se
1723 565 2033 634 humilians,

428 644 665 716 rigidam
696 655 855 715 prout
886 647 999 716 ipsa
1027 647 1373 717 judicaverit,
1407 668 1530 706 cum
1574 652 1725 707 tirmo
1754 654 1821 707 de
1870 662 2035 708 caete-

426 749 489 788 ro
548 735 876 789 emendandi
948 738 1246 806 praposito,
1312 740 1599 811 condignm
1657 742 2037 796 satisfactionis

425 821 767 893 disciplinam
800 824 985 878 subire
1018 834 1207 894 parata
1230 836 1278 880 et
1338 837 1589 898 prompta
1635 829 1849 884 existat.
1902 831 2034 884 Cum

424 918 607 965 autem
636 912 753 967 haec
782 913 958 966 omnia
988 914 1091 969 hoc
1121 915 1299 984 modo,
1330 925 1382 970 tu
1414 916 1504 988 qui
1562 918 1834 973 habitator
1880 919 2032 973 cellae

425 1014 504 1066 es,
538 1016 708 1069 penes
740 1009 790 1055 te
814 1000 1016 1055 debeas
1046 1003 1285 1071 habere;
1323 1006 1420 1059 sed
1451 1014 1575 1060 tunc
1609 1022 1766 1076 quam
1800 1006 2032 1061 maxime

424 1103 489 1142 ea
520 1094 571 1142 te
626 1089 783 1144 decet
839 1105 1117 1159 exercere,
1152 1108 1276 1146 cum
1317 1094 1385 1147 ad
1416 1094 1721 1148 orationem
1768 1095 2032 1165 proponis

424 1176 689 1231 accedere
722 1196 735 1243 ;
772 1178 898 1248 quia
930 1187 981 1233 et
1010 1180 1078 1233 de
1101 1197 1158 1235 se
1202 1181 1331 1235 dicit
1389 1183 1695 1251 Psalmista,
1730 1184 1873 1253 quod
1931 1183 2033 1236 ini-

426 1264 685 1335 quitatem
709 1266 753 1319 si
777 1267 985 1336 aspexit
1015 1268 1068 1321 in
1102 1269 1263 1323 corde
1296 1286 1414 1337 suo,
1477 1286 1586 1324 non
1633 1271 1883 1325 exaudiet
1921 1272 2030 1326 Do-

424 1354 635 1418 minus;
670 1355 747 1409 sic
765 1355 1047 1427 adjungit:
1083 1359 1389 1428 Propterea
1434 1360 1728 1414 exaudivit
1771 1361 1934 1427 Deus,
1970 1364 2028 1415 et

424 1444 673 1498 attendit
706 1444 826 1497 voci
866 1444 1279 1514 deprecationis
1328 1463 1468 1501 meae
1517 1450 1693 1515 (Psal.
1744 1463 1874 1515 va,
1903 1449 2018 1517 16).

422 1530 695 1585 Subaudis
732 1545 743 1583 :
778 1531 906 1601 quia
937 1548 1044 1586 non
1078 1534 1266 1603 aspexi
1293 1550 1417 1605 ego,
1479 1535 1771 1603 exaudivit,
1804 1535 2029 1590 attendit

419 1618 587 1673 Deus.
625 1619 681 1673 Si
712 1635 843 1673 vero
873 1628 929 1673 tu
968 1637 1087 1691 quae
1126 1622 1271 1677 dicta
1304 1630 1446 1687 sunt,
1504 1631 1555 1677 et
1586 1639 1649 1677 eo
1697 1625 1860 1678 modo
1919 1639 2025 1695 quo

2140 481 2381 551 lendum,
2413 486 2689 557 geminum
2723 504 2781 541 se
2804 488 2966 543 habet
2994 488 3209 542 Domini
3236 498 3588 559 praeceptum.
3624 493 3741 547 Hoc

2139 581 2320 627 autem
2342 591 2509 628 unum
2540 584 2621 630 est
2647 594 2657 628 :
2696 578 2831 631 Cum
2861 579 3083 631 stabitis
3105 578 3176 633 ad
3212 579 3509 646 orandum,
3543 581 3739 634 dimit-

2140 661 2243 714 tite
2272 663 2319 715 si
2354 664 2484 733 quid
2514 663 2728 719 habetis
2749 666 3021 719 adversus
3043 666 3289 736 aliquem
3312 668 3503 737 (Marc.
3528 670 3733 736 xr,25);

2136 749 2283 804 aliud
2305 767 2433 805 vero
2465 760 2547 805 est
2585 770 2597 805 :
2630 753 2689 807 Si
2709 754 2872 822 o/fers
2902 769 3106 808 manus
3129 758 3293 808 tuum
3336 754 3411 808 ad
3443 756 3648 819 altare,
3685 764 3739 809 et

2134 846 2327 892 cmtera
2358 855 2478 909 quae
2502 848 2824 910 sequuntur.
2864 840 2972 894 Sed
3004 841 3072 895 de
3103 856 3169 895 eo
3213 841 3359 912 quod
3388 842 3565 911 primo
3612 843 3738 898 loco

2132 926 2431 995 posuimus,
2467 927 2615 997 prius
2645 945 2886 1000 agamus,
2922 936 3211 999 antequam
3273 930 3342 983 ad
3371 930 3517 984 aliud
3574 945 3740 986 acce-

2134 1015 2347 1069 damus.
2385 1016 2521 1071 Cum
2550 1017 2797 1083 stabitis,
2830 1017 2904 1071 ait
2923 1017 3207 1085 Dominus,
3232 1018 3305 1072 ad
3325 1018 3623 1084 orandum,
3648 1018 3746 1073 di-

2132 1104 2348 1159 mittite
2370 1107 2417 1159 si
2448 1106 2579 1176 quid
2601 1106 2813 1160 habetis
2834 1106 3097 1161 adversus
3118 1107 3382 1177 aliquem.
3398 1107 3465 1161 Et
3485 1107 3613 1160 item
3639 1125 3651 1159 :
3678 1108 3739 1163 Si

2131 1192 2465 1248 dimiseritis
2493 1193 2811 1248 hominibus
2850 1198 3085 1265 peccata
3122 1210 3345 1259 eorum,
3381 1195 3636 1249 dimittet
3679 1199 3742 1249 et

2130 1282 2277 1336 vobis
2300 1283 2471 1336 Pater
2499 1286 2682 1337 vester
2708 1284 2950 1337 caelestis
2974 1286 3209 1352 peccata
3234 1286 3448 1348 vestra;
3468 1283 3517 1337 si
3538 1286 3735 1337 autem

2128 1386 2245 1423 non
2269 1370 2602 1425 dimiseritis
2621 1370 2957 1436 hominibus,
2975 1387 3077 1425 nec
3090 1373 3260 1426 Pater
3280 1375 3461 1426 vester
3475 1372 3734 1427 dimittet

2126 1474 2293 1529 pecca
2303 1463 2359 1512 ta
2378 1463 2561 1514 vestra
2584 1460 2803 1529 (Matth.
2824 1474 2901 1524 vr,
2926 1461 3011 1523 14,
3039 1462 3146 1527 15).
3170 1459 3312 1513 Ecce
3333 1459 3547 1525 audisti,
3561 1467 3616 1513 tu
3635 1459 3733 1529 qui

2128 1546 2394 1601 habitator
2422 1547 2575 1602 cellae
2604 1563 2684 1612 es,
2720 1555 2772 1600 et
2798 1547 2926 1617 quid
2974 1562 3074 1602 nos
3102 1547 3366 1601 Dominus
3396 1547 3731 1613 exhortetur,

2128 1642 2179 1687 et
2218 1635 2345 1705 quid
2394 1635 2551 1689 nobis
2607 1635 2987 1691 comminetur.
3052 1635 3382 1689 Exhortatur
3441 1634 3733 1705 siquidem,

422 1706 742 1806 {icm‘sumt
790 1710 1118 1777 θκθτευοτίεν
1177 1727 1301 1765 cum
1356 1711 1561 1783 εαυάίο
1620 1710 1832 1767 conﬁde
1860 1729 2025 1767 θκθυ·
2052 1730 2183 1806 But
2206 1739 2327 1777 cum
2360 1724 2671 1778 accedimus
2711 1724 2780 1777 ad
2836 1723 3119 1788 orandum,
3168 1722 3495 1777 dimittamus
3527 1741 3541 1788 ;
3573 1740 3734 1778 com-

420 1795 675 1849 diendam
707 1812 829 1850 esse
860 1798 1160 1852 orationem
1194 1807 1337 1852 tuam
1379 1816 1411 1852 a
1442 1801 1556 1854 Deo
1583 1818 1594 1863 ;
1629 1801 1756 1871 quia
1773 1801 1887 1868 jam
1917 1800 2025 1855 ini-

417 1884 675 1954 quitatem
696 1900 805 1939 non
844 1886 1040 1955 aspicis
1088 1887 1141 1939 in
1198 1888 1363 1942 corde
1394 1896 1503 1943 tuo.
1568 1888 1625 1943 Si
1664 1889 1808 1943 enim
1839 1889 2023 1959 aliqua

411 1972 467 2027 in
498 1989 564 2028 eo
594 1973 889 2045 aliquando
922 1974 1037 2042 fuit,
1068 1977 1181 2045 jam
1212 1984 1335 2032 ante
1367 1977 1546 2032 deleta
1593 1986 1696 2032 est.

867 2181 1262 2237 CAPITULUM
1304 2182 1559 2237 XXXIV.

413 2347 488 2403 De
511 2366 571 2405 eo
598 2350 739 2421 quod
767 2367 897 2405 cum
915 2351 986 2405 ad
1015 2352 1331 2406 orationem
1344 2350 1683 2414 accedimus,
1703 2352 1758 2403 et
1780 2348 1900 2403 illis
1922 2349 2015 2421 qui

484 2422 543 2475 in
578 2420 677 2476 uos
705 2421 1070 2493 deliquerunt
1093 2439 1165 2476 ex
1185 2438 1326 2493 puro
1349 2423 1510 2476 corde
1534 2422 1844 2493 dimittere,
1878 2425 1934 2474 et
1968 2420 2018 2493 si

482 2497 618 2545 sunt
651 2494 746 2575 qui
779 2490 984 2575 liabent
1019 2490 1235 2575 aliquid
1264 2493 1560 2575 adversum
1584 2509 1703 2557 nos,
1736 2490 1904 2561 plene
1936 2492 2016 2545 eis

480 2578 545 2616 ac
573 2565 826 2633 perfecte
855 2564 1219 2618 reconciliari
1251 2564 1530 2618 debemus.

483 2695 628 2750 Inter
654 2696 791 2760 haec,
827 2704 879 2749 tu
910 2696 1000 2767 qui
1040 2696 1311 2751 habitator
1350 2697 1503 2751 cella:
1532 2713 1611 2760 es,
1656 2696 2013 2766 apostolicum

407 2782 537 2836 illud
570 2783 709 2837 habe
739 2783 1027 2855 diligenter
1047 2784 1100 2837 in
1136 2785 1397 2837 memoria
1431 2792 1762 2854 praeceptum
1812 2793 1864 2837 et
1895 2784 2013 2854 qui-

404 2870 531 2925 dem
564 2871 1006 2941 saluberrimum,
1049 2872 1117 2927 de
1148 2888 1255 2943 quo
1288 2872 1341 2925 in
1373 2872 1617 2941 Epistola
1640 2888 1738 2926 sua
1755 2873 2011 2927 dilectum

407 2967 460 3014 et
487 2959 718 3015 electum
756 2960 1038 3031 alloquens
1066 2960 1392 3030 discipulum
1429 2976 1441 3013 :
1473 2962 1767 3025 Levantes,
1816 2961 2007 3032 inquit,

400 3065 578 3121 puras
610 3052 975 3115 manus,sine
999 3050 1085 3104 ira
1116 3054 1171 3104 et
1192 3051 1601 3120 disceptatione
1620 3051 1668 3120 (l
1689 3051 1823 3103 Tim.
1846 3066 1903 3117 ιι,
1930 3050 2003 3118 9).

407 3134 584 3203 Quam
614 3146 866 3206 putamus
898 3154 1019 3191 esse
1049 3137 1363 3191 distantiam
1392 3137 1532 3191 inter
1560 3138 2011 3207 disceptationem

407 3231 460 3278 et
491 3224 625 3278 iram
648 3224 675 3277 ἲν
705 3225 931 3279 Videtur
971 3225 1153 3296 utique
1202 3224 1359 3279 nobis
1415 3226 1558 3295 quod
1590 3226 1681 3296 qui
1747 3226 2011 3280 adversus

406 3311 645 3383 aliquem
690 3313 850 3367 nimis
886 3313 1083 3382 injuste
1134 3322 1186 3368 et
1244 3314 1557 3380 indiscrete,
1614 3314 1773 3368 nimis
1821 3314 2012 3368 acriter

405 3408 458 3455 et
481 3400 774 3456 crudeliter
803 3412 1045 3457 movetur
1074 3423 1085 3467 ;
1120 3403 1209 3457 hic
1238 3412 1381 3457 certe
1414 3403 1469 3455 in
1499 3402 1577 3455 ira
1608 3412 1707 3457 est.
1744 3402 1847 3470 Qui
1879 3418 2010 3457 vero

405 3488 576 3556 illum,
611 3490 878 3545 adversus
900 3508 1061 3562 quem
1102 3500 1405 3546 commotus
1435 3500 1534 3556 est,
1570 3491 1731 3545 etiam
1780 3507 2010 3561 corpore

406 3578 689 3632 absentem
737 3580 838 3633 sibi
895 3580 950 3633 in
1008 3588 1189 3635 mente
1246 3588 1621 3649 repraesentat,
1674 3596 1906 3651 cumque
1955 3579 2011 3632 in

409 3666 624 3721 interno
683 3668 866 3723 cordis
914 3685 1157 3734 susurro,
1230 3668 1410 3722 silenti
1467 3669 1703 3739 quodam
1750 3670 2005 3735 clamore,

406 3770 502 3809 seu
533 3756 601 3825 (si
632 3756 706 3810 ita
766 3757 1159 3827 congruentius
1215 3756 1434 3824 dicitur)
1483 3756 1725 3810 clamoso
1773 3756 2010 3825 quodam

402 3842 637 3909 silentio,
665 3861 786 3897 cum
837 3845 1168 3899 tumultuosa
1217 3845 1547 3909 turbatione,
1579 3852 1632 3898 et
1688 3844 1903 3898 turbato
1935 3852 2012 3897 tu-

399 3930 568 3983 multu
602 3931 923 4000 alloquens;
956 3932 1316 4001 allegationes
1339 3932 1703 3995 multimodas,
1741 3940 1792 3985 et
1820 3948 2009 3985 omnes

399 4018 479 4087 (ut
502 4018 604 4071 sibi
633 4018 867 4088 videtur)
898 4020 1270 4085 rationabiles,
1305 4020 1402 4074 sed
1434 4020 1701 4075 veraciter
1732 4020 1881 4073 omni
1913 4036 2001 4073 ra-

397 4104 543 4160 tione
574 4116 824 4163 carentes
884 4108 1075 4162 emittit
1113 4127 1125 4162 :
1172 4108 1555 4177 responsiones
1614 4108 1855 4178 suscipit,
1891 4108 2009 4178 ipso

398 4194 515 4249 solo
546 4204 598 4250 et
628 4212 738 4251 non
766 4197 872 4251 alio
892 4213 1014 4253 cum
1039 4212 1103 4252 eo
1146 4197 1430 4251 existente.
1488 4198 1549 4250 In
1569 4196 1652 4250 bis
1686 4205 1738 4251 et
1795 4196 1885 4267 qui
1912 4212 2009 4267 op-

392 4284 563 4352 ponit,
598 4294 649 4339 et
678 4286 769 4356 qui
800 4285 1031 4357 reponit,
1077 4286 1179 4340 iste
1210 4286 1466 4339 nimirum
1497 4286 1550 4339 in
1610 4286 2007 4355 disceptatione

395 4378 497 4425 est.
534 4372 589 4426 Si
620 4374 838 4443 quidem
868 4375 1135 4444 disceptat
1165 4383 1217 4429 et
1266 4375 1524 4445 disputat,
1560 4382 1613 4429 et
1662 4390 1783 4429 cum
1835 4374 2008 4428 altero

2127 1812 2360 1865 minatur
2391 1828 2520 1866 vero
2552 1812 2698 1882 quod
2731 1812 2775 1865 si
2798 1828 2897 1865 nos
2919 1827 3027 1865 non
3057 1811 3395 1879 dimittimus,
3429 1827 3530 1866 nec
3560 1810 3741 1865 dimit-

2125 1910 2267 1955 tetur
2293 1900 2471 1955 nobis.
2502 1900 2834 1969 Exhortatio,
2860 1900 3055 1965 fateor,
3079 1900 3238 1955 valde
3280 1899 3535 1964 salubris,
3571 1915 3733 1954 com-

2124 1990 2343 2043 minatio
2389 2006 2518 2044 vero
2551 1989 2712 2043 valde
2746 1988 3028 2057 terribilis.
3068 1988 3125 2042 Si
3183 1987 3522 2053 dimittimus,
3558 1996 3611 2042 et
3641 1988 3733 2041 di-

2122 2079 2360 2132 mittetur
2388 2078 2545 2132 nobis
2580 2095 2592 2130 :
2627 2078 2672 2130 si
2695 2093 2802 2131 non
2824 2077 3161 2143 dimittimus,
3193 2093 3295 2132 nec
3324 2077 3482 2131 nobis
3538 2076 3730 2130 dimit-

2122 2174 2283 2221 tetur.
2318 2168 2462 2221 Ecce
2508 2166 2633 2236 quia
2672 2166 2727 2219 in
2776 2173 2963 2220 nostra
3011 2164 3282 2219 voluntate
3328 2165 3563 2235 positum
3622 2172 3727 2229 est,

2119 2262 2298 2308 utrum
2332 2270 2431 2309 nos
2464 2253 2639 2309 foveat
2670 2254 2866 2326 gratia,
2899 2269 2969 2307 an
2999 2252 3153 2308 feriat
3201 2252 3303 2307 ira.
3351 2254 3535 2324 Itaque
3572 2267 3734 2309 acce-

2120 2344 2255 2396 dens
2286 2343 2353 2396 ad
2399 2344 2721 2408 orationem,
2772 2350 2825 2395 tu
2884 2342 2975 2413 qui
3004 2342 3273 2395 habitator
3328 2341 3481 2396 cellae
3522 2358 3602 2407 es,
3635 2341 3729 2395 di-

2117 2431 2268 2486 mitte
2301 2440 2357 2485 ut
2387 2431 2686 2485 dimittatur
2717 2431 2812 2484 tibi
2846 2450 2859 2495 ;
2894 2430 2990 2484 sed
3038 2446 3103 2484 eo
3132 2430 3295 2485 modo
3352 2430 3577 2494 dimitte,
3614 2444 3725 2501 quo

2116 2520 2213 2577 tibi
2244 2520 2398 2589 cupis
2420 2519 2649 2589 dimittin
2672 2519 2819 2573 Dicis
2876 2518 3123 2572 fortassis
3180 2526 3234 2572 tu
3288 2536 3301 2571 :
3334 2516 3476 2584 Quid
3505 2525 3589 2572 est
3635 2518 3726 2571 di-

2116 2609 2328 2663 mittere
2350 2610 2376 2661 ?
2406 2617 2458 2662 et
2488 2608 2565 2663 sic
2612 2624 2712 2661 nos
2768 2608 3161 2677 respondemus
3204 2607 3301 2660 tibi
3333 2625 3345 2660 :
3379 2608 3480 2661 hoc
3513 2614 3594 2661 est
3640 2607 3724 2660 di-

2114 2697 2344 2762 mittere,
2379 2698 2647 2751 demente
2679 2696 2943 2763 emittere,
2990 2704 3048 2749 ut
3076 2695 3209 2748 nihil
3264 2711 3453 2750 eorum
3482 2695 3536 2748 in
3576 2711 3725 2749 men-

2114 2794 2166 2839 te
2188 2802 2356 2855 peues
2387 2793 2437 2839 te
2468 2793 2519 2838 et
2550 2785 2689 2838 intra
2721 2792 2771 2838 te
2815 2783 3069 2848 retineas,
3103 2800 3223 2854 quae
3254 2783 3348 2837 tibi
3377 2799 3407 2836 a
3447 2799 3723 2854 quoquam

2114 2890 2402 2944 perperam
2433 2874 2574 2928 dicta
2604 2874 2690 2928 vel
2724 2874 2863 2927 facta
2891 2881 3034 2927 sunt.
3074 2872 3130 2927 Si
3188 2872 3331 2926 enim
3361 2871 3563 2941 aliquid
3621 2889 3722 2927 eo-

2114 2980 2235 3017 rum
2265 2980 2384 3033 quze
2414 2963 2511 3016 tibi
2542 2962 2627 3017 vel
2660 2962 2848 3015 durius
2880 2962 2948 3015 ab
2977 2961 3157 3032 aliquo
3195 2961 3360 3027 dicta,
3397 2961 3481 3015 vel
3534 2960 3724 3015 durius

2113 3060 2235 3106 acta
2268 3059 2410 3117 sunt,
2444 3058 2746 3106 commotus
2777 3058 2828 3104 et
2845 3050 3056 3114 dolens,
3092 3049 3262 3104 tristis
3283 3057 3715 3119 etconquerens,

2110 3140 2277 3194 iratus
2307 3148 2359 3194 et
2389 3156 2621 3207 amarus,
2643 3139 2972 3208 disceptans,
2994 3146 3044 3192 et
3074 3138 3359 3207 disputans
3387 3138 3527 3192 intra
3558 3146 3610 3192 te
3641 3154 3720 3191 re-

2110 3229 2303 3297 volvis,
2338 3237 2390 3283 et
2420 3237 2603 3299 aptum
2634 3226 2900 3282 reddendi
2932 3225 3189 3281 talionem
3225 3234 3277 3281 et
3306 3226 3478 3281 vicem
3510 3234 3721 3296 tempus

2111 3318 2351 3388 exquiris
2396 3336 2409 3381 ;
2444 3325 2496 3371 et
2544 3316 2590 3369 si
2620 3316 2751 3387 quid
2790 3315 2839 3369 ei
2896 3315 3185 3385 contigerit
3244 3314 3481 3379 adversi,
3516 3315 3585 3368 ab
3614 3314 3723 3368 alio

2111 3406 2350 3476 quidem,
2384 3421 2492 3459 non
2521 3421 2618 3475 per
2647 3413 2697 3458 te
2721 3404 2946 3472 illatum,
2980 3412 3034 3456 tu
3073 3418 3290 3473 quoque
3337 3402 3463 3456 inde
3493 3402 3716 3467 laetaris,

2110 3494 2366 3548 audenter
2395 3494 2625 3548 dicimus
2670 3492 2793 3563 quia
2850 3507 2960 3546 non
2991 3491 3235 3545 dimittis.
3269 3492 3385 3545 Nec
3439 3490 3717 3545 fructuose

2110 3582 2348 3652 quandiu
2371 3582 2449 3636 sic
2471 3582 2612 3635 intra
2644 3588 2695 3635 te
2736 3580 2945 3636 actitari
2976 3579 3163 3646 sentis,
3217 3579 3286 3633 ad
3324 3579 3585 3633 orandum
3620 3594 3718 3633 ac-

2110 3671 2307 3725 cedere
2340 3678 2512 3739 potes.
2547 3671 2627 3723 De
2667 3677 2848 3723 mente
2879 3685 3111 3739 namque
3143 3676 3233 3721 tua
3260 3668 3314 3721 id
3362 3667 3507 3738 quod
3535 3675 3717 3721 actum

2109 3760 2195 3814 vel
2225 3758 2425 3813 dictum
2474 3766 2557 3812 est
2614 3758 2727 3823 tibi,
2786 3757 3020 3812 necdum
3074 3756 3321 3821 emisisti,
3382 3755 3481 3809 sed
3536 3755 3715 3809 adhuc

2110 3846 2388 3902 mortifero
2435 3862 2648 3901 veneno
2697 3846 2915 3916 plenam
2955 3845 3140 3913 habes,
3175 3860 3282 3916 quo
3321 3860 3439 3898 eam
3490 3852 3542 3897 tu
3598 3843 3718 3913 ipse

2108 3935 2363 4005 implesti.
2398 3935 2556 4003 Quod
2578 3935 2623 3987 si
2652 3936 2755 3989 hoc
2786 3933 2963 3989 facere
2994 3933 3079 3988 vel
3109 3948 3217 3988 non
3252 3932 3420 3987 audes
3451 3931 3536 3987 vel
3592 3947 3715 3985 eru-

2112 4023 2310 4091 bescis,
2336 4040 2432 4077 seu
2464 4031 2611 4077 certe
2631 4040 2739 4077 non
2770 4030 2944 4093 potes,
2979 4022 3076 4077 sed
3107 4038 3232 4076 eum
3289 4029 3471 4074 tamen
3516 4020 3714 4074 adver-

2111 4129 2205 4166 sus
2237 4128 2395 4183 quem
2426 4120 2728 4166 commotus
2758 4128 2837 4177 es,
2887 4111 3071 4166 saucio
3101 4118 3155 4164 et
3188 4118 3342 4165 torvo
3398 4108 3576 4173 oculo,
3609 4108 3713 4163 de-

2110 4201 2290 4254 missis
2322 4200 2621 4270 superciliis
2652 4200 2869 4270 aspicis,
2922 4200 3079 4270 eique
3110 4199 3290 4254 vultus
3340 4197 3413 4251 tui
3442 4196 3712 4251 serenita-

2110 4300 2218 4345 tem
2238 4289 2402 4357 tollis,
2436 4298 2489 4343 et
2510 4290 2595 4345 vel
2626 4304 2749 4344 cum
2778 4304 2843 4344 eo
2874 4288 3023 4358 loqui
3063 4304 3170 4343 non
3225 4286 3487 4359 dignaris,
3521 4285 3606 4341 vel
3636 4285 3710 4355 (si

2112 4376 2249 4433 forte
2280 4378 2541 4449 loqueris)
2591 4377 2761 4432 verba
2789 4377 2845 4429 in
2889 4392 3012 4431 eum
3064 4390 3260 4445 amara.
3295 4376 3395 4429 hac
3424 4375 3492 4428 de
3542 4388 3711 4428 causa

394 4459 543 4513 nullo
570 4476 756 4516 amara
796 4479 926 4517 voce
970 4464 1209 4535 litigans,
1246 4480 1303 4517 se
1357 4480 1577 4533 semper
1626 4479 1915 4528 excusans,
1948 4456 2072 4516 etD
2096 4467 2370 4535 jacularis,
2407 4475 2459 4521 et
2488 4466 2664 4521 dulcis
2694 4466 2763 4531 ei,
2794 4465 2934 4520 sicut
2978 4464 3149 4518 debes
3180 4480 3303 4518 esse
3332 4461 3484 4516 fratri
3534 4469 3623 4516 tuo
3652 4462 3707 4515 in

394 4547 549 4608 illum
579 4551 841 4607 adversus
874 4568 1033 4623 quem
1091 4560 1391 4607 commotus
1440 4559 1539 4616 est,
1593 4551 1794 4607 acriter
1840 4566 2001 4606 accu-

393 4658 523 4697 sans
548 4661 573 4709 ;,
597 4640 819 4695 silenter
849 4640 1054 4711 (utpote
1088 4656 1121 4693 a
1150 4640 1297 4694 nullo
1328 4640 1432 4696 nisi
1462 4656 1495 4693 a
1524 4655 1582 4693 se
1616 4640 1732 4693 solo
1762 4639 1999 4707 auditus)

392 4741 443 4787 et
475 4746 663 4785 amare
694 4730 914 4785 clamat.
948 4729 1056 4783 Sed
1084 4729 1291 4799 absque
1323 4737 1552 4798 utroque
1575 4728 1677 4782 hoc
1705 4726 1850 4781 malo
1894 4742 1999 4781 no-

390 4829 516 4875 strae
573 4820 626 4873 in
674 4827 861 4873 nostra
892 4818 1137 4873 oratione
1196 4833 1390 4871 manus
1438 4816 1685 4872 levandze
1733 4823 1893 4879 sunt;
1942 4823 1999 4869 ut

389 4909 597 4964 moveri
631 4908 896 4963 adversus
925 4907 1158 4977 aliquem
1205 4913 1502 4967 cessantes,
1537 4922 1639 4960 nec
1678 4904 1841 4958 alium
1891 4903 1997 4957 ali-

390 5014 553 5067 quem
574 4997 627 5049 in
661 4998 826 5050 corde
856 5004 1063 5059 nostro,
1097 4994 1337 5048 clamose
1369 4994 1531 5057 taciti,
1578 5002 1630 5047 et
1680 4992 1837 5047 tacite
1879 4992 1997 5046 cla-

389 5085 548 5149 mosi,
582 5100 681 5138 nos
714 5092 1038 5139 excusantes
1070 5098 1428 5145 accusemus;
1464 5098 1564 5136 nec
1605 5081 1771 5135 alium
1830 5096 1995 5135 accu—

391 5182 592 5241 santes,
628 5188 727 5225 nos
759 5189 1103 5236 excusemus,
1146 5170 1248 5240 ipsi
1289 5172 1341 5224 in
1386 5169 1470 5223 his
1528 5178 1581 5224 et
1624 5170 1803 5223 nullus
1859 5169 1996 5221 alius

389 5262 701 5326 existentes,
738 5262 897 5331 quiet
929 5278 1027 5315 nos
1063 5260 1228 5314 alium
1286 5258 1596 5313 accusando
1641 5273 1991 5321 excusamus,

387 5358 439 5405 et
468 5366 567 5405 nos
604 5350 915 5404 excusando
960 5349 1128 5403 alium
1178 5364 1518 5403 accusamus.
1581 5347 1707 5400 Sine
1764 5354 1994 5415 utroque

384 5439 489 5493 hoc
511 5438 752 5493 horribili
782 5437 927 5492 malo
985 5437 1103 5506 (tibi
1135 5436 1277 5501 dico,
1314 5436 1405 5507 qui
1446 5435 1711 5489 habitator
1737 5434 1889 5488 cellae
1912 5436 1993 5502 es)

382 5526 562 5582 levare
584 5527 753 5581 debes
792 5542 987 5581 manus
1011 5526 1063 5578 in
1088 5525 1370 5591 oratione;
1406 5532 1462 5579 ut
1500 5532 1553 5579 et
1582 5524 1697 5578 Deo
1745 5530 1989 5592 accepta,

386 5620 439 5669 et
467 5614 560 5668 tibi
590 5613 764 5684 possit
794 5631 918 5671 esse
977 5614 1272 5671 fructuosa.
1325 5614 1393 5668 Et
1424 5613 1493 5667 ad
1544 5614 1647 5667 hoc
1703 5619 1993 5682 utrumque

2103 4563 2283 4610 mente
2315 4571 2424 4609 non
2470 4554 2673 4619 existis,
2709 4554 2845 4609 scito
2878 4569 2977 4624 pro
3026 4561 3177 4607 certo
3204 4551 3330 4623 quia
3362 4549 3595 4605 necdum
3625 4549 3710 4603 di-

2101 4642 2286 4707 mittis,
2325 4649 2375 4696 et
2407 4642 2550 4713 quod
2600 4643 2780 4697 adhuc
2810 4643 2877 4695 ad
2932 4641 3233 4696 orationem
3267 4639 3535 4695 accedere
3583 4638 3709 4692 ido-

2100 4748 2236 4785 neus
2264 4747 2371 4785 non
2403 4731 2499 4785 sis.
2532 4731 2616 4785 Ad
2644 4733 2761 4785 haec
2803 4730 3045 4785 fortassis
3066 4738 3120 4783 tu
3150 4731 3253 4783 hoc
3282 4728 3444 4782 modo
3479 4743 3491 4780 :
3526 4728 3712 4781 Durus

2102 4829 2181 4874 est
2212 4819 2297 4874 hic
2330 4835 2512 4874 sermo
2553 4828 2673 4873 tuus
2706 4837 2719 4883 ;
2749 4819 2870 4889 quis
2898 4828 2950 4872 te
2993 4826 3171 4889 potest
3202 4817 3389 4871 audire
3418 4816 3444 4869 ‘2
3475 4815 3710 4883 Quando

2101 4924 2235 4977 ergo
2260 4908 2489 4977 dimitto,
2526 4908 2569 4961 si
2602 4908 2787 4961 tandiu
2818 4924 2927 4961 non
2959 4906 3188 4971 dimitto,
3252 4904 3491 4975 quandiu
3521 4904 3600 4958 sic
3631 4903 3711 4955 in-

2099 5004 2179 5049 tra
2210 5014 2295 5050 me
2357 4997 2446 5066 agi
2504 4996 2726 5050 sentio?
2756 4997 2823 5049 Et
2872 5010 2971 5049 nos
3009 4994 3105 5048 tibi
3161 4996 3267 5049 hoc
3319 4992 3481 5047 modo
3516 5009 3528 5045 :
3562 4991 3711 5046 Scito

2099 5084 2229 5136 nihil
2260 5084 2473 5154 placere
2507 5086 2621 5138 Deo
2651 5084 2919 5153 impurum
2960 5083 3051 5153 qui
3096 5098 3308 5135 summa
3336 5081 3543 5151 puritas
3599 5087 3705 5144 est,

2099 5172 2231 5225 nihil
2263 5172 2570 5226 simulatum
2623 5172 2711 5242 qui
2744 5188 2875 5227 vera
2920 5170 3145 5241 aequitas
3190 5179 3291 5225 est.
3333 5170 3388 5223 Si
3436 5168 3707 5239 patienter

2098 5277 2198 5314 nos
2228 5262 2402 5326 audis,
2437 5262 2682 5315 dicemus
2714 5260 2808 5313 tibi
2849 5260 3067 5330 quando
3121 5258 3367 5312 dimittis.
3402 5259 3565 5323 Ecce,
3599 5256 3702 5309 ad-

2096 5358 2247 5404 verte
2283 5368 2295 5403 :
2332 5350 2376 5403 si
2409 5350 2551 5421 quod
2583 5349 2677 5403 tibi
2708 5350 2911 5404 dictum
2940 5348 3026 5402 vel
3056 5356 3235 5402 actum
3267 5355 3367 5411 est,
3402 5345 3475 5399 ita
3496 5362 3561 5399 ex
3591 5351 3706 5397 toto

2096 5438 2164 5492 de
2186 5447 2366 5493 mente
2398 5439 2612 5503 emittis,
2667 5438 2812 5509 quod
2864 5436 2998 5491 illud
3030 5436 3271 5491 funditus
3314 5432 3652 5490 Oblivisceris
3685 5449 3699 5484 :

2096 5535 2148 5581 et
2170 5527 2322 5581 illum
2351 5528 2442 5598 qui
2472 5528 2568 5581 tibi
2598 5526 2858 5582 contrarii
2885 5525 3091 5597 aliquid
3124 5526 3211 5580 vel
3240 5524 3408 5579 verbo
3438 5522 3523 5577 vel
3562 5521 3703 5575 facto

2094 5611 2292 5679 intulit,
2354 5612 2560 5683 absque
2618 5611 2765 5667 omni
2822 5625 3013 5666 eorum
3059 5608 3443 5666 recordatione
3501 5619 3702 5662 sereno
