3972 6052
232 160 336 213 8’73

1361 162 1563 216 LIBER
1598 161 1692 215 DE
1733 161 2110 217 EXERCITIO
2150 162 2404 217 CELLzE.

3420 162 3522 216 874

239 281 401 336 oculo
431 281 648 352 aspicis,
680 290 730 336 et
761 298 884 337 eum
913 285 1153 353 perfecta
1182 284 1332 339 illum
1364 285 1559 340 mentis
1590 285 1833 339 benevo-
1864 287 1918 346 A
1939 285 2068 339 dum
2100 294 2199 351 est,
2233 285 2358 356 quia
2390 301 2498 338 non
2530 285 2706 338 minus
2745 286 2915 339 debes
2962 284 3287 338 discordiam
3323 285 3524 354 pellere

235 368 403 423 lentia
436 377 487 423 et
518 370 803 425 dulcedine
833 371 1146 442 alloqueris,
1179 373 1488 444 nullamque
1518 389 1701 426 eorum
1716 388 1835 443 qua:

238 456 336 509 tibi
364 457 509 510 illata
541 466 665 511 sunt
694 473 939 512 amaram
972 460 1057 513 vel
1085 460 1139 512 in
1178 461 1463 529 praesentia
1495 462 1632 529 ejus,
1667 460 1753 514 vel
1780 459 1836 512 in

239 544 507 610 absentia,
542 545 619 598 illi
651 546 741 615 qui
782 547 877 599 tibi
908 547 1104 614 intulit,
1139 556 1230 602 aut
1259 548 1555 618 loquendo,
1590 564 1687 602 seu
1728 548 1835 601 alio

238 648 565 703 quocunque
620 633 782 688 modo
827 635 1156 690 mentionem
1213 635 1363 704 facis,
1418 636 1630 690 videtur
1677 635 1835 689 nobis

241 720 385 790 quod
417 728 544 775 tunc
574 720 844 775 dimisisti.
878 723 1019 777 Nam
1070 731 1193 777 tunc
1241 722 1467 777 dimittis
1509 739 1619 777 non
1665 723 1834 778 verbo

240 816 292 862 et
321 807 527 880 lingua,
564 809 659 863 sed
689 825 856 880 opere
887 818 939 865 et
959 810 1197 879 veritate,
1248 812 1483 882 implens
1522 811 1652 864 illud
1692 811 1834 881 quod

247 896 510 951 Dominus
538 896 664 951 dirit
702 914 714 950 :
744 898 803 952 Si
832 914 949 953 non
970 900 1306 954 remiseritis
1324 901 1703 971 unusquisque
1718 903 1836 969 fra-

244 983 320 1037 tri
342 1000 440 1039 suo
471 985 537 1041 de
565 986 823 1041 cordibus
854 989 1054 1042 vestris
1085 988 1305 1057 (Matth.
1338 1002 1499 1052 xvui,
1544 987 1654 1057 35).
1683 987 1836 1042 Scias

242 1071 450 1142 absque
489 1073 637 1126 omni
675 1073 839 1128 dubio
872 1074 997 1144 quia
1027 1090 1188 1128 omne
1225 1074 1370 1144 quod
1401 1074 1674 1129 sincerum
1726 1090 1835 1128 non

241 1167 344 1223 est,
376 1159 454 1215 sic
483 1162 599 1215 Deo
637 1176 747 1216 non
790 1170 967 1232 potest
1005 1162 1243 1232 placere,
1278 1162 1416 1217 sicut
1445 1178 1547 1217 nec
1578 1178 1701 1216 eum
1733 1178 1836 1232 po-

240 1254 345 1301 test
372 1247 564 1303 latere.
597 1248 653 1304 Si
686 1249 905 1319 quidem
938 1249 1101 1319 plena
1148 1250 1268 1303 talis
1315 1249 1534 1317 oblivio,
1590 1250 1709 1319 ipsa
1755 1257 1838 1303 est

241 1335 403 1405 plena
433 1336 704 1391 remissio.
737 1337 875 1390 Nam
896 1337 951 1390 in
971 1337 1114 1407 Lege
1138 1337 1396 1407 scriptum
1426 1346 1507 1391 est
1540 1352 1552 1390 :
1587 1338 1693 1393 Nec
1714 1354 1836 1392 me-

242 1437 367 1477 mor
381 1425 492 1479 eris
513 1425 743 1493 injuria:
763 1426 971 1479 civium
992 1424 1219 1480 tuorum
1237 1426 1431 1493 (Levit.
1448 1439 1569 1493 XIX,
1597 1428 1703 1494 18).
1729 1424 1838 1478 Sed

244 1519 295 1565 et
325 1518 535 1566 mortuo
567 1521 619 1566 et
649 1512 858 1582 sepulto
894 1521 1045 1583 patre
1092 1528 1281 1567 corum
1320 1513 1485 1567 Jacob
1518 1512 1712 1566 fratres
1739 1514 1835 1567 Jo-

244 1600 378 1669 sepb
401 1600 791 1654 mandaverunt
811 1601 859 1655 ei
886 1618 897 1654 :
926 1603 1097 1655 Pater
1119 1604 1251 1655 tuus
1270 1602 1537 1673 prwcepit
1560 1602 1716 1657 nobis
1738 1618 1835 1655 an-
1854 1628 1906 1689 B

248 1691 473 1759 tequam
492 1692 828 1755 moreretur,
860 1692 927 1744 ut
957 1688 1072 1743 ha’c
1102 1690 1203 1743 tibi
1231 1690 1407 1744 verbis
1426 1690 1585 1743 illius
1616 1690 1833 1744 dicere-

243 1791 371 1830 mus
421 1796 438 1831 :
489 1777 714 1831 Obsecro
768 1780 834 1831 ut
886 1776 1234 1832 obliviscaris
1289 1778 1516 1832 sceleris
1583 1780 1836 1847 fratrum

249 1869 492 1927 tuorum,
528 1868 583 1918 et
616 1866 855 1935 peccati,
886 1869 1055 1935 atque
1084 1865 1325 1919 malitia:
1359 1881 1528 1936 quam
1560 1880 1835 1920 exercue-

244 1958 385 2005 runt
409 1954 468 2005 in
495 1955 548 2006 te
574 1952 733 2020 (Gen.
767 1954 954 2021 L,'17).
988 1953 1057 2007 Ut
1089 1960 1269 2006 autem
1301 1952 1536 2006 sciamus
1566 1952 1692 2022 quia
1721 1953 1839 2005 talis

244 2039 446 2093 oblivio
469 2039 711 2095 dimissio
742 2040 827 2105 sit,
849 2039 1173 2095 addiderunt
1206 2058 1218 2093 :
1253 2042 1360 2095 Nos
1383 2056 1591 2111 quoque
1612 2056 1840 2095 oramus

246 2131 312 2182 ut
342 2128 559 2197 famulo
576 2128 672 2182 Dei
704 2129 857 2199 patri
877 2132 970 2183 tuo
992 2129 1253 2183 dimittas
1282 2129 1645 2199 iniquitatem
1670 2128 1835 2182 hanc.

251 2215 413 2282 Ecce,
447 2215 575 2285 quia
602 2216 746 2286 quod
776 2216 925 2286 prius
945 2216 1207 2271 vocabant
1226 2215 1574 2280 oblivionem,
1600 2216 1709 2284 jam
1740 2232 1841 2270 vo-

245 2310 367 2357 cant
394 2302 786 2357 dimissionem.
838 2303 995 2371 Quod
1027 2304 1071 2357 si
1120 2303 1255 2358 forte
1302 2303 1691 2370 reminisceris,
1743 2304 1841 2357 sed

244 2389 392 2445 nullo
421 2407 645 2461 prorsus
673 2391 862 2445 dolore
902 2391 1165 2461 tangeris,
1200 2391 1431 2446 dicimus
1474 2391 1569 2444 tibi
1609 2391 1731 2461 quia
1767 2390 1841 2445 di-

244 2478 430 2532 mittis.
472 2479 612 2534 Nam
660 2480 982 2550 plerumque
1013 2479 1245 2533 tristium
1278 2479 1384 2533 laeti
1418 2479 1838 2541 reminiscimur,

246 2574 299 2620 et
323 2566 437 2633 jam
486 2566 728 2636 perfecte
776 2567 911 2634 sani,
962 2583 1139 2639 mgros
1186 2583 1286 2621 nos
1335 2566 1623 2638 aliquando
1676 2566 1843 2620 fuisse

245 2654 454 2724 absque
482 2654 669 2709 dolore
700 2655 878 2725 aliquo
909 2655 1257 2709 recordamur
1290 2672 1301 2710 :
1337 2662 1387 2709 et
1420 2655 1472 2708 in
1503 2662 1700 2721 mente,
1727 2654 1843 2708 sine

247 2742 395 2796 omni
426 2758 642 2813 quoque
694 2742 928 2813 caligine
959 2742 1100 2796 illius
1129 2742 1343 2813 priores
1383 2760 1503 2812 quae
1528 2743 1641 2811 jam
1670 2759 1843 2812 quan-

249 2838 360 2884 tum
388 2830 454 2884 ad
486 2846 544 2884 se
575 2830 923 2899 transierunt,
948 2831 1203 2884 tenebras
1231 2831 1526 2884 intuemur.
1567 2833 1632 2885 Ut
1664 2839 1844 2884 autem

248 2916 412 2971 finem
445 2918 558 2985 jam
589 2917 929 2987 imponamus
958 2918 1062 2984 his,
1105 2925 1230 2971 tunc
1260 2919 1415 2973 nobis
1445 2918 1657 2971 videtur
1698 2918 1843 2987 quod

250 3005 495 3071 dimittis,
530 3006 748 3076 quando
765 3005 1121 3061 reminiscens
1145 3006 1271 3059 talia
1298 3014 1350 3060 te
1380 3006 1691 3075 pertulisse,
1717 3022 1844 3075 gau-

249 3093 350 3147 des
378 3101 431 3148 et
460 3093 696 3160 laetaris;
730 3094 881 3147 illum
921 3094 976 3147 in
1005 3095 1109 3148 hoc
1138 3094 1376 3159 imitans,
1411 3093 1503 3163 qui
1534 3110 1592 3146 se
1623 3094 1751 3147 dicit
1780 3094 1844 3146 li-

250 3182 441 3236 benter
470 3181 693 3252 gloriari
724 3182 778 3235 in
807 3180 1208 3235 infirmitatibus
1254 3181 1366 3235 suis
1399 3190 1455 3235 ut
1486 3181 1751 3235 inhabitet
1790 3182 1845 3235 in

249 3286 315 3324 eo
338 3270 511 3324 virtus
539 3269 733 3323 Christi
767 3284 779 3322 :
816 3270 907 3340 qui
937 3270 1100 3324 etiam
1131 3269 1375 3341 adjungit
1404 3287 1416 3324 :
1450 3272 1685 3340 Propter
1704 3270 1844 3341 quod

245 3360 438 3429 placeo
458 3358 601 3412 mihi
628 3358 691 3411 in
724 3358 1155 3425 inﬁrmitatibus
1180 3359 1335 3425 meis,
1360 3358 1423 3411 in
1455 3358 1839 3425 contumeliis,

247 3448 311 3500 in
340 3444 787 3511 necessitatibus,
820 3444 883 3498 in
918 3446 1415 3515 persecutionibus,
1450 3446 1512 3499 in
1543 3445 1838 3515 angustiis,

249 3549 351 3603 pro
383 3532 600 3589 Christo
630 3532 703 3601 (II
728 3533 849 3587 Cor.
882 3547 975 3596 xu,
1012 3534 1119 3603 10).
1153 3532 1207 3587 Si
1236 3539 1412 3587 autem
1442 3541 1605 3587 tantae
1634 3532 1843 3602 perfec-

252 3620 411 3675 tionis
442 3620 682 3673 nondum
713 3636 792 3687 es,
826 3628 882 3673 ut
914 3621 1149 3691 gaudere
1180 3628 1231 3674 et
1261 3619 1426 3675 lauari
1477 3620 1674 3690 possis,
1722 3636 1843 3674 cum

254 3708 441 3762 talium
468 3708 792 3772 recordaris,
826 3708 923 3761 sed
953 3724 1017 3761 ea
1048 3716 1229 3762 tamen
1258 3708 1313 3761 in
1336 3709 1438 3763 hac
1467 3708 1843 3763 recordatione

253 3805 345 3851 tua
371 3795 488 3849 sine
515 3796 694 3865 aliqua
722 3795 863 3849 intra
894 3804 945 3849 te
984 3796 1346 3851 commotione
1385 3796 1619 3851 revolvis
1653 3814 1665 3849 :
1700 3804 1751 3851 et
1782 3812 1844 3850 ea

248 3899 348 3953 pro
379 3883 546 3937 nihilo
578 3883 793 3952 penitus
830 3883 1062 3949 habens,
1092 3899 1221 3937 eum
1246 3884 1337 3953 qui
1370 3884 1462 3937 tibi
1492 3884 1707 3939 adversi
1738 3884 1842 3937 ali-

253 3971 381 4042 quid
412 3970 587 4024 intulit
616 3988 724 4025 non
768 3971 947 4024 minus
994 3970 1177 4042 diligis
1222 3988 1384 4042 quam
1433 3980 1557 4026 ante
1588 3972 1839 4038 dilexisti,

254 4059 338 4114 vel
368 4058 628 4130 diligeres
673 4058 717 4111 si
762 4075 1035 4129 nunquam
1076 4059 1360 4127 intulisset,
1394 4069 1541 4114 certe
1570 4060 1841 4113 dimisisti.

252 4147 424 4218 Igitur
456 4153 580 4201 tunc
610 4144 884 4201 fructuose
936 4147 1153 4201 accedis
1193 4148 1261 4200 ad
1292 4148 1578 4212 orandum,
1615 4164 1734 4203 cum
1768 4149 1845 4202 sic

254 4234 563 4298 remittens,
624 4234 965 4288 Dominicum
1004 4235 1269 4306 adimples
1317 4244 1670 4305 praeceptum.
1737 4236 1844 4289 Sed

1938 374 2009 427 ab
2040 374 2218 427 animo
2248 373 2429 427 fratris
2460 374 2552 438 tui,
2609 373 2700 443 qui
2743 374 3008 427 adversus
3056 380 3107 425 te
3158 372 3317 426 habet
3363 388 3524 443 quem

1936 461 2139 525 lesisti,
2176 476 2337 531 quam
2378 476 2499 515 eam
2529 461 2758 529 depellis
2804 476 2837 514 a
2884 468 2993 525 tuo,
3036 460 3125 530 qui
3156 476 3278 514 eum
3318 460 3525 526 laesisti,

1939 550 2229 619 Relinque,
2265 550 2356 613 ait,
2380 554 2435 603 et
2455 550 2589 603 vade
2616 551 2777 620 prius
2808 549 3169 603 reconciliari
3196 549 3373 619 fratri
3406 552 3522 603 tuo.

1938 636 2079 705 Quid
2109 646 2193 691 est
2219 654 2416 691 munus
2448 638 2767 707 relinquere,
2802 644 2853 690 et
2880 644 2936 689 ut
2968 644 3018 689 te
3049 634 3201 688 fratri
3222 643 3312 689 tuo
3344 651 3531 690 recon-

1938 726 2088 780 crlies
2117 726 2215 793 ire,
2250 725 2354 777 nisi
2384 725 2653 778 humiliter
2672 723 2883 777 interim
2910 723 2979 775 ab
3002 723 3243 777 oratione
3283 739 3522 790 cessare,

1938 828 2218 883 quousque
2239 812 2390 865 fratri
2421 820 2511 865 tuo
2528 812 2694 866 fueris
2725 810 3106 865 reconciliatus
3127 811 3154 863 ‘I
3173 812 3239 863 Et
3262 810 3306 863 si
3327 811 3395 863 ita
3420 819 3521 876 est,

1937 914 2034 953 cur
2061 900 2276 953 interim
2306 906 2388 953 est
2416 898 2483 952 ab
2513 898 2758 952 oratione
2777 897 3123 963 cessandum,
3146 895 3249 950 nisi
3271 896 3398 967 quia
3425 912 3527 953 nec

1938 989 2053 1042 Deo
2082 996 2382 1057 acceptam,
2417 1002 2516 1040 nec
2565 986 2659 1039 tibi
2704 986 3041 1040 fructuosam
3090 984 3288 1039 offerre
3316 985 3524 1040 oratio-

1937 1091 2062 1129 nem
2090 1068 2450 1145 poterisfnisi
2495 1074 2642 1143 prius
2671 1073 2819 1128 fratri
2858 1081 2951 1128 tuo
2988 1073 3371 1128 reconciliatus
3400 1072 3525 1128 fue-

1938 1163 2014 1216 ris
2041 1168 2062 1218 ?
2089 1165 2157 1217 Et
2189 1162 2406 1232 quidem
2437 1164 2541 1217 hoc
2571 1162 2751 1216 facere
2798 1168 2954 1231 potes
3002 1168 3055 1215 et
3083 1160 3269 1226 debes,
3307 1161 3353 1214 si
3380 1177 3525 1231 pra-

1938 1268 2065 1305 sens
2108 1251 2263 1305 fuerit
2310 1249 2476 1304 frater
2505 1259 2645 1314 tuus,
2681 1265 2842 1320 quem
2867 1248 3175 1303 recordaris
3204 1249 3331 1319 quia
3361 1249 3526 1302 habet

1936 1339 2139 1407 aliquid
2164 1339 2425 1393 adversus
2455 1346 2525 1392 te.
2561 1338 2617 1392 Si
2645 1344 2819 1391 autem
2850 1344 2956 1390 tam
2983 1336 3145 1406 longe
3175 1352 3206 1389 a
3242 1344 3294 1391 te
3326 1337 3527 1391 absens

1936 1427 1990 1481 in
2039 1429 2140 1481 hac
2185 1434 2276 1480 tua
2322 1425 2696 1481 recordatione
2754 1424 2929 1492 fuerit,
2989 1432 3046 1477 ut
3082 1424 3256 1477 statim
3302 1425 3370 1478 ad
3401 1440 3524 1479 eum

1938 1531 2131 1586 gressu
2160 1514 2429 1584 corporali
2456 1512 2768 1584 pertingere
2792 1528 2902 1566 non
2931 1511 3128 1582 possis,
3160 1511 3243 1566 fac
3271 1512 3326 1565 in
3360 1513 3527 1567 corde

1938 1611 2049 1667 tuo,
2086 1617 2271 1658 coram
2315 1618 2381 1656 eo
2437 1602 2528 1672 qui
2575 1601 2817 1668 ejusdem
2868 1600 3049 1654 cordis
3100 1599 3375 1669 inspector
3419 1610 3520 1665 est,

1937 1690 2086 1745 fratri
2114 1698 2205 1744 tuo
2232 1690 2379 1759 (licet
2404 1690 2567 1760 longe
2616 1691 2683 1742 sit
2729 1688 2951 1758 absens)
2982 1688 3125 1758 quod
3173 1687 3223 1741 ei
3252 1703 3417 1757 Opere
3448 1687 3529 1742 fa-

1938 1794 2060 1833 cere
2090 1778 2341 1841 deberes,
2376 1778 2421 1830 si
2452 1777 2667 1831 adesset
2690 1792 2954 1846 prmsens.
2991 1776 3054 1829 Et
3090 1776 3191 1829 hoc
3222 1776 3433 1830 interim
3455 1775 3530 1830 fa-

1939 1867 2085 1931 cias,
2140 1881 2423 1936 quousque
2468 1864 2689 1918 fratrem
2744 1872 2896 1918 tuum
2942 1864 3144 1917 habere
3201 1872 3528 1933 praesentem

1941 1971 2129 2026 queas,
2156 1963 2211 2007 ut
2233 1954 2282 2006 ei
2312 1952 2488 2008 facias
2510 1961 2635 2006 tunc
2651 1952 2904 2021 praesenti
2924 1951 2976 2004 in
2998 1959 3201 2020 aperto,
3226 1952 3369 2022 quod
3389 1967 3531 2007 nunc

1941 2043 1989 2096 ei
2021 2058 2201 2098 coram
2232 2042 2347 2095 Deo
2378 2040 2544 2095 facias
2566 2040 2777 2094 absenti
2796 2040 2850 2092 in
2879 2040 3118 2094 occulto.
3147 2040 3529 2109 thuomodo,

1940 2131 2037 2198 ais,
2072 2130 2162 2185 fiet
2192 2130 2332 2182 istud
2353 2130 2378 2181 ἱ)
2402 2130 2566 2193 Ecce,
2601 2129 2825 2183 adverte
2856 2143 2963 2197 quo
2994 2127 3156 2181 modo
3185 2126 3275 2182 fiet
3301 2143 3312 2180 :
3337 2129 3531 2183 Munus

1943 2228 2113 2282 tuum,
2146 2218 2249 2295 hoc
2279 2225 2379 2282 est,
2414 2216 2676 2271 orationis
2692 2224 2796 2270 tuae
2825 2215 3168 2270 devotionem
3198 2214 3396 2271 offerre
3419 2218 3533 2272 Deo

1942 2321 2279 2377 prOponens,
2315 2314 2366 2359 et
2393 2306 2531 2359 hora
2556 2304 2667 2369 illa,
2706 2304 2835 2374 quia
2864 2302 3031 2357 frater
3075 2312 3195 2357 tuus
3225 2304 3391 2357 habet
3431 2305 3535 2358 ali-

1942 2394 2071 2465 quid
2091 2394 2353 2447 adversus
2384 2400 2454 2456 te,
2488 2392 2867 2457 reminiscens,
2915 2392 3213 2445 orationem
3254 2399 3404 2445 tuam
3443 2391 3531 2445 in-

1945 2482 2104 2535 terim
2130 2480 2327 2535 offerre
2356 2478 2593 2548 differas,
2628 2495 2911 2549 quousque
2941 2479 3087 2549 quod
3113 2479 3343 2534 dicimus
3373 2481 3535 2535 modo

1947 2569 2041 2622 tibi
2070 2569 2258 2624 facias.
2294 2569 2443 2623 Vade
2474 2569 2527 2620 in
2559 2567 2679 2637 ipso
2709 2568 2875 2621 corde
2908 2575 2996 2621 tuo
3025 2567 3091 2620 ad
3121 2566 3343 2621 fratrem
3366 2575 3538 2634 tuum,

1945 2657 2071 2712 licet
2102 2656 2266 2727 longe
2294 2672 2323 2709 a
2353 2664 2404 2710 te
2441 2655 2799 2725 corporaliter
2829 2655 3079 2724 positum,
3129 2663 3181 2709 et
3223 2656 3279 2708 in
3325 2656 3541 2709 humili-

1947 2752 2053 2798 tate
2084 2744 2373 2814 profunda,
2418 2743 2471 2796 in
2502 2742 2820 2813 poenitentia
2865 2758 3013 2808 vera,
3057 2750 3109 2796 te
3156 2742 3205 2796 ei
3246 2743 3301 2795 in
3336 2752 3536 2810 mente,

1948 2840 2084 2887 teste
2122 2834 2237 2886 Deo
2277 2832 2370 2902 qui
2397 2848 2642 2901 praesens
2681 2839 2778 2894 est,
2833 2837 3137 2899 prosterne,
3191 2838 3242 2885 et
3276 2832 3345 2885 ad
3374 2832 3542 2901 pedes

1950 2921 2066 2989 ejus
2111 2920 2384 2974 humiliter
2421 2920 2627 2987 jacens,
2671 2926 2723 2972 et
2753 2927 2803 2973 te
2857 2918 3057 2972 acriter
3100 2919 3540 2988 reprehendens,

1945 3009 2156 3062 veniam
2188 3009 2254 3061 ab
2285 3023 2350 3061 eo
2380 3022 2503 3062 cum
2533 3006 2679 3061 omni
2712 3005 2963 3059 instantia
3010 3013 3152 3074 pete,
3204 3006 3540 3061 emendatio-

1946 3113 2071 3149 nem
2101 3096 2152 3149 ei
2194 3096 2263 3149 de
2294 3103 2493 3149 caetero
2533 3094 2804 3163 promitte,
2839 3102 2891 3148 et
2920 3095 2999 3148 sic
3031 3093 3183 3147 fratri
3212 3102 3304 3148 tuo
3335 3110 3535 3149 recon-

1947 3184 2177 3252 ciliatus,
2210 3184 2280 3236 ad
2310 3181 2649 3236 offerendum
2679 3198 2875 3235 munus
2922 3189 3071 3236 tuum
3119 3182 3369 3237 accedas.
3420 3184 3534 3238 Hoc

1947 3272 2164 3326 videtur
2193 3270 2422 3324 innuere
2453 3270 2679 3324 verbum
2702 3270 2864 3334 istud,
2900 3270 3045 3341 quod
3074 3278 3157 3324 est
3188 3275 3350 3326 tunc.
3399 3270 3539 3324 Nam

1947 3360 2078 3431 quid
2122 3367 2203 3412 est
2234 3358 2437 3427 dicere,
2475 3364 2612 3412 tunc
2659 3358 2873 3428 offeres,
2926 3358 3029 3411 nisi
3072 3360 3403 3429 priusquam
3444 3358 3543 3414 hoc

1944 3450 2147 3518 facias,
2174 3446 2377 3517 offerre
2406 3463 2522 3501 non
2551 3446 2709 3501 debes
2732 3466 2749 3512 ;
2792 3446 2918 3515 quia
2948 3462 3143 3499 munus
3172 3446 3409 3500 oblatum
3442 3461 3544 3501 nec

1946 3538 2061 3589 Deo
2087 3535 2348 3604 placeret,
2389 3550 2489 3588 nec
2525 3534 2622 3587 tibi
2650 3534 2954 3602 prodesset,
3011 3534 3056 3585 si
3102 3533 3256 3587 aliter
3311 3534 3538 3588 faceres.

1947 3623 2054 3678 Sed
2085 3630 2167 3676 est
2196 3623 2251 3675 in
2278 3623 2381 3677 hoc
2404 3621 2618 3675 Domini
2644 3629 2917 3690 praecepto
2937 3636 3132 3691 magna
3161 3620 3409 3674 habenda
3438 3621 3543 3675 dis-

1947 3711 2136 3773 cretio,
2172 3718 2254 3763 est
2284 3717 2334 3763 et
2353 3709 2533 3779 aliqua
2555 3709 2609 3762 in
2641 3724 2706 3763 eo
2734 3708 3089 3780 intelligenda
3118 3708 3387 3777 exceptio.
3417 3709 3541 3763 Non

1946 3798 2091 3853 enim
2122 3797 2376 3867 compelli
2425 3797 2690 3851 debemus
2732 3805 2787 3850 ut
2829 3798 2933 3851 hoc
2967 3796 3245 3861 faciamus,
3297 3796 3541 3865 quoties-

1946 3903 2158 3957 cunque
2191 3886 2550 3941 recordamur
2580 3885 2723 3955 quod
2774 3884 2940 3938 frater
2977 3892 3163 3938 noster
3221 3898 3542 3954 quocunque

1946 3975 2112 4030 modo
2142 3982 2287 4045 putat
2310 3990 2369 4027 se
2399 3973 2603 4027 habere
2634 3973 2837 4043 aliquid
2862 3973 3127 4027 adversus
3157 3987 3277 4026 nos.
3311 3972 3366 4025 Si
3397 3973 3542 4041 (ver-

1946 4064 2001 4116 bi
2030 4068 2213 4131 cauia)
2245 4063 2467 4115 fratrem
2501 4069 2648 4115 tuum
2671 4077 2768 4129 pro
2804 4060 2978 4114 salute
3018 4060 3213 4114 animae
3236 4076 3366 4127 suae,
3401 4068 3532 4113 tem-

1948 4167 2080 4219 pore
2112 4158 2163 4203 et
2193 4150 2314 4204 loco
2345 4148 2591 4217 corripis.
2628 4148 2681 4201 Si
2712 4148 3193 4217 proclamationem
3227 4164 3389 4216 super
3418 4162 3540 4200 eum

1943 4240 2147 4306 justam
2177 4236 2488 4291 cliaritative
2530 4235 2582 4287 in
2614 4235 2851 4303 capitulo
2886 4235 3035 4300 facis,
3070 4242 3121 4288 et
3152 4250 3217 4289 eo
3238 4250 3334 4303 per
3364 4234 3545 4288 omnia

255 4320 392 4376 sicut
424 4338 533 4375 non
573 4322 653 4377 vis
682 4322 941 4377 adversus
972 4322 1135 4377 alium
1185 4323 1387 4377 habere
1419 4324 1736 4394 quidquam,
1770 4323 1849 4377 sic
1869 4319 1921 4376 D
1950 4326 2113 4379 modo
2144 4340 2249 4393 quo
2298 4323 2597 4378 secundum
2626 4323 2872 4375 ordinem
2914 4323 3095 4377 facere
3135 4322 3301 4376 debes
3328 4340 3341 4387 ;
3378 4330 3430 4376 et
3474 4322 3544 4376 ob

258 4424 474 4479 quoque
504 4425 728 4464 necesse
750 4418 831 4463 est
859 4419 916 4463 ut
945 4427 1056 4465 non
1098 4411 1381 4480 permittas
1413 4411 1619 4480 aliquid
1648 4411 1851 4464 habere

257 4496 529 4575 adversus
548 4506 616 4565 te,
650 4505 905 4567 quantum
949 4498 1063 4553 fieri
1102 4507 1298 4568 potest,
1334 4506 1386 4552 et
1416 4507 1675 4569 quantum
1706 4499 1759 4551 in
1804 4506 1852 4551 te

258 4590 359 4649 est,
394 4601 716 4655 quemquam
750 4602 763 4638 :
799 4594 855 4639 ut
884 4587 1047 4639 etiam
1073 4586 1205 4639 illud
1228 4586 1442 4640 Domini
1473 4586 1700 4656 impleas
1720 4602 1854 4655 pra}.-

259 4680 492 4742 ceptum,
519 4673 663 4743 quod
696 4673 944 4742 superius
977 4674 1215 4728 secundo
1236 4674 1357 4728 loco
1384 4674 1684 4742 posuimus,
1709 4674 1853 4743 quod

259 4768 311 4814 et
340 4760 447 4813 tale
479 4768 559 4813 est
585 4778 597 4813 :
636 4762 695 4815 Si
722 4761 886 4831 offers
917 4778 1125 4815 munus
1150 4766 1313 4816 tuum
1337 4762 1408 4815 ad
1437 4764 1640 4827 altare,
1683 4766 1740 4815 et
1778 4763 1856 4815 ibi

260 4848 588 4903 recerdatus
618 4851 797 4918 fueris
840 4851 972 4918 quia
1021 4852 1205 4919 frater
1252 4854 1388 4904 tuus
1437 4850 1601 4903 habet
1640 4848 1855 4920 aliquid

262 4936 527 4990 adversus
559 4940 632 5000 te,
668 4937 924 5007 relinque
953 4937 1028 4989 ibi
1060 4954 1269 4991 munus
1301 4942 1464 4992 tuum
1482 4941 1616 4991 ante
1648 4938 1850 4999 altare,

260 5026 318 5076 et
342 5023 474 5078 vade
513 5024 672 5094 prius
706 5024 1065 5080 reconciliari
1092 5026 1268 5094 fratri
1309 5030 1424 5089 tuo,
1478 5030 1531 5079 et
1582 5028 1717 5079 tunc
1760 5040 1852 5078 ve-

262 5111 426 5164 niens
486 5112 681 5181 offeres
738 5128 947 5167 munus
1004 5116 1167 5167 tuum
1211 5114 1431 5181 (Matth.
1494 5128 1547 5166 v.
1608 5116 1695 5178 23,
1740 5114 1852 5177 24).

263 5198 408 5251 Ecce
452 5198 598 5268 quia,
649 5205 706 5250 ut
760 5198 952 5252 beatus
1010 5199 1310 5271 Gregorius
1349 5200 1478 5253 dicit
1516 5200 1700 5268 (Hom.
1741 5204 1771 5251 8
1804 5197 1857 5250 in

262 5284 487 5355 Ezech.)
520 5301 532 5336 :
573 5306 593 5331 «ι
633 5285 827 5339 Munus
848 5302 961 5340 non
982 5287 1266 5356 accipitur,
1288 5287 1391 5340 nisi
1413 5287 1561 5355 prius
1577 5287 1644 5338 ab
1676 5285 1858 5338 animo

261 5371 541 5427 discordia
582 5372 833 5442 pellatur.
884 5397 905 5421 ι»
956 5375 1059 5429 Ubi
1104 5375 1357 5430 nimirum
1404 5373 1499 5427 tibi
1544 5371 1858 5442 intelligen-

476 5515 717 5570 PATROL.
758 5516 939 5571 CLIII.

1952 4415 2056 4468 hoc
2086 4412 2323 4465 turbatus
2353 4418 2407 4464 et
2435 4417 2755 4473 commotus,
2792 4417 2937 4480 putat
2967 4427 3024 4464 se
3047 4410 3249 4481 aliquid
3281 4411 3544 4465 adversus

1954 4510 2004 4554 te
2036 4500 2266 4563 habere;
2298 4515 2407 4553 non
2437 4497 2594 4553 nobis
2631 4498 2840 4552 videtur
2886 4499 3027 4569 quod
3078 4498 3312 4553 tenearis
3363 4498 3443 4552 ire
3474 4498 3542 4551 ad

1953 4587 2434 4643 reconciliandam.
2469 4586 2614 4641 Nihil
2645 4586 2806 4651 enim,
2842 4595 3098 4658 quantum
3123 4587 3175 4639 in
3204 4594 3254 4640 te
3278 4594 3379 4651 est,
3414 4585 3543 4639 mali

1955 4677 2007 4730 in
2039 4676 2187 4728 illum
2216 4674 2552 4741 commisisti,
2584 4674 2695 4729 imo
2727 4676 2925 4729 bonum
2965 4676 3014 4728 ei
3054 4690 3307 4744 magnum
3361 4672 3544 4726 facere

1956 4763 2188 4818 voluisti.
2228 4764 2426 4816 Verum
2458 4763 2572 4831 ipse
2602 4778 2863 4832 magnum
2894 4770 3043 4815 tuum
3076 4762 3296 4823 bonum,
3329 4758 3545 4812 animo-

1957 4848 2113 4901 sitate
2142 4854 2193 4899 et
2222 4846 2559 4915 impatientia
2590 4860 2688 4898 sua.
2718 4846 2874 4899 vertit
2906 4845 3008 4897 sibi
3051 4844 3105 4896 in
3135 4859 3393 4913 magnum
3422 4859 3543 4895 ma-

1957 4935 2087 4998 lum,
2120 4933 2401 5003 magisque
2430 4932 2623 4985 infirmi
2653 4940 2733 4986 est
2761 4948 2920 5003 quam
2967 4931 3161 4984 medici
3203 4930 3361 4999 Culpa
3399 4931 3545 4999 quod

1954 5022 2071 5091 ipse
2100 5020 2345 5074 infirmus
2374 5028 2615 5091 zegrotat,
2650 5020 2807 5074 etiam
2831 5020 2897 5074 de
2915 5019 3197 5073 medicina.
3233 5018 3369 5072 Hinc
3404 5018 3540 5073 bea-

1957 5116 2041 5163 tus
2088 5108 2422 5177 Augustinus
2463 5108 2539 5162 sic
2584 5108 2634 5160 in
2687 5108 2895 5179 Regula
2941 5108 3267 5162 clericorum
3312 5107 3455 5175 (cap.
3494 5110 3547 5177 8)

1960 5197 2146 5252 scribit
2177 5197 2244 5249 de
2271 5197 2393 5249 hoc.
2431 5219 2450 5242 ιι
2479 5197 2594 5251 Nec
2624 5212 2739 5259 vos,
2775 5196 2963 5265 inquit,
2994 5195 3244 5263 judicetis
3276 5210 3397 5248 esse
3430 5210 3549 5247 ma-

1961 5284 2168 5338 levolos
2201 5284 2419 5354 quando
2447 5285 2549 5338 hoc
2596 5283 2873 5338 indicatis.
2917 5284 3090 5356 Magis
3130 5283 3350 5354 quippe,
3390 5288 3551 5340 inno-

1960 5379 2148 5427 centes
2179 5387 2287 5427 non
2321 5371 2469 5437 estis,
2518 5371 2565 5426 si
2606 5370 2801 5427 fratres
2835 5380 3044 5429 vestros
3088 5389 3226 5444 quos
3264 5373 3553 5430 indicando

3276 5519 3345 5573 28
