3972 6052
463 194 566 247 875

1334 192 1675 249 GUIGONIS
1722 193 1772 246 II
1813 187 2221 246 CARTHUSLE
2269 186 2563 245 MAJORIS
2607 189 2905 245 PRIORIS.

3644 190 3755 242 876

459 315 742 387 corrigere
800 314 1043 385 potestis,
1093 316 1316 371 tacendo
1364 317 1545 386 perire
1605 315 1932 387 permittitis.
1994 314 2048 367 Si
2069 318 2122 370 A
2154 311 2432 366 revolvere
2463 313 2688 378 debeas,
2720 329 2820 382 pro
2851 311 2987 366 scire
3019 319 3071 365 et
3109 325 3273 380 posse
3304 318 3488 366 nostro
3517 312 3752 368 instrua-

461 404 624 469 enim,
658 403 824 458 frater
861 413 982 458 tuus
1012 404 1205 458 vulnus
1254 405 1475 459 haberet
1523 406 1577 459 in
1627 421 1856 475 corpore
1902 402 2048 474 quod

462 492 624 546 vellet
659 491 934 559 occultari,
967 492 1092 545 dum
1124 492 1335 545 timeret
1367 494 1560 557 secari,
1596 508 1776 547 nonne
1806 491 2045 547 crudeli-

460 587 539 633 ter
587 595 620 633 a
668 588 719 633 te
778 579 1049 645 sileretur,
1103 588 1155 633 et
1185 580 1611 635 misericorditer
1667 578 2047 634 indicaretur?

459 667 675 735 Quanto
709 682 843 737 ergo
871 668 1047 737 potius
1076 667 1242 721 debes
1283 667 1648 733 manifestare,
1696 684 1764 722 ne
1812 667 2046 721 deterius

455 763 731 827 putrescat
759 756 813 808 in
844 755 1008 809 corde
1027 754 1054 807 ?
1090 779 1110 802 ι»
1143 756 1305 819 Ecce,
1340 756 1467 826 quia
1497 755 1746 810 crudeles
1777 763 1917 822 sunt,
1954 755 2043 825 qui

456 844 753 914 spiritualia
774 842 993 897 fratrum
1028 858 1246 897 suorum
1280 843 1507 897 vulnera
1547 844 1759 909 celant;
1794 851 1845 897 et
1874 842 2043 897 mise-

452 931 692 987 ricordes
723 938 865 997 sunt,
900 931 992 1001 qui
1021 946 1083 984 ea
1115 939 1172 984 ut
1202 940 1462 985 sanentur
1507 931 1761 986 indicant.
1806 933 1939 985 Item
1996 931 2041 984 si

454 1020 711 1090 praelatus
756 1019 952 1088 aliquis
982 1019 1347 1086 subjectorum
1398 1034 1618 1073 suorum
1662 1019 1897 1090 aliquem
1945 1034 2040 1088 pro

450 1107 609 1177 culpa
654 1121 752 1160 sua
793 1106 944 1177 (quia
986 1115 1035 1159 et
1076 1107 1179 1161 hoc
1220 1114 1434 1161 tenetur
1471 1124 1536 1161 ex
1574 1105 1749 1162 ofﬁcio
1787 1114 2040 1176 suscepto

449 1194 652 1264 facere)
696 1194 784 1264 pie
840 1208 904 1249 ac
951 1202 1177 1263 paterno
1224 1204 1280 1248 ut
1335 1195 1653 1248 emendetur
1692 1194 2035 1264 corripuerit,

448 1298 576 1336 num
602 1293 759 1353 putas
788 1290 843 1335 tu
874 1282 1109 1335 eundum
1142 1282 1191 1335 ei
1222 1290 1277 1335 ut
1309 1283 1618 1338 reconciliet
1646 1299 1705 1336 se
1736 1282 1885 1336 fratri
1916 1298 2033 1347 suo,

445 1369 492 1423 si
514 1370 676 1424 frater
706 1370 794 1424 ille
823 1370 1020 1438 injuste
1043 1379 1362 1434 commotus,
1402 1378 1551 1439 putat
1583 1387 1642 1423 se
1664 1379 1886 1440 propter
1934 1372 2038 1424 hoc

441 1454 646 1524 aliquid
674 1453 878 1507 habere
921 1453 1181 1506 adversus
1230 1458 1401 1508 eum?
1447 1455 1568 1508 Non
1606 1462 1755 1523 puto,
1802 1454 1899 1518 ais,
1934 1453 2037 1506 nisi

441 1541 664 1595 modum
694 1541 749 1594 in
764 1540 1108 1609 correptione
1138 1556 1237 1594 sua
1254 1542 1563 1596 excesserit.
1596 1543 1711 1596 Nos
1741 1550 1917 1595 autem
1948 1541 2034 1594 di-

440 1629 634 1694 cimus,
676 1628 804 1699 quia
832 1644 934 1683 nec
960 1636 1106 1682 tunc.
1155 1628 1427 1699 Contingit
1470 1646 1706 1700 namque
1735 1629 2025 1699 multoties,
2051 1658 2101 1717 B

439 1717 584 1787 quod
603 1716 721 1786 ipse
745 1732 851 1787 quo
887 1716 1164 1769 ardentius
1196 1716 1387 1787 diligit,
1422 1733 1487 1771 eo
1519 1726 1570 1771 et
1596 1718 1754 1772 citius
1782 1718 1838 1771 in
1854 1719 2027 1772 corri-

439 1804 640 1874 piendo
670 1803 893 1857 modum
921 1804 1149 1857 excedit.
1184 1804 1323 1857 Nam
1365 1804 1487 1875 quia
1531 1821 1687 1858 mens
1727 1806 2027 1874 praesiden-

437 1892 522 1956 tis,
560 1900 721 1962 prout
759 1892 922 1946 debet
961 1900 1013 1945 et
1049 1900 1307 1962 quantum
1338 1893 1498 1947 debet
1524 1902 1682 1959 amat,
1718 1911 1866 1947 suam
1905 1895 2025 1964 ple-

437 1996 668 2051 rumque
705 1980 1104 2050 correptionem
1147 1981 1433 2051 plusquam
1479 1982 1641 2036 debet
1685 1991 1976 2054 exaggerat
2010 1999 2022 2037 :

434 2084 537 2124 nec
557 2068 625 2123 de
653 2068 829 2139 aliqua
861 2084 920 2123 se
948 2068 1111 2123 debet
1146 2069 1233 2123 hic
1265 2070 1707 2125 reconciliatione
1752 2071 2023 2125 intromit-

432 2165 569 2222 tere,
604 2156 729 2227 quia
777 2157 881 2210 hoc
923 2156 1029 2225 ipsi
1078 2156 1344 2226 discipulo
1401 2157 1578 2227 magis
1598 2159 1796 2212 obesse
1837 2166 2026 2228 posset

433 2260 594 2315 quam
624 2243 915 2313 prodesse.
957 2244 1110 2298 Unde
1140 2250 1194 2297 et
1239 2244 1319 2298 sic
1363 2245 1548 2298 beatus
1587 2246 1920 2317 Augustinus
1968 2248 2023 2300 in

428 2331 655 2401 praefata
684 2330 874 2401 regula
917 2332 1061 2400 (cap.
1115 2332 1240 2400 54.)
1280 2331 1466 2386 scribit
1511 2333 1579 2387 de
1618 2334 1740 2397 hoc,
1794 2334 2021 2404 loquens

428 2419 560 2489 ipsis
582 2419 818 2488 prailatis
854 2436 867 2472 :
906 2440 927 2469 α
954 2418 1186 2485 Quando
1201 2427 1382 2473 autem
1404 2420 1700 2476 necessitas
1721 2421 2021 2491 disciplinae

427 2507 481 2561 in
511 2508 755 2562 moribus
785 2507 1104 2562 coercendis
1137 2507 1319 2562 dicere
1350 2524 1445 2563 vos
1490 2509 1622 2562 dura
1659 2510 1825 2565 verba
1863 2526 2018 2565 com-

428 2595 597 2665 pellit,
627 2595 674 2649 si
705 2595 867 2649 etiam
898 2611 996 2649 vos
1043 2596 1262 2649 modum
1295 2597 1597 2651 excessisse
1628 2598 1857 2665 sentitis,
1909 2613 2017 2652 non

427 2698 460 2737 a
489 2683 642 2737 vobis
673 2683 904 2754 exigitur
932 2691 986 2735 ut
1015 2698 1045 2736 a
1077 2684 1230 2737 vobis
1261 2684 1487 2737 subditis
1532 2685 1739 2739 veniam
1774 2686 2016 2755 postule-

426 2771 496 2823 tis
526 2790 539 2836 ;
574 2787 641 2824 ne
673 2770 816 2839 apud
838 2786 953 2832 eos,
988 2786 1124 2840 quos
1155 2779 1368 2840 oportet
1396 2788 1518 2827 esse
1550 2773 1842 2842 subjectos,
1888 2774 2016 2828 dum

423 2858 646 2911 nimium
683 2865 928 2911 servatur
974 2858 1265 2922 humilitas,
1320 2860 1542 2930 regendi
1591 2860 1876 2931 frangatur
1921 2878 2018 2916 au-

425 2946 670 3000 ctoritas.
712 2945 819 2999 Sed
855 2952 1036 2999 tamen
1072 2947 1302 3015 petenda
1342 2955 1423 3000 est
1469 2948 1628 3001 venia
1666 2949 1735 3002 ab
1774 2950 2013 3004 omnium

423 3034 674 3099 Domino,
711 3034 800 3104 qui
828 3032 975 3087 novit
1006 3033 1166 3087 etiam
1214 3050 1308 3088 eos
1340 3051 1474 3105 quos
1519 3036 1641 3105 plus
1683 3036 1826 3105 justo
1875 3038 2013 3093 forte

424 3121 710 3192 corripitis,
756 3130 949 3192 quanta
997 3122 1375 3176 benevolentia
1408 3124 1672 3196 diligatis.
1718 3126 1841 3180 Non
1869 3127 2013 3180 enim

424 3210 676 3275 carnalis,
704 3210 799 3263 sed
833 3209 1125 3278 spiritualis
1156 3210 1297 3264 inter
1328 3227 1423 3265 vos
1476 3212 1641 3266 debet
1680 3230 1802 3268 esse
1852 3214 2015 3268 dilec-

425 3298 518 3352 tio.
559 3321 580 3345 »
616 3298 775 3352 Certe
816 3298 952 3351 side
992 3299 1279 3352 manubrio
1326 3300 1381 3352 in
1429 3301 1662 3355 cmsione
1711 3301 2008 3373 lignorum,

423 3386 627 3440 ferrum
667 3385 951 3449 exsiliens,
986 3386 1215 3440 amicum
1259 3388 1593 3456 percusserit
1641 3397 1693 3443 et
1732 3390 2009 3456 occiderit,

423 3474 631 3529 amicus
661 3473 771 3539 ille,
805 3482 857 3528 et
888 3482 1069 3529 tamen
1098 3474 1310 3529 occisor
1341 3476 1525 3546 amici,
1570 3477 1758 3532 vivere
1789 3479 2006 3548 poterit,

422 3562 467 3615 si
498 3562 569 3617 ad
616 3578 775 3616 unam
806 3562 967 3616 trium
1006 3563 1217 3617 urbium
1268 3563 1465 3634 fugerit
1496 3567 1681 3635 (Deut.
1714 3570 1864 3635 xxx).
1931 3568 2011 3621 Ita

418 3650 669 3717 dicimus,
702 3651 749 3704 si
777 3650 1096 3720 simpliciter
1115 3652 1186 3706 ad
1208 3652 1397 3706 silvam
1424 3653 1634 3708 abierit.
1659 3655 1724 3708 Et
1744 3656 1859 3710 haec
1888 3656 2009 3711 ideo

417 3738 672 3806 diximus,
703 3746 761 3792 ut
790 3738 1026 3793 sciamus
1057 3740 1242 3810 quales
1290 3741 1358 3795 ad
1406 3741 1707 3796 orationem
1752 3744 2009 3799 accedere

418 3826 712 3881 debeamus
726 3867 739 3880 .

841 3992 1239 4047 CAPITULUM
1303 3994 1513 4049 XXXV
1525 4036 1537 4048 .

416 4136 494 4192 De
523 4139 763 4210 quatuor
791 4136 1201 4210 cogitationum
1230 4138 1524 4210 generibus
1553 4155 1674 4210 qua:
1714 4140 1871 4197 nobis
1900 4158 2003 4197 ne-

488 4207 792 4262 cessarium
813 4211 897 4279 est
926 4207 987 4259 in
1018 4210 1209 4279 mente
1232 4208 1449 4276 habere,
1483 4211 1531 4263 si
1550 4207 1694 4279 imre
1725 4216 1779 4266 et
1811 4212 2004 4269 devote

486 4282 651 4348 atque
679 4272 969 4345 [ructtiose
992 4278 1292 4333 Dominum
1320 4272 1574 4335 volumus
1608 4297 1787 4337 orare.

484 4416 649 4481 Ecce,
693 4431 764 4469 ex
794 4424 943 4487 parte
987 4417 1162 4489 aliqua
1210 4420 1291 4487 (ut
1334 4419 1684 4492 arbitramur)
1736 4423 1921 4490 habes,
1946 4431 2002 4478 tu

415 4504 507 4574 qui
554 4503 769 4557 habitor
814 4505 981 4569 cella;
1020 4522 1098 4573 es,
1131 4507 1348 4577 qualem
1394 4517 1444 4563 te
1493 4510 1696 4564 debeas
1746 4527 1846 4581 per
1883 4527 2002 4583 gra-

410 4591 540 4645 tiam
569 4591 663 4646 Dei
696 4607 1024 4661 prazparare,
1075 4609 1196 4649 cum
1226 4595 1293 4649 ad
1324 4598 1588 4651 orandum
1633 4599 1805 4653 Deum
1853 4608 2001 4655 tuum

408 4678 670 4749 proponis
705 4680 964 4735 accedere
1009 4683 1149 4752 (cap.
1180 4684 1297 4749 35).
1353 4682 1625 4755 Quidquid
1654 4686 1721 4739 de
1752 4687 1998 4743 oratione

406 4767 659 4832 diximus,
695 4775 747 4822 et
790 4767 966 4823 adhuc
998 4768 1228 4824 fortasse
1270 4770 1529 4837 dicemus,
1580 4772 1649 4826 ad
1686 4772 1838 4828 illum
1887 4774 1995 4829 ﬂu-

404 4855 551 4909 vium
587 4855 801 4910 tertium
846 4855 1146 4923 referimus,
1200 4858 1291 4928 qui
1330 4867 1381 4913 et
1424 4860 1493 4913 de
1536 4860 1657 4915 loco
1702 4861 1994 4933 voluptatis

403 4943 698 5014 egreditur,
732 4952 781 4998 et
811 4944 985 5015 Tigris
1017 4953 1270 5013 vocatur;
1304 4946 1372 5001 de
1404 4963 1510 5017 quo
1541 4957 1592 5002 et
1611 4949 1839 5020 legimus
1868 4952 1992 5022 quia

400 5030 547 5085 vadit
576 5040 761 5085 contra
792 5032 1065 5101 Assyrios.
1101 5034 1202 5086 Diu
1240 5033 1294 5086 in
1324 5050 1389 5088 eo
1418 5037 1611 5090 morati
1648 5054 1832 5091 sumus
1863 5040 1990 5109 quia

399 5116 468 5170 ob
490 5133 747 5187 magnam
784 5119 1038 5173 nimirum
1069 5121 1185 5188 ejus
1230 5130 1335 5175 tam
1364 5123 1786 5192 profunditatem
1826 5142 1987 5197 quam

397 5203 750 5273 latitudinem,
813 5208 918 5262 cito
976 5225 1096 5262 eum
1152 5210 1484 5279 pertransire
1539 5227 1646 5266 non
1689 5214 1982 5282 potuimus.

390 5293 550 5349 Nunc
570 5302 749 5349 autem
780 5302 834 5348 tu
865 5296 1083 5366 quaeris,
1116 5304 1176 5350 ut
1207 5304 1258 5351 te
1288 5298 1433 5368 quod
1463 5300 1713 5369 superius
1742 5304 1983 5359 secundo

391 5380 513 5437 loco
568 5383 865 5453 posuimus,
914 5384 1145 5453 qualiter
1189 5385 1443 5440 videlicet
1472 5386 1526 5441 in
1575 5388 1694 5458 ipsa
1736 5392 1981 5447 oratione

385 5470 700 5539 persistere,
760 5478 813 5526 et
853 5471 981 5542 quid
1003 5471 1145 5527 intra
1174 5479 1226 5529 te
1257 5474 1385 5530 hora
1426 5473 1516 5529 illa
1563 5475 1617 5530 in
1652 5477 1977 5549 cogitatione

2149 415 2288 453 mus.
2324 402 2439 455 IIoc
2480 409 2659 455 autem
2706 392 3073 454 indubitanter
3104 398 3243 453 seire
3274 398 3443 453 debes
3488 402 3655 471 (quod
3686 410 3743 456 et

2148 487 2285 557 ipse,
2326 489 2379 541 ni
2411 488 2666 554 fallimur,
2720 489 3036 559 frequenter
3083 496 3339 558 expertus
3380 488 3461 559 es)
3508 490 3635 559 quia
3683 490 3741 543 in

2148 576 2294 630 nullo
2326 576 2593 646 spirituali
2622 576 2879 631 exercitio
2917 576 3165 630 laborem
3196 584 3343 631 certe
3374 578 3651 644 majorem,
3684 586 3741 632 et

2146 664 2345 719 luctam
2376 664 2683 735 graviorem
2714 664 2994 728 sentimus,
3050 679 3212 734 quam
3243 679 3367 719 cum
3396 663 3450 716 in
3494 665 3744 720 oratione

2144 751 2501 821 persistimus,
2536 753 2580 805 si
2612 768 2730 807 eam
2762 760 2945 807 tamen
2966 752 3126 806 talem
3156 752 3377 817 habere,
3411 752 3587 823 qualis
3615 752 3741 823 ipsa

2144 839 2300 893 nobis
2346 849 2429 893 est
2461 840 2766 895 necessaria
2796 840 3102 895 studemus.
3144 840 3281 893 Nam
3312 855 3478 910 supra
3507 840 3734 895 modum

2144 934 2269 981 tunc
2296 928 2639 997 potissimum
2669 927 2861 998 fatigat
2887 935 3151 998 vexatque
3177 943 3299 993 nos,
3324 936 3377 981 et
3414 942 3614 998 magna
3644 928 3733 981 in-

2142 1014 2402 1069 stabilitas
2458 1016 2640 1070 cordis
2686 1015 2881 1079 nostri,
2936 1023 2989 1069 et
3034 1014 3235 1069 malitia
3281 1015 3452 1070 hostis
3500 1016 3730 1087 antiqui.

2142 1102 2329 1158 Sciens
2358 1111 2535 1158 autem
2567 1103 2871 1174 versipellis
2899 1111 2952 1158 et
2980 1102 3284 1158 malitiosus
3315 1103 3423 1170 ille,
3451 1104 3542 1174 qui
3581 1104 3733 1159 mille

2140 1190 2301 1245 habet
2357 1201 2501 1246 artes
2546 1191 2797 1259 nocendi,
2854 1208 2955 1261 per
2990 1191 3243 1245 devotam
3289 1207 3450 1261 quam
3495 1192 3736 1248 maxime

2140 1279 2462 1347 orationem,
2495 1295 2621 1332 suas
2652 1287 2705 1333 et
2734 1278 2973 1334 occultas
3004 1278 3226 1333 fraudes
3246 1278 3448 1350 detegi,
3482 1288 3535 1334 et
3565 1295 3734 1349 aper-

2138 1373 2221 1419 tas
2253 1366 2397 1421 vires
2428 1367 2726 1433 debellari;
2776 1374 3038 1437 quatenus
3071 1366 3303 1421 fructum
3342 1368 3455 1435 ejus
3488 1366 3731 1422 funditus

2138 1461 2378 1521 evacuet,
2430 1454 2818 1508 modestiorem
2866 1470 2925 1508 se
2963 1454 3142 1519 nobis,
3194 1454 3549 1526 cogitationes
3600 1462 3729 1509 tunc

2135 1541 2284 1596 cordi
2312 1550 2499 1596 nostro
2526 1542 2843 1596 immitendo
2891 1542 3122 1607 illicitas,
3156 1541 3372 1597 efﬁcere
3412 1542 3575 1597 solet.
3616 1544 3728 1597 Sed

2134 1637 2186 1683 et
2214 1628 2333 1699 ipsa
2362 1628 2702 1695 instabilitas,
2749 1637 2800 1684 et
2844 1630 3091 1701 evagatio
3124 1630 3318 1684 mentis
3362 1638 3562 1685 nostrae
3598 1646 3725 1684 ma-

2129 1717 2213 1787 gis
2242 1717 2297 1771 in
2327 1718 2569 1772 oratione
2601 1718 2680 1787 (ut
2708 1717 2872 1787 longe
2902 1718 3153 1787 superius
3198 1733 3321 1773 cum
3364 1734 3565 1790 magno
3616 1735 3724 1791 ge-

2130 1804 2261 1858 mitu
2292 1805 2572 1876 conquesti
2604 1806 2813 1876 sumus)
2845 1821 3009 1877 quam
3041 1805 3094 1858 in
3123 1805 3303 1876 aliquo
3333 1805 3439 1860 alio
3470 1807 3729 1862 exercitio

2126 1908 2235 1947 non
2265 1893 2507 1947 devastat
2540 1910 2553 1949 :
2589 1892 2642 1945 in
2699 1901 2902 1947 tantum
2934 1901 2991 1947 ut
3037 1901 3167 1948 tunc
3194 1894 3374 1948 animo
3406 1902 3590 1949 nostro
3620 1910 3723 1950 co-

2127 1981 2455 2051 gitationum
2496 1981 2811 2047 otiosarum,
2859 1981 3260 2035 immundarum
3304 1991 3357 2036 et
3400 1982 3721 2037 nocivarurn

2125 2068 2432 2134 multitudo,
2489 2069 2650 2122 etiam
2706 2068 2862 2125 nobis
2910 2068 3217 2123 nolentibus
3262 2077 3314 2124 et
3361 2077 3469 2124 tota
3516 2071 3721 2127 virtute

2125 2151 2641 2220 contradicentibus,
2672 2168 2737 2206 ex
2766 2152 2995 2221 abrupto
3018 2161 3069 2206 et
3098 2159 3389 2223 antequam
3410 2154 3719 2223 pravidere

2122 2240 2416 2309 possimus,
2453 2256 2512 2294 se
2556 2240 2808 2310 ingerat;
2844 2256 2877 2294 a
2906 2240 3101 2311 quibus
3146 2239 3357 2295 alienus
3401 2249 3453 2295 et
3500 2242 3719 2312 quietus

2121 2327 2241 2381 aliis
2272 2343 2489 2398 quoque
2517 2328 2849 2398 temporibus
2873 2336 3008 2383 erat.
3043 2328 3198 2383 Unde
3226 2329 3596 2384 necessarium
3619 2347 3714 2385 no—

2119 2414 2203 2468 bis
2232 2415 2525 2469 admodum
2550 2430 2673 2469 esse
2705 2415 2962 2479 sciamus,
3015 2423 3073 2469 ut
3120 2431 3245 2470 cum
3291 2416 3391 2470 ista
3436 2416 3574 2471 intra
3609 2434 3712 2473 nos

2119 2502 2399 2566 sentimus,
2431 2503 2607 2572 ipsum
2637 2502 2898 2557 miserum
2942 2518 3039 2558 cor
3085 2511 3328 2558 nostrum
3363 2512 3476 2559 toto
3516 2515 3715 2560 conatu

2119 2591 2455 2645 stabiliamus
2483 2600 2571 2657 ;et
2603 2591 2978 2660 ingerentibus
3008 2608 3067 2646 se
3097 2592 3517 2661 cogitationibus
3547 2595 3705 2667 vagis

2118 2688 2168 2733 et
2199 2679 2373 2732 stultis
2394 2678 2660 2734 inhaerere
2688 2678 2840 2744 illud,
2864 2694 2964 2749 pro
2995 2695 3158 2749 posse
3179 2695 3285 2735 non
3309 2680 3703 2750 permittamus.

2117 2767 2173 2820 Si
2202 2772 2377 2820 autem
2412 2774 2486 2833 tu,
2520 2767 2613 2837 qui
2642 2766 2913 2821 habitator
2953 2767 3105 2822 cella:
3131 2783 3210 2834 es,
3258 2769 3396 2823 scire
3425 2769 3709 2825 desideras

2116 2853 2386 2924 quomodo
2443 2869 2576 2923 pure
2634 2869 2792 2909 orare
2821 2854 3022 2920 valeas,
3077 2855 3188 2910 imo
3232 2856 3359 2926 quia
3404 2857 3569 2925 (sicut
3598 2858 3703 2928 ipsi

2115 2941 2417 2996 certissime
2463 2941 2689 3011 scimus)
2739 2950 2791 2997 et
2845 2943 3099 2999 ardenter
3149 2944 3453 3011 desideras,
3511 2961 3708 3002 conare

2116 3029 2241 3084 totis
2277 3028 2485 3083 viribus
2533 3037 2590 3083 ut
2622 3030 2739 3084 haec
2785 3038 3014 3100 quatuor
3057 3032 3317 3086 orationis
3362 3041 3603 3104 tempore
3648 3036 3704 3089 in

2112 3116 2436 3186 cOgitatione
2466 3124 2559 3171 tua
2587 3116 2834 3173 revolvas
2856 3126 2909 3172 et
2929 3118 3075 3172 illum
3095 3119 3349 3175 videlicet
3370 3138 3530 3192 quem
3558 3138 3704 3191 oras,

2111 3212 2161 3258 et
2190 3204 2339 3257 illum
2368 3220 2465 3274 per
2493 3220 2656 3274 quem
2687 3220 2831 3273 oras,
2864 3212 2917 3260 et
2943 3206 3075 3260 illud
3107 3207 3252 3277 quod
3281 3224 3426 3274 oras,
3461 3218 3513 3264 et
3542 3218 3593 3265 te
3613 3210 3704 3281 ip-

2113 3308 2228 3345 sum
2260 3291 2351 3361 qui
2399 3307 2543 3346 oras.
2579 3292 2806 3363 Oportet
2833 3300 2890 3346 ut
2920 3308 3016 3347 eor
3045 3302 3193 3348 tuum
3224 3296 3383 3350 valde
3412 3296 3577 3362 latum
3608 3299 3697 3366 sit,

2111 3388 2374 3451 quatenus
2404 3380 2522 3435 haec
2563 3379 2619 3433 in
2669 3396 2729 3434 se
2760 3388 2992 3451 quatuor
3020 3381 3180 3436 simul
3236 3386 3703 3453 comprehendere

2110 3467 2309 3537 possit.
2352 3466 2397 3521 Ο
2430 3482 2593 3536 quam
2623 3468 2778 3523 laetus
2825 3477 2941 3523 erat
2972 3470 3117 3524 beati
3153 3471 3426 3527 Benedicti
3456 3473 3698 3542 animus,

2110 3554 2197 3609 cui
2245 3554 2424 3608 oranti
2467 3562 2522 3609 et
2558 3555 2761 3609 videnti
2788 3556 2857 3609 ad
2892 3556 3092 3611 caelum
3130 3557 3260 3613 ferri
3291 3560 3523 3614 animam
3571 3576 3700 3616 san-

2108 3648 2252 3697 ctam
2283 3641 2459 3695 visum
2489 3650 2571 3696 est
2625 3643 2780 3713 quasi
2809 3651 2950 3698 totus
2979 3653 3125 3700 esset
3153 3646 3254 3700 sub
3282 3663 3391 3702 uno
3439 3649 3570 3703 solis
3601 3665 3697 3704 ra-

2106 3728 2197 3783 dio
2225 3729 2456 3784 mundus
2481 3729 2740 3785 collectus
2773 3748 2787 3787 :
2820 3739 2878 3785 ut
2907 3733 3187 3788 evidenter
3206 3744 3529 3806 agnosceret
3568 3738 3698 3808 quia

2104 3816 2181 3871 illi
2211 3833 2245 3871 a
2273 3832 2378 3888 quo
2407 3817 2772 3874 universitatis
2821 3820 3031 3875 videtur
3066 3829 3295 3890 creator,
3350 3833 3585 3896 angusta
3613 3834 3696 3881 est

2106 3904 2282 3959 omnis
2313 3912 2575 3960 creatura.
2607 3908 2795 3977 Itaque
2842 3916 2899 3962 tu
2948 3909 3165 3980 quando
3210 3926 3353 3977 oras,
3406 3912 3553 3966 illum
3582 3930 3697 3983 prae

2105 3993 2275 4047 oculis
2304 3994 2486 4048 cordis
2507 3993 2583 4048 tui
2610 3995 2834 4062 habeas,
2859 4012 3021 4067 quem
3052 4014 3201 4053 oras.
3238 4000 3445 4070 thuis
3466 4000 3557 4056 ille
3587 4003 3693 4057 nisi

2103 4080 2219 4150 ipse
2250 4081 2443 4136 Deus?
2487 4080 2650 4149 Quid,
2696 4083 2775 4137 ais
2822 4084 3076 4155 cogitabo
3118 4102 3242 4142 cum
3288 4089 3463 4143 Deum
3511 4106 3691 4145 meum

2102 4168 2393 4239 cogitabo?
2420 4170 2534 4224 Nos
2560 4178 2738 4226 autem
2767 4173 3158 4242 respondemus
3189 4175 3303 4242 tibi,
3338 4177 3461 4247 quia
3508 4179 3611 4234 hoc
3643 4187 3696 4234 te

2101 4256 2278 4328 magis
2306 4256 2524 4313 docebit
2554 4259 2818 4331 magistra
2848 4278 2968 4331 quas
2998 4261 3154 4317 docet
3194 4263 3263 4319 de
3290 4266 3544 4320 omnibus
3581 4283 3689 4321 un-

2022 4347 2075 4407 D
2105 4344 2234 4411 ctio,
2268 4360 2429 4416 quam
2477 4346 2660 4417 aliqua
2687 4348 2926 4403 humana
2955 4350 3207 4407 eruditio.
3240 4353 3362 4422 Ipsa
3392 4361 3445 4408 te
3473 4353 3693 4410 docebit

2102 4432 2282 4488 unctio
2330 4433 2572 4505 cogitare
2602 4436 2776 4490 Deum
2806 4444 2957 4492 tuum
2987 4439 3258 4509 quandam
3288 4442 3689 4511 sempiternita-

2103 4528 2230 4585 tem,
2258 4520 2386 4591 quia
2407 4537 2509 4577 nec
2539 4521 2748 4576 initium
2778 4540 2879 4579 nec
2910 4524 3060 4592 finis;
3096 4527 3370 4597 quandam
3399 4529 3687 4586 immensi-

2098 4614 2286 4673 tatem,
2318 4608 2445 4678 quia
2474 4609 2653 4664 nullus
2682 4610 2836 4667 locus
2868 4630 2883 4678 ;
2932 4614 3221 4683 quamdam
3264 4615 3688 4673 incommutabi-

2094 4694 2318 4764 litatem,
2351 4696 2479 4766 quia
2508 4697 2716 4752 nullum
2738 4706 2986 4770 tempus;
3019 4703 3309 4773 quamdam
3338 4705 3687 4776 omnipoten-

2094 4782 2244 4849 tiam,
2279 4784 2569 4854 quamdam
2600 4786 2955 4856 charitatem,
3001 4805 3197 4859 pacem
3247 4808 3368 4862 quae
3398 4803 3689 4865 exsuperat

2092 4884 2311 4925 omnem
2366 4888 2605 4939 sensum,
2664 4874 2863 4946 ubique
2919 4879 3281 4933 essentialiter
3332 4889 3682 4950 praesentem,

2090 4974 2252 5029 quem
2281 4966 2334 5013 et
2362 4959 2723 5017 desiderando
2752 4978 3012 5031 amamus,
3048 4973 3101 5020 et
3131 4967 3363 5023 amando
3393 4968 3685 5025 desidera-

2087 5062 2242 5111 mus,
2293 5048 2716 5117 complectentes
2769 5067 2893 5106 eum
2942 5053 3096 5124 quasi
3153 5055 3473 5126 quibusdam
3541 5057 3683 5113 ulnis

2086 5134 2287 5189 sinceri
2335 5136 2553 5203 amoris,
2617 5137 2686 5192 de
2744 5155 2852 5210 quo
2900 5141 3102 5196 scimus
3145 5143 3291 5213 quod
3343 5145 3681 5216 magnitudi-

2082 5220 2167 5274 nis
2225 5222 2341 5290 ejus
2395 5239 2504 5278 non
2562 5233 2645 5279 est
2702 5226 2842 5281 ﬁnis.
2878 5229 3031 5283 Hunc
3081 5230 3285 5302 cogitet
3342 5231 3398 5285 in
3437 5233 3681 5289 oratione

2081 5325 2236 5363 mens
2292 5318 2400 5377 tua,
2460 5312 2624 5367 dilata
2669 5314 2723 5367 in
2780 5331 2966 5372 amore
3008 5317 3172 5387 illius,
3230 5326 3288 5373 ut
3340 5336 3477 5389 pure
3534 5330 3674 5387 oret,

2080 5413 2312 5469 eumque
2342 5400 2443 5453 sibi
2472 5400 2571 5456 soli
2603 5402 2781 5457 solum
2796 5414 3174 5475 repraesentet.
3206 5406 3363 5461 Illum
3384 5424 3569 5463 coram
3602 5418 3677 5476 te,

2077 5493 2130 5540 et
2160 5493 2212 5541 te
2241 5502 2426 5543 coram
2457 5488 2549 5545 illo
2596 5498 2812 5561 statue;
2847 5500 2899 5549 et
2937 5509 3053 5564 prae
3092 5510 3295 5567 magno
3314 5512 3522 5567 amore,
3567 5513 3677 5568 quo
