  <div class='ocr_page' id='page_1' title='image "/cluster/home/n/w/nwhite01/storage/ocr_20150623/153/hvd.32044054760111/444.png"; bbox 0 0 3972 6052; ppageno 0'>
   <div class='ocr_carea' id='block_1_1' title="bbox 251 150 355 203">
    <p class='ocr_par' dir='ltr' id='par_1_1' title="bbox 251 150 355 203">
     <span class='ocr_line' id='line_1_1' title="bbox 251 150 355 203; baseline 0 -1"><span class='ocrx_word' id='word_1_1' title='bbox 251 150 355 203; x_wconf 80' lang='lat'>877</span> 
     </span>
    </p>
   </div>
   <div class='ocr_carea' id='block_1_2' title="bbox 1376 139 2420 201">
    <p class='ocr_par' dir='ltr' id='par_1_2' title="bbox 1376 139 2420 201">
     <span class='ocr_line' id='line_1_2' title="bbox 1376 139 2420 201; baseline -0.004 0"><span class='ocrx_word' id='word_1_2' title='bbox 1376 144 1577 201; x_wconf 83' lang='lat' dir='ltr'>LIBER</span> <span class='ocrx_word' id='word_1_3' title='bbox 1614 143 1707 198; x_wconf 89' lang='lat' dir='ltr'><strong>DE</strong></span> <span class='ocrx_word' id='word_1_4' title='bbox 1744 139 2126 198; x_wconf 84' lang='lat' dir='ltr'>EXERCITIO</span> <span class='ocrx_word' id='word_1_5' title='bbox 2165 144 2420 199; x_wconf 65' lang='lat' dir='ltr'>CELLIE.</span> 
     </span>
    </p>
   </div>
   <div class='ocr_carea' id='block_1_3' title="bbox 3436 150 3537 200">
    <p class='ocr_par' dir='ltr' id='par_1_3' title="bbox 3436 150 3537 200">
     <span class='ocr_line' id='line_1_3' title="bbox 3436 150 3537 200; baseline -0.01 0"><span class='ocrx_word' id='word_1_6' title='bbox 3436 150 3537 200; x_wconf 82' lang='lat'>878</span> 
     </span>
    </p>
   </div>
   <div class='ocr_carea' id='block_1_4' title="bbox 253 264 3536 341">
    <p class='ocr_par' dir='ltr' id='par_1_4' title="bbox 253 264 3536 341">
     <span class='ocr_line' id='line_1_4' title="bbox 253 264 3536 341; baseline -0.002 -14"><span class='ocrx_word' id='word_1_7' title='bbox 253 287 380 327; x_wconf 90' lang='lat' dir='ltr'>eum</span> <span class='ocrx_word' id='word_1_8' title='bbox 436 287 601 341; x_wconf 85' lang='lat' dir='ltr'>super</span> <span class='ocrx_word' id='word_1_9' title='bbox 664 271 847 326; x_wconf 87' lang='lat' dir='ltr'>omnia</span> <span class='ocrx_word' id='word_1_10' title='bbox 891 269 1092 341; x_wconf 82' lang='lat' dir='ltr'>diligis,</span> <span class='ocrx_word' id='word_1_11' title='bbox 1146 270 1201 323; x_wconf 88' lang='lat' dir='ltr'>in</span> <span class='ocrx_word' id='word_1_12' title='bbox 1248 269 1535 324; x_wconf 85' lang='lat' dir='ltr'>dulcedine</span> <span class='ocrx_word' id='word_1_13' title='bbox 1581 264 1838 321; x_wconf 75' lang='lat' dir='ltr'>ineffabili</span> <span class='ocrx_word' id='word_1_14' title='bbox 1861 264 1916 323; x_wconf 83' lang='lat' dir='ltr'><strong>A</strong></span> <span class='ocrx_word' id='word_1_15' title='bbox 1945 274 2003 319; x_wconf 90' lang='lat' dir='ltr'>ut</span> <span class='ocrx_word' id='word_1_16' title='bbox 2031 265 2179 321; x_wconf 88' lang='lat' dir='ltr'>fieret</span> <span class='ocrx_word' id='word_1_17' title='bbox 2211 268 2377 323; x_wconf 84' lang='lat' dir='ltr'>sudor</span> <span class='ocrx_word' id='word_1_18' title='bbox 2399 268 2515 335; x_wconf 88' lang='lat' dir='ltr'>ejus</span> <span class='ocrx_word' id='word_1_19' title='bbox 2543 267 2679 322; x_wconf 83' lang='lat' dir='ltr'>sicut</span> <span class='ocrx_word' id='word_1_20' title='bbox 2699 276 2864 339; x_wconf 89' lang='lat' dir='ltr'>gutta</span> <span class='ocrx_word' id='word_1_21' title='bbox 2886 270 3167 340; x_wconf 81' lang='lat' dir='ltr'>sanguinis</span> <span class='ocrx_word' id='word_1_22' title='bbox 3197 270 3536 324; x_wconf 78' lang='lat' dir='ltr'>decurrentis</span> 
     </span>
    </p>
   </div>
   <div class='ocr_carea' id='block_1_5' title="bbox 251 353 1846 430">
    <p class='ocr_par' dir='ltr' id='par_1_5' title="bbox 251 353 1846 430">
     <span class='ocr_line' id='line_1_5' title="bbox 251 353 1846 430; baseline -0.003 -18"><span class='ocrx_word' id='word_1_23' title='bbox 251 375 417 430; x_wconf 89' lang='lat' dir='ltr'>quam</span> <span class='ocrx_word' id='word_1_24' title='bbox 445 358 541 413; x_wconf 91' lang='lat' dir='ltr'>tibi</span> <span class='ocrx_word' id='word_1_25' title='bbox 570 359 640 414; x_wconf 90' lang='lat' dir='ltr'>ab</span> <span class='ocrx_word' id='word_1_26' title='bbox 661 374 727 414; x_wconf 92' lang='lat' dir='ltr'>eo</span> <span class='ocrx_word' id='word_1_27' title='bbox 757 358 990 413; x_wconf 85' lang='lat' dir='ltr'>infusam</span> <span class='ocrx_word' id='word_1_28' title='bbox 1019 357 1208 425; x_wconf 89' lang='lat' dir='ltr'>sentis,</span> <span class='ocrx_word' id='word_1_29' title='bbox 1231 358 1288 410; x_wconf 90' lang='lat' dir='ltr'>in</span> <span class='ocrx_word' id='word_1_30' title='bbox 1318 358 1441 412; x_wconf 85' lang='lat' dir='ltr'>lato</span> <span class='ocrx_word' id='word_1_31' title='bbox 1461 373 1523 412; x_wconf 89' lang='lat' dir='ltr'>ac</span> <span class='ocrx_word' id='word_1_32' title='bbox 1542 353 1846 410; x_wconf 85' lang='lat' dir='ltr'>latiﬁcante</span> 
     </span>
    </p>
   </div>
   <div class='ocr_carea' id='block_1_6' title="bbox 254 440 1849 517">
    <p class='ocr_par' dir='ltr' id='par_1_6' title="bbox 254 440 1849 517">
     <span class='ocr_line' id='line_1_6' title="bbox 254 440 1849 517; baseline -0.005 -16"><span class='ocrx_word' id='word_1_33' title='bbox 254 448 489 517; x_wconf 88' lang='lat' dir='ltr'>quodam</span> <span class='ocrx_word' id='word_1_34' title='bbox 529 447 722 515; x_wconf 89' lang='lat' dir='ltr'>jubilo,</span> <span class='ocrx_word' id='word_1_35' title='bbox 754 454 805 501; x_wconf 88' lang='lat' dir='ltr'>te</span> <span class='ocrx_word' id='word_1_36' title='bbox 836 446 933 501; x_wconf 90' lang='lat' dir='ltr'>tibi</span> <span class='ocrx_word' id='word_1_37' title='bbox 979 446 1179 511; x_wconf 88' lang='lat' dir='ltr'>furare,</span> <span class='ocrx_word' id='word_1_38' title='bbox 1214 454 1264 499; x_wconf 91' lang='lat' dir='ltr'>te</span> <span class='ocrx_word' id='word_1_39' title='bbox 1312 446 1430 515; x_wconf 92' lang='lat' dir='ltr'>ipso</span> <span class='ocrx_word' id='word_1_40' title='bbox 1476 444 1736 515; x_wconf 90' lang='lat' dir='ltr'>privatus,</span> <span class='ocrx_word' id='word_1_41' title='bbox 1772 440 1849 494; x_wconf 91' lang='lat' dir='ltr'>illi</span> 
     </span>
    </p>
   </div>
   <div class='ocr_carea' id='block_1_7' title="bbox 254 533 1847 607">
    <p class='ocr_par' dir='ltr' id='par_1_7' title="bbox 254 533 1847 607">
     <span class='ocr_line' id='line_1_7' title="bbox 254 533 1847 607; baseline -0.004 -20"><span class='ocrx_word' id='word_1_42' title='bbox 254 534 480 602; x_wconf 92' lang='lat' dir='ltr'>inbare,</span> <span class='ocrx_word' id='word_1_43' title='bbox 504 534 558 588; x_wconf 92' lang='lat' dir='ltr'>in</span> <span class='ocrx_word' id='word_1_44' title='bbox 587 534 707 605; x_wconf 90' lang='lat' dir='ltr'>ipso</span> <span class='ocrx_word' id='word_1_45' title='bbox 737 534 1124 607; x_wconf 88' lang='lat' dir='ltr'>agglutinatus.</span> <span class='ocrx_word' id='word_1_46' title='bbox 1152 533 1391 602; x_wconf 83' lang='lat' dir='ltr'>Qualiter</span> <span class='ocrx_word' id='word_1_47' title='bbox 1412 549 1540 588; x_wconf 90' lang='lat' dir='ltr'>vero</span> <span class='ocrx_word' id='word_1_48' title='bbox 1571 549 1692 587; x_wconf 91' lang='lat' dir='ltr'>cum</span> <span class='ocrx_word' id='word_1_49' title='bbox 1716 545 1847 600; x_wconf 90' lang='lat' dir='ltr'>pure</span> 
     </span>
    </p>
   </div>
   <div class='ocr_carea' id='block_1_8' title="bbox 258 617 1847 693">
    <p class='ocr_par' dir='ltr' id='par_1_8' title="bbox 258 617 1847 693">
     <span class='ocr_line' id='line_1_8' title="bbox 258 617 1847 693; baseline -0.005 -16"><span class='ocrx_word' id='word_1_50' title='bbox 258 638 403 685; x_wconf 87' lang='lat' dir='ltr'>oras,</span> <span class='ocrx_word' id='word_1_51' title='bbox 435 623 525 677; x_wconf 91' lang='lat' dir='ltr'>ille</span> <span class='ocrx_word' id='word_1_52' title='bbox 557 639 614 676; x_wconf 93' lang='lat' dir='ltr'>se</span> <span class='ocrx_word' id='word_1_53' title='bbox 647 622 740 676; x_wconf 91' lang='lat' dir='ltr'>tibi</span> <span class='ocrx_word' id='word_1_54' title='bbox 768 622 1076 677; x_wconf 81' lang='lat' dir='ltr'>manifestat</span> <span class='ocrx_word' id='word_1_55' title='bbox 1121 638 1283 693; x_wconf 89' lang='lat' dir='ltr'>quem</span> <span class='ocrx_word' id='word_1_56' title='bbox 1313 637 1459 686; x_wconf 88' lang='lat' dir='ltr'>oras,</span> <span class='ocrx_word' id='word_1_57' title='bbox 1492 636 1601 675; x_wconf 91' lang='lat' dir='ltr'>non</span> <span class='ocrx_word' id='word_1_58' title='bbox 1630 635 1661 673; x_wconf 94' lang='lat' dir='ltr'>a</span> <span class='ocrx_word' id='word_1_59' title='bbox 1689 617 1847 672; x_wconf 90' lang='lat' dir='ltr'>nobis</span> 
     </span>
    </p>
   </div>
   <div class='ocr_carea' id='block_1_9' title="bbox 255 710 1844 781">
    <p class='ocr_par' dir='ltr' id='par_1_9' title="bbox 255 710 1844 781">
     <span class='ocr_line' id='line_1_9' title="bbox 255 710 1844 781; baseline -0.004 -17"><span class='ocrx_word' id='word_1_60' title='bbox 255 711 525 781; x_wconf 86' lang='lat' dir='ltr'>requiras,</span> <span class='ocrx_word' id='word_1_61' title='bbox 559 710 683 781; x_wconf 85' lang='lat' dir='ltr'>quia</span> <span class='ocrx_word' id='word_1_62' title='bbox 709 726 809 766; x_wconf 89' lang='lat' dir='ltr'>nos</span> <span class='ocrx_word' id='word_1_63' title='bbox 855 710 911 764; x_wconf 88' lang='lat' dir='ltr'>in</span> <span class='ocrx_word' id='word_1_64' title='bbox 937 710 1021 765; x_wconf 92' lang='lat' dir='ltr'>bis</span> <span class='ocrx_word' id='word_1_65' title='bbox 1052 710 1266 780; x_wconf 88' lang='lat' dir='ltr'>penitus</span> <span class='ocrx_word' id='word_1_66' title='bbox 1295 710 1608 780; x_wconf 82' lang='lat' dir='ltr'>ignorantes</span> <span class='ocrx_word' id='word_1_67' title='bbox 1638 722 1844 761; x_wconf 90' lang='lat' dir='ltr'>sumus.</span> 
     </span>
    </p>
   </div>
   <div class='ocr_carea' id='block_1_10' title="bbox 254 795 1846 871">
    <p class='ocr_par' dir='ltr' id='par_1_10' title="bbox 254 795 1846 871">
     <span class='ocr_line' id='line_1_10' title="bbox 254 795 1846 871; baseline -0.003 -19"><span class='ocrx_word' id='word_1_68' title='bbox 254 800 323 852; x_wconf 89' lang='lat' dir='ltr'>Et</span> <span class='ocrx_word' id='word_1_69' title='bbox 351 799 475 853; x_wconf 90' lang='lat' dir='ltr'>ideo</span> <span class='ocrx_word' id='word_1_70' title='bbox 517 798 854 871; x_wconf 80' lang='lat' dir='ltr'>ignorantes,</span> <span class='ocrx_word' id='word_1_71' title='bbox 888 798 1016 869; x_wconf 91' lang='lat' dir='ltr'>quia</span> <span class='ocrx_word' id='word_1_72' title='bbox 1043 798 1130 853; x_wconf 90' lang='lat' dir='ltr'>vel</span> <span class='ocrx_word' id='word_1_73' title='bbox 1160 798 1214 851; x_wconf 90' lang='lat' dir='ltr'>id</span> <span class='ocrx_word' id='word_1_74' title='bbox 1256 796 1553 861; x_wconf 90' lang='lat' dir='ltr'>rarissime,</span> <span class='ocrx_word' id='word_1_75' title='bbox 1586 795 1673 850; x_wconf 90' lang='lat' dir='ltr'>vel</span> <span class='ocrx_word' id='word_1_76' title='bbox 1702 810 1846 847; x_wconf 90' lang='lat' dir='ltr'>nun-</span> 
     </span>
    </p>
   </div>
   <div class='ocr_carea' id='block_1_11' title="bbox 254 882 1847 957">
    <p class='ocr_par' dir='ltr' id='par_1_11' title="bbox 254 882 1847 957">
     <span class='ocr_line' id='line_1_11' title="bbox 254 882 1847 957; baseline -0.004 -18"><span class='ocrx_word' id='word_1_77' title='bbox 254 902 417 956; x_wconf 89' lang='lat' dir='ltr'>quam</span> <span class='ocrx_word' id='word_1_78' title='bbox 447 902 634 940; x_wconf 90' lang='lat' dir='ltr'>sumus</span> <span class='ocrx_word' id='word_1_79' title='bbox 678 886 904 957; x_wconf 83' lang='lat' dir='ltr'>experti.</span> <span class='ocrx_word' id='word_1_80' title='bbox 939 887 1055 941; x_wconf 88' lang='lat' dir='ltr'>Hoc</span> <span class='ocrx_word' id='word_1_81' title='bbox 1085 892 1261 939; x_wconf 90' lang='lat' dir='ltr'>autem</span> <span class='ocrx_word' id='word_1_82' title='bbox 1307 884 1528 947; x_wconf 91' lang='lat' dir='ltr'>scimus,</span> <span class='ocrx_word' id='word_1_83' title='bbox 1562 882 1689 953; x_wconf 87' lang='lat' dir='ltr'>quia</span> <span class='ocrx_word' id='word_1_84' title='bbox 1726 897 1847 935; x_wconf 90' lang='lat' dir='ltr'>cum</span> 
     </span>
    </p>
   </div>
   <div class='ocr_carea' id='block_1_12' title="bbox 253 970 1849 1041">
    <p class='ocr_par' dir='ltr' id='par_1_12' title="bbox 253 970 1849 1041">
     <span class='ocr_line' id='line_1_12' title="bbox 253 970 1849 1041; baseline -0.003 -14"><span class='ocrx_word' id='word_1_85' title='bbox 253 990 411 1028; x_wconf 90' lang='lat' dir='ltr'>mens</span> <span class='ocrx_word' id='word_1_86' title='bbox 441 982 626 1030; x_wconf 88' lang='lat' dir='ltr'>sancta</span> <span class='ocrx_word' id='word_1_87' title='bbox 655 983 707 1029; x_wconf 91' lang='lat' dir='ltr'>et</span> <span class='ocrx_word' id='word_1_88' title='bbox 736 976 966 1039; x_wconf 89' lang='lat' dir='ltr'>sincera,</span> <span class='ocrx_word' id='word_1_89' title='bbox 986 989 1142 1028; x_wconf 88' lang='lat' dir='ltr'>mens</span> <span class='ocrx_word' id='word_1_90' title='bbox 1170 973 1389 1041; x_wconf 91' lang='lat' dir='ltr'>munda,</span> <span class='ocrx_word' id='word_1_91' title='bbox 1414 978 1466 1026; x_wconf 89' lang='lat' dir='ltr'>et</span> <span class='ocrx_word' id='word_1_92' title='bbox 1496 970 1760 1035; x_wconf 82' lang='lat' dir='ltr'>defecata,</span> <span class='ocrx_word' id='word_1_93' title='bbox 1796 977 1849 1022; x_wconf 89' lang='lat' dir='ltr'>et</span> 
     </span>
    </p>
   </div>
   <div class='ocr_carea' id='block_1_13' title="bbox 252 1058 1845 1134">
    <p class='ocr_par' dir='ltr' id='par_1_13' title="bbox 252 1058 1845 1134">
     <span class='ocr_line' id='line_1_13' title="bbox 252 1058 1845 1134; baseline -0.003 -19"><span class='ocrx_word' id='word_1_94' title='bbox 252 1078 409 1132; x_wconf 88' lang='lat' dir='ltr'>pura,</span> <span class='ocrx_word' id='word_1_95' title='bbox 442 1062 498 1115; x_wconf 94' lang='lat' dir='ltr'>in</span> <span class='ocrx_word' id='word_1_96' title='bbox 525 1063 687 1134; x_wconf 90' lang='lat' dir='ltr'>pleno</span> <span class='ocrx_word' id='word_1_97' title='bbox 735 1078 801 1118; x_wconf 90' lang='lat' dir='ltr'>ac</span> <span class='ocrx_word' id='word_1_98' title='bbox 829 1060 1073 1133; x_wconf 87' lang='lat' dir='ltr'>perfecto</span> <span class='ocrx_word' id='word_1_99' title='bbox 1114 1076 1298 1115; x_wconf 88' lang='lat' dir='ltr'>amore</span> <span class='ocrx_word' id='word_1_100' title='bbox 1327 1068 1380 1114; x_wconf 90' lang='lat' dir='ltr'>et</span> <span class='ocrx_word' id='word_1_101' title='bbox 1409 1058 1677 1114; x_wconf 89' lang='lat' dir='ltr'>desiderio</span> <span class='ocrx_word' id='word_1_102' title='bbox 1707 1066 1845 1125; x_wconf 89' lang='lat' dir='ltr'>orat,</span> 
     </span>
    </p>
   </div>
   <div class='ocr_carea' id='block_1_14' title="bbox 256 1148 1846 1221">
    <p class='ocr_par' dir='ltr' id='par_1_14' title="bbox 256 1148 1846 1221">
     <span class='ocr_line' id='line_1_14' title="bbox 256 1148 1846 1221; baseline -0.003 -18"><span class='ocrx_word' id='word_1_103' title='bbox 256 1157 386 1205; x_wconf 92' lang='lat' dir='ltr'>tunc</span> <span class='ocrx_word' id='word_1_104' title='bbox 416 1150 592 1205; x_wconf 89' lang='lat' dir='ltr'>eidem</span> <span class='ocrx_word' id='word_1_105' title='bbox 621 1150 787 1204; x_wconf 90' lang='lat' dir='ltr'>menti</span> <span class='ocrx_word' id='word_1_106' title='bbox 834 1166 994 1221; x_wconf 91' lang='lat' dir='ltr'>quam</span> <span class='ocrx_word' id='word_1_107' title='bbox 1023 1149 1255 1203; x_wconf 88' lang='lat' dir='ltr'>maxime</span> <span class='ocrx_word' id='word_1_108' title='bbox 1302 1148 1513 1202; x_wconf 88' lang='lat' dir='ltr'>interna</span> <span class='ocrx_word' id='word_1_109' title='bbox 1543 1162 1641 1201; x_wconf 91' lang='lat' dir='ltr'>sua</span> <span class='ocrx_word' id='word_1_110' title='bbox 1670 1154 1722 1200; x_wconf 90' lang='lat' dir='ltr'>et</span> <span class='ocrx_word' id='word_1_111' title='bbox 1751 1162 1846 1200; x_wconf 94' lang='lat' dir='ltr'>oc-</span> 
     </span>
    </p>
   </div>
   <div class='ocr_carea' id='block_1_15' title="bbox 254 1232 1847 1307">
    <p class='ocr_par' dir='ltr' id='par_1_15' title="bbox 254 1232 1847 1307">
     <span class='ocr_line' id='line_1_15' title="bbox 254 1232 1847 1307; baseline -0.003 -16"><span class='ocrx_word' id='word_1_112' title='bbox 254 1238 418 1303; x_wconf 92' lang='lat' dir='ltr'>culta,</span> <span class='ocrx_word' id='word_1_113' title='bbox 452 1238 636 1292; x_wconf 83' lang='lat' dir='ltr'>suavia</span> <span class='ocrx_word' id='word_1_114' title='bbox 664 1245 717 1292; x_wconf 91' lang='lat' dir='ltr'>et</span> <span class='ocrx_word' id='word_1_115' title='bbox 752 1237 954 1305; x_wconf 87' lang='lat' dir='ltr'>dulcia,</span> <span class='ocrx_word' id='word_1_116' title='bbox 986 1253 1084 1307; x_wconf 90' lang='lat' dir='ltr'>per</span> <span class='ocrx_word' id='word_1_117' title='bbox 1112 1245 1380 1292; x_wconf 87' lang='lat' dir='ltr'>secretam</span> <span class='ocrx_word' id='word_1_118' title='bbox 1430 1250 1583 1289; x_wconf 88' lang='lat' dir='ltr'>suam</span> <span class='ocrx_word' id='word_1_119' title='bbox 1615 1232 1847 1288; x_wconf 88' lang='lat' dir='ltr'>infusio-</span> 
     </span>
    </p>
   </div>
   <div class='ocr_carea' id='block_1_16' title="bbox 254 1322 1849 1395">
    <p class='ocr_par' dir='ltr' id='par_1_16' title="bbox 254 1322 1849 1395">
     <span class='ocr_line' id='line_1_16' title="bbox 254 1322 1849 1395; baseline -0.003 -16"><span class='ocrx_word' id='word_1_120' title='bbox 254 1342 383 1380; x_wconf 90' lang='lat' dir='ltr'>nem</span> <span class='ocrx_word' id='word_1_121' title='bbox 427 1325 757 1380; x_wconf 82' lang='lat' dir='ltr'>manifestat.</span> <span class='ocrx_word' id='word_1_122' title='bbox 812 1326 1063 1381; x_wconf 91' lang='lat' dir='ltr'>Secundo</span> <span class='ocrx_word' id='word_1_123' title='bbox 1107 1325 1228 1380; x_wconf 94' lang='lat' dir='ltr'>loco</span> <span class='ocrx_word' id='word_1_124' title='bbox 1270 1324 1569 1395; x_wconf 89' lang='lat' dir='ltr'>posuimus,</span> <span class='ocrx_word' id='word_1_125' title='bbox 1602 1331 1661 1376; x_wconf 93' lang='lat' dir='ltr'>ut</span> <span class='ocrx_word' id='word_1_126' title='bbox 1698 1322 1849 1376; x_wconf 90' lang='lat' dir='ltr'>illum</span> 
     </span>
    </p>
   </div>
   <div class='ocr_carea' id='block_1_17' title="bbox 253 1409 1849 1484">
    <p class='ocr_par' dir='ltr' id='par_1_17' title="bbox 253 1409 1849 1484">
     <span class='ocr_line' id='line_1_17' title="bbox 253 1409 1849 1484; baseline -0.003 -17"><span class='ocrx_word' id='word_1_127' title='bbox 253 1413 610 1468; x_wconf 88' lang='lat' dir='ltr'>attentissime</span> <span class='ocrx_word' id='word_1_128' title='bbox 658 1413 1067 1469; x_wconf 87' lang='lat' dir='ltr'>consideremus</span> <span class='ocrx_word' id='word_1_129' title='bbox 1096 1429 1194 1484; x_wconf 91' lang='lat' dir='ltr'>per</span> <span class='ocrx_word' id='word_1_130' title='bbox 1236 1429 1395 1484; x_wconf 89' lang='lat' dir='ltr'>quem</span> <span class='ocrx_word' id='word_1_131' title='bbox 1443 1426 1683 1466; x_wconf 89' lang='lat' dir='ltr'>oramus.</span> <span class='ocrx_word' id='word_1_132' title='bbox 1718 1409 1849 1478; x_wconf 86' lang='lat' dir='ltr'>Quis</span> 
     </span>
    </p>
   </div>
   <div class='ocr_carea' id='block_1_18' title="bbox 256 1498 1848 1566">
    <p class='ocr_par' dir='ltr' id='par_1_18' title="bbox 256 1498 1848 1566">
     <span class='ocr_line' id='line_1_18' title="bbox 256 1498 1848 1566; baseline -0.002 -11"><span class='ocrx_word' id='word_1_133' title='bbox 256 1500 358 1555; x_wconf 90' lang='lat' dir='ltr'>iste</span> <span class='ocrx_word' id='word_1_134' title='bbox 386 1510 486 1566; x_wconf 93' lang='lat' dir='ltr'>est,</span> <span class='ocrx_word' id='word_1_135' title='bbox 519 1501 623 1554; x_wconf 89' lang='lat' dir='ltr'>nisi</span> <span class='ocrx_word' id='word_1_136' title='bbox 652 1501 916 1556; x_wconf 89' lang='lat' dir='ltr'>mediator</span> <span class='ocrx_word' id='word_1_137' title='bbox 944 1500 1043 1556; x_wconf 90' lang='lat' dir='ltr'>Dei</span> <span class='ocrx_word' id='word_1_138' title='bbox 1072 1509 1125 1555; x_wconf 92' lang='lat' dir='ltr'>et</span> <span class='ocrx_word' id='word_1_139' title='bbox 1153 1500 1449 1565; x_wconf 88' lang='lat' dir='ltr'>hominum,</span> <span class='ocrx_word' id='word_1_140' title='bbox 1484 1501 1630 1553; x_wconf 88' lang='lat' dir='ltr'>Deus</span> <span class='ocrx_word' id='word_1_141' title='bbox 1660 1505 1712 1552; x_wconf 89' lang='lat' dir='ltr'>et</span> <span class='ocrx_word' id='word_1_142' title='bbox 1744 1498 1848 1552; x_wconf 89' lang='lat' dir='ltr'>ho-</span> 
     </span>
    </p>
   </div>
   <div class='ocr_carea' id='block_1_19' title="bbox 1948 353 3537 428">
    <p class='ocr_par' dir='ltr' id='par_1_19' title="bbox 1948 353 3537 428">
     <span class='ocr_line' id='line_1_19' title="bbox 1948 353 3537 428; baseline 0.004 -22"><span class='ocrx_word' id='word_1_143' title='bbox 1948 353 2001 406; x_wconf 91' lang='lat' dir='ltr'>in</span> <span class='ocrx_word' id='word_1_144' title='bbox 2033 362 2251 408; x_wconf 92' lang='lat' dir='ltr'>terram.</span> <span class='ocrx_word' id='word_1_145' title='bbox 2286 358 2556 425; x_wconf 84' lang='lat' dir='ltr'>Appareat</span> <span class='ocrx_word' id='word_1_146' title='bbox 2594 356 2688 409; x_wconf 89' lang='lat' dir='ltr'>tibi</span> <span class='ocrx_word' id='word_1_147' title='bbox 2719 365 2771 409; x_wconf 90' lang='lat' dir='ltr'>et</span> <span class='ocrx_word' id='word_1_148' title='bbox 2799 373 2957 426; x_wconf 88' lang='lat' dir='ltr'>quam</span> <span class='ocrx_word' id='word_1_149' title='bbox 2988 356 3241 422; x_wconf 82' lang='lat' dir='ltr'>maxime,</span> <span class='ocrx_word' id='word_1_150' title='bbox 3276 357 3537 428; x_wconf 85' lang='lat' dir='ltr'>quidquid</span> 
     </span>
    </p>
   </div>
   <div class='ocr_carea' id='block_1_20' title="bbox 1948 443 3538 515">
    <p class='ocr_par' dir='ltr' id='par_1_20' title="bbox 1948 443 3538 515">
     <span class='ocr_line' id='line_1_20' title="bbox 1948 443 3538 515; baseline 0.003 -22"><span class='ocrx_word' id='word_1_151' title='bbox 1948 458 2049 510; x_wconf 88' lang='lat' dir='ltr'>pro</span> <span class='ocrx_word' id='word_1_152' title='bbox 2089 449 2141 495; x_wconf 92' lang='lat' dir='ltr'>te</span> <span class='ocrx_word' id='word_1_153' title='bbox 2189 443 2404 511; x_wconf 91' lang='lat' dir='ltr'>durum,</span> <span class='ocrx_word' id='word_1_154' title='bbox 2435 452 2486 497; x_wconf 86' lang='lat' dir='ltr'>et</span> <span class='ocrx_word' id='word_1_155' title='bbox 2515 444 2710 508; x_wconf 89' lang='lat' dir='ltr'>dirum,</span> <span class='ocrx_word' id='word_1_156' title='bbox 2746 452 2797 497; x_wconf 91' lang='lat' dir='ltr'>et</span> <span class='ocrx_word' id='word_1_157' title='bbox 2827 444 3268 515; x_wconf 89' lang='lat' dir='ltr'>ignominiosum,</span> <span class='ocrx_word' id='word_1_158' title='bbox 3306 453 3358 499; x_wconf 89' lang='lat' dir='ltr'>et</span> <span class='ocrx_word' id='word_1_159' title='bbox 3407 462 3538 498; x_wconf 90' lang='lat' dir='ltr'>cru-</span> 
     </span>
    </p>
   </div>
   <div class='ocr_carea' id='block_1_21' title="bbox 1948 528 3533 603">
    <p class='ocr_par' dir='ltr' id='par_1_21' title="bbox 1948 528 3533 603">
     <span class='ocr_line' id='line_1_21' title="bbox 1948 528 3533 603; baseline 0.003 -21"><span class='ocrx_word' id='word_1_160' title='bbox 1948 528 2070 584; x_wconf 90' lang='lat' dir='ltr'>dele</span> <span class='ocrx_word' id='word_1_161' title='bbox 2118 531 2382 600; x_wconf 83' lang='lat' dir='ltr'>pertulit;</span> <span class='ocrx_word' id='word_1_162' title='bbox 2433 532 2576 602; x_wconf 88' lang='lat' dir='ltr'>quod</span> <span class='ocrx_word' id='word_1_163' title='bbox 2623 532 2871 585; x_wconf 90' lang='lat' dir='ltr'>venditus</span> <span class='ocrx_word' id='word_1_164' title='bbox 2919 540 3037 596; x_wconf 91' lang='lat' dir='ltr'>est,</span> <span class='ocrx_word' id='word_1_165' title='bbox 3090 534 3234 603; x_wconf 87' lang='lat' dir='ltr'>quod</span> <span class='ocrx_word' id='word_1_166' title='bbox 3284 533 3533 600; x_wconf 86' lang='lat' dir='ltr'>traditus,</span> 
     </span>
    </p>
   </div>
   <div class='ocr_carea' id='block_1_22' title="bbox 1947 618 3536 692">
    <p class='ocr_par' dir='ltr' id='par_1_22' title="bbox 1947 618 3536 692">
     <span class='ocr_line' id='line_1_22' title="bbox 1947 618 3536 692; baseline 0.001 -19"><span class='ocrx_word' id='word_1_167' title='bbox 1947 626 2154 687; x_wconf 86' lang='lat' dir='ltr'>captus,</span> <span class='ocrx_word' id='word_1_168' title='bbox 2207 618 2425 688; x_wconf 87' lang='lat' dir='ltr'>ligatus,</span> <span class='ocrx_word' id='word_1_169' title='bbox 2487 619 2769 684; x_wconf 85' lang='lat' dir='ltr'>adductus,</span> <span class='ocrx_word' id='word_1_170' title='bbox 2816 620 3198 692; x_wconf 89' lang='lat' dir='ltr'>interrogatus,</span> <span class='ocrx_word' id='word_1_171' title='bbox 3246 622 3536 688; x_wconf 86' lang='lat' dir='ltr'>judicatus,</span> 
     </span>
    </p>
   </div>
   <div class='ocr_carea' id='block_1_23' title="bbox 1947 705 3538 777">
    <p class='ocr_par' dir='ltr' id='par_1_23' title="bbox 1947 705 3538 777">
     <span class='ocr_line' id='line_1_23' title="bbox 1947 705 3538 777; baseline 0.002 -18"><span class='ocrx_word' id='word_1_172' title='bbox 1947 705 2251 771; x_wconf 88' lang='lat' dir='ltr'>damnatus,</span> <span class='ocrx_word' id='word_1_173' title='bbox 2288 706 2460 776; x_wconf 90' lang='lat' dir='ltr'>sputis</span> <span class='ocrx_word' id='word_1_174' title='bbox 2509 706 2694 772; x_wconf 89' lang='lat' dir='ltr'>illitus,</span> <span class='ocrx_word' id='word_1_175' title='bbox 2729 707 2958 773; x_wconf 88' lang='lat' dir='ltr'>velatus,</span> <span class='ocrx_word' id='word_1_176' title='bbox 2993 708 3382 777; x_wconf 85' lang='lat' dir='ltr'>colaphizatus,</span> <span class='ocrx_word' id='word_1_177' title='bbox 3418 709 3538 762; x_wconf 89' lang='lat' dir='ltr'>ala-</span> 
     </span>
    </p>
   </div>
   <div class='ocr_carea' id='block_1_24' title="bbox 1948 794 3536 866">
    <p class='ocr_par' dir='ltr' id='par_1_24' title="bbox 1948 794 3536 866">
     <span class='ocr_line' id='line_1_24' title="bbox 1948 794 3536 866; baseline 0.002 -19"><span class='ocrx_word' id='word_1_178' title='bbox 1948 810 2046 862; x_wconf 91' lang='lat' dir='ltr'>pas</span> <span class='ocrx_word' id='word_1_179' title='bbox 2076 809 2290 863; x_wconf 90' lang='lat' dir='ltr'>passus,</span> <span class='ocrx_word' id='word_1_180' title='bbox 2325 794 2648 865; x_wconf 84' lang='lat' dir='ltr'>ﬂagellatus,</span> <span class='ocrx_word' id='word_1_181' title='bbox 2683 795 2969 866; x_wconf 84' lang='lat' dir='ltr'>chlamyde</span> <span class='ocrx_word' id='word_1_182' title='bbox 3016 796 3266 851; x_wconf 86' lang='lat' dir='ltr'>coccinea</span> <span class='ocrx_word' id='word_1_183' title='bbox 3296 796 3536 861; x_wconf 90' lang='lat' dir='ltr'>indutus,</span> 
     </span>
    </p>
   </div>
   <div class='ocr_carea' id='block_1_25' title="bbox 1948 881 3539 953">
    <p class='ocr_par' dir='ltr' id='par_1_25' title="bbox 1948 881 3539 953">
     <span class='ocr_line' id='line_1_25' title="bbox 1948 881 3539 953; baseline 0.003 -19"><span class='ocrx_word' id='word_1_184' title='bbox 1948 882 2003 934; x_wconf 88' lang='lat' dir='ltr'>in</span> <span class='ocrx_word' id='word_1_185' title='bbox 2031 881 2215 935; x_wconf 89' lang='lat' dir='ltr'>derisu</span> <span class='ocrx_word' id='word_1_186' title='bbox 2245 881 2516 950; x_wconf 88' lang='lat' dir='ltr'>adoratus,</span> <span class='ocrx_word' id='word_1_187' title='bbox 2550 882 2603 935; x_wconf 91' lang='lat' dir='ltr'>in</span> <span class='ocrx_word' id='word_1_188' title='bbox 2636 892 2789 937; x_wconf 81' lang='lat' dir='ltr'>veste</span> <span class='ocrx_word' id='word_1_189' title='bbox 2828 884 2951 937; x_wconf 88' lang='lat' dir='ltr'>alba</span> <span class='ocrx_word' id='word_1_190' title='bbox 2980 883 3188 953; x_wconf 86' lang='lat' dir='ltr'>illusus,</span> <span class='ocrx_word' id='word_1_191' title='bbox 3222 885 3539 939; x_wconf 86' lang='lat' dir='ltr'>arundinem</span> 
     </span>
    </p>
   </div>
   <div class='ocr_carea' id='block_1_26' title="bbox 1948 968 3538 1039">
    <p class='ocr_par' dir='ltr' id='par_1_26' title="bbox 1948 968 3538 1039">
     <span class='ocr_line' id='line_1_26' title="bbox 1948 968 3538 1039; baseline 0.002 -17"><span class='ocrx_word' id='word_1_192' title='bbox 1948 968 2002 1021; x_wconf 92' lang='lat' dir='ltr'>in</span> <span class='ocrx_word' id='word_1_193' title='bbox 2031 969 2256 1023; x_wconf 86' lang='lat' dir='ltr'>dextera</span> <span class='ocrx_word' id='word_1_194' title='bbox 2294 977 2502 1035; x_wconf 86' lang='lat' dir='ltr'>tenens,</span> <span class='ocrx_word' id='word_1_195' title='bbox 2537 986 2755 1025; x_wconf 89' lang='lat' dir='ltr'>crucem</span> <span class='ocrx_word' id='word_1_196' title='bbox 2798 988 2952 1025; x_wconf 91' lang='lat' dir='ltr'>suam</span> <span class='ocrx_word' id='word_1_197' title='bbox 2986 971 3246 1039; x_wconf 85' lang='lat' dir='ltr'>bajulans,</span> <span class='ocrx_word' id='word_1_198' title='bbox 3280 989 3403 1026; x_wconf 90' lang='lat' dir='ltr'>cum</span> <span class='ocrx_word' id='word_1_199' title='bbox 3432 972 3538 1026; x_wconf 90' lang='lat' dir='ltr'>ini-</span> 
     </span>
    </p>
   </div>
   <div class='ocr_carea' id='block_1_27' title="bbox 1948 1056 3537 1127">
    <p class='ocr_par' dir='ltr' id='par_1_27' title="bbox 1948 1056 3537 1127">
     <span class='ocr_line' id='line_1_27' title="bbox 1948 1056 3537 1127; baseline 0.003 -18"><span class='ocrx_word' id='word_1_200' title='bbox 1948 1056 2067 1127; x_wconf 88' lang='lat' dir='ltr'>quis</span> <span class='ocrx_word' id='word_1_201' title='bbox 2114 1064 2407 1126; x_wconf 91' lang='lat' dir='ltr'>reputatus.</span> <span class='ocrx_word' id='word_1_202' title='bbox 2456 1057 2601 1111; x_wconf 90' lang='lat' dir='ltr'>Felle</span> <span class='ocrx_word' id='word_1_203' title='bbox 2648 1058 2866 1112; x_wconf 80' lang='lat' dir='ltr'>mistum</span> <span class='ocrx_word' id='word_1_204' title='bbox 2913 1068 3119 1113; x_wconf 89' lang='lat' dir='ltr'>acetum</span> <span class='ocrx_word' id='word_1_205' title='bbox 3166 1059 3214 1112; x_wconf 92' lang='lat' dir='ltr'>ei</span> <span class='ocrx_word' id='word_1_206' title='bbox 3261 1060 3537 1124; x_wconf 89' lang='lat' dir='ltr'>oblatum;</span> 
     </span>
    </p>
   </div>
   <div class='ocr_carea' id='block_1_28' title="bbox 1947 1143 3539 1218">
    <p class='ocr_par' dir='ltr' id='par_1_28' title="bbox 1947 1143 3539 1218">
     <span class='ocr_line' id='line_1_28' title="bbox 1947 1143 3539 1218; baseline 0.003 -22"><span class='ocrx_word' id='word_1_207' title='bbox 1947 1143 2175 1213; x_wconf 91' lang='lat' dir='ltr'>piissimi</span> <span class='ocrx_word' id='word_1_208' title='bbox 2206 1145 2486 1215; x_wconf 78' lang='lat' dir='ltr'>sanguinis</span> <span class='ocrx_word' id='word_1_209' title='bbox 2515 1161 2624 1199; x_wconf 89' lang='lat' dir='ltr'>non</span> <span class='ocrx_word' id='word_1_210' title='bbox 2650 1154 2876 1217; x_wconf 88' lang='lat' dir='ltr'>guttam,</span> <span class='ocrx_word' id='word_1_211' title='bbox 2898 1148 2994 1201; x_wconf 91' lang='lat' dir='ltr'>sed</span> <span class='ocrx_word' id='word_1_212' title='bbox 3023 1148 3225 1200; x_wconf 92' lang='lat' dir='ltr'>undam</span> <span class='ocrx_word' id='word_1_213' title='bbox 3252 1164 3348 1217; x_wconf 88' lang='lat' dir='ltr'>per</span> <span class='ocrx_word' id='word_1_214' title='bbox 3376 1148 3539 1218; x_wconf 89' lang='lat' dir='ltr'>quin-</span> 
     </span>
    </p>
   </div>
   <div class='ocr_carea' id='block_1_29' title="bbox 1949 1231 3538 1306">
    <p class='ocr_par' dir='ltr' id='par_1_29' title="bbox 1949 1231 3538 1306">
     <span class='ocr_line' id='line_1_29' title="bbox 1949 1231 3538 1306; baseline 0.003 -21"><span class='ocrx_word' id='word_1_215' title='bbox 1949 1248 2052 1301; x_wconf 91' lang='lat' dir='ltr'>que</span> <span class='ocrx_word' id='word_1_216' title='bbox 2082 1231 2309 1287; x_wconf 83' lang='lat' dir='ltr'>vulnera</span> <span class='ocrx_word' id='word_1_217' title='bbox 2348 1234 2699 1287; x_wconf 87' lang='lat' dir='ltr'>sacratissimi</span> <span class='ocrx_word' id='word_1_218' title='bbox 2731 1234 2812 1288; x_wconf 91' lang='lat' dir='ltr'>sui</span> <span class='ocrx_word' id='word_1_219' title='bbox 2858 1235 3101 1305; x_wconf 91' lang='lat' dir='ltr'>corporis</span> <span class='ocrx_word' id='word_1_220' title='bbox 3131 1234 3362 1289; x_wconf 89' lang='lat' dir='ltr'>fundens</span> <span class='ocrx_word' id='word_1_221' title='bbox 3396 1252 3408 1289; x_wconf 87' lang='lat'><em>:</em></span> <span class='ocrx_word' id='word_1_222' title='bbox 3441 1252 3538 1306; x_wconf 92' lang='lat' dir='ltr'>pro</span> 
     </span>
    </p>
   </div>
   <div class='ocr_carea' id='block_1_30' title="bbox 1949 1320 3539 1391">
    <p class='ocr_par' dir='ltr' id='par_1_30' title="bbox 1949 1320 3539 1391">
     <span class='ocr_line' id='line_1_30' title="bbox 1949 1320 3539 1391; baseline 0.003 -19"><span class='ocrx_word' id='word_1_223' title='bbox 1949 1320 2441 1391; x_wconf 90' lang='lat' dir='ltr'>transgressoribus</span> <span class='ocrx_word' id='word_1_224' title='bbox 2486 1336 2667 1386; x_wconf 82' lang='lat' dir='ltr'>orans,</span> <span class='ocrx_word' id='word_1_225' title='bbox 2710 1322 2963 1376; x_wconf 90' lang='lat' dir='ltr'>dilectam</span> <span class='ocrx_word' id='word_1_226' title='bbox 3010 1323 3158 1376; x_wconf 89' lang='lat' dir='ltr'>illam</span> <span class='ocrx_word' id='word_1_227' title='bbox 3201 1323 3437 1377; x_wconf 89' lang='lat' dir='ltr'>animam</span> <span class='ocrx_word' id='word_1_228' title='bbox 3486 1324 3539 1377; x_wconf 89' lang='lat' dir='ltr'>in</span> 
     </span>
    </p>
   </div>
   <div class='ocr_carea' id='block_1_31' title="bbox 1948 1408 3541 1481">
    <p class='ocr_par' dir='ltr' id='par_1_31' title="bbox 1948 1408 3541 1481">
     <span class='ocr_line' id='line_1_31' title="bbox 1948 1408 3541 1481; baseline 0.003 -20"><span class='ocrx_word' id='word_1_229' title='bbox 1948 1424 2109 1461; x_wconf 89' lang='lat' dir='ltr'>manu</span> <span class='ocrx_word' id='word_1_230' title='bbox 2141 1408 2313 1462; x_wconf 88' lang='lat' dir='ltr'>Patris</span> <span class='ocrx_word' id='word_1_231' title='bbox 2344 1410 2750 1473; x_wconf 89' lang='lat' dir='ltr'>commendans,</span> <span class='ocrx_word' id='word_1_232' title='bbox 2783 1416 2943 1479; x_wconf 91' lang='lat' dir='ltr'>caput</span> <span class='ocrx_word' id='word_1_233' title='bbox 2973 1409 3259 1477; x_wconf 90' lang='lat' dir='ltr'>inclinans,</span> <span class='ocrx_word' id='word_1_234' title='bbox 3294 1412 3541 1481; x_wconf 82' lang='lat' dir='ltr'>spiritum</span> 
     </span>
    </p>
   </div>
   <div class='ocr_carea' id='block_1_32' title="bbox 1947 1496 3540 1568">
    <p class='ocr_par' dir='ltr' id='par_1_32' title="bbox 1947 1496 3540 1568">
     <span class='ocr_line' id='line_1_32' title="bbox 1947 1496 3540 1568; baseline 0.002 -19"><span class='ocrx_word' id='word_1_235' title='bbox 1947 1496 2216 1550; x_wconf 88' lang='lat' dir='ltr'>emittens.</span> <span class='ocrx_word' id='word_1_236' title='bbox 2268 1499 2542 1568; x_wconf 87' lang='lat' dir='ltr'>Appareat</span> <span class='ocrx_word' id='word_1_237' title='bbox 2589 1497 2682 1551; x_wconf 92' lang='lat' dir='ltr'>tibi</span> <span class='ocrx_word' id='word_1_238' title='bbox 2742 1498 3002 1567; x_wconf 84' lang='lat' dir='ltr'>sepultus,</span> <span class='ocrx_word' id='word_1_239' title='bbox 3052 1499 3423 1565; x_wconf 86' lang='lat' dir='ltr'>resuscitatus,</span> <span class='ocrx_word' id='word_1_240' title='bbox 3486 1500 3540 1552; x_wconf 92' lang='lat' dir='ltr'>in</span> 
     </span>
    </p>
   </div>
   <div class='ocr_carea' id='block_1_33' title="bbox 254 1584 3539 1672">
    <p class='ocr_par' dir='ltr' id='par_1_33' title="bbox 254 1584 3539 1672">
     <span class='ocr_line' id='line_1_33' title="bbox 254 1584 3539 1672; baseline -0.001 -30"><span class='ocrx_word' id='word_1_241' title='bbox 254 1604 346 1643; x_wconf 90' lang='lat' dir='ltr'>mo</span> <span class='ocrx_word' id='word_1_242' title='bbox 377 1589 621 1643; x_wconf 88' lang='lat' dir='ltr'>Christus</span> <span class='ocrx_word' id='word_1_243' title='bbox 648 1590 807 1643; x_wconf 88' lang='lat' dir='ltr'>Jesus</span> <span class='ocrx_word' id='word_1_244' title='bbox 828 1590 855 1643; x_wconf 69' lang='grc' dir='ltr'>ἱ)</span> <span class='ocrx_word' id='word_1_245' title='bbox 886 1588 978 1660; x_wconf 92' lang='lat' dir='ltr'>qui</span> <span class='ocrx_word' id='word_1_246' title='bbox 1007 1597 1090 1643; x_wconf 90' lang='lat' dir='ltr'>est</span> <span class='ocrx_word' id='word_1_247' title='bbox 1119 1588 1175 1642; x_wconf 88' lang='lat' dir='ltr'>in</span> <span class='ocrx_word' id='word_1_248' title='bbox 1221 1604 1307 1653; x_wconf 91' lang='lat' dir='ltr'>eo,</span> <span class='ocrx_word' id='word_1_249' title='bbox 1342 1587 1488 1658; x_wconf 89' lang='lat' dir='ltr'>quod</span> <span class='ocrx_word' id='word_1_250' title='bbox 1536 1587 1698 1641; x_wconf 91' lang='lat' dir='ltr'>homo</span> <span class='ocrx_word' id='word_1_251' title='bbox 1743 1594 1843 1655; x_wconf 91' lang='lat' dir='ltr'>est,</span> <span class='ocrx_word' id='word_1_252' title='bbox 1866 1614 1918 1672; x_wconf 84' lang='lat' dir='ltr'>B</span> <span class='ocrx_word' id='word_1_253' title='bbox 1946 1584 2127 1638; x_wconf 90' lang='lat' dir='ltr'>multis</span> <span class='ocrx_word' id='word_1_254' title='bbox 2158 1585 2493 1655; x_wconf 86' lang='lat' dir='ltr'>argumentis</span> <span class='ocrx_word' id='word_1_255' title='bbox 2540 1602 2637 1655; x_wconf 89' lang='lat' dir='ltr'>per</span> <span class='ocrx_word' id='word_1_256' title='bbox 2684 1585 2800 1638; x_wconf 90' lang='lat' dir='ltr'>dies</span> <span class='ocrx_word' id='word_1_257' title='bbox 2849 1586 3213 1657; x_wconf 82' lang='lat' dir='ltr'>quadraginta</span> <span class='ocrx_word' id='word_1_258' title='bbox 3259 1587 3539 1657; x_wconf 90' lang='lat' dir='ltr'>discipulis</span> 
     </span>
    </p>
   </div>
   <div class='ocr_carea' id='block_1_34' title="bbox 256 1675 1841 1748">
    <p class='ocr_par' dir='ltr' id='par_1_34' title="bbox 256 1675 1841 1748">
     <span class='ocr_line' id='line_1_34' title="bbox 256 1675 1841 1748; baseline -0.002 -18"><span class='ocrx_word' id='word_1_259' title='bbox 256 1693 364 1731; x_wconf 87' lang='lat' dir='ltr'>una</span> <span class='ocrx_word' id='word_1_260' title='bbox 404 1676 705 1743; x_wconf 90' lang='lat' dir='ltr'>nobiscum,</span> <span class='ocrx_word' id='word_1_261' title='bbox 738 1684 791 1732; x_wconf 91' lang='lat' dir='ltr'>et</span> <span class='ocrx_word' id='word_1_262' title='bbox 827 1677 991 1748; x_wconf 91' lang='lat' dir='ltr'>longe</span> <span class='ocrx_word' id='word_1_263' title='bbox 1033 1675 1256 1731; x_wconf 90' lang='lat' dir='ltr'>meliore</span> <span class='ocrx_word' id='word_1_264' title='bbox 1306 1676 1468 1730; x_wconf 92' lang='lat' dir='ltr'>modo</span> <span class='ocrx_word' id='word_1_265' title='bbox 1516 1691 1675 1745; x_wconf 90' lang='lat' dir='ltr'>quam</span> <span class='ocrx_word' id='word_1_266' title='bbox 1722 1689 1841 1739; x_wconf 92' lang='lat' dir='ltr'>nos,</span> 
     </span>
    </p>
   </div>
   <div class='ocr_carea' id='block_1_35' title="bbox 256 1763 1843 1835">
    <p class='ocr_par' dir='ltr' id='par_1_35' title="bbox 256 1763 1843 1835">
     <span class='ocr_line' id='line_1_35' title="bbox 256 1763 1843 1835; baseline -0.003 -16"><span class='ocrx_word' id='word_1_267' title='bbox 256 1781 356 1834; x_wconf 91' lang='lat' dir='ltr'>pro</span> <span class='ocrx_word' id='word_1_268' title='bbox 386 1764 545 1820; x_wconf 89' lang='lat' dir='ltr'>nobis</span> <span class='ocrx_word' id='word_1_269' title='bbox 574 1766 719 1819; x_wconf 81' lang='lat' dir='ltr'>Patri</span> <span class='ocrx_word' id='word_1_270' title='bbox 748 1764 1059 1835; x_wconf 89' lang='lat' dir='ltr'>supplicans</span> <span class='ocrx_word' id='word_1_271' title='bbox 1086 1779 1097 1817; x_wconf 91' lang='lat'>:</span> <span class='ocrx_word' id='word_1_272' title='bbox 1129 1772 1181 1819; x_wconf 91' lang='lat' dir='ltr'>et</span> <span class='ocrx_word' id='word_1_273' title='bbox 1209 1764 1265 1816; x_wconf 92' lang='lat' dir='ltr'>in</span> <span class='ocrx_word' id='word_1_274' title='bbox 1295 1779 1360 1817; x_wconf 89' lang='lat' dir='ltr'>eo</span> <span class='ocrx_word' id='word_1_275' title='bbox 1390 1763 1535 1833; x_wconf 92' lang='lat' dir='ltr'>quod</span> <span class='ocrx_word' id='word_1_276' title='bbox 1565 1769 1646 1817; x_wconf 90' lang='lat' dir='ltr'>est</span> <span class='ocrx_word' id='word_1_277' title='bbox 1676 1764 1843 1830; x_wconf 90' lang='lat' dir='ltr'>Deus,</span> 
     </span>
    </p>
   </div>
   <div class='ocr_carea' id='block_1_36' title="bbox 253 1850 1846 1922">
    <p class='ocr_par' dir='ltr' id='par_1_36' title="bbox 253 1850 1846 1922">
     <span class='ocr_line' id='line_1_36' title="bbox 253 1850 1846 1922; baseline -0.003 -16"><span class='ocrx_word' id='word_1_278' title='bbox 253 1852 411 1907; x_wconf 89' lang='lat' dir='ltr'>nobis</span> <span class='ocrx_word' id='word_1_279' title='bbox 444 1860 528 1906; x_wconf 90' lang='lat' dir='ltr'>est</span> <span class='ocrx_word' id='word_1_280' title='bbox 565 1868 688 1908; x_wconf 92' lang='lat' dir='ltr'>cum</span> <span class='ocrx_word' id='word_1_281' title='bbox 740 1854 897 1907; x_wconf 89' lang='lat' dir='ltr'>Patre</span> <span class='ocrx_word' id='word_1_282' title='bbox 926 1860 978 1906; x_wconf 93' lang='lat' dir='ltr'>et</span> <span class='ocrx_word' id='word_1_283' title='bbox 1008 1851 1209 1922; x_wconf 89' lang='lat' dir='ltr'>Spiritu</span> <span class='ocrx_word' id='word_1_284' title='bbox 1257 1859 1442 1905; x_wconf 91' lang='lat' dir='ltr'>sancto</span> <span class='ocrx_word' id='word_1_285' title='bbox 1483 1867 1607 1905; x_wconf 89' lang='lat' dir='ltr'>cum</span> <span class='ocrx_word' id='word_1_286' title='bbox 1655 1850 1846 1920; x_wconf 88' lang='lat' dir='ltr'>quibus</span> 
     </span>
    </p>
   </div>
   <div class='ocr_carea' id='block_1_37' title="bbox 254 1938 1847 2011">
    <p class='ocr_par' dir='ltr' id='par_1_37' title="bbox 254 1938 1847 2011">
     <span class='ocr_line' id='line_1_37' title="bbox 254 1938 1847 2011; baseline -0.003 -16"><span class='ocrx_word' id='word_1_287' title='bbox 254 1957 395 1995; x_wconf 91' lang='lat' dir='ltr'>unus</span> <span class='ocrx_word' id='word_1_288' title='bbox 422 1940 676 2011; x_wconf 89' lang='lat' dir='ltr'>idemque</span> <span class='ocrx_word' id='word_1_289' title='bbox 721 1948 802 1994; x_wconf 88' lang='lat' dir='ltr'>est</span> <span class='ocrx_word' id='word_1_290' title='bbox 832 1941 999 2006; x_wconf 89' lang='lat' dir='ltr'>Deus,</span> <span class='ocrx_word' id='word_1_291' title='bbox 1033 1938 1355 2010; x_wconf 87' lang='lat' dir='ltr'>prOpitians.</span> <span class='ocrx_word' id='word_1_292' title='bbox 1399 1940 1519 2008; x_wconf 92' lang='lat' dir='ltr'>Ipse</span> <span class='ocrx_word' id='word_1_293' title='bbox 1551 1939 1597 1992; x_wconf 93' lang='lat' dir='ltr'>si</span> <span class='ocrx_word' id='word_1_294' title='bbox 1627 1938 1847 2009; x_wconf 89' lang='lat' dir='ltr'>quidem</span> 
     </span>
    </p>
   </div>
   <div class='ocr_carea' id='block_1_38' title="bbox 254 2026 1846 2097">
    <p class='ocr_par' dir='ltr' id='par_1_38' title="bbox 254 2026 1846 2097">
     <span class='ocr_line' id='line_1_38' title="bbox 254 2026 1846 2097; baseline -0.003 -13"><span class='ocrx_word' id='word_1_295' title='bbox 254 2036 339 2084; x_wconf 89' lang='lat' dir='ltr'>est</span> <span class='ocrx_word' id='word_1_296' title='bbox 384 2029 675 2084; x_wconf 82' lang='lat' dir='ltr'>advocatus</span> <span class='ocrx_word' id='word_1_297' title='bbox 722 2036 907 2083; x_wconf 90' lang='lat' dir='ltr'>noster</span> <span class='ocrx_word' id='word_1_298' title='bbox 947 2027 1091 2097; x_wconf 89' lang='lat' dir='ltr'>apud</span> <span class='ocrx_word' id='word_1_299' title='bbox 1139 2028 1355 2081; x_wconf 85' lang='lat' dir='ltr'>Patrem</span> <span class='ocrx_word' id='word_1_300' title='bbox 1394 2027 1590 2094; x_wconf 90' lang='lat' dir='ltr'>justus,</span> <span class='ocrx_word' id='word_1_301' title='bbox 1638 2035 1690 2080; x_wconf 93' lang='lat' dir='ltr'>et</span> <span class='ocrx_word' id='word_1_302' title='bbox 1731 2026 1846 2095; x_wconf 88' lang='lat' dir='ltr'>ipse</span> 
     </span>
    </p>
   </div>
   <div class='ocr_carea' id='block_1_39' title="bbox 255 2114 1846 2186">
    <p class='ocr_par' dir='ltr' id='par_1_39' title="bbox 255 2114 1846 2186">
     <span class='ocr_line' id='line_1_39' title="bbox 255 2114 1846 2186; baseline -0.001 -17"><span class='ocrx_word' id='word_1_303' title='bbox 255 2132 362 2171; x_wconf 92' lang='lat' dir='ltr'>non</span> <span class='ocrx_word' id='word_1_304' title='bbox 395 2116 568 2171; x_wconf 90' lang='lat' dir='ltr'>solum</span> <span class='ocrx_word' id='word_1_305' title='bbox 599 2115 813 2170; x_wconf 90' lang='lat' dir='ltr'>divinus</span> <span class='ocrx_word' id='word_1_306' title='bbox 841 2115 1178 2186; x_wconf 90' lang='lat' dir='ltr'>pr0pitiator,</span> <span class='ocrx_word' id='word_1_307' title='bbox 1204 2114 1302 2169; x_wconf 91' lang='lat' dir='ltr'>sed</span> <span class='ocrx_word' id='word_1_308' title='bbox 1332 2121 1385 2169; x_wconf 88' lang='lat' dir='ltr'>et</span> <span class='ocrx_word' id='word_1_309' title='bbox 1413 2114 1717 2184; x_wconf 87' lang='lat' dir='ltr'>propitiatio</span> <span class='ocrx_word' id='word_1_310' title='bbox 1746 2129 1846 2183; x_wconf 92' lang='lat' dir='ltr'>pro</span> 
     </span>
    </p>
   </div>
   <div class='ocr_carea' id='block_1_40' title="bbox 253 2201 1846 2275">
    <p class='ocr_par' dir='ltr' id='par_1_40' title="bbox 253 2201 1846 2275">
     <span class='ocr_line' id='line_1_40' title="bbox 253 2201 1846 2275; baseline -0.003 -16"><span class='ocrx_word' id='word_1_311' title='bbox 253 2204 490 2275; x_wconf 89' lang='lat' dir='ltr'>peccatis</span> <span class='ocrx_word' id='word_1_312' title='bbox 539 2204 755 2258; x_wconf 89' lang='lat' dir='ltr'>nostris.</span> <span class='ocrx_word' id='word_1_313' title='bbox 800 2205 943 2258; x_wconf 90' lang='lat' dir='ltr'>Ecce</span> <span class='ocrx_word' id='word_1_314' title='bbox 986 2203 1156 2257; x_wconf 87' lang='lat' dir='ltr'>altare</span> <span class='ocrx_word' id='word_1_315' title='bbox 1204 2217 1451 2266; x_wconf 90' lang='lat' dir='ltr'>aureum,</span> <span class='ocrx_word' id='word_1_316' title='bbox 1502 2201 1846 2255; x_wconf 84' lang='lat' dir='ltr'>humanitatis</span> 
     </span>
    </p>
   </div>
   <div class='ocr_carea' id='block_1_41' title="bbox 256 2290 1847 2361">
    <p class='ocr_par' dir='ltr' id='par_1_41' title="bbox 256 2290 1847 2361">
     <span class='ocr_line' id='line_1_41' title="bbox 256 2290 1847 2361; baseline -0.004 -13"><span class='ocrx_word' id='word_1_317' title='bbox 256 2292 504 2348; x_wconf 85' lang='lat' dir='ltr'>videlicet</span> <span class='ocrx_word' id='word_1_318' title='bbox 532 2292 588 2345; x_wconf 90' lang='lat' dir='ltr'>in</span> <span class='ocrx_word' id='word_1_319' title='bbox 616 2292 829 2345; x_wconf 86' lang='lat' dir='ltr'>Christo</span> <span class='ocrx_word' id='word_1_320' title='bbox 870 2299 1084 2356; x_wconf 90' lang='lat' dir='ltr'>natura,</span> <span class='ocrx_word' id='word_1_321' title='bbox 1120 2290 1173 2344; x_wconf 87' lang='lat' dir='ltr'>in</span> <span class='ocrx_word' id='word_1_322' title='bbox 1202 2307 1306 2361; x_wconf 91' lang='lat' dir='ltr'>qua</span> <span class='ocrx_word' id='word_1_323' title='bbox 1335 2290 1469 2343; x_wconf 87' lang='lat' dir='ltr'>nihil</span> <span class='ocrx_word' id='word_1_324' title='bbox 1513 2305 1735 2359; x_wconf 89' lang='lat' dir='ltr'>prorsus</span> <span class='ocrx_word' id='word_1_325' title='bbox 1764 2295 1847 2343; x_wconf 90' lang='lat' dir='ltr'>est</span> 
     </span>
    </p>
   </div>
   <div class='ocr_carea' id='block_1_42' title="bbox 257 2377 1849 2449">
    <p class='ocr_par' dir='ltr' id='par_1_42' title="bbox 257 2377 1849 2449">
     <span class='ocr_line' id='line_1_42' title="bbox 257 2377 1849 2449; baseline -0.003 -15"><span class='ocrx_word' id='word_1_326' title='bbox 257 2380 403 2449; x_wconf 90' lang='lat' dir='ltr'>quod</span> <span class='ocrx_word' id='word_1_327' title='bbox 432 2395 541 2434; x_wconf 88' lang='lat' dir='ltr'>non</span> <span class='ocrx_word' id='word_1_328' title='bbox 562 2380 630 2433; x_wconf 89' lang='lat' dir='ltr'>sit</span> <span class='ocrx_word' id='word_1_329' title='bbox 650 2380 719 2434; x_wconf 91' lang='lat' dir='ltr'>ab</span> <span class='ocrx_word' id='word_1_330' title='bbox 741 2379 887 2434; x_wconf 90' lang='lat' dir='ltr'>omni</span> <span class='ocrx_word' id='word_1_331' title='bbox 908 2379 1065 2449; x_wconf 90' lang='lat' dir='ltr'>culpa</span> <span class='ocrx_word' id='word_1_332' title='bbox 1086 2395 1280 2448; x_wconf 92' lang='lat' dir='ltr'>purum</span> <span class='ocrx_word' id='word_1_333' title='bbox 1313 2387 1364 2433; x_wconf 92' lang='lat' dir='ltr'>et</span> <span class='ocrx_word' id='word_1_334' title='bbox 1381 2377 1615 2432; x_wconf 89' lang='lat' dir='ltr'>alienum</span> <span class='ocrx_word' id='word_1_335' title='bbox 1639 2395 1652 2442; x_wconf 89' lang='lat'><strong>;</strong></span> <span class='ocrx_word' id='word_1_336' title='bbox 1686 2393 1849 2446; x_wconf 87' lang='lat' dir='ltr'>super</span> 
     </span>
    </p>
   </div>
   <div class='ocr_carea' id='block_1_43' title="bbox 256 2464 1848 2539">
    <p class='ocr_par' dir='ltr' id='par_1_43' title="bbox 256 2464 1848 2539">
     <span class='ocr_line' id='line_1_43' title="bbox 256 2464 1848 2539; baseline -0.003 -17"><span class='ocrx_word' id='word_1_337' title='bbox 256 2468 401 2539; x_wconf 91' lang='lat' dir='ltr'>quod</span> <span class='ocrx_word' id='word_1_338' title='bbox 432 2467 703 2522; x_wconf 90' lang='lat' dir='ltr'>orationes</span> <span class='ocrx_word' id='word_1_339' title='bbox 750 2468 964 2522; x_wconf 85' lang='lat' dir='ltr'>nostras</span> <span class='ocrx_word' id='word_1_340' title='bbox 994 2465 1271 2521; x_wconf 88' lang='lat' dir='ltr'>offerimus</span> <span class='ocrx_word' id='word_1_341' title='bbox 1318 2467 1433 2520; x_wconf 93' lang='lat' dir='ltr'>Deo</span> <span class='ocrx_word' id='word_1_342' title='bbox 1466 2465 1605 2519; x_wconf 90' lang='lat' dir='ltr'>Patri</span> <span class='ocrx_word' id='word_1_343' title='bbox 1636 2481 1648 2519; x_wconf 88' lang='lat'><strong>:</strong></span> <span class='ocrx_word' id='word_1_344' title='bbox 1685 2474 1741 2518; x_wconf 90' lang='lat' dir='ltr'>ut</span> <span class='ocrx_word' id='word_1_345' title='bbox 1771 2464 1848 2518; x_wconf 92' lang='lat' dir='ltr'>illi</span> 
     </span>
    </p>
   </div>
   <div class='ocr_carea' id='block_1_44' title="bbox 257 2553 1846 2625">
    <p class='ocr_par' dir='ltr' id='par_1_44' title="bbox 257 2553 1846 2625">
     <span class='ocr_line' id='line_1_44' title="bbox 257 2553 1846 2625; baseline -0.001 -15"><span class='ocrx_word' id='word_1_346' title='bbox 257 2556 599 2625; x_wconf 88' lang='lat' dir='ltr'>omnipotens</span> <span class='ocrx_word' id='word_1_347' title='bbox 630 2563 682 2610; x_wconf 87' lang='lat' dir='ltr'>et</span> <span class='ocrx_word' id='word_1_348' title='bbox 710 2555 1024 2611; x_wconf 86' lang='lat' dir='ltr'>misericors</span> <span class='ocrx_word' id='word_1_349' title='bbox 1052 2556 1212 2609; x_wconf 88' lang='lat' dir='ltr'>Pater</span> <span class='ocrx_word' id='word_1_350' title='bbox 1241 2556 1406 2622; x_wconf 90' lang='lat' dir='ltr'>Deus,</span> <span class='ocrx_word' id='word_1_351' title='bbox 1439 2569 1549 2608; x_wconf 91' lang='lat' dir='ltr'>non</span> <span class='ocrx_word' id='word_1_352' title='bbox 1577 2553 1846 2608; x_wconf 91' lang='lat' dir='ltr'>immerito</span> 
     </span>
    </p>
   </div>
   <div class='ocr_carea' id='block_1_45' title="bbox 254 2642 1847 2713">
    <p class='ocr_par' dir='ltr' id='par_1_45' title="bbox 254 2642 1847 2713">
     <span class='ocr_line' id='line_1_45' title="bbox 254 2642 1847 2713; baseline -0.002 -16"><span class='ocrx_word' id='word_1_353' title='bbox 254 2643 570 2713; x_wconf 88' lang='lat' dir='ltr'>propitietur</span> <span class='ocrx_word' id='word_1_354' title='bbox 597 2650 825 2711; x_wconf 85' lang='lat' dir='ltr'>natura,</span> <span class='ocrx_word' id='word_1_355' title='bbox 858 2643 913 2696; x_wconf 89' lang='lat' dir='ltr'>in</span> <span class='ocrx_word' id='word_1_356' title='bbox 942 2642 1159 2697; x_wconf 90' lang='lat' dir='ltr'>homine</span> <span class='ocrx_word' id='word_1_357' title='bbox 1191 2642 1350 2697; x_wconf 88' lang='lat' dir='ltr'>etiam</span> <span class='ocrx_word' id='word_1_358' title='bbox 1375 2657 1532 2712; x_wconf 90' lang='lat' dir='ltr'>puro,</span> <span class='ocrx_word' id='word_1_359' title='bbox 1566 2657 1726 2712; x_wconf 89' lang='lat' dir='ltr'>quam</span> <span class='ocrx_word' id='word_1_360' title='bbox 1751 2657 1847 2711; x_wconf 89' lang='lat' dir='ltr'>pro</span> 
     </span>
    </p>
   </div>
   <div class='ocr_carea' id='block_1_46' title="bbox 260 2728 1847 2801">
    <p class='ocr_par' dir='ltr' id='par_1_46' title="bbox 260 2728 1847 2801">
     <span class='ocr_line' id='line_1_46' title="bbox 260 2728 1847 2801; baseline -0.001 -16"><span class='ocrx_word' id='word_1_361' title='bbox 260 2731 499 2797; x_wconf 89' lang='lat' dir='ltr'>homine,</span> <span class='ocrx_word' id='word_1_362' title='bbox 529 2731 803 2801; x_wconf 91' lang='lat' dir='ltr'>personali</span> <span class='ocrx_word' id='word_1_363' title='bbox 847 2731 1088 2785; x_wconf 87' lang='lat' dir='ltr'>intuetur</span> <span class='ocrx_word' id='word_1_364' title='bbox 1122 2730 1321 2784; x_wconf 90' lang='lat' dir='ltr'>unione</span> <span class='ocrx_word' id='word_1_365' title='bbox 1366 2730 1666 2800; x_wconf 87' lang='lat' dir='ltr'>copulatam</span> <span class='ocrx_word' id='word_1_366' title='bbox 1716 2728 1847 2783; x_wconf 89' lang='lat' dir='ltr'>Filio</span> 
     </span>
    </p>
   </div>
   <div class='ocr_carea' id='block_1_47' title="bbox 258 2817 1848 2889">
    <p class='ocr_par' dir='ltr' id='par_1_47' title="bbox 258 2817 1848 2889">
     <span class='ocr_line' id='line_1_47' title="bbox 258 2817 1848 2889; baseline -0.002 -15"><span class='ocrx_word' id='word_1_367' title='bbox 258 2836 355 2874; x_wconf 90' lang='lat' dir='ltr'>suo</span> <span class='ocrx_word' id='word_1_368' title='bbox 387 2821 521 2874; x_wconf 93' lang='lat' dir='ltr'>Deo.</span> <span class='ocrx_word' id='word_1_369' title='bbox 553 2819 725 2889; x_wconf 87' lang='lat' dir='ltr'>Igitur</span> <span class='ocrx_word' id='word_1_370' title='bbox 761 2826 1021 2889; x_wconf 89' lang='lat' dir='ltr'>appareat</span> <span class='ocrx_word' id='word_1_371' title='bbox 1050 2818 1164 2887; x_wconf 91' lang='lat' dir='ltr'>tibi,</span> <span class='ocrx_word' id='word_1_372' title='bbox 1196 2826 1252 2872; x_wconf 92' lang='lat' dir='ltr'>tu</span> <span class='ocrx_word' id='word_1_373' title='bbox 1282 2818 1371 2889; x_wconf 89' lang='lat' dir='ltr'>qui</span> <span class='ocrx_word' id='word_1_374' title='bbox 1400 2818 1669 2872; x_wconf 86' lang='lat' dir='ltr'>habitator</span> <span class='ocrx_word' id='word_1_375' title='bbox 1698 2817 1848 2871; x_wconf 89' lang='lat' dir='ltr'>cella</span> 
     </span>
    </p>
   </div>
   <div class='ocr_carea' id='block_1_48' title="bbox 259 2904 1849 2975">
    <p class='ocr_par' dir='ltr' id='par_1_48' title="bbox 259 2904 1849 2975">
     <span class='ocr_line' id='line_1_48' title="bbox 259 2904 1849 2975; baseline -0.003 -14"><span class='ocrx_word' id='word_1_376' title='bbox 259 2923 337 2973; x_wconf 90' lang='lat' dir='ltr'>es,</span> <span class='ocrx_word' id='word_1_377' title='bbox 370 2923 491 2962; x_wconf 92' lang='lat' dir='ltr'>cum</span> <span class='ocrx_word' id='word_1_378' title='bbox 520 2922 669 2975; x_wconf 75' lang='lat' dir='ltr'>oras,</span> <span class='ocrx_word' id='word_1_379' title='bbox 696 2907 921 2960; x_wconf 86' lang='lat' dir='ltr'>internis</span> <span class='ocrx_word' id='word_1_380' title='bbox 954 2914 1056 2960; x_wconf 86' lang='lat' dir='ltr'>tua</span> <span class='ocrx_word' id='word_1_381' title='bbox 1089 2906 1538 2961; x_wconf 82' lang='lat' dir='ltr'>considerationis</span> <span class='ocrx_word' id='word_1_382' title='bbox 1567 2904 1740 2961; x_wconf 89' lang='lat' dir='ltr'>oculis</span> <span class='ocrx_word' id='word_1_383' title='bbox 1772 2906 1849 2958; x_wconf 84' lang='lat' dir='ltr'>Fi-</span> 
     </span>
    </p>
   </div>
   <div class='ocr_carea' id='block_1_49' title="bbox 258 2993 1851 3064">
    <p class='ocr_par' dir='ltr' id='par_1_49' title="bbox 258 2993 1851 3064">
     <span class='ocr_line' id='line_1_49' title="bbox 258 2993 1851 3064; baseline -0.001 -16"><span class='ocrx_word' id='word_1_384' title='bbox 258 2994 363 3049; x_wconf 91' lang='lat' dir='ltr'>lius</span> <span class='ocrx_word' id='word_1_385' title='bbox 394 2995 512 3061; x_wconf 91' lang='lat' dir='ltr'>Dei,</span> <span class='ocrx_word' id='word_1_386' title='bbox 536 2994 675 3049; x_wconf 89' lang='lat' dir='ltr'>Patri</span> <span class='ocrx_word' id='word_1_387' title='bbox 706 3010 805 3064; x_wconf 90' lang='lat' dir='ltr'>per</span> <span class='ocrx_word' id='word_1_388' title='bbox 834 2994 1015 3048; x_wconf 88' lang='lat' dir='ltr'>omnia</span> <span class='ocrx_word' id='word_1_389' title='bbox 1036 3002 1335 3063; x_wconf 88' lang='lat' dir='ltr'>sanctoque</span> <span class='ocrx_word' id='word_1_390' title='bbox 1357 2993 1579 3063; x_wconf 91' lang='lat' dir='ltr'>Spiritui</span> <span class='ocrx_word' id='word_1_391' title='bbox 1601 3008 1851 3063; x_wconf 87' lang='lat' dir='ltr'>coaqua—</span> 
     </span>
    </p>
   </div>
   <div class='ocr_carea' id='block_1_50' title="bbox 256 3081 1850 3151">
    <p class='ocr_par' dir='ltr' id='par_1_50' title="bbox 256 3081 1850 3151">
     <span class='ocr_line' id='line_1_50' title="bbox 256 3081 1850 3151; baseline -0.001 -15"><span class='ocrx_word' id='word_1_392' title='bbox 256 3083 322 3137; x_wconf 91' lang='lat' dir='ltr'>lis</span> <span class='ocrx_word' id='word_1_393' title='bbox 345 3090 398 3137; x_wconf 89' lang='lat' dir='ltr'>et</span> <span class='ocrx_word' id='word_1_394' title='bbox 414 3091 735 3150; x_wconf 87' lang='lat' dir='ltr'>coaternus,</span> <span class='ocrx_word' id='word_1_395' title='bbox 756 3089 806 3136; x_wconf 92' lang='lat' dir='ltr'>et</span> <span class='ocrx_word' id='word_1_396' title='bbox 828 3081 1300 3136; x_wconf 88' lang='lat' dir='ltr'>consubstantialis</span> <span class='ocrx_word' id='word_1_397' title='bbox 1322 3099 1335 3135; x_wconf 88' lang='lat'><strong>:</strong></span> <span class='ocrx_word' id='word_1_398' title='bbox 1356 3090 1614 3151; x_wconf 88' lang='lat' dir='ltr'>appareat</span> <span class='ocrx_word' id='word_1_399' title='bbox 1630 3081 1850 3151; x_wconf 89' lang='lat' dir='ltr'>inquam</span> 
     </span>
    </p>
   </div>
   <div class='ocr_carea' id='block_1_51' title="bbox 256 3168 1851 3240">
    <p class='ocr_par' dir='ltr' id='par_1_51' title="bbox 256 3168 1851 3240">
     <span class='ocr_line' id='line_1_51' title="bbox 256 3168 1851 3240; baseline -0.001 -17"><span class='ocrx_word' id='word_1_400' title='bbox 256 3170 354 3224; x_wconf 89' lang='lat' dir='ltr'>tibi</span> <span class='ocrx_word' id='word_1_401' title='bbox 384 3186 507 3225; x_wconf 91' lang='lat' dir='ltr'>cum</span> <span class='ocrx_word' id='word_1_402' title='bbox 535 3170 592 3223; x_wconf 92' lang='lat' dir='ltr'>in</span> <span class='ocrx_word' id='word_1_403' title='bbox 620 3169 863 3224; x_wconf 89' lang='lat' dir='ltr'>oratione</span> <span class='ocrx_word' id='word_1_404' title='bbox 893 3169 1165 3238; x_wconf 88' lang='lat' dir='ltr'>consistis,</span> <span class='ocrx_word' id='word_1_405' title='bbox 1198 3169 1249 3222; x_wconf 87' lang='lat' dir='ltr'>in</span> <span class='ocrx_word' id='word_1_406' title='bbox 1280 3185 1477 3240; x_wconf 86' lang='lat' dir='ltr'>magna</span> <span class='ocrx_word' id='word_1_407' title='bbox 1507 3168 1709 3236; x_wconf 81' lang='lat' dir='ltr'>latitia,</span> <span class='ocrx_word' id='word_1_408' title='bbox 1744 3170 1851 3221; x_wconf 88' lang='lat' dir='ltr'>Pa-</span> 
     </span>
    </p>
   </div>
   <div class='ocr_carea' id='block_1_52' title="bbox 256 3256 1851 3328">
    <p class='ocr_par' dir='ltr' id='par_1_52' title="bbox 256 3256 1851 3328">
     <span class='ocr_line' id='line_1_52' title="bbox 256 3256 1851 3328; baseline -0.003 -16"><span class='ocrx_word' id='word_1_409' title='bbox 256 3258 356 3312; x_wconf 87' lang='lat' dir='ltr'>tris</span> <span class='ocrx_word' id='word_1_410' title='bbox 382 3265 721 3328; x_wconf 89' lang='lat' dir='ltr'>prasentans</span> <span class='ocrx_word' id='word_1_411' title='bbox 749 3257 983 3313; x_wconf 89' lang='lat' dir='ltr'>vultibus</span> <span class='ocrx_word' id='word_1_412' title='bbox 1012 3256 1250 3312; x_wconf 86' lang='lat' dir='ltr'>victricis</span> <span class='ocrx_word' id='word_1_413' title='bbox 1281 3257 1459 3311; x_wconf 88' lang='lat' dir='ltr'>carnis</span> <span class='ocrx_word' id='word_1_414' title='bbox 1481 3256 1729 3327; x_wconf 85' lang='lat' dir='ltr'>gloriam.</span> <span class='ocrx_word' id='word_1_415' title='bbox 1766 3256 1851 3326; x_wconf 83' lang='lat' dir='ltr'>Ip—</span> 
     </span>
    </p>
   </div>
   <div class='ocr_carea' id='block_1_53' title="bbox 259 3344 1853 3416">
    <p class='ocr_par' dir='ltr' id='par_1_53' title="bbox 259 3344 1853 3416">
     <span class='ocr_line' id='line_1_53' title="bbox 259 3344 1853 3416; baseline -0.003 -16"><span class='ocrx_word' id='word_1_416' title='bbox 259 3362 319 3401; x_wconf 89' lang='lat' dir='ltr'>se</span> <span class='ocrx_word' id='word_1_417' title='bbox 351 3362 584 3416; x_wconf 89' lang='lat' dir='ltr'>namque</span> <span class='ocrx_word' id='word_1_418' title='bbox 615 3346 786 3399; x_wconf 88' lang='lat' dir='ltr'>altare</span> <span class='ocrx_word' id='word_1_419' title='bbox 834 3360 1060 3400; x_wconf 89' lang='lat' dir='ltr'>aureum</span> <span class='ocrx_word' id='word_1_420' title='bbox 1088 3353 1188 3411; x_wconf 89' lang='lat' dir='ltr'>est,</span> <span class='ocrx_word' id='word_1_421' title='bbox 1223 3345 1469 3399; x_wconf 88' lang='lat' dir='ltr'>Christus</span> <span class='ocrx_word' id='word_1_422' title='bbox 1516 3344 1769 3398; x_wconf 85' lang='lat' dir='ltr'>videlicet</span> <span class='ocrx_word' id='word_1_423' title='bbox 1798 3344 1853 3396; x_wconf 91' lang='lat' dir='ltr'>in</span> 
     </span>
    </p>
   </div>
   <div class='ocr_carea' id='block_1_54' title="bbox 257 3431 1853 3504">
    <p class='ocr_par' dir='ltr' id='par_1_54' title="bbox 257 3431 1853 3504">
     <span class='ocr_line' id='line_1_54' title="bbox 257 3431 1853 3504; baseline -0.002 -16"><span class='ocrx_word' id='word_1_424' title='bbox 257 3442 450 3488; x_wconf 88' lang='lat' dir='ltr'>natura</span> <span class='ocrx_word' id='word_1_425' title='bbox 496 3449 768 3504; x_wconf 86' lang='lat' dir='ltr'>apparens</span> <span class='ocrx_word' id='word_1_426' title='bbox 796 3434 1033 3487; x_wconf 90' lang='lat' dir='ltr'>humana</span> <span class='ocrx_word' id='word_1_427' title='bbox 1083 3449 1203 3503; x_wconf 83' lang='lat' dir='ltr'>qua</span> <span class='ocrx_word' id='word_1_428' title='bbox 1231 3433 1298 3485; x_wconf 88' lang='lat' dir='ltr'>ab</span> <span class='ocrx_word' id='word_1_429' title='bbox 1328 3432 1475 3486; x_wconf 89' lang='lat' dir='ltr'>omni</span> <span class='ocrx_word' id='word_1_430' title='bbox 1501 3440 1725 3501; x_wconf 91' lang='lat' dir='ltr'>peccato</span> <span class='ocrx_word' id='word_1_431' title='bbox 1755 3431 1853 3485; x_wconf 88' lang='lat' dir='ltr'>fuit</span> 
     </span>
    </p>
   </div>
   <div class='ocr_carea' id='block_1_55' title="bbox 258 3520 1848 3590">
    <p class='ocr_par' dir='ltr' id='par_1_55' title="bbox 258 3520 1848 3590">
     <span class='ocr_line' id='line_1_55' title="bbox 258 3520 1848 3590; baseline -0.003 -15"><span class='ocrx_word' id='word_1_432' title='bbox 258 3521 456 3585; x_wconf 87' lang='lat' dir='ltr'>aliena,</span> <span class='ocrx_word' id='word_1_433' title='bbox 491 3529 543 3575; x_wconf 88' lang='lat' dir='ltr'>et</span> <span class='ocrx_word' id='word_1_434' title='bbox 584 3521 709 3575; x_wconf 91' lang='lat' dir='ltr'>ideo</span> <span class='ocrx_word' id='word_1_435' title='bbox 754 3538 959 3575; x_wconf 90' lang='lat' dir='ltr'>aurea:</span> <span class='ocrx_word' id='word_1_436' title='bbox 993 3536 1159 3590; x_wconf 91' lang='lat' dir='ltr'>super</span> <span class='ocrx_word' id='word_1_437' title='bbox 1206 3520 1351 3590; x_wconf 89' lang='lat' dir='ltr'>quod</span> <span class='ocrx_word' id='word_1_438' title='bbox 1399 3520 1566 3573; x_wconf 87' lang='lat' dir='ltr'>altare</span> <span class='ocrx_word' id='word_1_439' title='bbox 1607 3534 1848 3585; x_wconf 89' lang='lat' dir='ltr'>aureum,</span> 
     </span>
    </p>
   </div>
   <div class='ocr_carea' id='block_1_56' title="bbox 261 3605 1852 3671">
    <p class='ocr_par' dir='ltr' id='par_1_56' title="bbox 261 3605 1852 3671">
     <span class='ocr_line' id='line_1_56' title="bbox 261 3605 1852 3671; baseline -0.003 -8"><span class='ocrx_word' id='word_1_440' title='bbox 261 3608 566 3663; x_wconf 88' lang='lat' dir='ltr'>orationum</span> <span class='ocrx_word' id='word_1_441' title='bbox 612 3615 917 3662; x_wconf 88' lang='lat' dir='ltr'>nostrarum</span> <span class='ocrx_word' id='word_1_442' title='bbox 965 3607 1171 3661; x_wconf 89' lang='lat' dir='ltr'>hostias</span> <span class='ocrx_word' id='word_1_443' title='bbox 1216 3606 1576 3671; x_wconf 75' lang='lat' dir='ltr'>immolemus,</span> <span class='ocrx_word' id='word_1_444' title='bbox 1609 3614 1664 3659; x_wconf 92' lang='lat' dir='ltr'>ut</span> <span class='ocrx_word' id='word_1_445' title='bbox 1703 3605 1759 3658; x_wconf 92' lang='lat' dir='ltr'>in</span> <span class='ocrx_word' id='word_1_446' title='bbox 1786 3620 1852 3659; x_wconf 89' lang='lat' dir='ltr'>eo</span> 
     </span>
    </p>
   </div>
   <div class='ocr_carea' id='block_1_57' title="bbox 259 3693 1849 3765">
    <p class='ocr_par' dir='ltr' id='par_1_57' title="bbox 259 3693 1849 3765">
     <span class='ocr_line' id='line_1_57' title="bbox 259 3693 1849 3765; baseline -0.003 -16"><span class='ocrx_word' id='word_1_447' title='bbox 259 3695 417 3750; x_wconf 91' lang='lat' dir='ltr'>nobis</span> <span class='ocrx_word' id='word_1_448' title='bbox 458 3695 831 3765; x_wconf 89' lang='lat' dir='ltr'>peccatoribus</span> <span class='ocrx_word' id='word_1_449' title='bbox 879 3710 1122 3749; x_wconf 90' lang='lat' dir='ltr'>summus</span> <span class='ocrx_word' id='word_1_450' title='bbox 1171 3694 1262 3748; x_wconf 91' lang='lat' dir='ltr'>ille</span> <span class='ocrx_word' id='word_1_451' title='bbox 1308 3696 1467 3747; x_wconf 89' lang='lat' dir='ltr'>Pater</span> <span class='ocrx_word' id='word_1_452' title='bbox 1513 3693 1849 3764; x_wconf 91' lang='lat' dir='ltr'>propitietur,</span> 
     </span>
    </p>
   </div>
   <div class='ocr_carea' id='block_1_58' title="bbox 256 3781 1854 3853">
    <p class='ocr_par' dir='ltr' id='par_1_58' title="bbox 256 3781 1854 3853">
     <span class='ocr_line' id='line_1_58' title="bbox 256 3781 1854 3853; baseline -0.002 -16"><span class='ocrx_word' id='word_1_453' title='bbox 256 3783 313 3837; x_wconf 93' lang='lat' dir='ltr'>in</span> <span class='ocrx_word' id='word_1_454' title='bbox 343 3798 450 3853; x_wconf 90' lang='lat' dir='ltr'>quo</span> <span class='ocrx_word' id='word_1_455' title='bbox 481 3791 729 3837; x_wconf 89' lang='lat' dir='ltr'>naturam</span> <span class='ocrx_word' id='word_1_456' title='bbox 758 3790 1001 3838; x_wconf 89' lang='lat' dir='ltr'>nostram</span> <span class='ocrx_word' id='word_1_457' title='bbox 1030 3782 1207 3837; x_wconf 88' lang='lat' dir='ltr'>eidem</span> <span class='ocrx_word' id='word_1_458' title='bbox 1226 3781 1360 3836; x_wconf 89' lang='lat' dir='ltr'>Filio</span> <span class='ocrx_word' id='word_1_459' title='bbox 1392 3798 1510 3849; x_wconf 88' lang='lat' dir='ltr'>suo,</span> <span class='ocrx_word' id='word_1_460' title='bbox 1533 3797 1644 3836; x_wconf 90' lang='lat' dir='ltr'>non</span> <span class='ocrx_word' id='word_1_461' title='bbox 1672 3788 1854 3836; x_wconf 90' lang='lat' dir='ltr'>autem</span> 
     </span>
    </p>
   </div>
   <div class='ocr_carea' id='block_1_59' title="bbox 260 3868 1855 3940">
    <p class='ocr_par' dir='ltr' id='par_1_59' title="bbox 260 3868 1855 3940">
     <span class='ocr_line' id='line_1_59' title="bbox 260 3868 1855 3940; baseline -0.001 -15"><span class='ocrx_word' id='word_1_462' title='bbox 260 3871 620 3940; x_wconf 89' lang='lat' dir='ltr'>culpabiliter,</span> <span class='ocrx_word' id='word_1_463' title='bbox 653 3872 750 3925; x_wconf 92' lang='lat' dir='ltr'>sed</span> <span class='ocrx_word' id='word_1_464' title='bbox 800 3870 1140 3926; x_wconf 88' lang='lat' dir='ltr'>solummodo</span> <span class='ocrx_word' id='word_1_465' title='bbox 1186 3870 1516 3931; x_wconf 82' lang='lat' dir='ltr'>naturaliter,</span> <span class='ocrx_word' id='word_1_466' title='bbox 1548 3868 1604 3922; x_wconf 93' lang='lat' dir='ltr'>in</span> <span class='ocrx_word' id='word_1_467' title='bbox 1650 3870 1855 3924; x_wconf 90' lang='lat' dir='ltr'>unitate</span> 
     </span>
    </p>
   </div>
   <div class='ocr_carea' id='block_1_60' title="bbox 258 3958 1853 4029">
    <p class='ocr_par' dir='ltr' id='par_1_60' title="bbox 258 3958 1853 4029">
     <span class='ocr_line' id='line_1_60' title="bbox 258 3958 1853 4029; baseline 0.001 -18"><span class='ocrx_word' id='word_1_468' title='bbox 258 3974 511 4028; x_wconf 89' lang='lat' dir='ltr'>persona</span> <span class='ocrx_word' id='word_1_469' title='bbox 555 3959 859 4029; x_wconf 89' lang='lat' dir='ltr'>c0pulatam</span> <span class='ocrx_word' id='word_1_470' title='bbox 904 3959 1158 4013; x_wconf 90' lang='lat' dir='ltr'>intuetur.</span> <span class='ocrx_word' id='word_1_471' title='bbox 1192 3960 1374 4029; x_wconf 89' lang='lat' dir='ltr'>Itaque</span> <span class='ocrx_word' id='word_1_472' title='bbox 1425 3965 1685 4027; x_wconf 86' lang='lat' dir='ltr'>appareat</span> <span class='ocrx_word' id='word_1_473' title='bbox 1711 3958 1853 4012; x_wconf 89' lang='lat' dir='ltr'>inte-</span> 
     </span>
    </p>
   </div>
   <div class='ocr_carea' id='block_1_61' title="bbox 260 4045 1854 4116">
    <p class='ocr_par' dir='ltr' id='par_1_61' title="bbox 260 4045 1854 4116">
     <span class='ocr_line' id='line_1_61' title="bbox 260 4045 1854 4116; baseline -0.001 -16"><span class='ocrx_word' id='word_1_474' title='bbox 260 4046 376 4101; x_wconf 90' lang='lat' dir='ltr'>rius</span> <span class='ocrx_word' id='word_1_475' title='bbox 407 4055 508 4101; x_wconf 86' lang='lat' dir='ltr'>tua</span> <span class='ocrx_word' id='word_1_476' title='bbox 537 4046 987 4102; x_wconf 87' lang='lat' dir='ltr'>considerationis</span> <span class='ocrx_word' id='word_1_477' title='bbox 1035 4046 1207 4102; x_wconf 91' lang='lat' dir='ltr'>oculis</span> <span class='ocrx_word' id='word_1_478' title='bbox 1256 4045 1521 4111; x_wconf 89' lang='lat' dir='ltr'>Christus,</span> <span class='ocrx_word' id='word_1_479' title='bbox 1553 4046 1621 4100; x_wconf 87' lang='lat' dir='ltr'>de</span> <span class='ocrx_word' id='word_1_480' title='bbox 1653 4045 1854 4116; x_wconf 90' lang='lat' dir='ltr'>Spiritu</span> 
     </span>
    </p>
   </div>
   <div class='ocr_carea' id='block_1_62' title="bbox 261 4134 1854 4204">
    <p class='ocr_par' dir='ltr' id='par_1_62' title="bbox 261 4134 1854 4204">
     <span class='ocr_line' id='line_1_62' title="bbox 261 4134 1854 4204; baseline -0.002 -14"><span class='ocrx_word' id='word_1_481' title='bbox 261 4143 450 4191; x_wconf 88' lang='lat' dir='ltr'>sancto</span> <span class='ocrx_word' id='word_1_482' title='bbox 473 4142 769 4204; x_wconf 88' lang='lat' dir='ltr'>conceptus</span> <span class='ocrx_word' id='word_1_483' title='bbox 794 4152 806 4187; x_wconf 94' lang='lat'>:</span> <span class='ocrx_word' id='word_1_484' title='bbox 833 4135 1142 4190; x_wconf 89' lang='lat' dir='ltr'>incarnatus</span> <span class='ocrx_word' id='word_1_485' title='bbox 1173 4134 1289 4188; x_wconf 88' lang='lat' dir='ltr'>sine</span> <span class='ocrx_word' id='word_1_486' title='bbox 1312 4134 1675 4203; x_wconf 89' lang='lat' dir='ltr'>corruptione,</span> <span class='ocrx_word' id='word_1_487' title='bbox 1696 4142 1854 4187; x_wconf 88' lang='lat' dir='ltr'>natus</span> 
     </span>
    </p>
   </div>
   <div class='ocr_carea' id='block_1_63' title="bbox 264 4221 1854 4293">
    <p class='ocr_par' dir='ltr' id='par_1_63' title="bbox 264 4221 1854 4293">
     <span class='ocr_line' id='line_1_63' title="bbox 264 4221 1854 4293; baseline -0.001 -19"><span class='ocrx_word' id='word_1_488' title='bbox 264 4223 470 4293; x_wconf 88' lang='lat' dir='ltr'>absque</span> <span class='ocrx_word' id='word_1_489' title='bbox 518 4223 740 4277; x_wconf 87' lang='lat' dir='ltr'>lasione</span> <span class='ocrx_word' id='word_1_490' title='bbox 774 4240 787 4275; x_wconf 93' lang='lat'><strong>:</strong></span> <span class='ocrx_word' id='word_1_491' title='bbox 820 4238 1088 4293; x_wconf 85' lang='lat' dir='ltr'>apparens</span> <span class='ocrx_word' id='word_1_492' title='bbox 1118 4222 1292 4293; x_wconf 89' lang='lat' dir='ltr'>Magis</span> <span class='ocrx_word' id='word_1_493' title='bbox 1322 4223 1464 4276; x_wconf 89' lang='lat' dir='ltr'>Deus</span> <span class='ocrx_word' id='word_1_494' title='bbox 1495 4221 1854 4290; x_wconf 89' lang='lat' dir='ltr'>sempiternus</span> 
     </span>
    </p>
   </div>
   <div class='ocr_carea' id='block_1_64' title="bbox 1948 1673 3541 1743">
    <p class='ocr_par' dir='ltr' id='par_1_64' title="bbox 1948 1673 3541 1743">
     <span class='ocr_line' id='line_1_64' title="bbox 1948 1673 3541 1743; baseline 0.003 -17"><span class='ocrx_word' id='word_1_495' title='bbox 1948 1688 2239 1743; x_wconf 88' lang='lat' dir='ltr'>apparens,</span> <span class='ocrx_word' id='word_1_496' title='bbox 2269 1673 2358 1726; x_wconf 91' lang='lat' dir='ltr'>ubi</span> <span class='ocrx_word' id='word_1_497' title='bbox 2389 1681 2505 1727; x_wconf 87' lang='lat' dir='ltr'>erat</span> <span class='ocrx_word' id='word_1_498' title='bbox 2535 1673 2686 1742; x_wconf 86' lang='lat' dir='ltr'>prius</span> <span class='ocrx_word' id='word_1_499' title='bbox 2715 1673 3035 1739; x_wconf 81' lang='lat' dir='ltr'>ascendens,</span> <span class='ocrx_word' id='word_1_500' title='bbox 3060 1674 3127 1727; x_wconf 86' lang='lat' dir='ltr'>ad</span> <span class='ocrx_word' id='word_1_501' title='bbox 3154 1675 3327 1728; x_wconf 89' lang='lat' dir='ltr'>Patris</span> <span class='ocrx_word' id='word_1_502' title='bbox 3356 1674 3541 1730; x_wconf 84' lang='lat' dir='ltr'>dexte-</span> 
     </span>
    </p>
   </div>
   <div class='ocr_carea' id='block_1_65' title="bbox 1948 1761 3603 1833">
    <p class='ocr_par' dir='ltr' id='par_1_65' title="bbox 1948 1761 3603 1833">
     <span class='ocr_line' id='line_1_65' title="bbox 1948 1761 3603 1833; baseline 0.002 -20"><span class='ocrx_word' id='word_1_503' title='bbox 1948 1775 2064 1814; x_wconf 87' lang='lat' dir='ltr'>ram</span> <span class='ocrx_word' id='word_1_504' title='bbox 2095 1761 2329 1825; x_wconf 89' lang='lat' dir='ltr'>sedens;</span> <span class='ocrx_word' id='word_1_505' title='bbox 2365 1768 2623 1815; x_wconf 89' lang='lat' dir='ltr'>venturus</span> <span class='ocrx_word' id='word_1_506' title='bbox 2653 1778 2774 1814; x_wconf 91' lang='lat' dir='ltr'>cum</span> <span class='ocrx_word' id='word_1_507' title='bbox 2814 1768 3079 1830; x_wconf 87' lang='lat' dir='ltr'>potestate</span> <span class='ocrx_word' id='word_1_508' title='bbox 3110 1778 3310 1833; x_wconf 89' lang='lat' dir='ltr'>magna</span> <span class='ocrx_word' id='word_1_509' title='bbox 3337 1770 3389 1816; x_wconf 89' lang='lat' dir='ltr'>et</span> <span class='ocrx_word' id='word_1_510' title='bbox 3420 1780 3538 1817; x_wconf 83' lang='lat' dir='ltr'>ma-</span> <span class='ocrx_word' id='word_1_511' title='bbox 3602 1792 3603 1795; x_wconf 58' lang='grc' dir='ltr'><strong>η</strong></span> 
     </span>
    </p>
   </div>
   <div class='ocr_carea' id='block_1_66' title="bbox 1940 1847 3538 1918">
    <p class='ocr_par' dir='ltr' id='par_1_66' title="bbox 1940 1847 3538 1918">
     <span class='ocr_line' id='line_1_66' title="bbox 1940 1847 3538 1918; baseline 0.003 -17"><span class='ocrx_word' id='word_1_512' title='bbox 1940 1848 2137 1915; x_wconf 87' lang='lat' dir='ltr'>jestate</span> <span class='ocrx_word' id='word_1_513' title='bbox 2175 1847 2531 1916; x_wconf 87' lang='lat' dir='ltr'>judicaturus,</span> <span class='ocrx_word' id='word_1_514' title='bbox 2564 1848 2655 1918; x_wconf 92' lang='lat' dir='ltr'>qui</span> <span class='ocrx_word' id='word_1_515' title='bbox 2684 1848 2738 1901; x_wconf 93' lang='lat' dir='ltr'>in</span> <span class='ocrx_word' id='word_1_516' title='bbox 2777 1848 3069 1903; x_wconf 88' lang='lat' dir='ltr'>humilitate</span> <span class='ocrx_word' id='word_1_517' title='bbox 3118 1850 3261 1904; x_wconf 86' lang='lat' dir='ltr'>venit</span> <span class='ocrx_word' id='word_1_518' title='bbox 3282 1851 3538 1918; x_wconf 87' lang='lat' dir='ltr'>judican-</span> 
     </span>
    </p>
   </div>
   <div class='ocr_carea' id='block_1_67' title="bbox 1946 1935 3540 2009">
    <p class='ocr_par' dir='ltr' id='par_1_67' title="bbox 1946 1935 3540 2009">
     <span class='ocr_line' id='line_1_67' title="bbox 1946 1935 3540 2009; baseline 0.003 -20"><span class='ocrx_word' id='word_1_519' title='bbox 1946 1935 2085 2002; x_wconf 89' lang='lat' dir='ltr'>dus;</span> <span class='ocrx_word' id='word_1_520' title='bbox 2120 1935 2175 1989; x_wconf 90' lang='lat' dir='ltr'>in</span> <span class='ocrx_word' id='word_1_521' title='bbox 2205 1944 2468 1990; x_wconf 79' lang='lat' dir='ltr'>atomum</span> <span class='ocrx_word' id='word_1_522' title='bbox 2499 1936 2552 1989; x_wconf 89' lang='lat' dir='ltr'>in</span> <span class='ocrx_word' id='word_1_523' title='bbox 2584 1936 2769 1991; x_wconf 87' lang='lat' dir='ltr'>electis</span> <span class='ocrx_word' id='word_1_524' title='bbox 2800 1937 2911 1991; x_wconf 91' lang='lat' dir='ltr'>suis</span> <span class='ocrx_word' id='word_1_525' title='bbox 2958 1946 3298 2009; x_wconf 85' lang='lat' dir='ltr'>regnaturus,</span> <span class='ocrx_word' id='word_1_526' title='bbox 3334 1939 3540 1995; x_wconf 89' lang='lat' dir='ltr'>faciens</span> 
     </span>
    </p>
   </div>
   <div class='ocr_carea' id='block_1_68' title="bbox 1946 2023 3532 2096">
    <p class='ocr_par' dir='ltr' id='par_1_68' title="bbox 1946 2023 3532 2096">
     <span class='ocr_line' id='line_1_68' title="bbox 1946 2023 3532 2096; baseline 0.004 -20"><span class='ocrx_word' id='word_1_527' title='bbox 1946 2023 2069 2077; x_wconf 92' lang='lat' dir='ltr'>illos</span> <span class='ocrx_word' id='word_1_528' title='bbox 2119 2024 2481 2089; x_wconf 89' lang='lat' dir='ltr'>discumbere,</span> <span class='ocrx_word' id='word_1_529' title='bbox 2536 2032 2586 2079; x_wconf 92' lang='lat' dir='ltr'>ct</span> <span class='ocrx_word' id='word_1_530' title='bbox 2633 2025 2921 2091; x_wconf 89' lang='lat' dir='ltr'>transiens,</span> <span class='ocrx_word' id='word_1_531' title='bbox 2970 2025 3156 2096; x_wconf 83' lang='lat' dir='ltr'>eisque</span> <span class='ocrx_word' id='word_1_532' title='bbox 3203 2027 3532 2084; x_wconf 83' lang='lat' dir='ltr'>ministrans.</span> 
     </span>
    </p>
   </div>
   <div class='ocr_carea' id='block_1_69' title="bbox 1947 2112 3535 2186">
    <p class='ocr_par' dir='ltr' id='par_1_69' title="bbox 1947 2112 3535 2186">
     <span class='ocr_line' id='line_1_69' title="bbox 1947 2112 3535 2186; baseline 0.003 -20"><span class='ocrx_word' id='word_1_533' title='bbox 1947 2112 2089 2166; x_wconf 91' lang='lat' dir='ltr'>Ecce</span> <span class='ocrx_word' id='word_1_534' title='bbox 2119 2128 2219 2181; x_wconf 90' lang='lat' dir='ltr'>per</span> <span class='ocrx_word' id='word_1_535' title='bbox 2246 2129 2426 2182; x_wconf 90' lang='lat' dir='ltr'>quem,</span> <span class='ocrx_word' id='word_1_536' title='bbox 2459 2114 2668 2167; x_wconf 86' lang='lat' dir='ltr'>Patrem</span> <span class='ocrx_word' id='word_1_537' title='bbox 2714 2128 2874 2167; x_wconf 91' lang='lat' dir='ltr'>orare</span> <span class='ocrx_word' id='word_1_538' title='bbox 2922 2113 3109 2181; x_wconf 87' lang='lat' dir='ltr'>debes,</span> <span class='ocrx_word' id='word_1_539' title='bbox 3143 2114 3238 2167; x_wconf 90' lang='lat' dir='ltr'>tibi</span> <span class='ocrx_word' id='word_1_540' title='bbox 3287 2115 3535 2186; x_wconf 89' lang='lat' dir='ltr'>dicimus,</span> 
     </span>
    </p>
   </div>
   <div class='ocr_carea' id='block_1_70' title="bbox 1947 2199 3542 2271">
    <p class='ocr_par' dir='ltr' id='par_1_70' title="bbox 1947 2199 3542 2271">
     <span class='ocr_line' id='line_1_70' title="bbox 1947 2199 3542 2271; baseline 0.003 -18"><span class='ocrx_word' id='word_1_541' title='bbox 1947 2200 2041 2270; x_wconf 90' lang='lat' dir='ltr'>qui</span> <span class='ocrx_word' id='word_1_542' title='bbox 2068 2199 2340 2253; x_wconf 89' lang='lat' dir='ltr'>habitator</span> <span class='ocrx_word' id='word_1_543' title='bbox 2360 2200 2511 2254; x_wconf 84' lang='lat' dir='ltr'>cella</span> <span class='ocrx_word' id='word_1_544' title='bbox 2542 2216 2619 2254; x_wconf 89' lang='lat' dir='ltr'>es.</span> <span class='ocrx_word' id='word_1_545' title='bbox 2653 2201 2837 2270; x_wconf 81' lang='lat' dir='ltr'>Itaque</span> <span class='ocrx_word' id='word_1_546' title='bbox 2867 2200 3189 2271; x_wconf 88' lang='lat' dir='ltr'>quibusdam</span> <span class='ocrx_word' id='word_1_547' title='bbox 3210 2203 3405 2257; x_wconf 88' lang='lat' dir='ltr'>mentis</span> <span class='ocrx_word' id='word_1_548' title='bbox 3438 2212 3542 2258; x_wconf 82' lang='lat' dir='ltr'>tua</span> 
     </span>
    </p>
   </div>
   <div class='ocr_carea' id='block_1_71' title="bbox 1947 2287 3540 2358">
    <p class='ocr_par' dir='ltr' id='par_1_71' title="bbox 1947 2287 3540 2358">
     <span class='ocr_line' id='line_1_71' title="bbox 1947 2287 3540 2358; baseline 0.004 -19"><span class='ocrx_word' id='word_1_549' title='bbox 1947 2287 2197 2352; x_wconf 89' lang='lat' dir='ltr'>brachiis,</span> <span class='ocrx_word' id='word_1_550' title='bbox 2231 2288 2449 2358; x_wconf 88' lang='lat' dir='ltr'>quando</span> <span class='ocrx_word' id='word_1_551' title='bbox 2496 2304 2638 2357; x_wconf 89' lang='lat' dir='ltr'>oras,</span> <span class='ocrx_word' id='word_1_552' title='bbox 2674 2289 3003 2358; x_wconf 83' lang='lat' dir='ltr'>amplectere</span> <span class='ocrx_word' id='word_1_553' title='bbox 3036 2290 3178 2345; x_wconf 91' lang='lat' dir='ltr'>hunc</span> <span class='ocrx_word' id='word_1_554' title='bbox 3221 2291 3540 2345; x_wconf 88' lang='lat' dir='ltr'>advocatum</span> 
     </span>
    </p>
   </div>
   <div class='ocr_carea' id='block_1_72' title="bbox 1947 2375 3539 2448">
    <p class='ocr_par' dir='ltr' id='par_1_72' title="bbox 1947 2375 3539 2448">
     <span class='ocr_line' id='line_1_72' title="bbox 1947 2375 3539 2448; baseline 0.003 -19"><span class='ocrx_word' id='word_1_555' title='bbox 1947 2384 2117 2441; x_wconf 90' lang='lat' dir='ltr'>tuum,</span> <span class='ocrx_word' id='word_1_556' title='bbox 2148 2383 2200 2430; x_wconf 90' lang='lat' dir='ltr'>et</span> <span class='ocrx_word' id='word_1_557' title='bbox 2231 2375 2397 2429; x_wconf 90' lang='lat' dir='ltr'>talem</span> <span class='ocrx_word' id='word_1_558' title='bbox 2429 2392 2551 2430; x_wconf 90' lang='lat' dir='ltr'>eum</span> <span class='ocrx_word' id='word_1_559' title='bbox 2580 2392 2704 2431; x_wconf 91' lang='lat' dir='ltr'>cum</span> <span class='ocrx_word' id='word_1_560' title='bbox 2725 2392 2848 2430; x_wconf 90' lang='lat' dir='ltr'>oras</span> <span class='ocrx_word' id='word_1_561' title='bbox 2866 2386 3140 2446; x_wconf 88' lang='lat' dir='ltr'>prasenta</span> <span class='ocrx_word' id='word_1_562' title='bbox 3168 2378 3223 2431; x_wconf 87' lang='lat' dir='ltr'>in</span> <span class='ocrx_word' id='word_1_563' title='bbox 3248 2379 3365 2448; x_wconf 91' lang='lat' dir='ltr'>ipsa</span> <span class='ocrx_word' id='word_1_564' title='bbox 3385 2396 3539 2434; x_wconf 90' lang='lat' dir='ltr'>men-</span> 
     </span>
    </p>
   </div>
   <div class='ocr_carea' id='block_1_73' title="bbox 1948 2464 3540 2533">
    <p class='ocr_par' dir='ltr' id='par_1_73' title="bbox 1948 2464 3540 2533">
     <span class='ocr_line' id='line_1_73' title="bbox 1948 2464 3540 2533; baseline 0.004 -16"><span class='ocrx_word' id='word_1_565' title='bbox 1948 2464 2016 2518; x_wconf 90' lang='lat' dir='ltr'>tis</span> <span class='ocrx_word' id='word_1_566' title='bbox 2046 2472 2152 2518; x_wconf 86' lang='lat' dir='ltr'>tua</span> <span class='ocrx_word' id='word_1_567' title='bbox 2179 2464 2433 2533; x_wconf 89' lang='lat' dir='ltr'>puritate,</span> <span class='ocrx_word' id='word_1_568' title='bbox 2468 2464 2635 2519; x_wconf 89' lang='lat' dir='ltr'>vultui</span> <span class='ocrx_word' id='word_1_569' title='bbox 2689 2464 2878 2518; x_wconf 88' lang='lat' dir='ltr'>Patris.</span> <span class='ocrx_word' id='word_1_570' title='bbox 2913 2465 3097 2519; x_wconf 89' lang='lat' dir='ltr'>Talem</span> <span class='ocrx_word' id='word_1_571' title='bbox 3142 2466 3292 2520; x_wconf 90' lang='lat' dir='ltr'>illum</span> <span class='ocrx_word' id='word_1_572' title='bbox 3341 2466 3540 2523; x_wconf 88' lang='lat' dir='ltr'>offerre</span> 
     </span>
    </p>
   </div>
   <div class='ocr_carea' id='block_1_74' title="bbox 1948 2550 3543 2623">
    <p class='ocr_par' dir='ltr' id='par_1_74' title="bbox 1948 2550 3543 2623">
     <span class='ocr_line' id='line_1_74' title="bbox 1948 2550 3543 2623; baseline 0.003 -18"><span class='ocrx_word' id='word_1_573' title='bbox 1948 2552 1997 2605; x_wconf 89' lang='lat' dir='ltr'>ei</span> <span class='ocrx_word' id='word_1_574' title='bbox 2028 2568 2149 2607; x_wconf 90' lang='lat' dir='ltr'>cum</span> <span class='ocrx_word' id='word_1_575' title='bbox 2195 2552 2545 2606; x_wconf 82' lang='lat' dir='ltr'>exsultatione</span> <span class='ocrx_word' id='word_1_576' title='bbox 2576 2559 2627 2606; x_wconf 90' lang='lat' dir='ltr'>et</span> <span class='ocrx_word' id='word_1_577' title='bbox 2656 2550 2759 2606; x_wconf 81' lang='lat' dir='ltr'>fide</span> <span class='ocrx_word' id='word_1_578' title='bbox 2808 2553 2980 2619; x_wconf 90' lang='lat' dir='ltr'>stude,</span> <span class='ocrx_word' id='word_1_579' title='bbox 3026 2553 3239 2623; x_wconf 89' lang='lat' dir='ltr'>qualem</span> <span class='ocrx_word' id='word_1_580' title='bbox 3288 2571 3413 2609; x_wconf 90' lang='lat' dir='ltr'>eum</span> <span class='ocrx_word' id='word_1_581' title='bbox 3445 2556 3543 2610; x_wconf 92' lang='lat' dir='ltr'>tibi</span> 
     </span>
    </p>
   </div>
   <div class='ocr_carea' id='block_1_75' title="bbox 1946 2639 3541 2713">
    <p class='ocr_par' dir='ltr' id='par_1_75' title="bbox 1946 2639 3541 2713">
     <span class='ocr_line' id='line_1_75' title="bbox 1946 2639 3541 2713; baseline 0.003 -20"><span class='ocrx_word' id='word_1_582' title='bbox 1946 2641 2111 2693; x_wconf 91' lang='lat' dir='ltr'>modo</span> <span class='ocrx_word' id='word_1_583' title='bbox 2154 2640 2593 2695; x_wconf 89' lang='lat' dir='ltr'>monstravimus.</span> <span class='ocrx_word' id='word_1_584' title='bbox 2628 2639 2768 2707; x_wconf 87' lang='lat' dir='ltr'>Quid</span> <span class='ocrx_word' id='word_1_585' title='bbox 2817 2640 2885 2694; x_wconf 90' lang='lat' dir='ltr'>ad</span> <span class='ocrx_word' id='word_1_586' title='bbox 2918 2649 3064 2695; x_wconf 90' lang='lat' dir='ltr'>tuam</span> <span class='ocrx_word' id='word_1_587' title='bbox 3095 2643 3325 2697; x_wconf 86' lang='lat' dir='ltr'>salutem</span> <span class='ocrx_word' id='word_1_588' title='bbox 3371 2645 3541 2713; x_wconf 88' lang='lat' dir='ltr'>perti-</span> 
     </span>
    </p>
   </div>
   <div class='ocr_carea' id='block_1_76' title="bbox 1947 2728 3542 2800">
    <p class='ocr_par' dir='ltr' id='par_1_76' title="bbox 1947 2728 3542 2800">
     <span class='ocr_line' id='line_1_76' title="bbox 1947 2728 3542 2800; baseline 0.004 -19"><span class='ocrx_word' id='word_1_589' title='bbox 1947 2745 2102 2795; x_wconf 88' lang='lat' dir='ltr'>nens,</span> <span class='ocrx_word' id='word_1_590' title='bbox 2155 2728 2209 2781; x_wconf 90' lang='lat' dir='ltr'>in</span> <span class='ocrx_word' id='word_1_591' title='bbox 2233 2729 2333 2782; x_wconf 90' lang='lat' dir='ltr'>hac</span> <span class='ocrx_word' id='word_1_592' title='bbox 2378 2728 2793 2797; x_wconf 88' lang='lat' dir='ltr'>prasentatione</span> <span class='ocrx_word' id='word_1_593' title='bbox 2823 2736 2875 2783; x_wconf 90' lang='lat' dir='ltr'>et</span> <span class='ocrx_word' id='word_1_594' title='bbox 2904 2729 3176 2784; x_wconf 90' lang='lat' dir='ltr'>oblatione</span> <span class='ocrx_word' id='word_1_595' title='bbox 3206 2748 3234 2783; x_wconf 89' lang='lat' dir='ltr'>a</span> <span class='ocrx_word' id='word_1_596' title='bbox 3265 2731 3352 2800; x_wconf 93' lang='lat' dir='ltr'>pio</span> <span class='ocrx_word' id='word_1_597' title='bbox 3386 2733 3542 2787; x_wconf 91' lang='lat' dir='ltr'>Patre</span> 
     </span>
    </p>
   </div>
   <div class='ocr_carea' id='block_1_77' title="bbox 1948 2816 3539 2886">
    <p class='ocr_par' dir='ltr' id='par_1_77' title="bbox 1948 2816 3539 2886">
     <span class='ocr_line' id='line_1_77' title="bbox 1948 2816 3539 2886; baseline 0.002 -16"><span class='ocrx_word' id='word_1_598' title='bbox 1948 2816 2195 2870; x_wconf 89' lang='lat' dir='ltr'>obtinere</span> <span class='ocrx_word' id='word_1_599' title='bbox 2233 2831 2343 2869; x_wconf 91' lang='lat' dir='ltr'>non</span> <span class='ocrx_word' id='word_1_600' title='bbox 2385 2816 2582 2885; x_wconf 87' lang='lat' dir='ltr'>possis,</span> <span class='ocrx_word' id='word_1_601' title='bbox 2613 2831 2775 2870; x_wconf 88' lang='lat' dir='ltr'>orans</span> <span class='ocrx_word' id='word_1_602' title='bbox 2807 2823 2860 2869; x_wconf 89' lang='lat' dir='ltr'>et</span> <span class='ocrx_word' id='word_1_603' title='bbox 2886 2824 3076 2886; x_wconf 87' lang='lat' dir='ltr'>petens</span> <span class='ocrx_word' id='word_1_604' title='bbox 3116 2817 3170 2870; x_wconf 90' lang='lat' dir='ltr'>in</span> <span class='ocrx_word' id='word_1_605' title='bbox 3203 2820 3422 2874; x_wconf 88' lang='lat' dir='ltr'>nomine</span> <span class='ocrx_word' id='word_1_606' title='bbox 3451 2821 3539 2873; x_wconf 90' lang='lat' dir='ltr'>di-</span> 
     </span>
    </p>
   </div>
   <div class='ocr_carea' id='block_1_78' title="bbox 1948 2902 3543 2977">
    <p class='ocr_par' dir='ltr' id='par_1_78' title="bbox 1948 2902 3543 2977">
     <span class='ocr_line' id='line_1_78' title="bbox 1948 2902 3543 2977; baseline 0.004 -21"><span class='ocrx_word' id='word_1_607' title='bbox 1948 2903 2071 2958; x_wconf 90' lang='lat' dir='ltr'>lecti</span> <span class='ocrx_word' id='word_1_608' title='bbox 2100 2903 2217 2956; x_wconf 89' lang='lat' dir='ltr'>Filii</span> <span class='ocrx_word' id='word_1_609' title='bbox 2247 2904 2349 2968; x_wconf 92' lang='lat' dir='ltr'>sui,</span> <span class='ocrx_word' id='word_1_610' title='bbox 2382 2903 2428 2957; x_wconf 93' lang='lat' dir='ltr'>si</span> <span class='ocrx_word' id='word_1_611' title='bbox 2458 2902 2593 2957; x_wconf 84' lang='lat' dir='ltr'>fides</span> <span class='ocrx_word' id='word_1_612' title='bbox 2622 2902 2677 2956; x_wconf 89' lang='lat' dir='ltr'>in</span> <span class='ocrx_word' id='word_1_613' title='bbox 2709 2911 2757 2957; x_wconf 90' lang='lat' dir='ltr'>te</span> <span class='ocrx_word' id='word_1_614' title='bbox 2788 2919 2895 2957; x_wconf 90' lang='lat' dir='ltr'>non</span> <span class='ocrx_word' id='word_1_615' title='bbox 2926 2904 3165 2972; x_wconf 87' lang='lat' dir='ltr'>ﬂuctuat,</span> <span class='ocrx_word' id='word_1_616' title='bbox 3200 2907 3242 2959; x_wconf 93' lang='lat' dir='ltr'>si</span> <span class='ocrx_word' id='word_1_617' title='bbox 3276 2923 3401 2977; x_wconf 92' lang='lat' dir='ltr'>spes</span> <span class='ocrx_word' id='word_1_618' title='bbox 3431 2926 3543 2962; x_wconf 90' lang='lat' dir='ltr'>non</span> 
     </span>
    </p>
   </div>
   <div class='ocr_carea' id='block_1_79' title="bbox 1951 2990 3543 3065">
    <p class='ocr_par' dir='ltr' id='par_1_79' title="bbox 1951 2990 3543 3065">
     <span class='ocr_line' id='line_1_79' title="bbox 1951 2990 3543 3065; baseline 0.004 -21"><span class='ocrx_word' id='word_1_619' title='bbox 1951 2990 2162 3056; x_wconf 66' lang='lat' dir='ltr'>ditiidit,</span> <span class='ocrx_word' id='word_1_620' title='bbox 2194 2991 2239 3043; x_wconf 91' lang='lat' dir='ltr'>si</span> <span class='ocrx_word' id='word_1_621' title='bbox 2268 2992 2501 3046; x_wconf 87' lang='lat' dir='ltr'>charitas</span> <span class='ocrx_word' id='word_1_622' title='bbox 2530 3008 2639 3045; x_wconf 92' lang='lat' dir='ltr'>non</span> <span class='ocrx_word' id='word_1_623' title='bbox 2668 2992 2941 3061; x_wconf 81' lang='lat' dir='ltr'>tepescit?</span> <span class='ocrx_word' id='word_1_624' title='bbox 2972 2993 3197 3046; x_wconf 89' lang='lat' dir='ltr'>Intende</span> <span class='ocrx_word' id='word_1_625' title='bbox 3241 3011 3456 3065; x_wconf 91' lang='lat' dir='ltr'>quoque</span> <span class='ocrx_word' id='word_1_626' title='bbox 3489 2997 3543 3049; x_wconf 92' lang='lat' dir='ltr'>in</span> 
     </span>
    </p>
   </div>
   <div class='ocr_carea' id='block_1_80' title="bbox 1950 3079 3540 3148">
    <p class='ocr_par' dir='ltr' id='par_1_80' title="bbox 1950 3079 3540 3148">
     <span class='ocr_line' id='line_1_80' title="bbox 1950 3079 3540 3148; baseline 0.003 -16"><span class='ocrx_word' id='word_1_627' title='bbox 1950 3079 2034 3132; x_wconf 92' lang='lat' dir='ltr'>his</span> <span class='ocrx_word' id='word_1_628' title='bbox 2065 3087 2116 3132; x_wconf 91' lang='lat' dir='ltr'>et</span> <span class='ocrx_word' id='word_1_629' title='bbox 2145 3079 2276 3148; x_wconf 92' lang='lat' dir='ltr'>ipsis</span> <span class='ocrx_word' id='word_1_630' title='bbox 2306 3079 2485 3134; x_wconf 89' lang='lat' dir='ltr'>verbis</span> <span class='ocrx_word' id='word_1_631' title='bbox 2514 3087 2617 3132; x_wconf 90' lang='lat' dir='ltr'>tua</span> <span class='ocrx_word' id='word_1_632' title='bbox 2664 3079 2956 3148; x_wconf 89' lang='lat' dir='ltr'>petitionis,</span> <span class='ocrx_word' id='word_1_633' title='bbox 2993 3088 3045 3134; x_wconf 88' lang='lat' dir='ltr'>et</span> <span class='ocrx_word' id='word_1_634' title='bbox 3073 3088 3198 3134; x_wconf 88' lang='lat' dir='ltr'>ante</span> <span class='ocrx_word' id='word_1_635' title='bbox 3230 3082 3403 3135; x_wconf 90' lang='lat' dir='ltr'>Deum</span> <span class='ocrx_word' id='word_1_636' title='bbox 3436 3085 3540 3136; x_wconf 90' lang='lat' dir='ltr'>Pa-</span> 
     </span>
    </p>
   </div>
   <div class='ocr_carea' id='block_1_81' title="bbox 1951 3166 3543 3235">
    <p class='ocr_par' dir='ltr' id='par_1_81' title="bbox 1951 3166 3543 3235">
     <span class='ocr_line' id='line_1_81' title="bbox 1951 3166 3543 3235; baseline 0.003 -16"><span class='ocrx_word' id='word_1_637' title='bbox 1951 3173 2091 3220; x_wconf 91' lang='lat' dir='ltr'>trem</span> <span class='ocrx_word' id='word_1_638' title='bbox 2138 3166 2562 3235; x_wconf 90' lang='lat' dir='ltr'>omnipotentem</span> <span class='ocrx_word' id='word_1_639' title='bbox 2612 3182 2799 3221; x_wconf 89' lang='lat' dir='ltr'>coram</span> <span class='ocrx_word' id='word_1_640' title='bbox 2847 3174 2955 3221; x_wconf 90' lang='lat' dir='ltr'>tota</span> <span class='ocrx_word' id='word_1_641' title='bbox 3001 3168 3093 3222; x_wconf 88' lang='lat' dir='ltr'>illa</span> <span class='ocrx_word' id='word_1_642' title='bbox 3140 3169 3347 3223; x_wconf 78' lang='lat' dir='ltr'>caelesti</span> <span class='ocrx_word' id='word_1_643' title='bbox 3394 3171 3543 3225; x_wconf 87' lang='lat' dir='ltr'>curia</span> 
     </span>
    </p>
   </div>
   <div class='ocr_carea' id='block_1_82' title="bbox 1951 3255 3545 3329">
    <p class='ocr_par' dir='ltr' id='par_1_82' title="bbox 1951 3255 3545 3329">
     <span class='ocr_line' id='line_1_82' title="bbox 1951 3255 3545 3329; baseline 0.004 -22"><span class='ocrx_word' id='word_1_644' title='bbox 1951 3264 2119 3318; x_wconf 90' lang='lat' dir='ltr'>stans,</span> <span class='ocrx_word' id='word_1_645' title='bbox 2155 3262 2205 3308; x_wconf 91' lang='lat' dir='ltr'>et</span> <span class='ocrx_word' id='word_1_646' title='bbox 2233 3255 2555 3308; x_wconf 87' lang='lat' dir='ltr'>advocatum</span> <span class='ocrx_word' id='word_1_647' title='bbox 2604 3262 2752 3307; x_wconf 88' lang='lat' dir='ltr'>tuum</span> <span class='ocrx_word' id='word_1_648' title='bbox 2802 3255 2947 3308; x_wconf 88' lang='lat' dir='ltr'>Patri</span> <span class='ocrx_word' id='word_1_649' title='bbox 2995 3264 3355 3328; x_wconf 83' lang='lat' dir='ltr'>prasentans,</span> <span class='ocrx_word' id='word_1_650' title='bbox 3398 3260 3545 3329; x_wconf 89' lang='lat' dir='ltr'>quod</span> 
     </span>
    </p>
   </div>
   <div class='ocr_carea' id='block_1_83' title="bbox 1952 3342 3545 3408">
    <p class='ocr_par' dir='ltr' id='par_1_83' title="bbox 1952 3342 3545 3408">
     <span class='ocr_line' id='line_1_83' title="bbox 1952 3342 3545 3408; baseline 0.003 -12"><span class='ocrx_word' id='word_1_651' title='bbox 1952 3342 2089 3397; x_wconf 91' lang='lat' dir='ltr'>dicis</span> <span class='ocrx_word' id='word_1_652' title='bbox 2135 3357 2249 3407; x_wconf 91' lang='lat' dir='ltr'>ore,</span> <span class='ocrx_word' id='word_1_653' title='bbox 2286 3342 2531 3397; x_wconf 84' lang='lat' dir='ltr'>revolvas</span> <span class='ocrx_word' id='word_1_654' title='bbox 2562 3342 2615 3395; x_wconf 89' lang='lat' dir='ltr'>in</span> <span class='ocrx_word' id='word_1_655' title='bbox 2663 3343 2865 3408; x_wconf 86' lang='lat' dir='ltr'>corde;</span> <span class='ocrx_word' id='word_1_656' title='bbox 2900 3352 2955 3396; x_wconf 90' lang='lat' dir='ltr'>ut</span> <span class='ocrx_word' id='word_1_657' title='bbox 2982 3344 3278 3399; x_wconf 88' lang='lat' dir='ltr'>concordet</span> <span class='ocrx_word' id='word_1_658' title='bbox 3320 3361 3419 3400; x_wconf 85' lang='lat' dir='ltr'>vox</span> <span class='ocrx_word' id='word_1_659' title='bbox 3453 3354 3545 3400; x_wconf 89' lang='lat' dir='ltr'>tua</span> 
     </span>
    </p>
   </div>
   <div class='ocr_carea' id='block_1_84' title="bbox 1951 3430 3534 3502">
    <p class='ocr_par' dir='ltr' id='par_1_84' title="bbox 1951 3430 3534 3502">
     <span class='ocr_line' id='line_1_84' title="bbox 1951 3430 3534 3502; baseline 0.001 -17"><span class='ocrx_word' id='word_1_660' title='bbox 1951 3447 2073 3486; x_wconf 91' lang='lat' dir='ltr'>cum</span> <span class='ocrx_word' id='word_1_661' title='bbox 2104 3438 2285 3483; x_wconf 88' lang='lat' dir='ltr'>mente</span> <span class='ocrx_word' id='word_1_662' title='bbox 2334 3437 2443 3495; x_wconf 89' lang='lat' dir='ltr'>tua,</span> <span class='ocrx_word' id='word_1_663' title='bbox 2477 3437 2529 3483; x_wconf 90' lang='lat' dir='ltr'>et</span> <span class='ocrx_word' id='word_1_664' title='bbox 2558 3430 2661 3484; x_wconf 87' lang='lat' dir='ltr'>hoc</span> <span class='ocrx_word' id='word_1_665' title='bbox 2693 3431 2893 3501; x_wconf 88' lang='lat' dir='ltr'>cogitet</span> <span class='ocrx_word' id='word_1_666' title='bbox 2924 3430 3015 3484; x_wconf 87' lang='lat' dir='ltr'>illa</span> <span class='ocrx_word' id='word_1_667' title='bbox 3045 3433 3189 3502; x_wconf 91' lang='lat' dir='ltr'>quod</span> <span class='ocrx_word' id='word_1_668' title='bbox 3220 3442 3374 3487; x_wconf 89' lang='lat' dir='ltr'>sonat</span> <span class='ocrx_word' id='word_1_669' title='bbox 3406 3434 3534 3487; x_wconf 89' lang='lat' dir='ltr'>ista.</span> 
     </span>
    </p>
   </div>
   <div class='ocr_carea' id='block_1_85' title="bbox 1952 3517 3541 3591">
    <p class='ocr_par' dir='ltr' id='par_1_85' title="bbox 1952 3517 3541 3591">
     <span class='ocr_line' id='line_1_85' title="bbox 1952 3517 3541 3591; baseline 0.003 -20"><span class='ocrx_word' id='word_1_670' title='bbox 1952 3520 2066 3573; x_wconf 84' lang='lat' dir='ltr'>Hoc</span> <span class='ocrx_word' id='word_1_671' title='bbox 2097 3526 2178 3571; x_wconf 91' lang='lat' dir='ltr'>est</span> <span class='ocrx_word' id='word_1_672' title='bbox 2208 3518 2352 3588; x_wconf 89' lang='lat' dir='ltr'>quod</span> <span class='ocrx_word' id='word_1_673' title='bbox 2384 3517 2634 3587; x_wconf 90' lang='lat' dir='ltr'>superius</span> <span class='ocrx_word' id='word_1_674' title='bbox 2665 3517 2820 3571; x_wconf 92' lang='lat' dir='ltr'>tertio</span> <span class='ocrx_word' id='word_1_675' title='bbox 2852 3517 2971 3572; x_wconf 90' lang='lat' dir='ltr'>loco</span> <span class='ocrx_word' id='word_1_676' title='bbox 3014 3518 3312 3588; x_wconf 90' lang='lat' dir='ltr'>posuimus,</span> <span class='ocrx_word' id='word_1_677' title='bbox 3346 3530 3541 3591; x_wconf 84' lang='lat' dir='ltr'>quate-</span> 
     </span>
    </p>
   </div>
   <div class='ocr_carea' id='block_1_86' title="bbox 1950 3604 3547 3676">
    <p class='ocr_par' dir='ltr' id='par_1_86' title="bbox 1950 3604 3547 3676">
     <span class='ocr_line' id='line_1_86' title="bbox 1950 3604 3547 3676; baseline 0.003 -19"><span class='ocrx_word' id='word_1_678' title='bbox 1950 3620 2052 3658; x_wconf 90' lang='lat' dir='ltr'>nus</span> <span class='ocrx_word' id='word_1_679' title='bbox 2083 3604 2161 3659; x_wconf 91' lang='lat' dir='ltr'>sic</span> <span class='ocrx_word' id='word_1_680' title='bbox 2189 3604 2339 3658; x_wconf 91' lang='lat' dir='ltr'>illum</span> <span class='ocrx_word' id='word_1_681' title='bbox 2365 3605 2608 3659; x_wconf 88' lang='lat' dir='ltr'>attendas</span> <span class='ocrx_word' id='word_1_682' title='bbox 2641 3622 2801 3676; x_wconf 90' lang='lat' dir='ltr'>quem</span> <span class='ocrx_word' id='word_1_683' title='bbox 2847 3621 2995 3670; x_wconf 89' lang='lat' dir='ltr'>oras,</span> <span class='ocrx_word' id='word_1_684' title='bbox 3031 3614 3086 3659; x_wconf 91' lang='lat' dir='ltr'>ut</span> <span class='ocrx_word' id='word_1_685' title='bbox 3114 3607 3389 3661; x_wconf 89' lang='lat' dir='ltr'>attendere</span> <span class='ocrx_word' id='word_1_686' title='bbox 3436 3624 3547 3663; x_wconf 90' lang='lat' dir='ltr'>non</span> 
     </span>
    </p>
   </div>
   <div class='ocr_carea' id='block_1_87' title="bbox 1952 3692 3547 3766">
    <p class='ocr_par' dir='ltr' id='par_1_87' title="bbox 1952 3692 3547 3766">
     <span class='ocr_line' id='line_1_87' title="bbox 1952 3692 3547 3766; baseline 0.003 -20"><span class='ocrx_word' id='word_1_687' title='bbox 1952 3692 2167 3747; x_wconf 88' lang='lat' dir='ltr'>omittas</span> <span class='ocrx_word' id='word_1_688' title='bbox 2200 3693 2327 3763; x_wconf 90' lang='lat' dir='ltr'>quid</span> <span class='ocrx_word' id='word_1_689' title='bbox 2351 3693 2481 3747; x_wconf 91' lang='lat' dir='ltr'>illud</span> <span class='ocrx_word' id='word_1_690' title='bbox 2510 3693 2596 3759; x_wconf 91' lang='lat' dir='ltr'>sit,</span> <span class='ocrx_word' id='word_1_691' title='bbox 2631 3694 2773 3764; x_wconf 93' lang='lat' dir='ltr'>quod</span> <span class='ocrx_word' id='word_1_692' title='bbox 2804 3709 2947 3759; x_wconf 89' lang='lat' dir='ltr'>oras,</span> <span class='ocrx_word' id='word_1_693' title='bbox 2980 3701 3037 3747; x_wconf 91' lang='lat' dir='ltr'>ut</span> <span class='ocrx_word' id='word_1_694' title='bbox 3070 3695 3212 3765; x_wconf 92' lang='lat' dir='ltr'>quod</span> <span class='ocrx_word' id='word_1_695' title='bbox 3240 3696 3427 3766; x_wconf 87' lang='lat' dir='ltr'>lingua</span> <span class='ocrx_word' id='word_1_696' title='bbox 3458 3713 3547 3751; x_wconf 91' lang='lat' dir='ltr'>so-</span> 
     </span>
    </p>
   </div>
   <div class='ocr_carea' id='block_1_88' title="bbox 1951 3776 3545 3853">
    <p class='ocr_par' dir='ltr' id='par_1_88' title="bbox 1951 3776 3545 3853">
     <span class='ocr_line' id='line_1_88' title="bbox 1951 3776 3545 3853; baseline 0.004 -20"><span class='ocrx_word' id='word_1_697' title='bbox 1951 3789 2065 3846; x_wconf 88' lang='lat' dir='ltr'>nat,</span> <span class='ocrx_word' id='word_1_698' title='bbox 2098 3781 2311 3835; x_wconf 89' lang='lat' dir='ltr'>animus</span> <span class='ocrx_word' id='word_1_699' title='bbox 2357 3780 2641 3853; x_wconf 88' lang='lat' dir='ltr'>intelligat.</span> <span class='ocrx_word' id='word_1_700' title='bbox 2693 3783 2826 3847; x_wconf 89' lang='lat' dir='ltr'>Hoc,</span> <span class='ocrx_word' id='word_1_701' title='bbox 2860 3782 2960 3844; x_wconf 90' lang='lat' dir='ltr'>ais,</span> <span class='ocrx_word' id='word_1_702' title='bbox 3011 3782 3077 3835; x_wconf 90' lang='lat' dir='ltr'>ab</span> <span class='ocrx_word' id='word_1_703' title='bbox 3123 3783 3376 3837; x_wconf 91' lang='lat' dir='ltr'>omnibus</span> <span class='ocrx_word' id='word_1_704' title='bbox 3426 3776 3545 3839; x_wconf 82' lang='lat' dir='ltr'>fieri</span> 
     </span>
    </p>
   </div>
   <div class='ocr_carea' id='block_1_89' title="bbox 1951 3869 3545 3941">
    <p class='ocr_par' dir='ltr' id='par_1_89' title="bbox 1951 3869 3545 3941">
     <span class='ocr_line' id='line_1_89' title="bbox 1951 3869 3545 3941; baseline 0.004 -19"><span class='ocrx_word' id='word_1_705' title='bbox 1951 3884 2061 3923; x_wconf 89' lang='lat' dir='ltr'>non</span> <span class='ocrx_word' id='word_1_706' title='bbox 2088 3877 2285 3939; x_wconf 89' lang='lat' dir='ltr'>potest,</span> <span class='ocrx_word' id='word_1_707' title='bbox 2321 3877 2378 3923; x_wconf 91' lang='lat' dir='ltr'>ut</span> <span class='ocrx_word' id='word_1_708' title='bbox 2409 3869 2553 3940; x_wconf 91' lang='lat' dir='ltr'>quod</span> <span class='ocrx_word' id='word_1_709' title='bbox 2586 3886 2771 3925; x_wconf 88' lang='lat' dir='ltr'>eorum</span> <span class='ocrx_word' id='word_1_710' title='bbox 2799 3870 2987 3941; x_wconf 88' lang='lat' dir='ltr'>lingua</span> <span class='ocrx_word' id='word_1_711' title='bbox 3015 3878 3189 3939; x_wconf 86' lang='lat' dir='ltr'>sonat,</span> <span class='ocrx_word' id='word_1_712' title='bbox 3222 3872 3325 3927; x_wconf 91' lang='lat' dir='ltr'>hoc</span> <span class='ocrx_word' id='word_1_713' title='bbox 3356 3889 3545 3927; x_wconf 91' lang='lat' dir='ltr'>eorum</span> 
     </span>
    </p>
   </div>
   <div class='ocr_carea' id='block_1_90' title="bbox 1954 3957 3546 4032">
    <p class='ocr_par' dir='ltr' id='par_1_90' title="bbox 1954 3957 3546 4032">
     <span class='ocr_line' id='line_1_90' title="bbox 1954 3957 3546 4032; baseline 0.003 -22"><span class='ocrx_word' id='word_1_714' title='bbox 1954 3957 2167 4011; x_wconf 88' lang='lat' dir='ltr'>animus</span> <span class='ocrx_word' id='word_1_715' title='bbox 2196 3957 2460 4029; x_wconf 87' lang='lat' dir='ltr'>intelligat</span> <span class='ocrx_word' id='word_1_716' title='bbox 2495 3974 2507 4013; x_wconf 91' lang='lat'><strong>:</strong></span> <span class='ocrx_word' id='word_1_717' title='bbox 2540 3974 2640 4013; x_wconf 90' lang='lat' dir='ltr'>nec</span> <span class='ocrx_word' id='word_1_718' title='bbox 2670 3958 2791 4014; x_wconf 92' lang='lat' dir='ltr'>dico</span> <span class='ocrx_word' id='word_1_719' title='bbox 2822 3959 3163 4014; x_wconf 90' lang='lat' dir='ltr'>solummodo</span> <span class='ocrx_word' id='word_1_720' title='bbox 3204 3969 3426 4032; x_wconf 90' lang='lat' dir='ltr'>pr0pter</span> <span class='ocrx_word' id='word_1_721' title='bbox 3457 3962 3546 4015; x_wconf 91' lang='lat' dir='ltr'>in-</span> 
     </span>
    </p>
   </div>
   <div class='ocr_carea' id='block_1_91' title="bbox 1954 4045 3547 4120">
    <p class='ocr_par' dir='ltr' id='par_1_91' title="bbox 1954 4045 3547 4120">
     <span class='ocr_line' id='line_1_91' title="bbox 1954 4045 3547 4120; baseline 0.004 -22"><span class='ocrx_word' id='word_1_722' title='bbox 1954 4045 2296 4100; x_wconf 88' lang='lat' dir='ltr'>stabilitatem</span> <span class='ocrx_word' id='word_1_723' title='bbox 2342 4063 2460 4117; x_wconf 84' lang='lat' dir='ltr'>qua</span> <span class='ocrx_word' id='word_1_724' title='bbox 2490 4046 2545 4099; x_wconf 91' lang='lat' dir='ltr'>in</span> <span class='ocrx_word' id='word_1_725' title='bbox 2584 4062 2771 4101; x_wconf 91' lang='lat' dir='ltr'>eorum</span> <span class='ocrx_word' id='word_1_726' title='bbox 2818 4054 2998 4101; x_wconf 90' lang='lat' dir='ltr'>mente</span> <span class='ocrx_word' id='word_1_727' title='bbox 3049 4055 3147 4113; x_wconf 90' lang='lat' dir='ltr'>est,</span> <span class='ocrx_word' id='word_1_728' title='bbox 3184 4049 3281 4103; x_wconf 90' lang='lat' dir='ltr'>sed</span> <span class='ocrx_word' id='word_1_729' title='bbox 3322 4057 3547 4120; x_wconf 90' lang='lat' dir='ltr'>propter</span> 
     </span>
    </p>
   </div>
   <div class='ocr_carea' id='block_1_92' title="bbox 1951 4133 3546 4206">
    <p class='ocr_par' dir='ltr' id='par_1_92' title="bbox 1951 4133 3546 4206">
     <span class='ocr_line' id='line_1_92' title="bbox 1951 4133 3546 4206; baseline 0.003 -20"><span class='ocrx_word' id='word_1_730' title='bbox 1951 4133 2313 4204; x_wconf 87' lang='lat' dir='ltr'>ignorantiam</span> <span class='ocrx_word' id='word_1_731' title='bbox 2345 4150 2465 4204; x_wconf 85' lang='lat' dir='ltr'>qua</span> <span class='ocrx_word' id='word_1_732' title='bbox 2495 4134 2550 4186; x_wconf 90' lang='lat' dir='ltr'>in</span> <span class='ocrx_word' id='word_1_733' title='bbox 2579 4134 2684 4187; x_wconf 91' lang='lat' dir='ltr'>illis</span> <span class='ocrx_word' id='word_1_734' title='bbox 2715 4143 2816 4188; x_wconf 89' lang='lat' dir='ltr'>est.</span> <span class='ocrx_word' id='word_1_735' title='bbox 2846 4136 2988 4188; x_wconf 88' lang='lat' dir='ltr'>Nam</span> <span class='ocrx_word' id='word_1_736' title='bbox 3034 4143 3159 4189; x_wconf 91' lang='lat' dir='ltr'>sunt</span> <span class='ocrx_word' id='word_1_737' title='bbox 3198 4137 3546 4206; x_wconf 89' lang='lat' dir='ltr'>quamplures</span> 
     </span>
    </p>
   </div>
   <div class='ocr_carea' id='block_1_93' title="bbox 1954 4220 3542 4294">
    <p class='ocr_par' dir='ltr' id='par_1_93' title="bbox 1954 4220 3542 4294">
     <span class='ocr_line' id='line_1_93' title="bbox 1954 4220 3542 4294; baseline 0.003 -21"><span class='ocrx_word' id='word_1_738' title='bbox 1954 4221 2043 4291; x_wconf 88' lang='lat' dir='ltr'>qui</span> <span class='ocrx_word' id='word_1_739' title='bbox 2072 4221 2187 4274; x_wconf 83' lang='lat' dir='ltr'>fere</span> <span class='ocrx_word' id='word_1_740' title='bbox 2218 4220 2349 4272; x_wconf 89' lang='lat' dir='ltr'>nihil</span> <span class='ocrx_word' id='word_1_741' title='bbox 2394 4235 2579 4274; x_wconf 88' lang='lat' dir='ltr'>eorum</span> <span class='ocrx_word' id='word_1_742' title='bbox 2629 4238 2747 4291; x_wconf 86' lang='lat' dir='ltr'>qua</span> <span class='ocrx_word' id='word_1_743' title='bbox 2793 4221 2977 4276; x_wconf 91' lang='lat' dir='ltr'>dicunt</span> <span class='ocrx_word' id='word_1_744' title='bbox 3008 4222 3309 4294; x_wconf 88' lang='lat' dir='ltr'>intelligere</span> <span class='ocrx_word' id='word_1_745' title='bbox 3345 4224 3542 4290; x_wconf 86' lang='lat' dir='ltr'>valent,</span> 
     </span>
    </p>
   </div>
   <div class='ocr_carea' id='block_1_94' title="bbox 258 4304 3546 4380">
    <p class='ocr_par' dir='ltr' id='par_1_94' title="bbox 258 4304 3546 4380">
     <span class='ocr_line' id='line_1_94' title="bbox 258 4304 3546 4380; baseline 0.001 -17"><span class='ocrx_word' id='word_1_746' title='bbox 258 4310 315 4363; x_wconf 91' lang='lat' dir='ltr'>in</span> <span class='ocrx_word' id='word_1_747' title='bbox 344 4312 517 4376; x_wconf 91' lang='lat' dir='ltr'>thure,</span> <span class='ocrx_word' id='word_1_748' title='bbox 569 4327 664 4365; x_wconf 87' lang='lat' dir='ltr'>rex</span> <span class='ocrx_word' id='word_1_749' title='bbox 717 4311 1058 4380; x_wconf 88' lang='lat' dir='ltr'>omnipotens</span> <span class='ocrx_word' id='word_1_750' title='bbox 1101 4310 1156 4363; x_wconf 90' lang='lat' dir='ltr'>in</span> <span class='ocrx_word' id='word_1_751' title='bbox 1202 4325 1356 4377; x_wconf 90' lang='lat' dir='ltr'>auro,</span> <span class='ocrx_word' id='word_1_752' title='bbox 1406 4310 1568 4364; x_wconf 88' lang='lat' dir='ltr'>homo</span> <span class='ocrx_word' id='word_1_753' title='bbox 1612 4325 1771 4363; x_wconf 90' lang='lat' dir='ltr'>verus</span> <span class='ocrx_word' id='word_1_754' title='bbox 1801 4304 1925 4363; x_wconf 90' lang='lat' dir='ltr'>etD</span> <span class='ocrx_word' id='word_1_755' title='bbox 1956 4308 2083 4379; x_wconf 90' lang='lat' dir='ltr'>quia</span> <span class='ocrx_word' id='word_1_756' title='bbox 2112 4308 2312 4361; x_wconf 90' lang='lat' dir='ltr'>nullam</span> <span class='ocrx_word' id='word_1_757' title='bbox 2358 4324 2515 4377; x_wconf 87' lang='lat' dir='ltr'>pene,</span> <span class='ocrx_word' id='word_1_758' title='bbox 2551 4316 2805 4379; x_wconf 86' lang='lat' dir='ltr'>quantum</span> <span class='ocrx_word' id='word_1_759' title='bbox 2856 4310 2924 4363; x_wconf 90' lang='lat' dir='ltr'>ad</span> <span class='ocrx_word' id='word_1_760' title='bbox 2955 4309 3306 4375; x_wconf 90' lang='lat' dir='ltr'>intellectum,</span> <span class='ocrx_word' id='word_1_761' title='bbox 3340 4312 3546 4366; x_wconf 88' lang='lat' dir='ltr'>littera—</span> 
     </span>
    </p>
   </div>
   <div class='ocr_carea' id='block_1_95' title="bbox 261 4396 1856 4468">
    <p class='ocr_par' dir='ltr' id='par_1_95' title="bbox 261 4396 1856 4468">
     <span class='ocr_line' id='line_1_95' title="bbox 261 4396 1856 4468; baseline -0.003 -15"><span class='ocrx_word' id='word_1_762' title='bbox 261 4399 434 4453; x_wconf 89' lang='lat' dir='ltr'>adhuc</span> <span class='ocrx_word' id='word_1_763' title='bbox 487 4398 730 4453; x_wconf 88' lang='lat' dir='ltr'>mortalis</span> <span class='ocrx_word' id='word_1_764' title='bbox 787 4398 843 4451; x_wconf 91' lang='lat' dir='ltr'>in</span> <span class='ocrx_word' id='word_1_765' title='bbox 890 4399 1125 4468; x_wconf 87' lang='lat' dir='ltr'>myrrha.</span> <span class='ocrx_word' id='word_1_766' title='bbox 1187 4400 1460 4466; x_wconf 83' lang='lat' dir='ltr'>Appareat</span> <span class='ocrx_word' id='word_1_767' title='bbox 1501 4396 1613 4461; x_wconf 88' lang='lat' dir='ltr'>tibi,</span> <span class='ocrx_word' id='word_1_768' title='bbox 1667 4396 1856 4450; x_wconf 90' lang='lat' dir='ltr'>matris</span> 
     </span>
    </p>
   </div>
   <div class='ocr_carea' id='block_1_96' title="bbox 262 4483 1856 4557">
    <p class='ocr_par' dir='ltr' id='par_1_96' title="bbox 262 4483 1856 4557">
     <span class='ocr_line' id='line_1_96' title="bbox 262 4483 1856 4557; baseline -0.001 -18"><span class='ocrx_word' id='word_1_769' title='bbox 262 4486 493 4557; x_wconf 88' lang='lat' dir='ltr'>virginis</span> <span class='ocrx_word' id='word_1_770' title='bbox 521 4486 693 4540; x_wconf 90' lang='lat' dir='ltr'>ubera</span> <span class='ocrx_word' id='word_1_771' title='bbox 741 4501 965 4556; x_wconf 90' lang='lat' dir='ltr'>sugens,</span> <span class='ocrx_word' id='word_1_772' title='bbox 997 4484 1192 4555; x_wconf 91' lang='lat' dir='ltr'>pannis</span> <span class='ocrx_word' id='word_1_773' title='bbox 1221 4484 1511 4552; x_wconf 89' lang='lat' dir='ltr'>involutus,</span> <span class='ocrx_word' id='word_1_774' title='bbox 1543 4483 1597 4537; x_wconf 91' lang='lat' dir='ltr'>in</span> <span class='ocrx_word' id='word_1_775' title='bbox 1628 4483 1856 4554; x_wconf 88' lang='lat' dir='ltr'>prasepi</span> 
     </span>
    </p>
   </div>
   <div class='ocr_carea' id='block_1_97' title="bbox 264 4572 1853 4643">
    <p class='ocr_par' dir='ltr' id='par_1_97' title="bbox 264 4572 1853 4643">
     <span class='ocr_line' id='line_1_97' title="bbox 264 4572 1853 4643; baseline -0.003 -15"><span class='ocrx_word' id='word_1_776' title='bbox 264 4574 487 4643; x_wconf 91' lang='lat' dir='ltr'>positus,</span> <span class='ocrx_word' id='word_1_777' title='bbox 534 4573 935 4629; x_wconf 89' lang='lat' dir='ltr'>circumcisioni</span> <span class='ocrx_word' id='word_1_778' title='bbox 964 4573 1255 4641; x_wconf 81' lang='lat' dir='ltr'>subjectus,</span> <span class='ocrx_word' id='word_1_779' title='bbox 1287 4572 1341 4625; x_wconf 92' lang='lat' dir='ltr'>in</span> <span class='ocrx_word' id='word_1_780' title='bbox 1373 4572 1575 4641; x_wconf 91' lang='lat' dir='ltr'>templo</span> <span class='ocrx_word' id='word_1_781' title='bbox 1621 4572 1853 4637; x_wconf 89' lang='lat' dir='ltr'>oblatus,</span> 
     </span>
    </p>
   </div>
   <div class='ocr_carea' id='block_1_98' title="bbox 264 4658 1859 4732">
    <p class='ocr_par' dir='ltr' id='par_1_98' title="bbox 264 4658 1859 4732">
     <span class='ocr_line' id='line_1_98' title="bbox 264 4658 1859 4732; baseline -0.001 -17"><span class='ocrx_word' id='word_1_782' title='bbox 264 4660 478 4732; x_wconf 87' lang='lat' dir='ltr'>fugiens</span> <span class='ocrx_word' id='word_1_783' title='bbox 509 4660 771 4731; x_wconf 89' lang='lat' dir='ltr'>obsequio</span> <span class='ocrx_word' id='word_1_784' title='bbox 800 4666 1085 4730; x_wconf 89' lang='lat' dir='ltr'>parentum</span> <span class='ocrx_word' id='word_1_785' title='bbox 1112 4659 1169 4712; x_wconf 89' lang='lat' dir='ltr'>in</span> <span class='ocrx_word' id='word_1_786' title='bbox 1194 4660 1505 4730; x_wconf 68' lang='lat' dir='ltr'>Egyptum,</span> <span class='ocrx_word' id='word_1_787' title='bbox 1540 4667 1589 4714; x_wconf 91' lang='lat' dir='ltr'>et</span> <span class='ocrx_word' id='word_1_788' title='bbox 1616 4658 1742 4714; x_wconf 92' lang='lat' dir='ltr'>inde</span> <span class='ocrx_word' id='word_1_789' title='bbox 1772 4676 1859 4713; x_wconf 89' lang='lat' dir='ltr'>re-</span> 
     </span>
    </p>
   </div>
   <div class='ocr_carea' id='block_1_99' title="bbox 264 4747 1857 4817">
    <p class='ocr_par' dir='ltr' id='par_1_99' title="bbox 264 4747 1857 4817">
     <span class='ocr_line' id='line_1_99' title="bbox 264 4747 1857 4817; baseline -0.002 -15"><span class='ocrx_word' id='word_1_790' title='bbox 264 4748 456 4815; x_wconf 82' lang='lat' dir='ltr'>diens;</span> <span class='ocrx_word' id='word_1_791' title='bbox 486 4749 731 4802; x_wconf 91' lang='lat' dir='ltr'>subditus</span> <span class='ocrx_word' id='word_1_792' title='bbox 781 4748 1118 4817; x_wconf 90' lang='lat' dir='ltr'>parentibus,</span> <span class='ocrx_word' id='word_1_793' title='bbox 1153 4747 1432 4817; x_wconf 88' lang='lat' dir='ltr'>sapientia,</span> <span class='ocrx_word' id='word_1_794' title='bbox 1464 4754 1618 4802; x_wconf 87' lang='lat' dir='ltr'>atate</span> <span class='ocrx_word' id='word_1_795' title='bbox 1649 4755 1700 4801; x_wconf 90' lang='lat' dir='ltr'>et</span> <span class='ocrx_word' id='word_1_796' title='bbox 1729 4763 1857 4817; x_wconf 85' lang='lat' dir='ltr'>gra-</span> 
     </span>
    </p>
   </div>
   <div class='ocr_carea' id='block_1_100' title="bbox 263 4835 1854 4906">
    <p class='ocr_par' dir='ltr' id='par_1_100' title="bbox 263 4835 1854 4906">
     <span class='ocr_line' id='line_1_100' title="bbox 263 4835 1854 4906; baseline -0.001 -17"><span class='ocrx_word' id='word_1_797' title='bbox 263 4836 333 4889; x_wconf 87' lang='lat' dir='ltr'>tia</span> <span class='ocrx_word' id='word_1_798' title='bbox 380 4835 692 4905; x_wconf 85' lang='lat' dir='ltr'>proﬁciens.</span> <span class='ocrx_word' id='word_1_799' title='bbox 741 4838 1008 4906; x_wconf 83' lang='lat' dir='ltr'>Appareat</span> <span class='ocrx_word' id='word_1_800' title='bbox 1062 4835 1155 4889; x_wconf 92' lang='lat' dir='ltr'>tibi</span> <span class='ocrx_word' id='word_1_801' title='bbox 1218 4835 1537 4906; x_wconf 89' lang='lat' dir='ltr'>baptizatus,</span> <span class='ocrx_word' id='word_1_802' title='bbox 1581 4835 1854 4903; x_wconf 88' lang='lat' dir='ltr'>jejunans,</span> 
     </span>
    </p>
   </div>
   <div class='ocr_carea' id='block_1_101' title="bbox 265 4922 1861 4991">
    <p class='ocr_par' dir='ltr' id='par_1_101' title="bbox 265 4922 1861 4991">
     <span class='ocr_line' id='line_1_101' title="bbox 265 4922 1861 4991; baseline -0.001 -14"><span class='ocrx_word' id='word_1_803' title='bbox 265 4924 529 4990; x_wconf 88' lang='lat' dir='ltr'>esuriens,</span> <span class='ocrx_word' id='word_1_804' title='bbox 582 4930 835 4991; x_wconf 86' lang='lat' dir='ltr'>tentatus,</span> <span class='ocrx_word' id='word_1_805' title='bbox 870 4939 995 4979; x_wconf 89' lang='lat' dir='ltr'>cum</span> <span class='ocrx_word' id='word_1_806' title='bbox 1036 4923 1343 4977; x_wconf 87' lang='lat' dir='ltr'>hominibus</span> <span class='ocrx_word' id='word_1_807' title='bbox 1390 4931 1742 4978; x_wconf 88' lang='lat' dir='ltr'>conversatus</span> <span class='ocrx_word' id='word_1_808' title='bbox 1768 4941 1781 4977; x_wconf 92' lang='lat'><strong>:</strong></span> <span class='ocrx_word' id='word_1_809' title='bbox 1806 4922 1861 4976; x_wconf 91' lang='lat' dir='ltr'>in</span> 
     </span>
    </p>
   </div>
   <div class='ocr_carea' id='block_1_102' title="bbox 266 5010 1860 5079">
    <p class='ocr_par' dir='ltr' id='par_1_102' title="bbox 266 5010 1860 5079">
     <span class='ocr_line' id='line_1_102' title="bbox 266 5010 1860 5079; baseline -0.001 -14"><span class='ocrx_word' id='word_1_810' title='bbox 266 5011 419 5066; x_wconf 87' lang='lat' dir='ltr'>factis</span> <span class='ocrx_word' id='word_1_811' title='bbox 465 5012 767 5065; x_wconf 90' lang='lat' dir='ltr'>malitiosos</span> <span class='ocrx_word' id='word_1_812' title='bbox 826 5010 1105 5065; x_wconf 90' lang='lat' dir='ltr'>sustinens</span> <span class='ocrx_word' id='word_1_813' title='bbox 1156 5012 1553 5079; x_wconf 88' lang='lat' dir='ltr'>observatores,</span> <span class='ocrx_word' id='word_1_814' title='bbox 1604 5011 1659 5064; x_wconf 88' lang='lat' dir='ltr'>in</span> <span class='ocrx_word' id='word_1_815' title='bbox 1701 5010 1860 5066; x_wconf 89' lang='lat' dir='ltr'>dictis</span> 
     </span>
    </p>
   </div>
   <div class='ocr_carea' id='block_1_103' title="bbox 265 5098 1859 5168">
    <p class='ocr_par' dir='ltr' id='par_1_103' title="bbox 265 5098 1859 5168">
     <span class='ocr_line' id='line_1_103' title="bbox 265 5098 1859 5168; baseline 0.001 -17"><span class='ocrx_word' id='word_1_816' title='bbox 265 5098 573 5168; x_wconf 87' lang='lat' dir='ltr'>pertinaces</span> <span class='ocrx_word' id='word_1_817' title='bbox 603 5099 1052 5155; x_wconf 85' lang='lat' dir='ltr'>contradictores.</span> <span class='ocrx_word' id='word_1_818' title='bbox 1100 5101 1374 5168; x_wconf 80' lang='lat' dir='ltr'>Appareat</span> <span class='ocrx_word' id='word_1_819' title='bbox 1402 5099 1497 5153; x_wconf 91' lang='lat' dir='ltr'>tibi</span> <span class='ocrx_word' id='word_1_820' title='bbox 1526 5115 1651 5154; x_wconf 88' lang='lat' dir='ltr'>vera</span> <span class='ocrx_word' id='word_1_821' title='bbox 1682 5106 1735 5154; x_wconf 92' lang='lat' dir='ltr'>et</span> <span class='ocrx_word' id='word_1_822' title='bbox 1766 5114 1859 5152; x_wconf 87' lang='lat' dir='ltr'>sa-</span> 
     </span>
    </p>
   </div>
   <div class='ocr_carea' id='block_1_104' title="bbox 266 5185 1860 5257">
    <p class='ocr_par' dir='ltr' id='par_1_104' title="bbox 266 5185 1860 5257">
     <span class='ocr_line' id='line_1_104' title="bbox 266 5185 1860 5257; baseline 0.001 -18"><span class='ocrx_word' id='word_1_823' title='bbox 266 5185 437 5240; x_wconf 90' lang='lat' dir='ltr'>lubria</span> <span class='ocrx_word' id='word_1_824' title='bbox 483 5187 710 5252; x_wconf 90' lang='lat' dir='ltr'>docens,</span> <span class='ocrx_word' id='word_1_825' title='bbox 744 5203 880 5242; x_wconf 88' lang='lat' dir='ltr'>nova</span> <span class='ocrx_word' id='word_1_826' title='bbox 929 5196 981 5241; x_wconf 91' lang='lat' dir='ltr'>et</span> <span class='ocrx_word' id='word_1_827' title='bbox 1011 5186 1149 5240; x_wconf 91' lang='lat' dir='ltr'>mira</span> <span class='ocrx_word' id='word_1_828' title='bbox 1194 5186 1420 5255; x_wconf 89' lang='lat' dir='ltr'>faciens,</span> <span class='ocrx_word' id='word_1_829' title='bbox 1470 5187 1860 5257; x_wconf 91' lang='lat' dir='ltr'>discipulorum</span> 
     </span>
    </p>
   </div>
   <div class='ocr_carea' id='block_1_105' title="bbox 267 5274 1863 5345">
    <p class='ocr_par' dir='ltr' id='par_1_105' title="bbox 267 5274 1863 5345">
     <span class='ocr_line' id='line_1_105' title="bbox 267 5274 1863 5345; baseline 0 -18"><span class='ocrx_word' id='word_1_830' title='bbox 267 5289 487 5329; x_wconf 91' lang='lat' dir='ltr'>suorum</span> <span class='ocrx_word' id='word_1_831' title='bbox 532 5275 705 5344; x_wconf 90' lang='lat' dir='ltr'>pedes</span> <span class='ocrx_word' id='word_1_832' title='bbox 751 5275 996 5343; x_wconf 89' lang='lat' dir='ltr'>abluens,</span> <span class='ocrx_word' id='word_1_833' title='bbox 1030 5282 1366 5331; x_wconf 88' lang='lat' dir='ltr'>sacramenta</span> <span class='ocrx_word' id='word_1_834' title='bbox 1395 5275 1473 5328; x_wconf 89' lang='lat' dir='ltr'>eis</span> <span class='ocrx_word' id='word_1_835' title='bbox 1500 5275 1749 5345; x_wconf 90' lang='lat' dir='ltr'>corporis</span> <span class='ocrx_word' id='word_1_836' title='bbox 1779 5274 1863 5328; x_wconf 91' lang='lat' dir='ltr'>sui</span> 
     </span>
    </p>
   </div>
   <div class='ocr_carea' id='block_1_106' title="bbox 267 5357 1861 5431">
    <p class='ocr_par' dir='ltr' id='par_1_106' title="bbox 267 5357 1861 5431">
     <span class='ocr_line' id='line_1_106' title="bbox 267 5357 1861 5431; baseline 0 -19"><span class='ocrx_word' id='word_1_837' title='bbox 267 5373 333 5412; x_wconf 88' lang='lat' dir='ltr'>ac</span> <span class='ocrx_word' id='word_1_838' title='bbox 365 5358 645 5429; x_wconf 86' lang='lat' dir='ltr'>sanguinis</span> <span class='ocrx_word' id='word_1_839' title='bbox 691 5359 928 5426; x_wconf 86' lang='lat' dir='ltr'>tradens,</span> <span class='ocrx_word' id='word_1_840' title='bbox 959 5359 1016 5413; x_wconf 92' lang='lat' dir='ltr'>in</span> <span class='ocrx_word' id='word_1_841' title='bbox 1041 5358 1241 5431; x_wconf 86' lang='lat' dir='ltr'>agonia</span> <span class='ocrx_word' id='word_1_842' title='bbox 1283 5358 1545 5428; x_wconf 89' lang='lat' dir='ltr'>prolixius</span> <span class='ocrx_word' id='word_1_843' title='bbox 1574 5373 1756 5425; x_wconf 88' lang='lat' dir='ltr'>orans,</span> <span class='ocrx_word' id='word_1_844' title='bbox 1790 5357 1861 5412; x_wconf 90' lang='lat' dir='ltr'>ita</span> 
     </span>
    </p>
   </div>
   <div class='ocr_carea' id='block_1_107' title="bbox 1954 4396 3546 4470">
    <p class='ocr_par' dir='ltr' id='par_1_107' title="bbox 1954 4396 3546 4470">
     <span class='ocr_line' id='line_1_107' title="bbox 1954 4396 3546 4470; baseline 0.004 -22"><span class='ocrx_word' id='word_1_845' title='bbox 1954 4412 2071 4449; x_wconf 89' lang='lat' dir='ltr'>rum</span> <span class='ocrx_word' id='word_1_846' title='bbox 2102 4396 2342 4449; x_wconf 87' lang='lat' dir='ltr'>notitiam</span> <span class='ocrx_word' id='word_1_847' title='bbox 2379 4396 2600 4449; x_wconf 88' lang='lat' dir='ltr'>habent.</span> <span class='ocrx_word' id='word_1_848' title='bbox 2635 4396 2891 4464; x_wconf 90' lang='lat' dir='ltr'>Quamvis</span> <span class='ocrx_word' id='word_1_849' title='bbox 2942 4396 3087 4450; x_wconf 91' lang='lat' dir='ltr'>enim</span> <span class='ocrx_word' id='word_1_850' title='bbox 3116 4399 3348 4453; x_wconf 89' lang='lat' dir='ltr'>habeant</span> <span class='ocrx_word' id='word_1_851' title='bbox 3377 4417 3546 4470; x_wconf 90' lang='lat' dir='ltr'>quan-</span> 
     </span>
    </p>
   </div>
   <div class='ocr_carea' id='block_1_108' title="bbox 1956 4484 3547 4554">
    <p class='ocr_par' dir='ltr' id='par_1_108' title="bbox 1956 4484 3547 4554">
     <span class='ocr_line' id='line_1_108' title="bbox 1956 4484 3547 4554; baseline 0.003 -17"><span class='ocrx_word' id='word_1_852' title='bbox 1956 4493 2067 4537; x_wconf 92' lang='lat' dir='ltr'>tum</span> <span class='ocrx_word' id='word_1_853' title='bbox 2095 4484 2165 4538; x_wconf 89' lang='lat' dir='ltr'>ad</span> <span class='ocrx_word' id='word_1_854' title='bbox 2195 4484 2521 4538; x_wconf 87' lang='lat' dir='ltr'>exteriorem</span> <span class='ocrx_word' id='word_1_855' title='bbox 2552 4484 2840 4540; x_wconf 88' lang='lat' dir='ltr'>verborum</span> <span class='ocrx_word' id='word_1_856' title='bbox 2886 4485 3242 4554; x_wconf 89' lang='lat' dir='ltr'>prolationem</span> <span class='ocrx_word' id='word_1_857' title='bbox 3268 4505 3281 4552; x_wconf 86' lang='lat'><strong>;</strong></span> <span class='ocrx_word' id='word_1_858' title='bbox 3314 4488 3411 4541; x_wconf 93' lang='lat' dir='ltr'>sed</span> <span class='ocrx_word' id='word_1_859' title='bbox 3438 4504 3547 4542; x_wconf 90' lang='lat' dir='ltr'>non</span> 
     </span>
    </p>
   </div>
   <div class='ocr_carea' id='block_1_109' title="bbox 1942 4571 3546 4644">
    <p class='ocr_par' dir='ltr' id='par_1_109' title="bbox 1942 4571 3546 4644">
     <span class='ocr_line' id='line_1_109' title="bbox 1942 4571 3546 4644; baseline 0.002 -19"><span class='ocrx_word' id='word_1_860' title='bbox 1942 4571 2154 4626; x_wconf 68' lang='lat' dir='ltr'>habent</span> <span class='ocrx_word' id='word_1_861' title='bbox 2195 4581 2454 4644; x_wconf 90' lang='lat' dir='ltr'>quantum</span> <span class='ocrx_word' id='word_1_862' title='bbox 2485 4573 2553 4627; x_wconf 86' lang='lat' dir='ltr'>ad</span> <span class='ocrx_word' id='word_1_863' title='bbox 2583 4572 2894 4627; x_wconf 90' lang='lat' dir='ltr'>interiorem</span> <span class='ocrx_word' id='word_1_864' title='bbox 2941 4573 3033 4644; x_wconf 91' lang='lat' dir='ltr'>qui</span> <span class='ocrx_word' id='word_1_865' title='bbox 3060 4573 3116 4627; x_wconf 90' lang='lat' dir='ltr'>in</span> <span class='ocrx_word' id='word_1_866' title='bbox 3163 4574 3371 4629; x_wconf 89' lang='lat' dir='ltr'>eisdem</span> <span class='ocrx_word' id='word_1_867' title='bbox 3418 4592 3546 4631; x_wconf 90' lang='lat' dir='ltr'>ver-</span> 
     </span>
    </p>
   </div>
   <div class='ocr_carea' id='block_1_110' title="bbox 1956 4659 3546 4733">
    <p class='ocr_par' dir='ltr' id='par_1_110' title="bbox 1956 4659 3546 4733">
     <span class='ocr_line' id='line_1_110' title="bbox 1956 4659 3546 4733; baseline 0.003 -21"><span class='ocrx_word' id='word_1_868' title='bbox 1956 4659 2040 4713; x_wconf 90' lang='lat' dir='ltr'>bis</span> <span class='ocrx_word' id='word_1_869' title='bbox 2096 4660 2257 4727; x_wconf 87' lang='lat' dir='ltr'>latet,</span> <span class='ocrx_word' id='word_1_870' title='bbox 2318 4678 2513 4716; x_wconf 91' lang='lat' dir='ltr'>sensus</span> <span class='ocrx_word' id='word_1_871' title='bbox 2579 4662 2965 4732; x_wconf 86' lang='lat' dir='ltr'>cognitionem.</span> <span class='ocrx_word' id='word_1_872' title='bbox 3036 4663 3291 4733; x_wconf 90' lang='lat' dir='ltr'>Nunquid</span> <span class='ocrx_word' id='word_1_873' title='bbox 3355 4664 3546 4718; x_wconf 89' lang='lat' dir='ltr'>horum</span> 
     </span>
    </p>
   </div>
   <div class='ocr_carea' id='block_1_111' title="bbox 1954 4747 3549 4823">
    <p class='ocr_par' dir='ltr' id='par_1_111' title="bbox 1954 4747 3549 4823">
     <span class='ocr_line' id='line_1_111' title="bbox 1954 4747 3549 4823; baseline 0.003 -22"><span class='ocrx_word' id='word_1_874' title='bbox 1954 4747 2089 4803; x_wconf 90' lang='lat' dir='ltr'>dicis</span> <span class='ocrx_word' id='word_1_875' title='bbox 2120 4749 2417 4804; x_wconf 88' lang='lat' dir='ltr'>orationem</span> <span class='ocrx_word' id='word_1_876' title='bbox 2448 4749 2593 4803; x_wconf 90' lang='lat' dir='ltr'>omni</span> <span class='ocrx_word' id='word_1_877' title='bbox 2621 4765 2805 4804; x_wconf 90' lang='lat' dir='ltr'>coram</span> <span class='ocrx_word' id='word_1_878' title='bbox 2837 4752 2950 4804; x_wconf 92' lang='lat' dir='ltr'>Deo</span> <span class='ocrx_word' id='word_1_879' title='bbox 2980 4750 3151 4805; x_wconf 85' lang='lat' dir='ltr'>fructu</span> <span class='ocrx_word' id='word_1_880' title='bbox 3183 4766 3388 4817; x_wconf 89' lang='lat' dir='ltr'>carere,</span> <span class='ocrx_word' id='word_1_881' title='bbox 3424 4752 3549 4823; x_wconf 89' lang='lat' dir='ltr'>quia</span> 
     </span>
    </p>
   </div>
   <div class='ocr_carea' id='block_1_112' title="bbox 1958 4835 3547 4909">
    <p class='ocr_par' dir='ltr' id='par_1_112' title="bbox 1958 4835 3547 4909">
     <span class='ocr_line' id='line_1_112' title="bbox 1958 4835 3547 4909; baseline 0.003 -21"><span class='ocrx_word' id='word_1_882' title='bbox 1958 4835 2103 4906; x_wconf 91' lang='lat' dir='ltr'>quod</span> <span class='ocrx_word' id='word_1_883' title='bbox 2132 4852 2230 4905; x_wconf 90' lang='lat' dir='ltr'>per</span> <span class='ocrx_word' id='word_1_884' title='bbox 2277 4852 2464 4892; x_wconf 91' lang='lat' dir='ltr'>vocem</span> <span class='ocrx_word' id='word_1_885' title='bbox 2514 4836 2793 4906; x_wconf 84' lang='lat' dir='ltr'>proferunt</span> <span class='ocrx_word' id='word_1_886' title='bbox 2841 4854 2956 4903; x_wconf 79' lang='lat' dir='ltr'>ore,</span> <span class='ocrx_word' id='word_1_887' title='bbox 2998 4854 3097 4907; x_wconf 90' lang='lat' dir='ltr'>per</span> <span class='ocrx_word' id='word_1_888' title='bbox 3139 4838 3547 4909; x_wconf 88' lang='lat' dir='ltr'>intelligentiam</span> 
     </span>
    </p>
   </div>
   <div class='ocr_carea' id='block_1_113' title="bbox 1957 4923 3549 4993">
    <p class='ocr_par' dir='ltr' id='par_1_113' title="bbox 1957 4923 3549 4993">
     <span class='ocr_line' id='line_1_113' title="bbox 1957 4923 3549 4993; baseline 0.004 -17"><span class='ocrx_word' id='word_1_889' title='bbox 1957 4939 2067 4977; x_wconf 88' lang='lat' dir='ltr'>non</span> <span class='ocrx_word' id='word_1_890' title='bbox 2116 4923 2334 4993; x_wconf 89' lang='lat' dir='ltr'>capiunt</span> <span class='ocrx_word' id='word_1_891' title='bbox 2362 4924 2415 4977; x_wconf 90' lang='lat' dir='ltr'>in</span> <span class='ocrx_word' id='word_1_892' title='bbox 2456 4926 2680 4979; x_wconf 83' lang='lat' dir='ltr'>mente?</span> <span class='ocrx_word' id='word_1_893' title='bbox 2712 4927 2824 4981; x_wconf 89' lang='lat' dir='ltr'>Nos</span> <span class='ocrx_word' id='word_1_894' title='bbox 2871 4934 3047 4980; x_wconf 92' lang='lat' dir='ltr'>autem</span> <span class='ocrx_word' id='word_1_895' title='bbox 3098 4927 3200 4981; x_wconf 91' lang='lat' dir='ltr'>hoc</span> <span class='ocrx_word' id='word_1_896' title='bbox 3243 4928 3404 4982; x_wconf 92' lang='lat' dir='ltr'>modo</span> <span class='ocrx_word' id='word_1_897' title='bbox 3453 4928 3549 4982; x_wconf 92' lang='lat' dir='ltr'>tibi</span> 
     </span>
    </p>
   </div>
   <div class='ocr_carea' id='block_1_114' title="bbox 1957 5012 3548 5071">
    <p class='ocr_par' dir='ltr' id='par_1_114' title="bbox 1957 5012 3548 5071">
     <span class='ocr_line' id='line_1_114' title="bbox 1957 5012 3548 5071; baseline 0.004 -7"><span class='ocrx_word' id='word_1_898' title='bbox 1957 5012 2025 5064; x_wconf 89' lang='lat' dir='ltr'>ad</span> <span class='ocrx_word' id='word_1_899' title='bbox 2055 5012 2189 5066; x_wconf 82' lang='lat' dir='ltr'>hac.</span> <span class='ocrx_word' id='word_1_900' title='bbox 2226 5012 2377 5065; x_wconf 81' lang='lat' dir='ltr'>Absit</span> <span class='ocrx_word' id='word_1_901' title='bbox 2406 5029 2436 5065; x_wconf 92' lang='lat' dir='ltr'>a</span> <span class='ocrx_word' id='word_1_902' title='bbox 2465 5013 2621 5067; x_wconf 90' lang='lat' dir='ltr'>nobis</span> <span class='ocrx_word' id='word_1_903' title='bbox 2651 5021 2707 5069; x_wconf 89' lang='lat' dir='ltr'>ut</span> <span class='ocrx_word' id='word_1_904' title='bbox 2736 5015 2839 5070; x_wconf 91' lang='lat' dir='ltr'>hoc</span> <span class='ocrx_word' id='word_1_905' title='bbox 2869 5014 3131 5070; x_wconf 91' lang='lat' dir='ltr'>dicamus.</span> <span class='ocrx_word' id='word_1_906' title='bbox 3156 5017 3277 5071; x_wconf 92' lang='lat' dir='ltr'>Non</span> <span class='ocrx_word' id='word_1_907' title='bbox 3306 5016 3450 5070; x_wconf 89' lang='lat' dir='ltr'>enim</span> <span class='ocrx_word' id='word_1_908' title='bbox 3481 5017 3548 5071; x_wconf 92' lang='lat' dir='ltr'>dc</span> 
     </span>
    </p>
   </div>
   <div class='ocr_carea' id='block_1_115' title="bbox 1958 5098 3551 5175">
    <p class='ocr_par' dir='ltr' id='par_1_115' title="bbox 1958 5098 3551 5175">
     <span class='ocr_line' id='line_1_115' title="bbox 1958 5098 3551 5175; baseline 0.006 -24"><span class='ocrx_word' id='word_1_909' title='bbox 1958 5098 2064 5152; x_wconf 90' lang='lat' dir='ltr'>illis</span> <span class='ocrx_word' id='word_1_910' title='bbox 2148 5099 2478 5155; x_wconf 88' lang='lat' dir='ltr'>arbitramur</span> <span class='ocrx_word' id='word_1_911' title='bbox 2544 5102 2747 5157; x_wconf 90' lang='lat' dir='ltr'>dictum</span> <span class='ocrx_word' id='word_1_912' title='bbox 2800 5119 2811 5156; x_wconf 94' lang='lat'><strong>:</strong></span> <span class='ocrx_word' id='word_1_913' title='bbox 2858 5104 3128 5173; x_wconf 81' lang='lat' dir='ltr'>Ignorans</span> <span class='ocrx_word' id='word_1_914' title='bbox 3196 5105 3551 5175; x_wconf 77' lang='lat' dir='ltr'>ignorabitur</span> 
     </span>
    </p>
   </div>
   <div class='ocr_carea' id='block_1_116' title="bbox 1960 5187 3548 5261">
    <p class='ocr_par' dir='ltr' id='par_1_116' title="bbox 1960 5187 3548 5261">
     <span class='ocr_line' id='line_1_116' title="bbox 1960 5187 3548 5261; baseline 0.004 -21"><span class='ocrx_word' id='word_1_915' title='bbox 1960 5187 2011 5255; x_wconf 89' lang='grc' dir='ltr'>(Ι</span> <span class='ocrx_word' id='word_1_916' title='bbox 2040 5187 2159 5241; x_wconf 84' lang='lat' dir='ltr'>Cor.</span> <span class='ocrx_word' id='word_1_917' title='bbox 2193 5202 2310 5254; x_wconf 73' lang='lat' dir='ltr'>xxv,</span> <span class='ocrx_word' id='word_1_918' title='bbox 2348 5192 2457 5260; x_wconf 92' lang='lat'>38).</span> <span class='ocrx_word' id='word_1_919' title='bbox 2490 5189 2629 5244; x_wconf 88' lang='lat' dir='ltr'>Nam</span> <span class='ocrx_word' id='word_1_920' title='bbox 2678 5190 2802 5245; x_wconf 88' lang='lat' dir='ltr'>licet</span> <span class='ocrx_word' id='word_1_921' title='bbox 2832 5192 2970 5245; x_wconf 89' lang='lat' dir='ltr'>hanc</span> <span class='ocrx_word' id='word_1_922' title='bbox 3000 5190 3408 5261; x_wconf 89' lang='lat' dir='ltr'>intelligentiam</span> <span class='ocrx_word' id='word_1_923' title='bbox 3439 5209 3548 5247; x_wconf 90' lang='lat' dir='ltr'>non</span> 
     </span>
    </p>
   </div>
   <div class='ocr_carea' id='block_1_117' title="bbox 1961 5274 3551 5346">
    <p class='ocr_par' dir='ltr' id='par_1_117' title="bbox 1961 5274 3551 5346">
     <span class='ocr_line' id='line_1_117' title="bbox 1961 5274 3551 5346; baseline 0.004 -18"><span class='ocrx_word' id='word_1_924' title='bbox 1961 5274 2230 5341; x_wconf 88' lang='lat' dir='ltr'>habeant;</span> <span class='ocrx_word' id='word_1_925' title='bbox 2262 5276 2305 5330; x_wconf 89' lang='lat' dir='ltr'>si</span> <span class='ocrx_word' id='word_1_926' title='bbox 2350 5278 2515 5333; x_wconf 88' lang='lat' dir='ltr'>corde</span> <span class='ocrx_word' id='word_1_927' title='bbox 2564 5279 2780 5343; x_wconf 91' lang='lat' dir='ltr'>devoto,</span> <span class='ocrx_word' id='word_1_928' title='bbox 2836 5286 2887 5332; x_wconf 92' lang='lat' dir='ltr'>ct</span> <span class='ocrx_word' id='word_1_929' title='bbox 2939 5279 3232 5334; x_wconf 89' lang='lat' dir='ltr'>intentione</span> <span class='ocrx_word' id='word_1_930' title='bbox 3282 5281 3444 5346; x_wconf 91' lang='lat' dir='ltr'>bona,</span> <span class='ocrx_word' id='word_1_931' title='bbox 3499 5289 3551 5334; x_wconf 88' lang='lat' dir='ltr'>et</span> 
     </span>
    </p>
   </div>
   <div class='ocr_carea' id='block_1_118' title="bbox 1961 5364 3560 5439">
    <p class='ocr_par' dir='ltr' id='par_1_118' title="bbox 1961 5364 3560 5439">
     <span class='ocr_line' id='line_1_118' title="bbox 1961 5364 3560 5439; baseline 0.004 -23"><span class='ocrx_word' id='word_1_932' title='bbox 1961 5371 2110 5419; x_wconf 90' lang='lat' dir='ltr'>recto</span> <span class='ocrx_word' id='word_1_933' title='bbox 2139 5365 2302 5420; x_wconf 90' lang='lat' dir='ltr'>modo</span> <span class='ocrx_word' id='word_1_934' title='bbox 2349 5381 2508 5422; x_wconf 89' lang='lat' dir='ltr'>sacra</span> <span class='ocrx_word' id='word_1_935' title='bbox 2538 5367 2703 5423; x_wconf 90' lang='lat' dir='ltr'>verba</span> <span class='ocrx_word' id='word_1_936' title='bbox 2732 5364 3025 5436; x_wconf 86' lang='lat' dir='ltr'>proferant,</span> <span class='ocrx_word' id='word_1_937' title='bbox 3061 5384 3183 5424; x_wconf 90' lang='lat' dir='ltr'>cum</span> <span class='ocrx_word' id='word_1_938' title='bbox 3216 5367 3341 5438; x_wconf 78' lang='lat' dir='ltr'>fide,</span> <span class='ocrx_word' id='word_1_939' title='bbox 3375 5384 3470 5439; x_wconf 88' lang='lat' dir='ltr'>spe</span> <span class='ocrx_word' id='word_1_940' title='bbox 3502 5376 3560 5423; x_wconf 88' lang='lat' dir='ltr'>et</span> 
     </span>
    </p>
   </div>
  </div>
