3972 6052
436 238 537 291 879

1296 235 1638 293 GUIGONIS
1677 237 1724 290 Il
1763 230 2169 292 CARTHUSIE
2206 230 2501 289 MAIORIS
2537 230 2834 290 PRIORIS.

3613 233 3721 286 880

430 358 726 426 charitate;
760 355 975 413 confido
1005 357 1072 411 de
1101 357 1243 412 illius
1271 358 1470 428 pietate
1502 375 1662 428 quem
1693 365 1868 422 orant,
1895 357 2022 428 quia
2042 359 2096 416 A
2127 371 2226 426 per
2255 373 2413 421 quem
2444 371 2586 424 oras,
2621 356 2752 426 quid
2797 353 2927 408 illud
2959 351 3103 424 quod
3135 365 3278 417 oras,
3313 351 3434 421 quis
3480 351 3716 423 denique

425 447 545 519 ipse
576 446 630 499 in
656 446 734 500 eis
765 446 1036 515 supplebit
1059 445 1200 515 quod
1230 446 1335 515 ipsi
1367 446 1495 500 inse
1522 463 1630 500 non
1652 446 1847 500 habent
1875 465 1888 510 ;
1921 460 2023 500 nec

427 534 628 589 fructui
687 533 947 587 orationis
994 549 1184 587 eorum
1248 534 1622 602 praejudicium
1671 532 1832 588 faciet
1899 533 2020 586 talis

425 621 730 694 ignorantia
760 637 970 675 eorum.
1003 622 1193 691 Neque
1221 621 1363 674 enim
1403 621 1736 676 credendum
1767 629 1846 675 est
1876 621 2019 691 quod

423 711 492 765 ab
523 710 602 765 eis
634 709 875 764 districto
909 709 1104 763 debeat
1134 709 1276 779 exigi
1308 709 1453 779 quod
1471 708 1549 762 eis
1571 709 1755 762 datum
1783 725 1890 762 non
1912 717 2013 774 est,

424 806 478 854 et
522 797 666 870 quod
726 813 912 852 eorum
961 797 1119 850 saluti
1168 813 1424 866 magnum
1471 797 1574 851 hoc
1633 797 2015 851 detrimentum

426 886 640 953 inferat,
673 885 799 955 quia
827 900 933 938 non
966 885 1195 938 reddunt
1242 884 1386 954 quod
1417 900 1754 955 nequaquam
1784 899 2014 953 accepe-

428 982 573 1029 runt.
610 973 716 1028 Sed
750 972 886 1026 sicut
915 971 992 1024 illi
1038 971 1275 1042 aliquam
1307 971 1534 1026 fortasse
1565 971 1618 1024 in
1668 972 1750 1024 his
1790 978 2016 1042 possunt

425 1061 829 1118 excusationem
862 1061 1081 1125 habere,
1116 1045 1192 1114 sic
1225 1077 1440 1130 quoque
1472 1068 1524 1112 tu
1556 1076 1662 1114 non
1692 1059 1896 1129 poteris
1928 1058 2014 1112 ni-

424 1150 623 1204 mirum
653 1147 977 1203 excusabilis
1009 1165 1150 1213 esse,
1184 1149 1272 1218 qui
1304 1164 1488 1202 eorum
1521 1165 1639 1216 (jure
1670 1146 1880 1216 profers
1912 1163 2014 1201 no-

421 1238 592 1292 titiam
623 1247 671 1291 et
704 1236 1116 1307 intelligentiam
1169 1236 1356 1301 habes,
1394 1235 1491 1289 sed
1521 1236 1600 1288 eis
1633 1235 1912 1288 intendere
1944 1234 2014 1288 ob

423 1341 680 1396 magnam
711 1332 854 1378 tuam
904 1323 1294 1394 negligentiam
1325 1338 1432 1376 non
1483 1338 1663 1377 curas.
1717 1322 1885 1393 [gitur
1913 1338 2013 1391 ap-

420 1429 562 1484 pone
596 1429 690 1468 cor
734 1411 800 1465 iis
848 1429 965 1481 quae
1008 1427 1103 1464 ore
1151 1426 1333 1478 sonas,
1381 1410 1599 1480 quando
1645 1411 1819 1464 Deum
1864 1418 2013 1462 tuum

421 1517 550 1556 oras
584 1517 595 1554 :
630 1515 731 1554 nec
761 1499 934 1552 solum
986 1499 1202 1568 quando
1247 1514 1407 1551 sonas
1441 1507 1514 1562 tu,
1551 1499 1646 1551 sed
1699 1505 1751 1552 et
1797 1498 2013 1567 quando

419 1589 577 1655 alios,
613 1588 696 1642 vel
727 1586 984 1656 psalmos,
1021 1587 1106 1639 vel
1139 1587 1366 1656 hymnos
1397 1586 1550 1638 audis
1600 1601 1695 1640 ore
1741 1585 2006 1654 proferre.

2127 451 2180 497 tu
2211 443 2286 497 sis
2317 443 2406 515 qui
2435 460 2578 498 oras.
2614 445 2673 496 ln
2696 441 3026 498 revolutione
3055 438 3246 510 prima,
3270 439 3366 493 Dei
3391 439 3568 493 Patris
3596 456 3717 494 om-

2122 531 2412 601 nipotentis
2459 530 2787 585 ineffabilem
2836 527 3063 582 intueris
3109 528 3480 595 majestatem;
3514 528 3569 581 in
3617 545 3712 583 se-

2121 620 2316 688 cunda,
2353 619 2648 674 Salvatoris
2679 618 2752 673 tui
2792 618 3113 672 immensam
3144 614 3437 686 pietatem;
3469 615 3523 669 in
3555 617 3713 671 tertia

2121 708 2468 778 tranquillam
2499 707 2788 778 quamdam
2820 704 3120 776 puritatem,
3145 711 3195 757 et
3225 719 3417 774 puram
3447 704 3712 774 tranquil-

2119 795 2324 850 litatem
2352 813 2364 849 :
2394 795 2453 848 in
2483 803 2673 866 quarta
2716 793 2993 864 propriam
3040 801 3183 845 tuam
3213 806 3320 862 qua
3367 791 3420 845 in
3464 792 3630 847 corde
3660 799 3712 847 et

2118 898 2351 952 corpore
2381 890 2636 937 oneratus
2666 898 2725 938 es
2755 880 3138 936 inﬁrmitatem.
3169 879 3249 933 De
3287 894 3352 933 eo
3373 880 3518 951 quod
3548 896 3713 950 supe-

2118 969 2232 1023 rius
2274 969 2526 1038 diximus,
2578 969 2701 1040 quia
2753 968 2892 1024 scire
2951 967 3108 1022 nobis
3170 967 3537 1022 necessarium
3602 975 3706 1034 est,

2118 1057 2307 1127 quales
2337 1074 2437 1112 nos
2486 1065 2607 1127 post
2655 1066 2864 1127 tempus
2910 1055 3171 1112 orationis
3210 1055 3468 1110 exhibere
3499 1055 3710 1110 debea-

2116 1161 2256 1208 mus,
2289 1146 2393 1200 hoc
2430 1145 2666 1200 breviter
2697 1145 2791 1198 tibi
2838 1144 3088 1210 dicimus,
3123 1143 3215 1214 qui
3244 1143 3510 1198 habitator
3556 1143 3712 1199 cellae

2116 1248 2195 1287 es.
2231 1232 2457 1302 Oportet
2486 1241 2542 1286 ut
2571 1234 2810 1287 oratione
2840 1232 3111 1286 celebrata
3156 1231 3396 1302 quandiu
3441 1247 3542 1302 per
3572 1247 3711 1303 gra-

2116 1319 2243 1373 tiam
2278 1321 2376 1374 Dei
2407 1321 2723 1390 poterimus,
2759 1320 2812 1372 in
2844 1319 3036 1373 eadem
3083 1318 3368 1390 gravitate,
3400 1319 3711 1374 maturitate

2115 1415 2169 1461 et
2196 1408 2508 1479 integritate
2539 1423 2638 1462 nos
2669 1394 2973 1462 teneamus.
3005 1405 3144 1474 Quia
3174 1405 3221 1460 si
3251 1405 3425 1460 ﬂuxas
3455 1405 3510 1459 in
3540 1407 3712 1462 corde

2114 1496 2469 1566 cogitationes
2518 1495 2863 1565 suscipimus,
2906 1501 2959 1549 et
3007 1494 3074 1548 ad
3123 1493 3418 1549 cachinnos
3466 1503 3517 1548 ct
3542 1494 3708 1562 risus,

2113 1582 2182 1636 ad
2230 1599 2532 1637 venenosas
2590 1582 2956 1636 detractiones
3001 1589 3053 1635 et
3096 1581 3300 1636 otiosas
3348 1580 3712 1636 tabulationes

420 1677 554 1732 Cum
612 1676 668 1730 in
742 1676 909 1729 choro
982 1674 1182 1744 aliquid
1264 1674 1349 1728 vel
1426 1674 1495 1727 ad
1572 1674 1812 1743 psalmos
1880 1689 2085 1761 per-B
2117 1670 2296 1724 statim
2323 1671 2580 1735 redimus,
2604 1670 2901 1724 timendum
2925 1669 3080 1724 nobis
3102 1668 3258 1724 valde
3278 1684 3368 1735 ne,
3388 1669 3517 1723 talia
3537 1684 3711 1741 agen-

421 1766 600 1819 tinens
679 1763 869 1826 audis,
955 1761 1040 1815 vel
1142 1777 1266 1815 cum
1352 1769 1577 1826 cantas,
1684 1777 1778 1815 seu
1865 1769 2013 1815 certe

421 1869 543 1909 cum
595 1850 755 1923 legis,
815 1851 917 1904 hoc
972 1849 1113 1902 intra
1170 1857 1219 1902 te
1272 1865 1370 1918 per
1437 1849 1762 1903 intellectum
1821 1865 2013 1903 verse-

419 1951 506 1996 tur
536 1940 590 1994 in
616 1938 801 2002 corde,
837 1938 983 2008 quod
1032 1937 1266 1991 exterius
1317 1954 1412 2006 per
1460 1953 1649 1990 sonum
1698 1936 1909 2006 profers
1958 1937 2010 1989 in

420 2045 536 2085 ore.
570 2028 705 2082 Cum
734 2041 862 2081 vero
905 2025 1039 2079 alios
1089 2024 1173 2079 vel
1220 2025 1402 2080 dicere
1445 2040 1636 2078 versus
1685 2024 2015 2094 psalmorum

420 2117 596 2182 audis,
647 2131 746 2169 seu
788 2121 1024 2177 cantare,
1060 2121 1150 2166 aut
1191 2121 1337 2167 certe
1369 2112 1591 2184 legere;
1627 2112 1691 2165 iis
1739 2128 1860 2182 qua:
1907 2111 2012 2181 ipsi

423 2203 702 2276 proferunt
749 2218 846 2272 per
889 2200 1242 2255 intentionem
1288 2209 1344 2254 tu
1371 2200 1559 2254 adesto
1596 2214 1606 2252 :
1641 2207 1693 2253 et
1722 2215 1819 2254 cor
1862 2208 2014 2252 tuum

426 2308 524 2363 per
566 2289 977 2360 intelligentiam
1028 2305 1151 2343 cum
1179 2303 1312 2342 aure
1343 2287 1408 2341 iis
1446 2303 1681 2357 appone,
1717 2304 1836 2358 qua:
1866 2286 2014 2356 ipsos

425 2380 580 2434 audis
611 2377 872 2449 proferre.
897 2378 963 2430 Et
991 2377 1095 2431 hoc
1125 2384 1206 2430 est
1235 2376 1380 2447 quod
1403 2375 1514 2444 jam
1535 2375 1787 2442 diximus,
1814 2375 2015 2429 debere

424 2467 676 2524 videlicet
705 2474 758 2520 te
801 2465 1145 2520 considerare
1193 2472 1245 2518 et
1294 2463 1437 2534 quod
1485 2479 1629 2517 oras.
1681 2462 1838 2530 Quod
1885 2478 2016 2517 vero

423 2564 613 2628 quarto
642 2555 764 2609 loco
793 2553 1091 2623 posuimus,
1112 2560 1167 2605 ut
1184 2551 1428 2606 attendas
1450 2551 1655 2606 scilicet
1677 2558 1728 2605 et
1761 2559 1808 2604 te
1839 2549 2014 2620 ipsum

426 2644 518 2714 qui
547 2660 693 2708 oras,
723 2650 848 2696 tunc
880 2649 936 2694 tu
979 2641 1262 2709 adimples,
1315 2639 1530 2710 quando
1580 2641 1753 2692 Deum
1802 2638 2017 2691 Patrem

425 2749 524 2803 per
556 2731 746 2785 Filium
778 2745 934 2781 suum
958 2728 1227 2781 Christum
1255 2727 1458 2791 Jesum,
1494 2726 1816 2781 advocatum
1845 2735 2012 2793 tuum,

425 2819 593 2876 corde
624 2826 676 2872 et
703 2832 795 2872 ore
826 2816 1142 2885 deprecans,
1178 2821 1403 2883 peccata
1435 2823 1524 2867 tua
1554 2821 1606 2867 et
1635 2813 1852 2878 delicta,
1887 2813 2017 2866 faci-

421 2924 557 2964 nora
599 2915 651 2961 et
684 2904 900 2976 flagitia,
934 2910 988 2957 et
1036 2901 1352 2974 fragilitates
1395 2901 1610 2965 multas,
1663 2909 1717 2955 et
1763 2916 2015 2972 magnas,

416 2997 614 3069 quibus
645 3002 696 3049 et
727 2993 781 3046 in
829 2999 1006 3044 mente
1038 2998 1087 3044 et
1129 2989 1183 3042 in
1212 3004 1443 3058 corpore
1491 2988 1827 3059 deprimeris,
1879 2997 2001 3042 ante

2119 1766 2219 1821 tes,
2257 1759 2514 1812 orationis
2545 1765 2744 1812 nostra:
2789 1756 3017 1811 fructum
3065 1757 3377 1826 perdamus.
3428 1756 3712 1811 Imitemur

2121 1861 2283 1917 quam
2318 1846 2543 1900 sollicite
2573 1845 2721 1899 illam
2746 1844 3033 1899 mulierem
3063 1845 3130 1898 de
3163 1860 3269 1915 qua
3285 1844 3535 1916 legimus,
3560 1845 3709 1915 quod

2119 1933 2288 1988 oravit
2309 1934 2593 1987 Dominum
2615 1934 2756 2001 ﬂens
2779 1933 3034 2002 largiter,
3052 1933 3279 2004 loquens
3300 1933 3363 1986 in
3383 1933 3546 1989 corde
3564 1948 3666 1989 suo
3691 1951 3711 1987 :

2118 2027 2175 2076 et
2206 2023 2351 2076 labia
2381 2023 2502 2091 ejus
2535 2021 2928 2076 tantummodo
2966 2021 3353 2084 movebantur,
3383 2024 3439 2075 et
3469 2036 3578 2076 vos:
3605 2036 3710 2091 pe-

2119 2110 2280 2164 nitus
2325 2125 2440 2164 non
2484 2109 2820 2163 audiebatur
2851 2125 2869 2162 :
2898 2107 3195 2178 vultusque
3238 2109 3360 2179 ejus
3406 2123 3521 2162 non
3569 2111 3713 2163 sunt

2117 2197 2362 2268 amplius
2389 2198 2454 2251 in
2481 2195 2697 2251 diversa
2728 2197 2942 2250 mutati
2972 2196 3025 2265 (1
3047 2197 3173 2266 Reg.
3205 2210 3244 2262 ι,
3281 2199 3366 2261 13,
3401 2195 3510 2263 18).

2579 2397 2973 2453 CAPITULUM
2997 2397 3253 2453 XXXVI.

2117 2565 2191 2618 De
2216 2577 2378 2633 opere
2407 2577 2702 2628 manuum,
2737 2562 2830 2633 cui
2860 2560 3017 2633 debet
3051 2561 3210 2633 cellae
3233 2559 3592 2633 inhabitator
3615 2563 3706 2616 in-

2191 2631 2439 2696 tendere,
2465 2636 2520 2686 et
2559 2633 2753 2700 quibus
2790 2632 2942 2686 horis
2978 2631 3371 2700 spiritualibus
3391 2633 3700 2694 exercitiis,

2189 2707 2244 2758 et
2282 2703 2476 2773 quibus
2507 2703 2774 2773 insistere
2805 2700 2997 2773 debeat
3016 2717 3293 2773 manuum
3321 2703 3618 2773 operibus;
3647 2706 3704 2756 et

2189 2773 2254 2827 de
2282 2771 2542 2842 pluribus
2569 2772 2701 2827 aliis
2731 2787 2854 2842 quae
2882 2771 2954 2826 ad
2983 2771 3241 2826 eumdem
3268 2771 3428 2827 cella:
3456 2773 3704 2827 incolam

2185 2843 2500 2914 pertinent.

2190 2981 2292 3035 Diu
2321 2998 2509 3036 sumus
2539 2981 2594 3035 in
2621 2982 2725 3037 hoc
2753 2980 2918 3036 ﬂuvio
2950 2980 3107 3036 tertio
3146 2981 3236 3053 qui
3281 2980 3460 3051 Tigris
3508 2981 3706 3038 dicitur

417 3047 470 3140 ἴε
517 3086 653 3138 hora
687 3081 782 3134 illa
831 3093 1139 3149 congregas
1185 3086 1236 3131 et
1281 3092 1589 3144 coacervas,
1636 3084 1686 3130 et
1728 3076 2008 3146 praeterita
2036 3047 2082 3106 θ
2112 3069 2398 3136 demorati,
2426 3078 2475 3124 et
2497 3069 2745 3124 fortassis
2775 3085 2883 3124 non
2910 3069 2980 3124 ad
3010 3069 3372 3139 insipientiam
3403 3069 3581 3124 nobis.
3605 3071 3703 3124 Est

415 3181 520 3236 tua,
554 3167 847 3240 prazsentia
875 3181 1110 3237 quoque,
1138 3173 1300 3235 atque
1332 3163 1529 3228 futura,
1563 3180 1661 3234 pro
1693 3180 1854 3234 posse
1884 3171 2006 3218 ante

413 3255 866 3315 considerationis
899 3263 1002 3308 tua:
1031 3253 1217 3309 oculos
1262 3251 1438 3322 ponis,
1472 3260 1527 3305 ut
1558 3260 1609 3306 et
1656 3252 1800 3308 circa
1828 3251 2004 3306 infru-

411 3355 654 3404 ctuosam
686 3343 935 3398 arborem
981 3341 1207 3406 fodiens,
1242 3347 1295 3394 et
1325 3347 1565 3394 stercora
1616 3340 1852 3403 mittens,
1887 3339 2005 3394 fru—

410 3443 554 3491 ctum
583 3448 705 3489 eam
733 3431 916 3486 facere
965 3428 1281 3499 compellas,
1316 3436 1366 3483 et
1409 3444 1607 3498 agnum
1654 3444 1835 3482 assum
1884 3443 2007 3483 cum

408 3521 634 3578 lactucis
691 3518 1000 3592 agrestibus
1045 3517 1320 3572 comedas.
1371 3516 1461 3571 Sic
1504 3515 1805 3570 orationem
1857 3523 2007 3569 tuam

406 3613 522 3666 Deo
554 3609 746 3664 reddes
775 3607 1049 3677 placitam,
1106 3604 1185 3659 sic
1234 3605 1449 3676 signata
1496 3604 1651 3674 quasi
1682 3603 1736 3657 in
1785 3603 2005 3658 sacculo

409 3699 618 3754 habens
646 3695 860 3759 delicta,
891 3694 1066 3765 gaude
1100 3701 1151 3747 et
1181 3693 1363 3747 lietare
1395 3708 1493 3762 pro
1524 3707 1588 3747 eo
1619 3692 1764 3762 quod
1806 3699 1892 3745 tua
1922 3697 2005 3745 est

407 3787 660 3858 iniquitas
707 3791 912 3838 curata.
965 3782 1054 3836 Sic
1103 3797 1316 3852 quoque
1364 3796 1484 3835 cum
1531 3779 1824 3849 publicano
1852 3779 2004 3849 quia

409 3874 574 3945 longe
605 3871 771 3937 stetit,
807 3878 859 3924 et
890 3869 958 3924 ad
1005 3868 1199 3923 coelum
1251 3869 1438 3923 oculos
1479 3867 1659 3922 levare
1689 3866 1876 3934 noluit,
1907 3867 2004 3921 sed

407 3970 602 4033 pectus
651 3974 806 4012 suum
849 3956 1138 4026 percussit,
1189 3955 1491 4010 descendes
1544 3955 1889 4023 postmodum
1939 3970 2006 4010 ac

409 4056 536 4120 post
565 4045 838 4101 modicum
863 4042 1182 4112 justiticatus
1213 4043 1266 4095 in
1297 4043 1517 4096 domum
1537 4050 1700 4095 tuam.
1727 4042 1781 4096 Si
1803 4050 2000 4108 autem,

413 4144 470 4191 ut
499 4148 887 4204 nonnunquam
917 4131 1237 4203 contingere
1283 4129 1442 4193 solet,
1473 4137 1803 4201 suggerente
1849 4131 2004 4184 hoste

410 4223 652 4294 maligno
684 4220 940 4292 (quicum
973 4235 1189 4289 semper
1209 4217 1366 4273 nobis
1382 4233 1582 4272 nocere
1603 4217 1875 4282 moliatur,
1907 4217 2003 4271 sed

412 4312 468 4366 in
498 4310 741 4366 oratione
759 4324 922 4379 quam
952 4307 1202 4372 maxime,
1231 4314 1285 4360 ut
1313 4322 1530 4360 onmem
1560 4306 1677 4375 ejus
1708 4305 1864 4360 nobis
1896 4304 2006 4358 fru-

2109 3159 2252 3212 enim
2293 3158 2580 3212 admodum
2628 3158 2757 3212 utile
2805 3157 2919 3217 tibi.
2972 3157 3062 3228 qui
3110 3157 3374 3211 habitator
3419 3157 3572 3212 cellae
3619 3173 3703 3224 es,

2107 3245 2335 3316 qualiter
2363 3245 2594 3299 orationi
2618 3244 2868 3299 insistere
2889 3244 3092 3298 debeas
3117 3243 3274 3309 scire,
3300 3260 3463 3316 quem
3491 3252 3705 3299 constat

2108 3335 2230 3387 huic
2259 3333 2524 3403 spirituali
2554 3341 2849 3403 sanctoque
2870 3332 3127 3387 exercitio
3147 3340 3256 3386 tam
3279 3332 3593 3403 frequenter
3620 3333 3705 3386 in-

2108 3421 2353 3476 tendere.
2389 3421 2496 3476 Sed
2532 3421 2646 3489 jam
2677 3419 2745 3474 de
2774 3419 2937 3474 ﬂuvio
2983 3420 3089 3474 hoc
3137 3419 3296 3474 tertio
3341 3435 3615 3487 exeamus,
3650 3428 3704 3474 et

2106 3508 2255 3562 illum
2289 3509 2358 3576 (si
2387 3508 2482 3561 tibi
2530 3507 2730 3578 placet)
2779 3513 3026 3578 quartum
3075 3507 3358 3561 intremus.
3410 3507 3532 3576 Ipse
3579 3508 3705 3578 qui-

2107 3597 2253 3659 dem,
2289 3596 2592 3665 Euphrates
2622 3603 2857 3660 vocatur,
2889 3594 2980 3665 qui
3030 3593 3192 3648 etiam
3242 3603 3295 3649 et
3323 3594 3440 3664 ipse
3484 3594 3552 3648 de
3581 3595 3706 3650 loco

2106 3683 2397 3754 voluptatis
2427 3683 2726 3754 egreditur.
2779 3683 2860 3736 De
2905 3698 3013 3752 quo
3063 3697 3220 3738 sacra
3269 3681 3548 3752 Scriptura
3594 3697 3704 3738 non
3783 3689 3786 3691 ’

2105 3780 2288 3826 narrat
2337 3771 2482 3842 quod
2548 3771 2783 3842 aliquam
2827 3778 3026 3824 terram
3086 3770 3399 3834 circumeat,
3448 3770 3587 3825 sicut
3632 3770 3704 3826 de

2106 3859 2342 3930 Physon,
2373 3859 2463 3930 qui
2498 3874 2715 3913 omnem
2754 3865 2954 3912 terram
2985 3856 3198 3911 Evilath
3246 3856 3530 3922 circumit;
3564 3857 3705 3912 sicut

2106 3947 2174 4000 de
2205 3947 2380 4017 Gyon,
2408 3946 2499 4016 qui
2529 3945 2775 4001 circumit
2796 3961 3014 4000 omnem
3037 3952 3231 3998 terram
3256 3944 3539 4015 Ethiopiae
3564 3963 3578 3998 :
3602 3961 3704 4000 nec

2107 4035 2252 4104 quod
2284 4035 2444 4089 vadat
2474 4042 2662 4088 contra
2693 4034 2905 4104 aliquos
2935 4032 3187 4102 p0pulos,
3221 4032 3364 4087 sicut
3391 4032 3459 4087 de
3489 4031 3584 4087 illo
3611 4032 3706 4103 qui

2105 4121 2284 4194 Tigris
2313 4121 2530 4187 dicitur,
2565 4121 2654 4192 qui
2684 4121 2826 4175 vadit
2875 4128 3068 4176 contra
3114 4119 3389 4191 Assyrios.
3439 4120 3547 4175 Sed
3578 4128 3690 4174 tan-

2107 4209 2386 4264 tummodo
2409 4208 2729 4278 simpliciter
2756 4216 2810 4262 et
2839 4207 3078 4263 breviter
3101 4209 3383 4273 :Fluvius,
3409 4207 3499 4274 ait,
3532 4224 3702 4279 quar-

2107 4301 2215 4362 tus,
2250 4299 2371 4369 ipse
2398 4301 2483 4352 est
2510 4295 2823 4367 Euphrates
2845 4296 3002 4367 (Gen.
3027 4311 3084 4360 n,
3111 4296 3216 4365 14).
3240 4295 3310 4348 Et
3326 4297 3428 4350 hoc
3444 4295 3568 4350 ideo
3589 4293 3702 4350 for-

414 4407 559 4456 ctum
591 4397 873 4466 subripiat,
923 4395 1080 4449 nobis
1109 4394 1370 4449 molestus
1415 4395 1518 4464 est)
1550 4393 1729 4464 aliqua
1759 4410 1880 4448 cum
1911 4393 1999 4446 in-
2034 4385 2266 4448 DtaSSiS
2296 4384 2423 4454 quia
2472 4383 2600 4437 utile
2650 4391 2702 4438 et
2743 4383 3079 4438 fructuosum
3123 4397 3380 4437 manuum
3427 4397 3566 4452 opus
3613 4382 3705 4452 (ad

413 4485 629 4543 cumbis
658 4483 889 4538 orationi
920 4483 1175 4555 cogitatio
1219 4483 1423 4546 illicita,
1458 4482 1673 4553 qualem
1720 4481 2008 4552 aliquando

415 4574 502 4628 vel
533 4574 632 4640 ira,
666 4573 751 4627 vel
799 4572 1112 4637 commotio,
1164 4588 1259 4625 seu
1302 4570 1530 4635 vanitas,
1564 4570 1650 4623 vel
1697 4568 2004 4636 curiositas,

418 4670 508 4716 aut
539 4669 684 4717 certe
715 4659 961 4730 voluptas
991 4675 1314 4730 quocunque
1355 4658 1517 4712 modo
1549 4657 1763 4720 format,
1797 4657 2010 4711 violen-

417 4758 494 4806 ter
527 4766 588 4804 se
617 4750 894 4821 ingerens,
928 4749 1277 4802 vehementer
1306 4755 1358 4800 te
1379 4745 1686 4811 vastaverit,
1714 4744 1770 4797 in
1799 4752 2010 4798 tantum

414 4847 472 4893 ut
502 4837 700 4892 mentis
730 4837 799 4890 ab
827 4852 887 4890 ea
919 4851 1027 4888 non
1057 4834 1237 4904 possis
1267 4832 1481 4888 oculum
1511 4839 1799 4898 avertere;
1831 4831 2013 4886 consi-

417 4927 549 4980 lium
579 4933 659 4980 est
691 4932 766 4990 ut,
817 4922 1135 4976 intermissis
1163 4921 1281 4974 aliis
1313 4919 1660 4989 petitionibus
1707 4919 1900 4989 quibus
1929 4917 2011 4971 in-

418 5015 702 5078 tendebas,
737 5019 925 5067 contra
955 5009 1258 5063 molestiam
1287 5009 1427 5063 hanc
1458 5007 1658 5061 orando
1703 5006 1931 5061 viriliter
1958 5013 2011 5059 te

420 5101 624 5173 erigas,
659 5109 710 5154 et
739 5101 807 5153 ab
845 5100 947 5153 hac
977 5097 1245 5152 erectione
1275 5103 1362 5149 tua
1410 5095 1556 5150 nullo
1602 5095 1763 5150 modo
1807 5110 2008 5160 cesses,

421 5205 725 5261 quousque,
755 5186 1046 5241 miserente
1069 5185 1200 5251 Deo,
1227 5183 1345 5254 ipsa
1367 5191 1620 5254 superata
1636 5198 1826 5254 pacem
1855 5182 2012 5236 inve-

422 5277 562 5331 nias.

493 5366 636 5420 Ecce
670 5364 787 5418 haec
818 5362 909 5416 illa
939 5369 1168 5433 quatuor
1199 5367 1321 5414 sunt
1369 5376 1490 5430 quae
1521 5367 1571 5414 te
1599 5372 1882 5414 monemus
1923 5356 2014 5428 qui

419 5452 690 5507 habitator
732 5451 884 5506 cellae
915 5467 993 5514 es,
1026 5449 1081 5502 in
1110 5455 1288 5504 mente
1335 5456 1420 5502 tua
1467 5446 1724 5502 orationis
1767 5453 2013 5515 tempore

422 5539 730 5605 revolvere,
764 5538 1015 5594 videlicet
1041 5537 1162 5608 quis
1193 5536 1281 5591 ille
1312 5536 1381 5590 sit
1410 5550 1568 5607 quem
1599 5549 1744 5600 oras,
1770 5533 1891 5604 quis
1921 5531 2014 5588 ille

2113 4472 2258 4543 quod
2300 4472 2449 4540 juxta
2491 4470 2724 4525 nominis
2789 4470 2872 4524 sui
2920 4470 3441 4539 interpretationem,
3480 4469 3703 4525 ﬂuvium

2112 4559 2202 4631 qui
2233 4567 2314 4613 est
2343 4559 2644 4628 Euphrates
2675 4557 2983 4627 referimus)
3025 4557 3198 4628 magis
3246 4565 3329 4612 est
3360 4556 3703 4628 quampluri-

2113 4647 2214 4700 bus
2271 4661 2578 4714 commune,
2648 4661 2810 4716 quam
2873 4645 3092 4716 aliquod
3141 4644 3296 4698 trium
3341 4643 3704 4715 probabilium

2112 4733 2509 4798 exercitiorum,
2541 4734 2610 4787 de
2642 4733 2837 4804 quibus
2867 4733 3162 4803 hucusque,
3189 4731 3343 4800 juxta
3389 4731 3539 4785 illum
3568 4748 3702 4786 sen-

2112 4837 2232 4874 sum
2261 4821 2681 4892 tropologicum,
2725 4819 3024 4875 secundum
3071 4835 3233 4890 quem
3262 4819 3585 4886 incedimus,
3615 4820 3704 4875 vel

2112 4909 2350 4963 studium
2379 4908 2631 4964 videlicet
2659 4907 2925 4974 lectionis,
2958 4906 3045 4963 vel
3085 4907 3287 4978 puritas
3314 4906 3698 4972 meditationis,

2112 4996 2199 5052 vel
2229 4996 2442 5050 devotio
2477 4995 2753 5050 orationis.
2785 4996 2907 5050 Non
2955 4994 3099 5050 enim
3143 5010 3333 5049 omnes
3383 5010 3520 5066 quos
3565 4994 3702 5049 reli-

2111 5083 2290 5156 gionis
2318 5082 2504 5137 habitu
2535 5083 2780 5138 videmus
2821 5083 3058 5149 indutos,
3093 5083 3162 5136 ad
3209 5081 3303 5136 illa
3345 5097 3560 5152 semper
3601 5081 3702 5135 tria

2112 5172 2359 5226 videmus
2413 5169 2740 5226 sufficienter
2802 5170 3065 5237 idoneos,
3124 5177 3181 5224 ut
3227 5168 3359 5223 satis
3431 5185 3704 5240 superque

2113 5259 2321 5330 possint
2363 5257 2624 5324 universi,
2675 5258 2760 5314 vel
2808 5257 2985 5313 studio
3028 5256 3275 5312 lectionis
3312 5255 3582 5324 insistere,
3613 5256 3703 5310 vel

2111 5347 2167 5401 in
2212 5347 2345 5417 ipsis
2392 5345 2589 5400 mentis
2632 5345 2855 5400 internis
2897 5361 3046 5416 purae
3086 5344 3424 5400 meditationi
3469 5343 3697 5410 instare,

2111 5435 2200 5492 vel
2254 5435 2463 5490 devotae
2514 5449 2730 5505 quoque
2773 5433 3001 5488 orationi
3044 5433 3362 5488 incumbere
3405 5431 3558 5502 [Pan
3608 5430 3698 5487 vel

2111 5521 2387 5578 devotioni
2416 5539 2470 5592 q.
2504 5521 2764 5577 orationis
2792 5520 2854 5592 i.]
2884 5521 2991 5578 Sed
3022 5520 3114 5593 qui
3143 5528 3244 5590 est,
3269 5519 3359 5591 qui
3389 5519 3436 5574 si
3476 5518 3533 5574 in
3574 5533 3702 5574 om-
