3972 6052
257 154 363 206 881

1384 150 1586 206 LIBER
1623 150 1717 204 DE
1753 146 2136 205 EXERCITIO
2176 147 2431 204 CELLE.

3465 151 3567 203 882

260 271 430 327 nibus
460 271 721 327 membris
778 272 1026 343 corporis
1087 288 1250 329 sanus
1298 273 1477 339 fuerit,
1511 290 1618 328 non
1666 271 2091 345 aliquidAdico
2122 274 2352 342 aptum?
2407 273 2692 343 pulchrum
2751 282 2805 327 et
2858 272 3225 337 conveniens;
3260 271 3416 341 quasi
3463 271 3568 323 hoc

259 360 417 431 quod
451 359 652 415 bonum
670 359 758 424 sit,
782 377 884 431 pro
904 360 1230 416 necessitate
1260 369 1311 416 et
1345 368 1589 432 tempore
1619 361 1875 415 manibus

258 447 384 501 suis
415 447 589 517 possit
620 447 890 517 operari?
919 448 1092 519 Igitur
1122 448 1249 519 quia
1270 450 1453 519 pietas
1475 449 1555 519 (ut
1584 447 1874 518 Apostolus

262 534 424 606 dicit)
444 536 516 590 ad
546 536 738 591 omnia
768 538 933 591 utilis
973 540 1076 602 est,
1100 538 1536 607 promissionem
1568 536 1774 592 habens
1798 537 1877 590 vi-

267 626 348 677 ta:
376 640 497 693 qua:
516 639 672 678 nunc
702 627 804 687 est,
831 627 886 678 et
915 626 1132 693 futura:
1180 625 1230 693 (Ι
1268 626 1406 679 Tim.
1450 639 1527 691 iv,
1564 624 1640 693 8),
1679 623 1875 677 merito

264 709 521 765 fortassis
556 718 608 765 et
637 710 706 764 de
736 710 950 763 duobus
996 710 1175 765 ﬂuviis
1236 711 1450 776 dicitur,
1500 712 1647 781 quod
1700 720 1875 765 terras

266 797 631 862 circumeunt,
666 805 718 852 et
749 798 818 853 de
850 797 1008 853 tertio
1044 798 1190 868 quod
1211 798 1359 852 vadit
1387 805 1579 853 contra
1596 798 1871 869 Assyrios.

268 885 448 954 Quam
476 885 762 940 utilitatem
794 885 1073 940 retulimus
1106 885 1179 941 ad
1210 884 1403 940 ﬂuvios
1431 886 1554 941 illos
1591 901 1601 939 :
1636 886 1705 941 ad
1729 887 1874 957 Phy-

267 988 374 1027 son
393 988 609 1044 quoque
629 980 855 1043 propter
878 973 1116 1027 studium
1134 987 1305 1028 sacrae
1327 972 1599 1043 lectionis,
1624 974 1693 1028 ad
1718 974 1876 1045 Gyon

268 1066 500 1129 propter
554 1059 837 1130 puritatem
905 1059 1132 1115 internae
1172 1060 1561 1125 meditationis,
1596 1061 1666 1115 ad
1722 1060 1877 1115 illum

270 1147 369 1218 qui
397 1147 595 1219 Tygris
624 1156 863 1216 vocatur,
895 1155 1118 1218 propter
1138 1147 1504 1204 sinceritatem
1525 1149 1734 1204 devotae
1762 1164 1880 1204 ora-

272 1234 461 1289 tionis.
496 1234 638 1304 Quia
653 1250 788 1291 vero
818 1235 1124 1306 corporalis
1155 1234 1470 1291 exercitatio
1501 1236 1573 1291 ad
1600 1236 1874 1292 modicum

273 1322 425 1376 utilis
456 1330 557 1389 est,
582 1324 770 1394 (quam
801 1323 872 1379 ad
900 1323 1259 1394 Euphratem,
1301 1324 1389 1395 qui
1423 1333 1650 1395 quartus
1680 1324 1876 1379 ﬂuvius

273 1418 378 1475 est,
442 1410 775 1481 referimus),
808 1411 865 1465 in
915 1426 979 1465 eo
1036 1412 1182 1482 quod
1237 1412 1385 1466 utilis
1443 1422 1544 1478 est,
1605 1412 1760 1484 quasi
1807 1413 1875 1467 de

271 1497 400 1553 loco
429 1497 723 1569 voluptatis
744 1499 1043 1570 egreditur.
1071 1499 1178 1554 Sed
1207 1499 1335 1570 quia
1374 1515 1483 1554 non
1514 1500 1584 1555 ad
1610 1500 1789 1554 omnia
1818 1507 1876 1554 ut

270 1585 473 1657 pietas,
490 1587 586 1642 sed
611 1587 680 1641 ad
693 1586 968 1642 modicum
986 1585 1134 1640 utilis
1157 1595 1258 1654 est,
1278 1587 1345 1641 de
1369 1586 1533 1642 ﬂuvio
1550 1586 1641 1642 illo
1664 1595 1872 1659 quarto,

286 1689 390 1744 per
417 1690 579 1745 quem
610 1674 875 1730 actionem
894 1673 1207 1744 accipimus,
1241 1690 1351 1729 non
1374 1674 1589 1743 dicitur,
1609 1675 1695 1730 vel
1728 1676 1873 1746 quod

270 1767 477 1816 terram
507 1761 742 1832 aliquam
789 1762 1102 1827 circumeat,
1148 1761 1234 1817 vel
1265 1762 1411 1833 quod
1442 1770 1633 1818 contra
1662 1762 1872 1834 aliquos

273 1849 510 1920 populos
540 1850 719 1916 vadat,
754 1849 851 1905 sed
892 1850 1237 1905 solummodo
1285 1850 1447 1921 (sicut
1471 1850 1581 1919 jam
1612 1850 1868 1920 diximus)

273 1936 595 2007 simpliciter
641 1945 694 1990 et
741 1937 976 1992 breviter
1007 1955 1019 1991 :
1053 1939 1284 1993 Fluvius
1315 1953 1441 1994 vero
1471 1943 1728 2009 quartus,
1751 1940 1871 2010 ipse

275 2028 361 2080 est
393 2025 710 2095 Euphrates
742 2026 904 2093 (Gen.
937 2041 996 2091 ιι,
1032 2026 1143 2094 14).
1168 2026 1238 2079 Et
1264 2025 1309 2079 si
1332 2026 1448 2080 haec
1468 2025 1541 2079 ita
1572 2033 1718 2080 stare
1734 2042 1869 2096 pos-

274 2119 418 2180 sunt,
445 2119 497 2166 et
526 2111 572 2165 si
592 2111 731 2167 forte
757 2128 868 2167 non
907 2120 1153 2183 possunt,
1188 2128 1512 2183 quocunque
1551 2113 1715 2167 modo
1746 2129 1869 2168 rec-

277 2199 383 2252 tius
415 2206 468 2253 et
518 2200 908 2271 congruentius
947 2199 1302 2272 intelligenda
1332 2209 1476 2265 sunt,
1516 2201 1619 2255 hoc
1652 2200 1871 2272 quidem

270 2286 416 2341 scire
446 2287 633 2353 debes,
667 2296 725 2341 tu
748 2287 838 2356 qui
867 2287 1132 2342 habitator
1153 2288 1305 2343 cellae
1329 2304 1407 2357 es,
1433 2288 1579 2359 quod
1600 2288 1757 2343 valde
1772 2288 1868 2342 tibi

271 2374 515 2445 pluribus
544 2375 611 2430 de
654 2375 835 2431 causis
884 2376 1270 2441 necessarium,
1304 2384 1363 2430 ut
1410 2376 1561 2446 operi
1610 2392 1867 2430 manuum

268 2462 418 2517 horis
446 2470 498 2517 et
527 2463 868 2533 temporibus
910 2463 1236 2530 constitutis,
1287 2470 1450 2534 prout
1505 2463 1653 2529 licet,
1703 2464 1865 2534 dicet,

267 2558 322 2605 et
352 2550 588 2620 expedit,
614 2550 852 2605 insistas.
907 2550 1045 2604 Nam
1101 2550 1375 2605 fastidium
1409 2551 1567 2619 tollit,
1618 2551 1866 2606 oblecta-

265 2647 509 2693 mentum
548 2638 706 2708 parit,
750 2637 961 2693 confert
1000 2638 1279 2693 utilitatem
1327 2654 1601 2710 magnam,
1635 2647 1687 2694 et
1718 2640 1866 2695 otio-

268 2725 501 2793 sitatem,
536 2742 657 2796 quae
687 2725 904 2780 inimica
934 2732 1015 2780 est
1043 2725 1257 2792 animae,
1293 2727 1396 2781 sibi
1425 2727 1721 2796 praevalere
1756 2743 1866 2782 non

270 2812 416 2867 sinit.
448 2813 516 2867 Et
535 2828 601 2867 eo
640 2812 1059 2868 desiderabilius
1124 2822 1173 2868 et
1209 2815 1501 2882 jucundius
1546 2815 1613 2868 ad
1651 2815 1738 2868 illa
1768 2815 1865 2868 tria

268 2900 566 2971 spiritualia
612 2900 937 2967 exercenda,
985 2901 1274 2957 lectionem
1301 2902 1575 2967 videlicet,
1628 2902 1863 2956 medita-

1983 357 2232 414 suﬁicere
2264 359 2452 429 possit.
2486 361 2644 415 Certe
2682 360 2824 427 dico,
2859 368 2907 415 et
2939 361 3017 415 sic
3048 367 3259 429 oportet
3312 366 3369 411 ut
3406 355 3570 411 facia-

1980 463 2120 500 mus.
2166 446 2299 513 Quis
2322 448 2465 501 enim
2497 464 2714 517 semper
2729 448 2936 518 absque
2954 446 3246 518 aliquando
3266 445 3567 508 intervallo,

1977 541 2068 587 aut
2098 534 2335 603 lectioni,
2368 542 2459 588 aut
2498 535 2850 599 meditationi,
2886 544 2977 589 aut
3007 534 3237 589 orationi
3268 531 3573 586 indefessus

1977 620 2261 676 intendere
2318 623 2507 677 valet?
2535 623 2603 676 Et
2658 623 2865 677 idcirco
2925 622 3170 692 quamvis
3226 620 3341 675 fere
3397 618 3574 672 nullus

1978 708 2045 761 de
2102 724 2266 779 opere
2326 725 2582 763 manuum
2624 709 2823 764 fruetus
2880 709 3209 780 proveniret,
3252 714 3335 762 est
3390 713 3574 759 tamen

1978 796 2201 861 bonum,
2252 804 2308 850 ut
2353 797 2403 852 ei
2462 812 2850 868 nonnunquam
2908 797 3142 869 diligens
3186 802 3371 850 nostra
3424 792 3573 849 solli-

1980 883 2200 951 citudo,
2265 891 2317 939 et
2378 884 2606 939 sollicita
2680 885 2956 956 diligentia
3042 899 3138 954 pro
3222 892 3469 953 tempore
3525 887 3580 935 et

1980 971 2144 1026 modo
2228 972 2491 1027 intendat.
2567 971 2848 1040 Quatenus
2933 988 2965 1027 a
3047 972 3205 1026 nobis
3250 969 3580 1041 repellamus

1982 1058 2259 1114 fastidium
2292 1060 2383 1127 (ne
2421 1060 2583 1113 nimis
2610 1062 2855 1130 pondere
2884 1058 3341 1130 pusillanimitatis
3370 1057 3578 1114 onerati

1981 1146 2174 1217 simus)
2206 1155 2257 1202 et
2303 1148 2645 1214 otiositatem,
2677 1163 2795 1219 quae
2840 1147 3060 1203 inimica
3088 1155 3168 1202 est
3214 1146 3431 1211 animae,
3455 1159 3575 1215 qua:

1983 1233 2063 1305 (ut
2098 1234 2320 1304 quidam
2352 1235 2572 1305 sapiens
2601 1233 2773 1304 dicit),
2798 1236 2983 1289 multa
2998 1236 3151 1289 mala
3169 1234 3357 1289 docuit
3379 1233 3575 1302 (Eccli.

1981 1336 2182 1387 xxxm,
2217 1322 2308 1393 29)
2344 1336 2356 1375 :
2388 1338 2457 1377 ne
2486 1338 2654 1392 supra
2683 1323 2904 1377 modum
2935 1322 3004 1377 ab
3024 1322 3169 1377 omni
3198 1337 3354 1376 mens
3391 1326 3580 1375 nostra

1979 1408 2094 1462 utili
2155 1410 2413 1465 exercitio
2463 1416 2779 1465 marcescat.
2833 1410 3064 1464 Sanctus
3120 1423 3332 1479 quoque
3381 1407 3580 1461 Paulus

1979 1512 2079 1550 nos
2120 1496 2339 1551 instruit
2398 1513 2562 1569 quam
2629 1496 3003 1552 necessarium
3059 1512 3331 1567 quamque
3361 1495 3578 1549 salubre

1896 1617 1946 1677 B
1978 1584 2137 1637 nobis
2167 1601 2305 1655 opus
2352 1600 2610 1639 manuum
2643 1584 2729 1639 sit.
2786 1584 2980 1640 Scribit
3009 1599 3247 1655 namque
3295 1583 3392 1649 sic,
3441 1582 3579 1638 sicut

1978 1672 2095 1742 ipse
2117 1672 2225 1726 scis
2251 1688 2262 1725 :
2290 1676 2563 1743 Rogamus
2585 1689 2694 1739 vos,
2720 1676 2953 1743 fratres,
2978 1676 3043 1727 ut
3066 1671 3572 1742 abundetismagis,

1976 1763 2031 1815 et
2052 1776 2278 1831 Operam
2295 1762 2439 1816 detis
2457 1765 2523 1815 ut
2545 1762 2721 1833 quieti
2770 1761 2913 1825 sitis,
2941 1764 3001 1815 et
3019 1765 3084 1816 ut
3122 1764 3371 1816 vestrum
3399 1774 3573 1830 nego-

1966 1848 2142 1913 tium,
2159 1851 2426 1919 agatis,et
2441 1850 2750 1920 operemini
2767 1850 3033 1904 manibus
3045 1850 3265 1916 uestris,
3281 1848 3574 1918 sicutpraz-

1975 1938 2225 2007 cepimus
2239 1937 2385 1993 vobis
2402 1956 2419 2003 ;
2443 1941 2498 1992 et
2521 1941 2585 1991 ut
2609 1936 2837 1991 honeste
2858 1937 3163 1991 ambuletis
3184 1936 3257 1991 ad
3273 1951 3363 1991 eos
3380 1936 3474 2006 qui
3494 1937 3577 2005 fo-

1974 2024 2054 2076 ris
2073 2027 2227 2088 sunt,
2251 2028 2307 2078 et
2324 2024 2543 2078 nullius
2558 2024 2773 2095 aliquid
2788 2025 3117 2079 desideretis
3132 2025 3181 2093 (Ι
3195 2023 3346 2078 Thes.
3363 2038 3438 2089 iv,
3460 2022 3569 2091 11).

1974 2109 2221 2164 Sciamus
2252 2119 2432 2164 autem
2466 2111 2591 2182 quia
2625 2119 2677 2165 et
2706 2111 2851 2182 quod
2876 2110 3057 2165 docuit
3076 2112 3182 2165 hoc
3201 2117 3252 2164 et
3273 2111 3389 2181 ipse
3411 2109 3569 2174 fecit;

1973 2197 2098 2268 ipsi,
2122 2197 2311 2268 inquit,
2332 2199 2490 2252 scitis
2510 2199 2979 2270 quemadmodum
3002 2215 3093 2254 vos
3118 2201 3334 2269 oportet
3348 2198 3571 2253 imitari

1970 2302 2092 2339 nos.
2123 2287 2396 2353 Quoniam
2417 2302 2533 2340 non
2574 2287 2815 2358 inquieti
2834 2287 3053 2357 fuimus
3075 2289 3232 2341 inter
3253 2302 3366 2351 vos,
3388 2300 3567 2355 neque

1971 2375 2150 2443 gratis
2166 2389 2370 2445 panem
2395 2374 2860 2429 manducavimus
2890 2374 2959 2428 ab
2981 2375 3204 2446 aliquo;
3225 2373 3401 2428 sedin
3424 2373 3571 2428 labo-

1970 2478 2030 2516 re
2052 2466 2107 2516 et
2145 2462 2505 2532 fatigatione,
2535 2466 2700 2518 nocte
2747 2467 2802 2517 et
2827 2463 2916 2517 die
2958 2465 3276 2535 aperantes,
3302 2478 3375 2516 ne
3406 2477 3568 2533 quem

1968 2552 2219 2604 uestrum
2233 2565 2600 2620 gravaremus
2622 2549 2695 2617 (II
2724 2550 2907 2605 Thess.
2934 2565 3013 2615 ιιι,
3039 2553 3091 2615 7,
3118 2550 3191 2618 8).
3216 2549 3283 2603 Et
3301 2556 3358 2603 ut
3379 2555 3568 2603 osten-

1969 2635 2229 2690 datnobis
2255 2637 2379 2708 quia
2405 2636 2566 2692 aliter
2576 2645 2763 2708 posset
2780 2637 2962 2693 facere
2984 2637 3030 2690 si
3052 2637 3235 2701 vellet,
3260 2636 3389 2693 dicit
3415 2637 3565 2693 :Non

1969 2726 2129 2795 quasi
2150 2742 2266 2778 non
2300 2726 2663 2781 habuerimus
2677 2729 3046 2797 potestatem;
3068 2725 3164 2781 sed
3186 2728 3250 2779 ut
3271 2726 3570 2797 nosmetip-

1970 2827 2057 2866 sos
2078 2812 2324 2881 formam
2349 2811 2614 2868 daremus
2640 2814 2788 2869 vobis
2808 2814 2879 2867 ad
2900 2813 3247 2868 imitandum
3266 2830 3368 2869 nos
3386 2813 3563 2881 (ibid,

1968 2902 2041 2969 9).
2070 2900 2137 2952 Et
2157 2899 2285 2954 item
2312 2914 2325 2952 :
2352 2899 2487 2954 Cum
2523 2917 2790 2969 essemus,
2810 2901 3003 2971 inquit,
3027 2901 3177 2973 apud
3196 2917 3307 2967 vos,
3328 2901 3443 2956 huic
3465 2901 3563 2957 de-

266 2988 469 3043 tionem
502 2995 554 3043 et
583 2988 885 3043 orationem
915 2989 1083 3054 redis,
1117 3004 1225 3059 quo
1254 2989 1509 3043 libentius
1533 3005 1596 3044 ea
1638 2998 1860 3060 propter
1886 2963 1931 3023 Ο
1960 2988 2372 3043 nuntiabamus
2386 2988 2838 3061 vobis,quoniam
2854 2991 3037 3061 siquis
3050 3005 3165 3044 non
3177 2989 3557 3060 vultoperari,

268 3075 423 3131 bonae
454 3076 682 3130 actionis
724 3075 959 3131 fructum
1009 3076 1303 3146 aliquando
1334 3076 1663 3132 intermittis.
1698 3076 1857 3144 Quod

264 3163 311 3218 si
340 3163 536 3234 quaeris
554 3163 639 3219 cui
662 3164 864 3218 debeas
886 3164 1139 3218 insistere
1160 3164 1336 3234 operi,
1372 3164 1612 3220 breviter
1632 3178 1859 3234 respon-

266 3251 458 3306 demus
485 3251 677 3315 tibi,ut
706 3252 783 3306 illi
838 3252 1092 3306 videlicet
1132 3252 1373 3317 insistas,
1426 3252 1570 3323 quod
1600 3260 1659 3307 ut
1688 3252 1737 3307 ei
1769 3253 1855 3307 in-

265 3339 448 3406 sistas,
471 3355 502 3393 a
540 3346 634 3394 tuo
660 3339 755 3393 tibi
791 3338 952 3396 fuerit
986 3339 1170 3410 priore
1215 3340 1534 3407 injunctum.
1594 3342 1786 3406 Porro,
1812 3341 1855 3394 si

264 3426 334 3482 ita
362 3426 663 3497 providerit
693 3426 862 3497 prior,
893 3442 1062 3481 unum
1083 3434 1166 3481 est
1196 3428 1281 3482 cui
1302 3427 1357 3480 in
1388 3427 1704 3497 operatione
1725 3444 1853 3498 spe-

265 3514 471 3570 cialiter
523 3514 806 3569 intendere
864 3515 1052 3583 debes,
1110 3523 1169 3569 ut
1211 3514 1463 3571 videlicet
1517 3524 1567 3571 et
1615 3516 1855 3571 scribere

263 3601 440 3657 discas
495 3602 565 3672 (si
617 3608 798 3656 tamen
852 3602 1137 3658 addiscere
1191 3604 1391 3673 potes),
1424 3611 1477 3656 et
1510 3603 1553 3656 si
1600 3611 1757 3673 potes
1802 3611 1855 3658 et

264 3690 387 3755 scis,
420 3698 475 3744 ut
513 3689 744 3744 scribas.
801 3691 917 3746 Hoc
963 3690 1365 3761 quodammodo
1396 3706 1554 3761 Opus,
1588 3706 1725 3761 opus
1755 3691 1855 3745 im-

264 3777 487 3833 mortale
518 3785 637 3843 est;
670 3792 807 3848 opus
837 3777 906 3846 (si
936 3777 1118 3833 dicere
1146 3777 1294 3847 licet)
1323 3793 1432 3832 non
1452 3778 1723 3834 transiens
1755 3780 1852 3834 sed

263 3879 488 3921 manens
515 3885 528 3931 ;
563 3880 701 3936 opus
730 3864 936 3936 utique,
968 3872 1026 3919 ut
1055 3866 1134 3920 sic
1162 3865 1430 3931 dicamus,
1462 3874 1515 3920 et
1544 3882 1649 3921 non
1689 3882 1847 3937 Opus,

263 3968 399 4025 Opus
427 3953 663 4024 denique
694 3952 839 4024 quod
869 3952 1010 4008 inter
1040 3954 1223 4008 omnia
1248 3953 1351 4008 alia
1379 3970 1546 4025 opera
1568 3954 1741 4027 magis
1763 3956 1853 4010 de-

262 4050 343 4097 cet
374 4041 520 4097 viros
552 4041 835 4111 religiosas
868 4040 1151 4096 litteratos.
1194 4042 1423 4113 Semper
1452 4041 1593 4096 enim
1627 4041 1727 4097 viri
1758 4059 1848 4098 re-

261 4128 458 4201 ligiosi,
519 4128 610 4201 qui
660 4136 843 4183 tamen
885 4128 1105 4183 litterati
1161 4137 1305 4195 sunt,
1355 4138 1514 4200 prout
1558 4130 1638 4185 eis
1686 4146 1849 4201 posse

261 4211 559 4284 corporalis
617 4211 822 4267 sanitas
868 4212 1248 4279 administrat;
1283 4228 1405 4268 cum
1464 4213 1535 4267 ab
1583 4214 1844 4277 oratione,

1960 3090 2064 3127 nec
2088 3075 2397 3130 manducet
2436 3076 2617 3144 (ibid.,
2652 3076 2761 3145 ‘10).
2798 3077 2866 3130 Et
2907 3076 3065 3146 paulo
3103 3084 3226 3146 post
3247 3076 3555 3148 subjungit:

1964 3162 2296 3217 Audiuimus
2319 3163 2472 3217 enim
2495 3165 2653 3217 inter
2675 3179 2767 3218 vos
2792 3164 3056 3236 quosdam
3079 3164 3437 3219 ambulantes
3463 3165 3559 3218 in-

1958 3250 2144 3319 quiete
2166 3269 2184 3316 ;
2216 3251 2365 3305 nihil
2383 3254 2704 3322 aperantes,
2728 3252 2825 3305 sed
2844 3252 3061 3307 curiose
3082 3258 3330 3322 agentes.
3358 3252 3432 3307 Iis
3451 3268 3557 3307 au-

1959 3340 2071 3390 tem
2098 3337 2193 3407 qui
2212 3338 2486 3407 ejusmodi
2506 3342 2643 3392 sunt
2681 3337 3111 3403 denuntiamus,
3130 3344 3189 3395 et
3208 3340 3561 3397 obsecramus

1956 3424 2021 3477 in
2049 3426 2285 3479 Domino
2316 3429 2511 3480 nostra
2533 3427 2665 3481 Iesu
2690 3422 2926 3492 Christo,
2946 3431 3013 3481 ut
3040 3443 3170 3482 cum
3191 3429 3417 3483 silentio
3438 3444 3559 3499 ope-

1960 3515 2174 3576 rantes,
2220 3528 2431 3583 panem
2452 3529 2620 3567 suum
2650 3513 2998 3569 manducent
3023 3514 3096 3583 (II
3121 3514 3300 3570 Thess.
3325 3530 3406 3581 ιιι,
3433 3517 3547 3583 12).

1961 3596 2143 3665 Quare
2184 3606 2435 3669 putamus
2475 3608 2682 3655 tantum
2705 3602 2987 3656 doctorem
3004 3609 3113 3656 tam
3135 3602 3362 3657 sollicite
3378 3609 3430 3658 et
3449 3609 3558 3656 tam

1956 3686 2250 3759 diligenter
2270 3703 2400 3743 suos
2421 3704 2583 3758 super
2606 3690 2710 3743 hoc
2734 3689 2973 3743 voluisse
2998 3689 3291 3760 discipulos
3308 3706 3555 3746 commo-

1954 3790 2089 3829 nere
2115 3794 2128 3841 ;
2154 3775 2259 3829 nisi
2285 3775 2412 3846 quia
2431 3783 2489 3831 ut
2509 3777 2613 3831 hoc
2633 3776 2897 3841 facerent,
2922 3777 3055 3832 utile
3078 3778 3282 3833 sciebat
3310 3794 3431 3833 esse
3454 3778 3554 3845 eis,

1954 3870 2005 3919 et
2028 3862 2183 3918 valde
2205 3863 2422 3918 salubre
2445 3879 2457 3918 :
2485 3864 2635 3919 Vade
2651 3873 2707 3918 tu
2732 3864 2822 3935 qui
2844 3865 3111 3920 habitator
3125 3866 3277 3922 cellae
3294 3882 3372 3934 es,
3397 3874 3450 3921 et
3472 3866 3557 3922 fac

1953 3950 2201 4005 similiter
2232 3960 2283 4006 et
2315 3952 2463 4007 omni
2493 3952 2581 4007 die
2598 3968 2705 4025 quo
2736 3952 2860 4009 licet
2882 3954 3097 4024 operari
3122 3973 3137 4021 ;
3167 3954 3371 4026 aliquid
3400 3955 3551 4021 utile,

1957 4045 2012 4093 et
2046 4039 2116 4092 ad
2136 4038 2367 4094 fructum
2397 4041 2676 4110 pertinens
2697 4056 3042 4096 communem
3063 4042 3131 4110 (si
3148 4058 3374 4112 corpore
3396 4043 3554 4113 plene

1958 4141 2125 4180 sanus
2147 4127 2341 4197 fueris)
2365 4143 2473 4182 non
2496 4129 2715 4198 quidem
2735 4130 2880 4199 quod
2903 4138 2958 4182 tu
2988 4129 3085 4183 tibi
3104 4131 3328 4201 propria
3363 4131 3555 4185 volun-

1949 4221 2062 4268 tate
2084 4214 2342 4285 elegeris,
2368 4216 2466 4269 sed
2488 4216 2633 4285 quod
2650 4217 2745 4269 tibi
2768 4231 2798 4270 a
2820 4217 2922 4270 tuis
2941 4216 3103 4271 fuerit
3122 4217 3357 4288 prmlatis
3379 4218 3554 4287 injun-

258 4301 507 4366 lectione,
549 4300 929 4367 meditatione,
977 4309 1031 4355 et
1074 4300 1489 4356 necessitatibus
1538 4301 1705 4372 (quod
1745 4309 1922 4369 ne-D
1961 4309 2129 4369 etum,
2163 4302 2405 4357 hilariter
2447 4311 2499 4357 et
2552 4304 2830 4373 ordinate,
2862 4320 2963 4374 pro
2994 4313 3086 4360 tuo
3116 4306 3256 4361 scire
3286 4314 3338 4361 et
3365 4322 3549 4378 posse,

264 4403 532 4460 quaquam
564 4387 855 4441 tacendum
875 4388 980 4457 est)
1011 4387 1405 4458 corporalibus,
1438 4395 1491 4442 et
1521 4388 1846 4444 necessariis

260 4476 678 4531 substentaculis
707 4476 957 4547 corporis
1000 4484 1226 4542 vacant;
1258 4477 1310 4530 in
1344 4483 1603 4548 quantum
1632 4485 1845 4548 tempus

262 4572 312 4620 et
338 4564 474 4619 ratio
512 4564 793 4637 exegerit;
825 4580 933 4619 non
979 4565 1198 4636 quidem
1227 4573 1384 4636 prout
1427 4581 1617 4619 eorum
1648 4565 1843 4621 volun—

258 4658 336 4705 tas
374 4652 629 4722 elegerit,
690 4652 865 4723 magis
893 4660 1071 4706 autem
1113 4652 1252 4708 sicut
1279 4652 1622 4722 priesidentis
1652 4661 1842 4708 aucto-

258 4738 386 4794 ritas
445 4739 713 4805 discreta,
767 4747 820 4794 et
858 4739 1110 4794 discretio
1157 4740 1467 4795 authentica
1515 4740 1840 4807 dictaverit;

256 4826 405 4881 libris
434 4827 621 4899 utique
665 4828 755 4882 vel
810 4828 1198 4897 praeparandis,
1231 4828 1317 4882 vel
1348 4826 1722 4891 conficiendis,
1755 4829 1839 4883 vel

259 4914 509 4987 ligandis,
542 4915 629 4970 vel
662 4915 1035 4981 emendandis,
1087 4916 1176 4970 vel
1222 4917 1504 4985 ornandis,
1532 4916 1616 4971 vel
1644 4917 1844 4971 illumi-

257 5004 467 5069 nandis,
493 5004 581 5058 vel
608 5003 964 5068 intitulandis,
988 5004 1073 5058 vel
1100 5003 1168 5057 iis
1190 5021 1309 5075 quae
1338 5005 1405 5058 ad
1436 5005 1539 5059 ista
1569 5004 1841 5074 pertinent

259 5090 591 5158 ordinandis,
626 5090 892 5147 faciendis
925 5100 977 5146 et
1004 5091 1372 5161 perﬁciendis,
1406 5093 1637 5148 sollicite
1665 5093 1840 5148 inten-

256 5179 377 5233 dere
408 5179 631 5233 debent.
664 5180 731 5233 Et
761 5195 884 5234 cum
916 5181 1020 5233 hoc
1056 5179 1110 5232 in
1156 5180 1304 5234 omni
1326 5181 1525 5252 ordine
1554 5181 1756 5234 decens
1788 5188 1841 5235 et

257 5281 554 5338 congruum
581 5267 667 5332 sit,
719 5267 819 5321 sed
856 5267 1031 5338 magis
1066 5266 1122 5320 in
1179 5267 1367 5321 ordine
1397 5276 1583 5322 nostro
1613 5268 1839 5321 Carthu-

256 5353 435 5422 siensi,
469 5362 655 5426 aptum
682 5354 867 5426 utique
892 5355 996 5411 hoc
1026 5362 1125 5421 est,
1160 5362 1213 5410 et
1240 5356 1550 5426 pulchrum.
1614 5356 1682 5410 Ut
1710 5355 1837 5425 quid

1952 4390 2207 4444 manibus
2258 4390 2364 4444 tuis
2427 4392 2693 4461 opereris.
2726 4394 3000 4449 Memento
3043 4395 3186 4465 quod
3234 4396 3557 4451 venerabilis

1948 4479 2064 4542 Ivo,
2103 4477 2368 4533 Ecclesia:
2403 4478 2756 4535 Carnotensis
2779 4481 3069 4554 epist'Opus
3091 4483 3269 4553 (epist.
3304 4485 3414 4554 10),
3438 4484 3550 4540 vir—

1944 4565 2167 4637 ginibus
2211 4566 2267 4620 in
2339 4567 2583 4622 Dunensi
2641 4570 2975 4625 monasterio
3030 4571 3374 4626 manentibus
3410 4613 3425 4637 ,
3483 4573 3552 4627 de

1946 4656 2050 4709 hoc
2092 4656 2231 4708 inter
2266 4663 2463 4710 caetera
2512 4656 2591 4711 sic
2639 4657 2828 4712 scribit
2862 4676 2874 4711 :
2910 4680 2931 4708 α
2970 4660 3036 4715 Ut
3083 4675 3318 4729 semper,
3351 4659 3544 4730 inquit,

1945 4742 2168 4797 intenta:
2198 4743 2317 4797 sitis
2351 4743 2607 4810 orationi,
2643 4754 2736 4799 aut
2756 4746 2995 4810 lectioni,
3030 4755 3121 4801 aut
3140 4746 3313 4817 operi,
3356 4747 3543 4801 utdia-

1944 4830 2103 4885 bolus
2135 4846 2237 4886 nec
2268 4846 2365 4885 vos
2415 4831 2654 4887 inveniat
2687 4834 2894 4888 otiosas
2951 4848 3052 4888 nec
3099 4841 3309 4888 mentes
3336 4842 3549 4889 vestras

1943 4918 2151 4972 nocivis
2182 4926 2233 4971 et
2256 4918 2409 4990 vagis
2436 4919 2854 4991 cogitationibus
2878 4920 3170 4989 expositas.
3212 4945 3235 4969 ιι
3267 4922 3337 4975 Et
3365 4923 3546 4991 adjun-

1943 5006 2021 5077 git
2056 5021 2067 5057 :
2109 5029 2130 5051 ιι
2170 5006 2271 5060 [ste
2303 5021 2419 5060 mos
2444 5006 2613 5061 fuisse
2642 5007 2842 5079 legitur
2871 5008 2924 5061 in
2960 5009 3306 5063 monasteriis
3334 5011 3544 5083 Egyp-

1942 5092 2159 5157 tiorum,
2187 5102 2243 5146 ut
2270 5094 2543 5149 neminem
2590 5096 2895 5165 reciperent
2925 5095 3013 5166 qui
3044 5097 3211 5153 nollet
3235 5100 3384 5169 operi
3414 5116 3545 5171 ope-

1942 5196 2059 5235 ram
2091 5182 2244 5245 dare,
2279 5197 2388 5236 non
2420 5191 2640 5252 propter
2662 5183 3060 5251 necessitatem,
3094 5186 3191 5240 sed
3214 5196 3435 5257 propter
3457 5189 3540 5242 vi—

1940 5269 2159 5322 tandam
2193 5269 2537 5337 otiositatem,
2559 5288 2678 5341 quae
2702 5272 2919 5327 inimica
2961 5280 3042 5326 est
3074 5274 3287 5329 animae.
3315 5296 3335 5323 ι
3363 5276 3469 5329 Sed
3493 5285 3543 5329 et

1938 5355 2128 5412 beatus
2167 5358 2485 5413 Benedictus
2517 5359 2584 5413 de
2636 5359 2743 5414 hoc
2791 5360 2846 5414 in
2903 5361 3115 5433 Regula
3143 5363 3533 5417 monachorum
