3972 6052
431 230 531 281 883

857 230 1199 285 GUIGONIS
1239 232 1285 283 II
1324 230 1730 285 CARTHUSIE
1770 225 2062 282 MAJORIS
2101 226 2377 284 PRIORIS
2416 230 2541 284 LIB.
2586 231 2679 285 DE
2717 230 2972 286 EXERC.
3016 231 3271 286 CELLzE.

3611 234 3719 286 884

433 354 579 422 (cap.
614 356 703 419 48)
734 355 810 408 sic
840 356 968 410 dicit
1003 373 1015 409 :
1045 378 1067 406 α
1104 356 1361 410 Otiositas
1394 356 1611 409 inimica
1660 363 1743 408 est
1800 354 2014 420 animae,
2039 353 2093 411 A
2123 369 2274 406 suam
2303 370 2527 423 operam
2565 357 2717 421 dare,
2752 357 2824 410 ita
2856 356 3043 412 scribit
3076 374 3089 411 :
3126 379 3147 403 «ι
3205 357 3448 427 Spatium
3490 364 3667 411 autem
3695 376 3712 422 ;

433 448 485 493 et
516 440 638 495 ideo
668 442 831 496 certis
863 444 1196 513 temporibus
1227 444 1479 513 occupari
1511 443 1709 495 debent
1740 442 1933 494 fratres
1969 440 2023 492 in

431 529 620 582 labore
642 545 918 599 manuum,
954 532 1115 585 certis
1147 532 1340 584 iterum
1364 530 1512 584 horis
1541 530 1595 582 in
1626 529 1858 584 lectione
1887 526 2023 581 divi-

434 632 524 669 na.
564 636 585 663 ι
622 618 761 671 Ecce
820 619 1052 688 qualiter
1105 619 1171 672 de
1230 634 1395 687 opere
1444 633 1698 670 manuum
1758 615 1939 685 magni
1972 622 2024 667 et

434 704 632 756 summi
658 704 760 757 viri
820 706 1051 759 sentiunt
1084 721 1096 757 :
1130 722 1257 759 ecce
1298 722 1418 775 qua:
1458 705 1524 758 de
1558 721 1623 758 eo
1652 706 1707 757 in
1738 704 1849 757 suis
1881 701 2022 756 scri-

432 791 538 860 ptis
595 791 947 862 reliquerunt,
988 793 1131 862 quod
1163 808 1261 846 nos
1314 809 1415 861 per
1469 800 1718 862 quartum
1750 791 1899 844 illum
1928 788 2024 841 ﬂu-

432 878 599 947 vium,
636 878 727 948 qui
764 880 833 932 de
882 880 1003 934 loco
1056 880 1343 949 voluptatis
1391 880 1687 951 egreditur,
1723 878 2023 932 secundum

433 982 654 1019 sensum
685 967 947 1020 moralem
966 968 1281 1037 accipimus,
1309 967 1377 1021 de
1412 983 1518 1037 quo
1541 966 1669 1021 dicit
1701 965 1980 1034 Scriptura
2006 981 2018 1016 :

430 1055 660 1109 Fluvius
692 1059 946 1124 quartus,
987 1057 1101 1126 ipse
1133 1060 1215 1110 cst
1249 1055 1588 1127 Euphrates.
1623 1056 1691 1108 Et
1721 1052 2022 1107 certissime

433 1141 633 1194 scimus
655 1156 775 1206 nos,
793 1143 936 1212 quod
959 1142 1062 1196 nisi
1077 1143 1234 1197 valde
1260 1142 1614 1208 fructuosum,
1636 1141 1903 1210 valdeque
1927 1154 2021 1192 sa-

430 1227 585 1281 lubre
603 1228 733 1281 illud
757 1245 878 1283 esse
896 1229 1212 1284 exercitium
1243 1230 1465 1294 scirent,
1500 1229 1646 1282 nullo
1673 1227 1836 1281 modo
1859 1226 1926 1280 de
1956 1240 2022 1279 eo

430 1316 723 1382 monendo,
765 1317 1152 1386 praecipiendo,
1204 1317 1516 1380 scribendo,
1543 1324 1650 1369 tam
1682 1314 2025 1370 concorditer

431 1404 711 1458 sentirent.
738 1405 862 1459 Haec
883 1406 1143 1459 meditare
1164 1413 1238 1469 tu,
1267 1404 1357 1475 qui
1373 1404 1644 1458 habitator
1665 1403 1817 1459 cella
1840 1419 1933 1467 es;
1966 1401 2022 1453 in

430 1491 515 1544 his
573 1500 710 1546 esto.
753 1493 983 1545 Attende
1029 1492 1144 1558 tibi,
1167 1500 1219 1545 et
1282 1492 1432 1562 Operi
1474 1508 1730 1546 manuum
1783 1498 2017 1544 tuarum.

430 1580 579 1632 Insta
608 1580 663 1632 in
691 1579 805 1634 illo.
844 1581 960 1634 Hoc
990 1589 1171 1634 autem
1202 1597 1324 1634 esse
1356 1580 1518 1634 debet
1547 1578 1855 1649 specialiter
1884 1593 2021 1647 opus

433 1674 579 1720 tuum
610 1675 665 1720 ut
696 1668 857 1737 (sicut
886 1667 979 1721 tibi
1011 1668 1263 1739 superius
1296 1668 1685 1736 intimavimus)
1703 1666 1856 1720 libris
1888 1665 2019 1721 scri-
2039 1696 2091 1757 B

429 1755 623 1808 bendis
673 1772 895 1825 operam
926 1756 1214 1827 diligenter
1242 1757 1545 1826 impendas.
1592 1757 1708 1810 Hoc
1751 1754 2018 1826 siquidem

430 1843 665 1911 speciale
698 1860 820 1898 esse
878 1844 1039 1899 debet
1085 1860 1222 1915 opus
1265 1844 1733 1899 Carthusiensium
1773 1843 2016 1898 incluso-

430 1948 568 1987 rum.
602 1932 739 1987 I~Iinc
768 1933 923 1987 bona;
980 1933 1278 2002 memoriae,
1310 1940 1361 1986 et
1410 1949 1531 1988 cum
1580 1932 1725 1987 omni
1754 1929 2016 1985 honorifi-

426 2020 605 2074 centia
632 2020 995 2075 nominandus
1024 2021 1354 2076 venerabilis
1385 2021 1585 2093 Guigo,
1619 2020 1837 2091 quintus
1894 2019 2018 2073 Car-

426 2108 721 2163 thusiensis
744 2110 911 2163 eremi
941 2109 1110 2178 prior,
1148 2109 1340 2163 litteris
1362 2116 1442 2178 (ut
1461 2108 1720 2178 legimus)
1740 2106 2006 2161 saeculari-

428 2196 528 2249 bus
550 2205 600 2250 et
626 2196 821 2250 divinis
860 2197 1150 2251 admodum
1175 2197 1432 2262 eruditus,
1467 2212 1595 2251 acer
1621 2195 1861 2267 ingenio,
1893 2210 2016 2248 me-

428 2284 601 2337 moria
632 2291 812 2350 tenax,
864 2284 1127 2339 facundim
1157 2284 1514 2349 admirabilis,
1549 2284 1860 2337 exhortator
1892 2280 2009 2336 effi—

426 2372 775 2437 cacissimus;
855 2373 975 2437 hic,
1027 2373 1266 2443 inquam,
1302 2379 1479 2426 tantus
1534 2388 1599 2425 ac
1643 2370 1768 2424 talis
1800 2369 1897 2435 vir,
1961 2369 2016 2422 in

425 2460 566 2513 libro
631 2460 1031 2515 lnstitutionum
1089 2460 1487 2514 Carthusiensis
1535 2458 1819 2529 prOpositi,
1855 2473 2014 2528 quem

424 2549 541 2616 ipse
573 2548 805 2618 scripsit,
841 2548 915 2602 ita
945 2549 1012 2603 de
1045 2549 1147 2603 hoc
1176 2548 1323 2614 dicit,
1358 2547 1592 2617 capitulo
1622 2546 1864 2615 ejusdem
1894 2544 2015 2599 libri

424 2635 691 2706 vigesimo
720 2644 912 2691 octavo
946 2654 958 2690 :
993 2656 1014 2685 (
1068 2636 1273 2691 Omnes
1302 2653 1441 2706 pene
1498 2651 1635 2706 quos
1666 2633 2009 2703 suscipimus,

424 2722 468 2775 si
501 2721 617 2776 fieri
646 2732 843 2793 potest,
880 2724 1119 2779 scribere
1149 2724 1427 2779 docemus.
1469 2748 1489 2770 »
1531 2724 1600 2776 Et
1653 2730 1775 2791 post
1821 2736 2009 2790 pauca.

429 2832 450 2860 α
487 2810 676 2865 Libros
707 2811 926 2882 quippe,
971 2821 1228 2882 tanquam
1286 2812 1677 2881 sempiternum
1708 2809 2014 2863 animarum

428 2906 733 2953 nostrarum
774 2898 953 2953 cibum
992 2899 1301 2953 cautissime
1359 2898 1633 2963 custodiri,
1670 2905 1722 2951 et
1771 2896 2013 2951 studiose

422 2986 676 3041 volumus
706 2985 839 3041 fieri.
876 2988 944 3043 Ut
980 2987 1106 3058 quia
1141 3004 1236 3042 ore
1267 3003 1372 3041 non
1434 3002 1725 3057 possumus
1755 2984 1854 3038 Dei
1882 3000 2015 3038 ver-

427 3074 555 3128 bum
602 3074 851 3128 manibus
889 3075 1269 3145 praedicemus.
1310 3100 1331 3122 η
1386 3074 1517 3142 Quae
1568 3082 1747 3127 autem
1806 3089 1871 3126 ex
1910 3073 2014 3127 hoc
2039 3073 2083 3102 ἐλ

425 3163 626 3217 utilitas
682 3164 981 3232 proveniat,
1028 3163 1265 3218 ostendit
1312 3163 1551 3217 subdens
1585 3178 1597 3215 :
1635 3185 1657 3210 κ
1694 3160 1837 3229 Quot
1867 3160 2013 3214 enim

421 3250 591 3306 libros
622 3250 930 3314 scribimus,
968 3259 1041 3305 tot
1071 3251 1228 3306 nobis
1260 3251 1500 3306 veritatis
1530 3265 1813 3321 praecones
1834 3247 2013 3302 facere

422 3339 683 3405 videmur,
721 3346 1005 3408 sperantes
1036 3355 1069 3392 a
1099 3340 1331 3393 Domino
1385 3338 1719 3401 mercedem,
1764 3352 1861 3406 pro
1891 3351 2003 3389 om-

422 3426 580 3481 nibus
611 3426 703 3496 qui
730 3443 827 3495 per
858 3443 952 3481 eos
983 3427 1066 3482 vel
1097 3427 1166 3480 ab
1197 3443 1378 3481 errore
1418 3425 1647 3481 correcti
1675 3424 1893 3488 fuerint,
1927 3422 2013 3476 vel

422 3513 478 3567 in
515 3514 780 3569 catholica
810 3514 1035 3569 veritate
1080 3514 1425 3585 profecerint.
1460 3515 1562 3567 Pro
1593 3512 1800 3567 cunctis
1831 3510 2009 3575 etiam,

423 3603 515 3673 qui
547 3602 632 3657 vel
665 3618 696 3657 a
727 3602 839 3656 suis
868 3602 1110 3673 peccatis
1167 3611 1220 3657 et
1257 3602 1400 3656 vitiis
1455 3600 1784 3672 compuncti,
1826 3597 1913 3653 vel
1947 3597 2015 3652 ad

421 3690 753 3745 desiderium
825 3691 1024 3744 fuerint
1077 3690 1267 3759 patriae
1324 3689 1563 3745 caelestis
1614 3687 1851 3743 accensi.
1891 3709 1912 3735 η
1954 3686 2015 3739 In

418 3779 556 3833 libro
587 3794 803 3849 quoque
830 3778 967 3833 Vitae
999 3779 1147 3832 beati
1178 3778 1395 3832 Martini
1422 3778 1676 3849 legimus,
1701 3774 1847 3846 quod
1871 3796 1892 3820 κ
1925 3789 2013 3827 ars

420 3867 515 3933 ibi,
547 3866 787 3935 exceptis
810 3865 1181 3935 scriptoribus,
1205 3866 1351 3920 nulla
1382 3866 1706 3919 habebatur.
1750 3887 1771 3911 ιο
1805 3864 1871 3917 Et
1892 3861 2016 3915 sub-

423 3954 597 4008 ditur:
624 3974 645 4003 ι
684 3954 778 4008 Cui
810 3961 990 4006 tamen
1013 3953 1163 4022 operi
1193 3953 1370 4007 minor
1405 3960 1534 4006 aetas
1565 3953 1872 4021 deputatur.
1898 3949 2012 4002 Ma-

416 4043 566 4110 jores
603 4039 837 4096 orationi
878 4040 1142 4095 vacabant
1184 4040 1367 4108 (SULP.
1418 4039 1501 4107 S.,
1533 4040 1588 4093 in
1641 4042 1743 4094 γει.
1775 4039 1830 4093 S.
1866 4038 2013 4092 Mar-

424 4130 553 4197 tini,
588 4144 636 4184 c.
671 4130 746 4195 ’7).
807 4127 1014 4196 Quibus
1058 4136 1237 4183 autem
1285 4128 1618 4199 temporibus
1647 4127 1772 4182 huic
1827 4131 2014 4180 sancto

422 4233 678 4271 manuum
699 4217 849 4287 Operi
881 4216 1234 4271 insistendum
1267 4217 1354 4282 sit,
1386 4216 1641 4287 praefatus
1673 4212 2015 4271 venerandus

424 4304 627 4376 Guigo,
678 4305 732 4357 in
763 4304 1024 4374 praedicto
1080 4304 1237 4370 libro,
1268 4304 1502 4376 capitulo
1558 4303 1817 4359 vicesimo
1848 4316 2011 4367 nono,

2122 441 2207 495 vel
2241 458 2271 495 a
2304 442 2482 497 Prima
2510 461 2683 514 usque
2712 445 2779 497 ad
2809 444 3041 498 Tertiam
3063 487 3075 511 ,
3109 444 3304 498 hiemis
3334 453 3594 515 tempore,
3626 445 3719 499 vel

2123 543 2155 581 a
2182 530 2452 583 Matutinis
2483 548 2655 602 usque
2686 532 2755 585 ad
2781 532 3014 586 Primam
3054 540 3259 599 aestate,
3294 532 3563 587 exercitiis
3593 533 3712 602 spi-

2123 616 2408 671 ritualibus
2456 619 2808 689 mancipatur.
2878 644 2897 668 n
2959 621 3093 674 Item
3148 620 3385 690 capitulo
3435 620 3714 690 septimo:

2128 727 2149 750 ‹‹
2186 706 2458 760 Exeuntes
2509 707 2577 760 de
2626 706 2931 774 refectorio,
2980 707 3172 777 inquit,
3234 723 3267 761 a
3296 707 3557 761 Kalendis
3602 709 3716 761 No-

2124 792 2360 845 vembris
2390 810 2563 863 usque
2613 794 2680 847 ad
2712 793 3145 848 Purificationem
3177 796 3235 847 B.
3296 796 3501 859 Maria,
3536 796 3716 849 statim

2122 880 2335 934 Nonam
2389 890 2693 935 cantamus.
2748 882 2829 935 Ex
2869 898 2976 951 quo
3007 882 3094 935 die
3124 898 3297 952 usque
3354 884 3423 936 ad
3481 884 3714 951 Pascha,

2124 968 2357 1036 spatium
2390 969 2532 1038 quod
2564 968 2639 1037 (id
2671 976 2771 1031 est,
2804 969 2942 1023 inter
2977 969 3261 1039 prandium
3293 977 3345 1023 et
3377 970 3608 1039 Nonam)
3642 969 3720 1023 fa-

2124 1055 2315 1123 cimus,
2348 1056 2585 1121 lectioni,
2620 1056 2705 1111 vel
2727 1056 2995 1127 aliquibus
3014 1057 3207 1111 talibus
3238 1057 3509 1114 exercitiis
3539 1058 3719 1128 depu-

2124 1150 2290 1196 tatur.
2336 1167 2359 1190 ιι
2394 1145 2525 1197 Item
2556 1144 2611 1197 in
2640 1143 2830 1198 eodem
2860 1144 3033 1210 libro,
3066 1144 3331 1215 vigesimo
3386 1161 3530 1199 nono
3560 1146 3718 1216 capi-

2123 1230 2233 1284 tulo
2267 1245 2278 1283 :
2318 1252 2339 1280 ι
2376 1234 2420 1285 Α
2453 1231 2711 1301 Vesperis
2755 1247 2925 1302 usque
2955 1232 3025 1285 ad
3055 1231 3475 1303 Completorium
3500 1276 3512 1297 ,
3546 1234 3717 1303 spiri—

2126 1318 2361 1372 tualibus
2394 1334 2559 1388 opere
2591 1319 2765 1373 datur.
2796 1338 2817 1367 ν
2855 1320 3037 1390 Itaque
3067 1320 3239 1374 habes
3293 1320 3377 1373 cui
3409 1320 3721 1390 specialiter

2124 1406 2278 1475 operi
2309 1414 2362 1459 et
2390 1406 2583 1477 quibus
2614 1407 2662 1461 ei
2694 1407 3049 1477 temporibus,
3074 1423 3174 1477 pro
3192 1407 3329 1463 scire
3347 1415 3399 1461 et
3428 1424 3591 1477 posse
3620 1417 3717 1463 tuo

2123 1492 2410 1548 intendere
2428 1494 2652 1549 debeas.
2680 1495 2795 1549 Hoc
2822 1502 2999 1549 autem
3035 1495 3191 1560 scias,
3226 1496 3353 1565 quia
3382 1512 3503 1566 qua:
3523 1496 3717 1550 hausi-

2123 1597 2244 1634 mus
2276 1582 2422 1651 apud
2444 1589 2514 1649 te,
2539 1582 2948 1652 propinavimus
2966 1582 3062 1636 tibi
3084 1582 3380 1636 :induimus
3404 1591 3472 1647 te,
3495 1584 3591 1637 sed
3622 1601 3719 1638 ve-

2124 1669 2373 1723 stimento
2403 1670 2653 1739 prOprio;
2678 1669 2925 1739 pavimus
2946 1678 3016 1735 te,
3033 1670 3129 1725 sed
3159 1670 3281 1725 cibo
3311 1679 3403 1725 tuo
3428 1689 3443 1737 ;
3466 1671 3720 1725 dedimus

2121 1757 2236 1825 tibi,
2262 1758 2359 1811 sed
2374 1758 2515 1828 quod
2534 1757 2777 1812 habebas
2799 1758 3117 1823 -,ditavimus
3134 1766 3207 1828 te,
3222 1759 3318 1813 sed
3336 1774 3400 1813 eo
3422 1774 3529 1830 quo
3542 1760 3717 1813 abun-

2120 1846 2235 1899 das.
2260 1846 2327 1899 Et
2348 1847 2464 1900 haec
2481 1845 2576 1899 tibi
2590 1846 2656 1899 de
2670 1861 2837 1915 Opere
2854 1845 3091 1899 manuali
3104 1846 3157 1899 in
3168 1846 3421 1917 pra=senti
3434 1847 3578 1901 dicta
3601 1847 3717 1900 suf-

2118 1933 2318 2000 ficiant,
2341 1934 2488 2004 quod
2528 1932 2797 2003 perillum
2827 1933 3121 2003 accipimus
3166 1934 3388 1989 ﬂuvium
3435 1942 3708 2005 quartum,

2120 2022 2209 2092 qui
2244 2022 2310 2075 de
2343 2022 2464 2076 loco
2503 2021 2792 2091 voluptatis
2824 2022 3123 2092 egreditur,
3158 2022 3225 2076 de
3260 2038 3366 2092 quo
3387 2038 3550 2077 verax
3579 2024 3714 2078 dicit

2119 2109 2345 2163 historia
2362 2125 2373 2162 :
2390 2110 2620 2163 Flavius
2633 2114 2891 2180 quartus,
2907 2110 3024 2180 ipse
3038 2114 3120 2164 est
3138 2111 3453 2181 Euphrates
3472 2111 3630 2179 (Gen.
3648 2126 3708 2175 ιι,

2121 2197 2228 2265 14).
2281 2196 2444 2261 Ecce,
2493 2196 2663 2250 habes
2696 2197 2841 2267 quod
2899 2196 3074 2268 magis
3131 2213 3515 2269 recognoscas,
3548 2215 3711 2268 quam

2118 2299 2408 2354 agnoscas,
2444 2284 2678 2354 qualiter
2721 2283 2973 2338 videlicet
3004 2292 3077 2349 tu,
3112 2284 3204 2355 qui
3258 2286 3529 2338 habitator
3557 2286 3713 2340 cellae

2119 2388 2258 2436 esse,
2293 2371 2399 2424 illis
2431 2379 2657 2442 quatuor
2684 2371 2882 2426 sanctis
2923 2388 2987 2425 ac
3018 2370 3470 2426 sanctiﬁcantibus
3492 2374 3708 2428 exerci-

2117 2460 2205 2513 tiis
2256 2459 2510 2513 insistere
2560 2459 2802 2526 debeas;
2836 2476 2956 2530 quas
3000 2468 3143 2525 sunt,
3176 2460 3408 2513 studium
3437 2461 3705 2525 lectionis,

2117 2548 2323 2618 puritas
2352 2547 2741 2612 meditationis,
2775 2547 2995 2603 devotio
3016 2548 3292 2613 orationis,
3317 2547 3519 2602 utilitas
3541 2550 3710 2604 actio-

2117 2635 2221 2689 nis.
2256 2635 2401 2689 Nihil
2433 2635 2528 2689 tibi
2557 2636 2611 2689 in
2640 2635 2823 2689 libello
2854 2636 3137 2705 posuimus
3184 2652 3404 2703 novum,
3437 2638 3535 2691 sed
3564 2639 3707 2691 anti-

2117 2740 2300 2794 quum,
2326 2724 2449 2794 quia
2467 2724 2904 2792 juxtacomicum
2939 2739 2951 2776 :
2989 2746 3011 2771 «ι
3043 2725 3284 2778 Nihilest
3307 2724 3534 2791 dictum,
3560 2727 3707 2796 quod

2117 2820 2241 2865 ante
2272 2826 2380 2865 non
2412 2812 2479 2865 sit
2537 2812 2761 2865 dictum.
2804 2836 2822 2857 η
2856 2813 2922 2865 Et
2952 2811 3312 2867 Ecclesiastes
3361 2813 3526 2867 dicit:
3553 2814 3707 2869 Nihil

2116 2902 2215 2955 sub
2242 2901 2355 2954 sole
2394 2916 2599 2955 novum
2623 2915 2758 2954 :nec
2792 2901 2942 2955 valet
2960 2900 3251 2971 quisquam
3284 2900 3466 2956 dicere
3496 2920 3514 2956 :
3546 2902 3703 2965 Ecce,

2118 2988 2216 3042 hoc
2248 3002 2442 3042 recens
2471 2992 2576 3040 est.
2602 2987 2668 3040 Et
2691 2987 2954 3059 adjungit,
2979 2990 3102 3057 jam
3120 2991 3412 3058 praecessit
3442 2992 3502 3042 in
3526 3006 3708 3044 θανου-

2119 3077 2186 3130 Iis
2207 3092 2328 3147 quae
2346 3078 2586 3145 fuerunt
2619 3078 2753 3130 ante
2773 3091 2875 3131 nos
2896 3075 3100 3143 (Eccle.
3129 3090 3166 3139 ι,
3195 3079 3303 3144 10).
3328 3076 3496 3131 Nobis
3524 3084 3705 3132 autem

2117 3163 2321 3217 conscii
2351 3178 2459 3217 non
2507 3179 2695 3216 sumus
2746 3162 2952 3233 aliquid
2982 3163 3196 3217 veritati
3243 3164 3577 3218 contrarium
3606 3182 3708 3220 nos

2118 3252 2426 3321 scripsisse.
2464 3251 2852 3306 Verumtamen
2886 3251 3032 3321 quod
3060 3250 3192 3304 nihil
3217 3253 3437 3307 omnino
3467 3252 3623 3308 aliter
3651 3271 3709 3309 se

2115 3338 2324 3391 habens
2381 3338 2784 3408 scripserimus,
2854 3338 3197 3407 pertinaciter
3250 3354 3357 3392 non
3414 3354 3704 3411 negamus,

2116 3425 2350 3479 scientes
2389 3425 2655 3479 bonorum
2679 3441 2821 3490 esse,
2856 3425 2929 3478 ibi
2959 3425 3280 3496 plerumque
3311 3426 3527 3496 culpam
3558 3428 3707 3481 msti-

2116 3529 2288 3578 mare,
2323 3512 2415 3566 ubi
2463 3513 2613 3567 nulla
2669 3521 2771 3567 est.
2828 3514 3112 3567 Portantes
3144 3513 3189 3566 si
3219 3514 3439 3583 quidem
3468 3515 3709 3569 animam

2115 3609 2359 3655 nostram
2389 3601 2444 3654 in
2494 3600 2744 3655 manibus
2792 3600 3011 3666 nostris,
3045 3601 3127 3655 ori
3159 3609 3343 3656 nostro
3376 3601 3454 3657 sic
3480 3618 3709 3673 parcere

2115 3688 2385 3755 nolumus,
2420 3696 2477 3742 ut
2507 3704 2615 3743 non
2646 3702 2839 3743 carnes
2869 3696 3085 3744 nostras
3116 3689 3369 3744 dentibus
3390 3691 3589 3744 nostris
3619 3692 3704 3745 la-

2116 3791 2382 3845 ceremus,
2420 3776 2712 3831 dummodo
2744 3776 2887 3847 apud
2921 3792 3021 3830 nos
3052 3791 3147 3831 eas
3176 3792 3298 3831 esse
3320 3778 3705 3847 deprehenda-

2115 3882 2263 3919 mus.
2303 3865 2408 3920 Sed
2443 3872 2544 3919 tuaa
2574 3874 2626 3919 et
2674 3864 2985 3937 sagacitatis
3028 3865 3289 3934 providae,
3324 3873 3377 3920 et
3405 3867 3695 3936 providen-

2117 3953 2202 4008 tiae
2233 3953 2331 4007 erit
2362 3952 2600 4024 sagacis,
2634 3953 2714 4008 sic
2742 3952 3001 4024 colligere
3022 3967 3221 4018 rosam,
3254 3961 3311 4007 ut
3341 3953 3396 4007 in
3412 3970 3575 4009 manu
3599 3971 3706 4010 non

2118 4048 2355 4095 assumat
2388 4040 2599 4110 spinam
2633 4056 2646 4094 :
2679 4040 2867 4111 sicque
2897 4040 2979 4111 (ut
3010 4040 3250 4111 apertius
3266 4040 3531 4111 dicamus)
3561 4044 3703 4113 quod

2118 4129 2320 4182 bonum
2351 4136 2434 4183 est
2462 4135 2666 4193 tenere,
2700 4136 2756 4182 ut
2802 4128 2870 4181 ab
2909 4128 3056 4182 omni
3088 4128 3269 4198 specie
3319 4129 3463 4183 mala
3493 4130 3707 4185 studeat

2119 4216 2420 4271 abstinere.
2458 4216 2659 4271 Verum
2697 4216 2812 4283 jam
2841 4215 3006 4270 ﬁnem
3063 4216 3403 4286 imponamus
3420 4217 3542 4283 his;
3578 4218 3708 4288 quia

2118 4304 2288 4358 multa
2336 4304 2553 4375 quidem
2614 4303 2875 4369 diximus;
2934 4311 2987 4357 et
3032 4304 3236 4358 utinam
3278 4304 3388 4370 tibi,
3440 4305 3527 4376 qui
3557 4307 3708 4360 cellze

421 4392 501 4446 sic
522 4392 782 4446 ostendit.
826 4415 847 4439 ιι
883 4394 928 4447 Α
948 4392 1127 4447 Tertia
1149 4409 1279 4448 vero
1303 4408 1472 4463 usque
1492 4393 1561 4447 ad
1584 4393 1800 4448 Sextam
1814 4390 2011 4453 hieme,
2045 4385 2097 4444 D
2120 4392 2393 4447 habitator
2423 4409 2502 4457 es,
2556 4400 2662 4445 tam
2684 4392 2787 4447 sint
2818 4391 3093 4448 fructuosa
3116 4408 3279 4462 quam
3310 4402 3431 4447 sunt
3460 4393 3704 4463 profusa.

422 4488 475 4534 et
520 4497 551 4533 a
581 4480 762 4534 Prima
809 4496 980 4552 usque
1008 4482 1075 4535 ad
1105 4482 1341 4537 Tertiam
1372 4490 1558 4536 aestate
1578 4525 1591 4546 ,
1622 4496 1883 4535 manuum
1912 4477 2013 4532 de-

421 4577 633 4639 putatur
660 4569 932 4638 operibus.
967 4569 1099 4638 Quze
1129 4578 1310 4626 tamen
1348 4586 1533 4640 opera,
1568 4570 1825 4625 brevibus
1855 4569 2013 4625 volu-

420 4674 542 4711 mus
573 4657 907 4711 orationibus
934 4657 1273 4730 interrumpi.
1301 4660 1367 4713 Et
1393 4659 1445 4712 in
1479 4666 1662 4712 aestate
1693 4658 1838 4729 quod
1870 4659 2012 4714 Ves-

417 4762 603 4816 peram
634 4745 957 4816 Nonamque
1012 4744 1377 4811 disterminat,
1412 4745 1757 4799 manualibus
1778 4762 2011 4817 occupa-

419 4842 508 4887 tur
564 4832 840 4904 operibus,
890 4849 1215 4905 semperque
1264 4834 1317 4888 in
1364 4833 1668 4904 operando,
1720 4834 1789 4888 ad
1817 4834 2013 4890 breves

417 4929 470 4975 et
524 4921 682 4993 quasi
724 4921 994 4990 jaculatas
1035 4922 1159 4976 licet
1195 4922 1468 4976 orationes
1514 4937 1813 4977 recurrere.
1854 4944 1874 4972 ι
1934 4924 2011 4979 De

419 5009 786 5078 spiritualibus
806 5024 935 5063 vero
957 5009 1244 5075 exercitiis,
1280 5009 1476 5080 quibus
1506 5010 1656 5065 horis
1686 5018 1793 5064 tam
1834 5011 2013 5065 hieme

420 5113 583 5168 quam
637 5105 843 5164 aestate,
887 5096 1197 5168 specialiter
1254 5096 1332 5153 eis
1380 5097 1532 5153 cellae
1593 5097 1790 5152 debeat
1836 5098 2013 5155 incola

2122 4483 2327 4536 Devota
2359 4496 2574 4551 quoque
2618 4487 2671 4534 te
2700 4480 3021 4545 humilitate,
3054 4488 3105 4535 et
3144 4481 3330 4534 humili
3360 4482 3709 4537 nihilominus

2117 4568 2425 4633 devotione,
2447 4576 2499 4623 et
2530 4569 2573 4622 si
2596 4584 2823 4639 corpore
2851 4568 3128 4633 absentes,
3164 4576 3341 4624 tamen
3363 4569 3548 4640 spiritu
3568 4588 3710 4641 pra:-

2116 4665 2316 4723 sentes,
2377 4672 2681 4724 exoramus,
2729 4664 2785 4710 ut
2818 4657 2862 4709 si
2891 4656 3020 4728 quid
3076 4656 3131 4710 in
3161 4657 3413 4711 omnibus
3471 4676 3590 4728 qua:
3619 4660 3708 4714 hic

2116 4752 2332 4799 exarata
2378 4752 2521 4810 sunt,
2554 4753 2645 4798 tua
2702 4744 2961 4799 sanctitas
3012 4744 3299 4812 invenerit,
3331 4761 3397 4799 ex
3452 4762 3558 4816 quo
3590 4746 3709 4800 fru-

2116 4840 2262 4888 ctum
2313 4832 2549 4904 aliquem
2578 4831 2860 4902 percipere
2880 4832 3053 4902 possit
3076 4832 3429 4902 spiritualem,
3460 4849 3563 4904 pro
3593 4835 3710 4888 ani-

2114 4936 2203 4976 ma
2235 4921 2381 4975 illius
2414 4920 2699 4973 miserrimi
2732 4920 3033 4989 peccatoris
3073 4920 3161 4990 pie
3210 4920 3551 4976 intercedere
3582 4922 3712 4977 velit

2119 5010 2207 5079 qui
2239 5010 2358 5064 hazc
2388 5016 2662 5078 utcunque
2690 5023 2798 5061 non
2822 5008 3038 5079 quidem
3070 5015 3125 5063 ut
3151 5008 3355 5075 debuit,
3390 5008 3486 5064 sed
3521 5018 3579 5064 ut
3607 5025 3709 5081 po—

2115 5097 2228 5165 tuit,
2264 5096 2318 5149 in
2374 5112 2536 5150 unum
2570 5092 2809 5168 collegit.
