3944 6056
267 124 375 175 885

871 123 1228 180 BERNARDI
1268 125 1516 181 CARTH.
1558 125 1833 183 PORTAR

1937 130 1938 133 “
1976 129 2253 186 PRIORIS
2291 133 2313 185 Ι
2352 131 2705 187 ΕΡΙΞΤΟΙηΕ
2743 136 2935 192 TRES.

3457 143 3559 193 886

277 242 3047 274 ω

2038 260 3046 274 ,,,,,*_______

681 652 1411 750 CARTHUSL‘E
1489 655 2165 753 PORTARUM
2243 660 2591 755 PRIMI
2673 663 3163 761 PRIORIS

1245 880 2025 985 EPISTOL/E
2120 885 2542 989 TRES.

932 1071 1034 1140 (Ex
1066 1070 1253 1126 codice
1284 1087 1387 1125 ms.
1422 1073 1739 1127 monasterii
1771 1073 1832 1128 S.
1872 1074 2124 1145 Augendi
2152 1075 2396 1131 Jurensis
2426 1094 2523 1133 seu
2555 1079 2610 1135 S.
2645 1078 2899 1149 Claudii.)

827 1403 1167 1459 EPISTOLA
1196 1405 1429 1461 PRIMA.

259 1582 333 1622 AD
362 1582 633 1624 AYNONEM
666 1584 737 1623 DE
766 1584 1064 1626 VARENNES
1093 1586 1162 1625 ET
1190 1586 1458 1627 AYMONEM
1487 1588 1559 1627 DE
1590 1588 1853 1628 ROHORIA.

757 1711 832 1766 De
861 1713 998 1782 fuga
1043 1712 1259 1767 saeculi.

328 1852 661 1905 BERNARDUS
695 1852 975 1906 Portarum
1022 1852 1191 1922 prior,
1224 1860 1277 1907 et
1306 1852 1401 1907 filii
1433 1853 1567 1921 ejus,
1600 1853 1854 1908 JOANNES

252 1954 328 1992 nr:
357 1941 755 2006 MONTEMEDIO,
789 1948 842 1993 et
891 1940 1196 2010 Stephanus
1224 1940 1293 1994 de
1336 1941 1659 2005 CHALMETO,
1694 1958 1852 1996 reve-

252 2026 598 2081 rendissimis
645 2034 698 2081 et
744 2026 801 2080 in
842 2027 1055 2081 Christo
1098 2028 1464 2083 dilectissimis
1508 2031 1730 2083 Aruom
1779 2045 1852 2083 DE

251 2115 578 2180 VARENNES,
611 2121 773 2184 atque
803 2116 1025 2170 AYMONI
1057 2130 1128 2169 DE
1144 2116 1419 2169 ROBORIA.
1453 2115 1706 2184 Quaerere
1735 2118 1850 2170 Dn-

249 2201 460 2254 minum
490 2201 617 2255 dum
637 2201 870 2257 inveniri
888 2210 1103 2271 potest;
1138 2203 1210 2257 ad
1238 2203 1384 2273 quod
1415 2204 1719 2258 curavimus
1749 2221 1850 2275 qua

250 2289 484 2343 Domino
504 2289 742 2344 donante
763 2289 1055 2359 potuimus,
1076 2289 1390 2345 invitatione
1419 2293 1686 2346 exhortari
1706 2309 1847 2362 prae-

250 2384 457 2444 sentes,
489 2377 556 2431 ad
585 2376 820 2447 idipsum
846 2377 1205 2447 praesentibus
1249 2379 1390 2433 notis
1429 2379 1673 2449 cupimus
1704 2380 1847 2435 invi-

249 2471 389 2533 tare,
422 2473 475 2520 et
512 2464 751 2521 excitare
799 2465 1075 2521 absentes.

324 2552 738 2625 Qualescunque
776 2553 943 2623 igitur
990 2553 1186 2607 summi
1231 2553 1633 2623 patrisfamilias
1681 2557 1841 2622 servi,

247 2640 418 2711 ipsius
450 2643 519 2695 ad
551 2658 646 2697 vos
676 2641 948 2713 legatione
967 2640 1276 2713 fungentes,
1308 2642 1377 2696 ad
1401 2657 1612 2697 coenam
1637 2643 1773 2711 ejus,
1795 2652 1844 2697 et

1878 1409 1932 1466 Α
1959 1407 2290 1477 parabiliter,
2323 1417 2483 1482 atque
2514 1411 2859 1469 ineffabiliter
2904 1417 3163 1484 majorem
3193 1416 3468 1472 inveniunt
3500 1418 3555 1472 in

1959 1495 2141 1550 divino
2170 1496 2449 1562 famulatu,
2485 1516 2645 1571 quam
2694 1501 2747 1555 in
2796 1503 3146 1559 saecularibus
3193 1505 3408 1576 gaudiis
3457 1522 3554 1576 po-

1959 1591 2176 1637 tuerunt
2230 1585 2479 1655 experiri,
2534 1589 2944 1660 jucunditatem,
3003 1600 3055 1647 et
3113 1592 3549 1648 delectationem.

1956 1671 2077 1724 Non
2109 1671 2254 1726 enim
2286 1673 2402 1728 sine
2425 1675 2762 1742 jucunditate
2806 1687 2949 1744 sunt,
2984 1679 3077 1749 qui
3106 1679 3290 1735 dicunt
3320 1698 3331 1733 :
3368 1682 3434 1735 In
3464 1684 3554 1737 via

1957 1761 2411 1816 testimoniorum
2435 1766 2662 1818 tuorum
2683 1765 2999 1821 delectatus
3020 1783 3163 1832 sum,
3184 1770 3331 1823 sicut
3353 1770 3415 1823 in
3437 1785 3552 1824 om-

1954 1847 2116 1901 nibus
2145 1849 2362 1903 divitiis
2394 1848 2568 1921 (Psal.
2602 1867 2752 1919 exui,
2786 1855 2893 1922 14).
2918 1855 3019 1907 Et:
3044 1857 3261 1910 Bonum
3280 1857 3422 1910 mihi
3456 1858 3550 1911 lea:

1954 1936 2065 1988 oris
2099 1936 2201 1999 tui,
2218 1952 2383 2007 super
2396 1939 2583 1993 millia
2603 1942 2753 2006 auri,
2776 1946 2833 1995 et
2854 1945 3079 2011 argenti
3108 1942 3287 2011 (ibid.,
3323 1946 3412 2011 '72)
3435 1944 3502 1996 Et
3535 1962 3547 1996 :

1942 2022 2165 2091 judicia
2184 2025 2413 2079 Domini
2424 2042 2571 2090 vera,
2588 2029 2899 2096 iustiﬁcata
2921 2030 2983 2083 in
2994 2032 3293 2101 semetipsa
3307 2050 3324 2085 :
3337 2032 3551 2086 deside-

1952 2111 2156 2165 rabilia
2173 2128 2342 2183 super
2362 2129 2587 2178 aurum,
2613 2120 2667 2168 et
2689 2116 2931 2186 lapidem
2950 2119 3261 2187 pretiosum
3275 2121 3546 2184 multum,

1951 2202 2007 2251 et
2030 2199 2283 2254 dulciora
2303 2216 2471 2271 super
2500 2203 2615 2256 mel
2643 2207 2698 2256 et
2724 2206 2921 2272 favum
2953 2206 3299 2273 (Psal.xv1u,
3320 2209 3402 2271 lo,
3435 2207 3544 2275 11).

1950 2285 2015 2338 Et
2036 2286 2145 2339 alia
2177 2303 2296 2357 quae
2323 2287 2549 2357 longum
2580 2297 2725 2343 esset
2747 2306 3051 2346 numerare.
3074 2292 3183 2346 Eos
3214 2292 3432 2363 quippe,
3459 2294 3549 2363 qui

1948 2390 2049 2443 pro
2078 2373 2391 2428 coelestibus
2421 2383 2655 2441 terrena,
2704 2393 2804 2447 pro
2841 2379 3186 2448 sempiternis
3228 2380 3467 2449 peritura
3495 2388 3548 2435 et

1947 2461 2221 2514 immunda
2275 2462 2673 2518 oblectamenta
2739 2474 3206 2537 contempserunt,
3258 2483 3367 2521 non
3420 2468 3547 2521 sinit

1947 2548 2180 2617 Spiritus
2216 2558 2457 2616 sanctus,
2507 2552 2599 2623 qui
2630 2553 2744 2608 haec
2791 2554 3100 2608 testimonia
3144 2555 3199 2608 in
3249 2556 3543 2624 Scripturis

1945 2636 2191 2705 digessit,
2224 2646 2494 2707 expertes,
2558 2648 2611 2693 et
2656 2640 2966 2711 inexpertos
3012 2658 3133 2696 esse
3195 2643 3391 2697 harum
3421 2660 3542 2714 quae

248 2728 320 2782 ad
350 2728 564 2799 nuptias
593 2745 692 2785 vos
721 2728 1048 2794 invitamus;
1079 2729 1198 2799 ipso
1229 2729 1541 2801 injungente
1587 2731 1846 2798 adjicien-
1862 2746 1915 2803 Β
1944 2723 1997 2776 in
2026 2724 2223 2778 divinis
2254 2725 2483 2797 eloquiis
2515 2726 2891 2797 significantur
2929 2729 3347 2784 delcctationum
3372 2748 3386 2795 ;
3420 2748 3541 2801 quae

244 2824 346 2881 tes,
383 2824 565 2871 tauros
605 2825 658 2872 et
703 2816 869 2871 altilia
915 2817 1032 2885 ejus
1065 2833 1188 2871 esse
1219 2818 1416 2882 occisa,
1466 2825 1629 2888 atque
1659 2819 1842 2874 omnia

246 2911 451 2973 parata,
484 2912 539 2959 et
565 2904 684 2959 sine
711 2904 965 2959 dilatione
1013 2905 1338 2959 veniendum
1379 2921 1501 2960 esse
1530 2906 1598 2960 ad
1627 2907 1841 2976 nuptias

247 2992 412 3059 (Luc.
451 2993 594 3061 xiv).
628 2991 995 3047 Obsecramus
1026 3007 1179 3063 ergo,
1225 2993 1470 3062 seponite
1520 2995 1839 3049 occasiones

243 3079 366 3134 illas
395 3080 591 3151 quibus
618 3080 836 3151 quidam
867 3096 1132 3135 excusare
1163 3081 1354 3147 solent,
1388 3081 1528 3135 alius
1559 3082 1789 3137 dicendo
1822 3101 1834 3136 :

250 3170 489 3225 Uxorem
517 3169 680 3237 duxi,
704 3172 760 3223 et
792 3168 914 3224 ideo
931 3185 1046 3224 non
1059 3184 1287 3239 possum
1302 3170 1530 3235 venire;
1551 3169 1689 3223 alius
1710 3186 1837 3225 vero

241 3255 474 3311 dicendo
507 3271 521 3309 :
555 3257 697 3327 Juga
737 3257 898 3311 boum
928 3256 1041 3311 emi
1088 3256 1350 3327 quinque,
1399 3260 1454 3310 et
1501 3271 1562 3311 eo
1603 3257 1837 3327 probare

244 3344 381 3409 illa;
398 3343 534 3397 alius
554 3350 767 3398 autem:
791 3345 989 3399 Villam
1012 3344 1144 3409 emi,
1160 3347 1217 3397 et
1239 3359 1459 3399 necesse
1472 3343 1641 3398 habeo
1652 3345 1832 3411 exire,

243 3436 300 3485 et
334 3431 515 3486 videre
540 3432 724 3486 illam.
758 3430 863 3499 Qui
897 3431 1042 3486 enim
1072 3430 1151 3485 sic
1198 3438 1473 3495 excusant,
1508 3446 1615 3484 non
1643 3447 1701 3485 se
1733 3432 1833 3487 de-

243 3517 490 3584 fendunt,
522 3518 618 3572 sed
648 3518 1115 3588 patremfamilias,
1167 3518 1259 3588 qui
1314 3533 1409 3572 eos
1456 3517 1714 3584 invitavit,
1748 3518 1831 3573 of-

240 3605 489 3660 fendunt.
532 3606 797 3676 Sepositis
823 3606 991 3677 igitur
1020 3606 1102 3660 his
1133 3614 1186 3660 et
1227 3606 1478 3660 omnibus
1524 3607 1832 3661 excusatio-

236 3693 415 3761 nibus,
450 3693 807 3749 accelerando
854 3694 1053 3750 venite.
1101 3693 1326 3749 Dicente
1367 3694 1513 3748 enim
1540 3695 1738 3764 angelo
1761 3694 1831 3748 ad

237 3781 503 3836 Joannem
520 3783 828 3848 apostolum
848 3798 860 3836 :
886 3784 1043 3837 Beati
1058 3784 1153 3853 qui
1167 3783 1239 3836 ad
1254 3798 1473 3837 caenam
1492 3784 1830 3852 nuptiarum

238 3869 374 3938 agni
404 3871 587 3925 vocati
614 3874 750 3925 sunt
780 3870 967 3942 (Apoc.
992 3884 1114 3938 xrx,
1146 3870 1202 3940 9)
1227 3885 1328 3935 ;ne
1356 3868 1494 3923 forte
1525 3869 1641 3940 ipse
1662 3871 1829 3941 (quod

236 3956 402 4027 absit)
432 3957 623 4012 merito
655 3958 965 4028 indignatus
996 3957 1140 4013 dicat
1172 3972 1184 4011 :
1217 3958 1442 4029 Nuptiae
1471 3959 1693 4030 quidem
1722 3976 1826 4030 pa-

237 4050 544 4111 ratcsunt,
569 4046 664 4101 sed
680 4047 775 4117 qui
794 4046 1030 4100 invitati
1066 4050 1255 4112 erant,
1280 4063 1395 4103 non
1414 4050 1651 4117 fuerant
1671 4048 1826 4117 digni

237 4132 453 4204 (Matth.
484 4148 614 4197 xxu,
651 4133 706 4202 8)
731 4152 745 4199 ;
778 4141 869 4187 aut
898 4142 1047 4188 certe
1072 4133 1205 4187 illud
1235 4134 1381 4205 quod
1410 4134 1704 4189 terribilius
1734 4150 1829 4190 so-

236 4236 369 4275 nare
398 4220 611 4275 videtur
640 4241 658 4275 :
682 4222 861 4276 Amen
886 4221 1007 4276 dico
1028 4222 1191 4287 vobis,
1213 4222 1355 4293 quod
1384 4238 1549 4277 nemo
1577 4225 1827 4280 virorum

235 4310 469 4365 illorum
489 4310 584 4380 qui
599 4310 781 4365 vocati
800 4313 956 4373 sunt,
974 4310 1225 4380 gustabit
1237 4325 1648 4366 cwnammeam
1666 4312 1824 4381 (Luc.

234 4413 348 4462 xxv,
382 4398 493 4466 24).
526 4397 660 4451 Cum
689 4397 833 4452 dicat
862 4395 1136 4466 Scriptura
1169 4411 1181 4451 :
1216 4400 1421 4452 Beatus
1449 4399 1546 4469 qui
1576 4399 1826 4469 loquitur

234 4487 299 4541 in
312 4486 542 4541 auribus
562 4485 850 4541 audientis
862 4484 1054 4553 (Eccli.
1071 4500 1197 4551 xxv,
1215 4487 1324 4555 12),
1350 4485 1403 4539 id
1425 4494 1505 4539 est
1526 4486 1827 4557 intelligen-

234 4573 338 4639 tis;
369 4573 601 4628 scientes
630 4588 729 4627 nos
758 4588 1105 4644 nequaquam
1155 4574 1441 4643 imperitis,
1474 4575 1572 4629 sed
1602 4575 1825 4629 eruditis

234 4661 455 4715 auribus
480 4660 661 4731 loqui;
710 4660 1116 4731 pramissarum
1164 4661 1556 4716 sententiarum
1588 4664 1821 4732 pondus,

234 4758 397 4820 atque
423 4748 765 4820 gravitatem,
807 4749 1097 4804 verborum
1142 4757 1450 4803 nostrorum
1488 4750 1824 4820 expositione

234 4837 629 4892 extenuandam
656 4836 876 4892 minime
900 4836 1226 4906 iudicamus.
1280 4836 1399 4904 Quo
1426 4838 1709 4907 praemissa
1736 4838 1824 4892 in-

233 4923 419 4979 vitatio
448 4924 623 4990 trahit,
660 4932 736 4991 ut,
772 4932 1078 4995 contempta
1107 4924 1395 4979 mundanae
1422 4926 1692 4996 superbiae
1724 4942 1824 4981 va-

233 5013 427 5079 nitate,
484 5012 680 5067 Christi
734 5013 1088 5067 humilitatem
1133 5020 1468 5084 sequantur;
1534 5022 1823 5085 quantum-

233 5116 446 5171 cunque
482 5100 683 5155 divitiis
728 5100 813 5156 vel
856 5100 1066 5156 deliciis
1108 5100 1165 5154 in
1208 5101 1477 5155 mundana
1524 5117 1825 5157 conversa-

232 5187 378 5243 tione
407 5186 725 5253 allluxerint,
758 5188 960 5261 gaudia
988 5204 1098 5243 non
1143 5188 1411 5255 amittunt,
1459 5191 1558 5244 sed
1596 5198 1821 5246 mutant.

234 5276 347 5330 lmo
378 5291 509 5330 vero
539 5275 801 5346 (exceptis
842 5275 1061 5331 aeternis
1111 5275 1286 5341 bonis,
1323 5293 1444 5347 qua;
1488 5292 1590 5332 nec
1636 5278 1824 5333 oculus

233 5363 383 5430 vidit,
415 5378 517 5418 nec
546 5363 696 5418 auris
726 5364 949 5430 audivit,
998 5379 1101 5419 nec
1129 5363 1185 5419 in
1234 5380 1330 5419 cor
1362 5364 1595 5419 hominis
1627 5381 1823 5421 ascen-

230 5456 420 5510 derunt
452 5468 571 5523 quae
599 5452 928 5524 praeparavit
955 5453 1101 5509 Deus
1131 5452 1478 5524 diligentibus
1507 5456 1588 5523 se)
1620 5454 1825 5510 incom-

1944 2820 2146 2881 quanto
2177 2814 2414 2882 majores
2446 2814 2778 2881 sintmentis,
2814 2832 2974 2886 quam
3007 2817 3249 2884 ventris;
3283 2826 3539 2889 quantum

1940 2900 2179 2967 potiores
2208 2901 2537 2971 spirituales,
2572 2918 2732 2972 quam
2759 2904 3021 2969 carnales,
3058 2904 3323 2974 inexperti
3356 2905 3539 2961 audire

1940 2996 2185 3056 possunt,
2220 2989 2524 3060 intelligere
2556 2997 2757 3059 autem,
2807 2991 2891 3045 vel
2935 3006 3117 3061 nosse,
3166 2992 3386 3046 omnino
3428 3008 3535 3047 non

1938 3083 2185 3144 possunt.
2208 3076 2449 3131 Noverat
2470 3086 2651 3131 autem
2692 3079 3004 3148 Apostolus,
3030 3079 3121 3150 qui
3143 3080 3358 3134 dicebat
3390 3095 3401 3133 :
3436 3083 3534 3136 Re-

1936 3164 2125 3233 pletus
2166 3180 2291 3218 sum
2334 3166 2740 3231 consolatione,
2790 3167 3182 3237 superabundo
3219 3168 3423 3236 gaudio
3470 3169 3533 3222 in

1938 3252 2095 3305 omni
2112 3252 2477 3307 tribulatione
2497 3256 2695 3308 nostra
2711 3254 2786 3322 (II
2800 3253 2919 3311 Cor.
2944 3270 3040 3320 vri,
3060 3255 3136 3323 4).
3158 3255 3280 3310 Non
3301 3256 3452 3321 dixit,
3476 3256 3533 3309 in

1936 3339 2312 3409 prosperitate,
2331 3340 2427 3393 sed
2450 3340 2503 3393 in
2529 3340 2873 3395 tribulatione
2898 3359 2911 3407 ;
2935 3358 3035 3397 nec
3051 3343 3107 3397 in
3127 3342 3329 3414 aliqua,
3355 3344 3452 3397 sed
3476 3344 3530 3397 in

1936 3426 2101 3479 omni.
2119 3425 2222 3493 Qui
2244 3426 2289 3480 si
2312 3427 2518 3483 diceret
2540 3428 2796 3483 :Gaudeo
2818 3428 2870 3481 in
2890 3428 3255 3497 tribulatione,
3271 3447 3529 3500 magnum

1933 3514 2061 3583 quid
2094 3520 2146 3567 et
2193 3530 2301 3568 rem
2352 3514 2651 3569 mirandam
2701 3516 2944 3570 dixisset.
2991 3518 3047 3572 Si
3095 3517 3257 3571 etiam
3304 3518 3525 3583 diceret,

1934 3601 2151 3656 abundo
2181 3602 2380 3674 gaudio
2409 3603 2463 3656 in
2510 3604 2879 3673 tribulatione,
2925 3621 3042 3659 rem
3071 3605 3193 3675 plus
3222 3605 3527 3659 mirandam

1931 3690 2322 3759 proposuisset.
2355 3691 2597 3746 Dicendo
2629 3707 2786 3747 vero:
2815 3694 3212 3764 Superabundo
3238 3694 3441 3763 gaudio
3463 3695 3528 3748 in

1932 3778 2089 3831 omni
2106 3778 2470 3834 tribulatione
2490 3784 2706 3845 nostra,
2741 3780 3113 3836 excellentiam
3131 3781 3315 3851 gaudii
3337 3781 3421 3835 sui
3442 3798 3527 3837 ex-

1928 3865 2173 3934 pressius
2201 3866 2513 3937 signiﬁcare
2542 3882 2651 3922 non
2671 3868 2861 3937 potuit.
2886 3867 2990 3936 Qui
3012 3884 3148 3941 ergo
3177 3884 3305 3924 suos
3335 3870 3421 3925 hic
3450 3869 3525 3924 ita

1928 3953 2240 4008 consolatur
2267 3954 2322 4009 in
2352 3955 2500 4009 omni
2530 3955 2870 4011 tribulatione
2897 3956 3163 4028 ipsorum,
3196 3965 3411 4028 quanta:
3443 3959 3522 4013 eis

1929 4042 2316 4097 consolationis
2347 4043 2551 4113 gaudia
2581 4045 2795 4114 paravit
2828 4044 2954 4109 illic,
3003 4046 3093 4099 ubi
3133 4046 3277 4099 nulla
3324 4047 3522 4117 poterit

1933 4144 2054 4183 esse
2084 4130 2410 4186 tribulatio?
2440 4132 2543 4200 Qui
2601 4148 2695 4186 eos
2726 4132 2805 4187 sic
2851 4131 3105 4197 laetificat,
3166 4141 3219 4186 et
3265 4134 3437 4190 reﬁcit
3464 4134 3519 4188 in

1930 4218 2384 4289 peregrinationis
2413 4220 2516 4284 via,
2569 4220 2841 4289 quomodo
2886 4219 3177 4275 laatiﬁcabit
3204 4236 3319 4288 eos,
3351 4230 3404 4277 et
3434 4239 3518 4277 sa-

1923 4305 2078 4359 tiabit
2107 4306 2162 4360 in
2189 4314 2403 4362 aeternae
2432 4307 2726 4361 mansionis
2773 4308 2989 4377 patria?
3046 4309 3155 4363 Sed
3210 4310 3279 4365 de
3307 4310 3392 4365 his
3422 4312 3519 4367 ha-

1925 4402 2135 4449 ctenus.
2172 4394 2404 4462 Quidam
2440 4403 2618 4451 autem
2666 4395 2963 4466 praemissae
2998 4412 3168 4452 ccenaa
3198 4399 3515 4470 Dominicze,

1926 4482 2341 4554 nuptiarumque
2396 4483 2766 4539 invitationem
2815 4492 3242 4554 contemnentes,
3286 4496 3339 4542 et
3394 4505 3518 4542 san-

1925 4580 2133 4626 ctorum
2162 4573 2380 4643 gaudia.
2413 4573 2499 4628 vel
2529 4588 2647 4644 qua:
2691 4572 2779 4629 hic
2824 4573 3045 4640 habent,
3079 4575 3165 4629 vel
3193 4592 3313 4647 quae
3342 4575 3397 4629 in
3426 4575 3513 4630 tu-

1925 4668 2047 4715 turo
2079 4661 2157 4715 eis
2184 4661 2449 4732 promissa
2479 4669 2621 4727 sunt,
2654 4670 2745 4715 aut
2786 4678 2895 4716 non
2938 4663 3245 4729 credentes,
3295 4672 3384 4717 aut
3412 4680 3513 4718 ne-

1924 4748 2195 4820 gligentes
2229 4767 2241 4802 :
2280 4750 2430 4818 juxta
2486 4750 2631 4821 quod
2688 4751 2949 4821 scriptum
2996 4759 3077 4806 est
3113 4766 3125 4804 :
3178 4754 3406 4807 Ducunt
3451 4753 3517 4807 in

1926 4838 2080 4891 bonis
2111 4838 2226 4892 dies
2248 4853 2396 4905 suos,
2421 4842 2476 4892 et
2506 4839 2568 4892 in
2586 4843 2796 4909 puncto
2818 4840 2889 4893 ad
2915 4840 3147 4908 inferna
3165 4839 3511 4895 descendunt

1928 4925 2044 4991 (Job
2093 4941 2202 4990 χχι,
2254 4928 2363 4993 13).
2414 4925 2519 4992 Qui
2564 4926 2691 4996 quia
2737 4927 2882 4980 mala
2910 4943 3008 4980 sua
3047 4925 3357 4997 relinquere
3407 4944 3508 4984 no-

1925 5013 2060 5078 lunt,
2095 5013 2139 5066 si
2169 5013 2351 5083 aliqua
2392 5012 2531 5069 forte
2578 5014 2721 5068 bona
2758 5030 2923 5084 Opera
2971 5013 3193 5082 faciunt,
3236 5032 3346 5070 non
3389 5026 3515 5071 sunt

1926 5110 2151 5171 accepta
2181 5118 2366 5156 coram
2408 5103 2558 5169 Deo;
2591 5103 2718 5172 quia
2760 5103 2895 5156 sicut
2939 5102 3200 5173 scriptum
3245 5112 3346 5171 est,
3392 5122 3516 5161 cum

1926 5189 2134 5245 dederit
2166 5190 2271 5243 illis
2300 5192 2447 5245 Deus
2477 5199 2687 5260 tempus
2718 5189 3066 5261 poenitentiae,
3099 5192 3202 5263 ipsi
3224 5193 3518 5248 abutuntur

1928 5294 1992 5332 eo
2014 5278 2066 5331 in
2088 5278 2362 5348 superbia,
2382 5287 2435 5333 et
2452 5286 2673 5349 peccata
2692 5277 3101 5348 multiplicando
3124 5281 3519 5337 thesaurizant

1928 5368 2031 5421 sibi
2061 5368 2206 5421 iram
2235 5367 2297 5421 in
2319 5368 2407 5423 die
2430 5371 2547 5433 irae,
2576 5368 3013 5424 etrevelationis
3021 5371 3169 5439 justi
3180 5368 3387 5439 judicii
3419 5370 3521 5424 Dei

1929 5456 2109 5522 (Rom.
2150 5470 2209 5520 ιι,
2237 5458 2318 5524 ὅ).
2357 5456 2517 5511 Tales
2547 5456 2763 5525 quando
2793 5469 2904 5509 non
2950 5456 3071 5527 ipsi,
3106 5457 3205 5514 sed
3235 5455 3381 5511 Deus
3410 5456 3521 5513 vult
