  <div class='ocr_page' id='page_1' title='image "/cluster/home/n/w/nwhite01/storage/ocr_20150623/153/hvd.32044054760111/449.png"; bbox 0 0 3972 6052; ppageno 0'>
   <div class='ocr_carea' id='block_1_1' title="bbox 403 176 506 231">
    <p class='ocr_par' dir='ltr' id='par_1_1' title="bbox 403 176 506 231">
     <span class='ocr_line' id='line_1_1' title="bbox 403 176 506 231; baseline -0.019 0"><span class='ocrx_word' id='word_1_1' title='bbox 403 176 506 231; x_wconf 79' lang='grc'>887</span> 
     </span>
    </p>
   </div>
   <div class='ocr_carea' id='block_1_2' title="bbox 1300 161 2769 224">
    <p class='ocr_par' dir='ltr' id='par_1_2' title="bbox 1300 161 2769 224">
     <span class='ocr_line' id='line_1_2' title="bbox 1300 161 2769 224; baseline -0.005 0"><span class='ocrx_word' id='word_1_2' title='bbox 1300 166 1660 224; x_wconf 82' lang='lat' dir='ltr'>BERNARDI</span> <span class='ocrx_word' id='word_1_3' title='bbox 1698 163 1948 220; x_wconf 81' lang='lat' dir='ltr'>CARTH.</span> <span class='ocrx_word' id='word_1_4' title='bbox 1991 161 2374 220; x_wconf 80' lang='lat' dir='ltr'>PORTARUM</span> <span class='ocrx_word' id='word_1_5' title='bbox 2412 162 2690 220; x_wconf 83' lang='lat' dir='ltr'>PRIORIS</span> <span class='ocrx_word' id='word_1_6' title='bbox 2729 166 2769 218; x_wconf 91' lang='grc' dir='ltr'><strong>Ι.</strong></span> 
     </span>
    </p>
   </div>
   <div class='ocr_carea' id='block_1_3' title="bbox 3596 168 3704 220">
    <p class='ocr_par' dir='ltr' id='par_1_3' title="bbox 3596 168 3704 220">
     <span class='ocr_line' id='line_1_3' title="bbox 3596 168 3704 220; baseline -0.009 0"><span class='ocrx_word' id='word_1_7' title='bbox 3596 168 3704 220; x_wconf 87' lang='lat'>888</span> 
     </span>
    </p>
   </div>
   <div class='ocr_carea' id='block_1_4' title="bbox 398 287 3699 369">
    <p class='ocr_par' dir='ltr' id='par_1_4' title="bbox 398 287 3699 369">
     <span class='ocr_line' id='line_1_4' title="bbox 398 287 3699 369; baseline -0.004 -16"><span class='ocrx_word' id='word_1_8' title='bbox 398 298 680 369; x_wconf 85' lang='lat' dir='ltr'>imponere</span> <span class='ocrx_word' id='word_1_9' title='bbox 708 294 871 352; x_wconf 90' lang='lat' dir='ltr'>ﬁnem</span> <span class='ocrx_word' id='word_1_10' title='bbox 900 294 1058 349; x_wconf 88' lang='lat' dir='ltr'>malis</span> <span class='ocrx_word' id='word_1_11' title='bbox 1100 309 1319 358; x_wconf 86' lang='lat' dir='ltr'>eorum,</span> <span class='ocrx_word' id='word_1_12' title='bbox 1351 300 1403 347; x_wconf 92' lang='lat' dir='ltr'>et</span> <span class='ocrx_word' id='word_1_13' title='bbox 1437 290 1663 346; x_wconf 85' lang='lat' dir='ltr'>reddere</span> <span class='ocrx_word' id='word_1_14' title='bbox 1711 287 1857 359; x_wconf 92' lang='lat' dir='ltr'>quod</span> <span class='ocrx_word' id='word_1_15' title='bbox 1884 303 2002 343; x_wconf 90' lang='lat' dir='ltr'>me-</span> <span class='ocrx_word' id='word_1_16' title='bbox 2019 290 2076 349; x_wconf 81' lang='grc' dir='ltr'><strong>Α</strong></span> <span class='ocrx_word' id='word_1_17' title='bbox 2102 295 2209 353; x_wconf 92' lang='lat' dir='ltr'>tur,</span> <span class='ocrx_word' id='word_1_18' title='bbox 2244 304 2363 358; x_wconf 75' lang='lat' dir='ltr'>quae</span> <span class='ocrx_word' id='word_1_19' title='bbox 2390 303 2421 342; x_wconf 89' lang='lat' dir='ltr'>a</span> <span class='ocrx_word' id='word_1_20' title='bbox 2449 288 2567 343; x_wconf 90' lang='lat' dir='ltr'>Deo</span> <span class='ocrx_word' id='word_1_21' title='bbox 2595 295 2845 358; x_wconf 84' lang='lat' dir='ltr'>separant</span> <span class='ocrx_word' id='word_1_22' title='bbox 2874 288 3148 343; x_wconf 85' lang='lat' dir='ltr'>hominem</span> <span class='ocrx_word' id='word_1_23' title='bbox 3181 304 3192 342; x_wconf 89' lang='lat'>:</span> <span class='ocrx_word' id='word_1_24' title='bbox 3226 288 3433 345; x_wconf 78' lang='lat' dir='ltr'>scilicet</span> <span class='ocrx_word' id='word_1_25' title='bbox 3459 303 3581 359; x_wconf 70' lang='lat' dir='ltr'>quas</span> <span class='ocrx_word' id='word_1_26' title='bbox 3606 288 3699 343; x_wconf 90' lang='lat' dir='ltr'>vel</span> 
     </span>
    </p>
   </div>
   <div class='ocr_carea' id='block_1_5' title="bbox 396 375 1997 454">
    <p class='ocr_par' dir='ltr' id='par_1_5' title="bbox 396 375 1997 454">
     <span class='ocr_line' id='line_1_5' title="bbox 396 375 1997 454; baseline -0.009 -12"><span class='ocrx_word' id='word_1_27' title='bbox 396 392 602 454; x_wconf 90' lang='lat' dir='ltr'>rentur,</span> <span class='ocrx_word' id='word_1_28' title='bbox 635 385 689 439; x_wconf 90' lang='lat' dir='ltr'>id</span> <span class='ocrx_word' id='word_1_29' title='bbox 719 393 801 440; x_wconf 89' lang='lat' dir='ltr'>est</span> <span class='ocrx_word' id='word_1_30' title='bbox 830 383 977 439; x_wconf 88' lang='lat' dir='ltr'>circa</span> <span class='ocrx_word' id='word_1_31' title='bbox 1031 382 1207 437; x_wconf 90' lang='lat' dir='ltr'>obitus</span> <span class='ocrx_word' id='word_1_32' title='bbox 1254 380 1337 433; x_wconf 91' lang='lat' dir='ltr'>sui</span> <span class='ocrx_word' id='word_1_33' title='bbox 1382 377 1639 443; x_wconf 73' lang='lat' dir='ltr'>diem,.si</span> <span class='ocrx_word' id='word_1_34' title='bbox 1682 375 1821 431; x_wconf 87' lang='lat' dir='ltr'>forte</span> <span class='ocrx_word' id='word_1_35' title='bbox 1865 391 1997 445; x_wconf 88' lang='lat' dir='ltr'>per-</span> 
     </span>
    </p>
   </div>
   <div class='ocr_carea' id='block_1_6' title="bbox 397 462 2002 543">
    <p class='ocr_par' dir='ltr' id='par_1_6' title="bbox 397 462 2002 543">
     <span class='ocr_line' id='line_1_6' title="bbox 397 462 2002 543; baseline -0.008 -15"><span class='ocrx_word' id='word_1_36' title='bbox 397 473 681 527; x_wconf 75' lang='lat' dir='ltr'>mittuntur</span> <span class='ocrx_word' id='word_1_37' title='bbox 723 479 951 543; x_wconf 90' lang='lat' dir='ltr'>peccata</span> <span class='ocrx_word' id='word_1_38' title='bbox 994 485 1093 524; x_wconf 88' lang='lat' dir='ltr'>sua</span> <span class='ocrx_word' id='word_1_39' title='bbox 1139 466 1432 533; x_wconf 88' lang='lat' dir='ltr'>conﬁteri;</span> <span class='ocrx_word' id='word_1_40' title='bbox 1475 466 1628 534; x_wconf 84' lang='lat' dir='ltr'>juxta</span> <span class='ocrx_word' id='word_1_41' title='bbox 1678 463 1823 535; x_wconf 90' lang='lat' dir='ltr'>quod</span> <span class='ocrx_word' id='word_1_42' title='bbox 1871 462 2002 518; x_wconf 90' lang='lat' dir='ltr'>dicit</span> 
     </span>
    </p>
   </div>
   <div class='ocr_carea' id='block_1_7' title="bbox 398 550 1995 631">
    <p class='ocr_par' dir='ltr' id='par_1_7' title="bbox 398 550 1995 631">
     <span class='ocr_line' id='line_1_7' title="bbox 398 550 1995 631; baseline -0.008 -15"><span class='ocrx_word' id='word_1_43' title='bbox 398 562 590 616; x_wconf 90' lang='lat' dir='ltr'>beatus</span> <span class='ocrx_word' id='word_1_44' title='bbox 645 560 1029 631; x_wconf 80' lang='lat' dir='ltr'>Augustinus:</span> <span class='ocrx_word' id='word_1_45' title='bbox 1090 558 1421 627; x_wconf 87' lang='lat' dir='ltr'>Loquuntur,</span> <span class='ocrx_word' id='word_1_46' title='bbox 1490 569 1599 607; x_wconf 86' lang='lat' dir='ltr'>non</span> <span class='ocrx_word' id='word_1_47' title='bbox 1656 550 1995 616; x_wconf 86' lang='lat' dir='ltr'>conﬁtentur,</span> 
     </span>
    </p>
   </div>
   <div class='ocr_carea' id='block_1_8' title="bbox 402 639 1999 720">
    <p class='ocr_par' dir='ltr' id='par_1_8' title="bbox 402 639 1999 720">
     <span class='ocr_line' id='line_1_8' title="bbox 402 639 1999 720; baseline -0.008 -17"><span class='ocrx_word' id='word_1_48' title='bbox 402 649 531 720; x_wconf 92' lang='lat' dir='ltr'>quia</span> <span class='ocrx_word' id='word_1_49' title='bbox 559 664 668 703; x_wconf 90' lang='lat' dir='ltr'>non</span> <span class='ocrx_word' id='word_1_50' title='bbox 696 654 944 718; x_wconf 89' lang='lat' dir='ltr'>acceptat</span> <span class='ocrx_word' id='word_1_51' title='bbox 973 648 1119 701; x_wconf 90' lang='lat' dir='ltr'>Deus</span> <span class='ocrx_word' id='word_1_52' title='bbox 1150 642 1550 699; x_wconf 86' lang='lat' dir='ltr'>confessionem</span> <span class='ocrx_word' id='word_1_53' title='bbox 1601 640 1732 704; x_wconf 88' lang='lat' dir='ltr'>oris,</span> <span class='ocrx_word' id='word_1_54' title='bbox 1768 639 1860 693; x_wconf 92' lang='lat' dir='ltr'>ubi</span> <span class='ocrx_word' id='word_1_55' title='bbox 1889 653 1999 693; x_wconf 90' lang='lat' dir='ltr'>non</span> 
     </span>
    </p>
   </div>
   <div class='ocr_carea' id='block_1_9' title="bbox 400 726 1999 806">
    <p class='ocr_par' dir='ltr' id='par_1_9' title="bbox 400 726 1999 806">
     <span class='ocr_line' id='line_1_9' title="bbox 400 726 1999 806; baseline -0.008 -15"><span class='ocrx_word' id='word_1_56' title='bbox 400 744 483 791; x_wconf 90' lang='lat' dir='ltr'>est</span> <span class='ocrx_word' id='word_1_57' title='bbox 512 737 727 791; x_wconf 89' lang='lat' dir='ltr'>sincera</span> <span class='ocrx_word' id='word_1_58' title='bbox 758 734 1090 806; x_wconf 84' lang='lat' dir='ltr'>poenitentia,</span> <span class='ocrx_word' id='word_1_59' title='bbox 1126 740 1177 786; x_wconf 89' lang='lat' dir='ltr'>et</span> <span class='ocrx_word' id='word_1_60' title='bbox 1216 729 1539 785; x_wconf 85' lang='lat' dir='ltr'>sacriﬁcium</span> <span class='ocrx_word' id='word_1_61' title='bbox 1572 727 1788 783; x_wconf 83' lang='lat' dir='ltr'>contriti</span> <span class='ocrx_word' id='word_1_62' title='bbox 1819 726 1999 781; x_wconf 89' lang='lat' dir='ltr'>cordis</span> 
     </span>
    </p>
   </div>
   <div class='ocr_carea' id='block_1_10' title="bbox 306 820 2000 889">
    <p class='ocr_par' dir='ltr' id='par_1_10' title="bbox 306 820 2000 889">
     <span class='ocr_line' id='line_1_10' title="bbox 306 820 2000 889; baseline -0.008 -10"><span class='ocrx_word' id='word_1_63' title='bbox 306 824 313 833; x_wconf 88' lang='grc'><strong>’</strong></span> <span class='ocrx_word' id='word_1_64' title='bbox 396 832 449 879; x_wconf 89' lang='lat' dir='ltr'>et</span> <span class='ocrx_word' id='word_1_65' title='bbox 477 822 762 878; x_wconf 89' lang='lat' dir='ltr'>humiliati.</span> <span class='ocrx_word' id='word_1_66' title='bbox 785 824 900 877; x_wconf 91' lang='lat' dir='ltr'>Nec</span> <span class='ocrx_word' id='word_1_67' title='bbox 920 829 1122 876; x_wconf 89' lang='lat' dir='ltr'>tantum</span> <span class='ocrx_word' id='word_1_68' title='bbox 1143 820 1360 889; x_wconf 82' lang='lat' dir='ltr'>poenitet</span> <span class='ocrx_word' id='word_1_69' title='bbox 1399 832 1492 872; x_wconf 91' lang='lat' dir='ltr'>eos</span> <span class='ocrx_word' id='word_1_70' title='bbox 1520 830 1802 886; x_wconf 82' lang='lat' dir='ltr'>peccasse,</span> <span class='ocrx_word' id='word_1_71' title='bbox 1837 829 2000 885; x_wconf 92' lang='lat' dir='ltr'>quan-</span> 
     </span>
    </p>
   </div>
   <div class='ocr_carea' id='block_1_11' title="bbox 397 903 1996 980">
    <p class='ocr_par' dir='ltr' id='par_1_11' title="bbox 397 903 1996 980">
     <span class='ocr_line' id='line_1_11' title="bbox 397 903 1996 980; baseline -0.008 -14"><span class='ocrx_word' id='word_1_72' title='bbox 397 919 509 966; x_wconf 91' lang='lat' dir='ltr'>tum</span> <span class='ocrx_word' id='word_1_73' title='bbox 556 911 738 965; x_wconf 84' lang='lat' dir='ltr'>dolent</span> <span class='ocrx_word' id='word_1_74' title='bbox 794 910 898 964; x_wconf 86' lang='lat' dir='ltr'>sibi</span> <span class='ocrx_word' id='word_1_75' title='bbox 944 907 1207 980; x_wconf 84' lang='lat' dir='ltr'>peccandi</span> <span class='ocrx_word' id='word_1_76' title='bbox 1250 905 1521 961; x_wconf 82' lang='lat' dir='ltr'>licentiam</span> <span class='ocrx_word' id='word_1_77' title='bbox 1567 903 1808 957; x_wconf 87' lang='lat' dir='ltr'>ablatam</span> <span class='ocrx_word' id='word_1_78' title='bbox 1853 917 1996 955; x_wconf 87' lang='lat' dir='ltr'>esse.</span> 
     </span>
    </p>
   </div>
   <div class='ocr_carea' id='block_1_12' title="bbox 397 993 1997 1069">
    <p class='ocr_par' dir='ltr' id='par_1_12' title="bbox 397 993 1997 1069">
     <span class='ocr_line' id='line_1_12' title="bbox 397 993 1997 1069; baseline -0.008 -15"><span class='ocrx_word' id='word_1_79' title='bbox 397 999 592 1069; x_wconf 89' lang='lat' dir='ltr'>Neque</span> <span class='ocrx_word' id='word_1_80' title='bbox 620 1005 867 1069; x_wconf 91' lang='lat' dir='ltr'>possunt,</span> <span class='ocrx_word' id='word_1_81' title='bbox 900 996 1004 1050; x_wconf 92' lang='lat' dir='ltr'>nisi</span> <span class='ocrx_word' id='word_1_82' title='bbox 1033 1012 1153 1051; x_wconf 90' lang='lat' dir='ltr'>cum</span> <span class='ocrx_word' id='word_1_83' title='bbox 1184 995 1369 1049; x_wconf 89' lang='lat' dir='ltr'>dolore</span> <span class='ocrx_word' id='word_1_84' title='bbox 1402 993 1711 1061; x_wconf 85' lang='lat' dir='ltr'>relinquere</span> <span class='ocrx_word' id='word_1_85' title='bbox 1742 1005 1861 1060; x_wconf 71' lang='lat' dir='ltr'>qua:</span> <span class='ocrx_word' id='word_1_86' title='bbox 1877 1005 1997 1043; x_wconf 92' lang='lat' dir='ltr'>cum</span> 
     </span>
    </p>
   </div>
   <div class='ocr_carea' id='block_1_13' title="bbox 398 1076 1995 1157">
    <p class='ocr_par' dir='ltr' id='par_1_13' title="bbox 398 1076 1995 1157">
     <span class='ocr_line' id='line_1_13' title="bbox 398 1076 1995 1157; baseline -0.008 -16"><span class='ocrx_word' id='word_1_87' title='bbox 398 1086 974 1157; x_wconf 85' lang='lat' dir='ltr'>amorepossederunt.</span> <span class='ocrx_word' id='word_1_88' title='bbox 1009 1085 1159 1138; x_wconf 90' lang='lat' dir='ltr'>Tunc</span> <span class='ocrx_word' id='word_1_89' title='bbox 1196 1088 1670 1153; x_wconf 87' lang='lat' dir='ltr'>quantumcunque</span> <span class='ocrx_word' id='word_1_90' title='bbox 1691 1076 1995 1147; x_wconf 88' lang='lat' dir='ltr'>pecuniam,</span> 
     </span>
    </p>
   </div>
   <div class='ocr_carea' id='block_1_14' title="bbox 397 1164 1993 1245">
    <p class='ocr_par' dir='ltr' id='par_1_14' title="bbox 397 1164 1993 1245">
     <span class='ocr_line' id='line_1_14' title="bbox 397 1164 1993 1245; baseline -0.008 -17"><span class='ocrx_word' id='word_1_91' title='bbox 397 1174 548 1245; x_wconf 88' lang='lat' dir='ltr'>quasi</span> <span class='ocrx_word' id='word_1_92' title='bbox 577 1188 679 1244; x_wconf 90' lang='lat' dir='ltr'>pro</span> <span class='ocrx_word' id='word_1_93' title='bbox 710 1172 1083 1243; x_wconf 88' lang='lat' dir='ltr'>redemptione</span> <span class='ocrx_word' id='word_1_94' title='bbox 1131 1170 1326 1223; x_wconf 66' lang='lat' dir='ltr'>animae</span> <span class='ocrx_word' id='word_1_95' title='bbox 1355 1183 1467 1222; x_wconf 68' lang='lat' dir='ltr'>suae</span> <span class='ocrx_word' id='word_1_96' title='bbox 1513 1165 1807 1229; x_wconf 70' lang='lat' dir='ltr'>effundant,</span> <span class='ocrx_word' id='word_1_97' title='bbox 1842 1164 1993 1227; x_wconf 90' lang='lat' dir='ltr'>dura,</span> 
     </span>
    </p>
   </div>
   <div class='ocr_carea' id='block_1_15' title="bbox 397 1253 1999 1332">
    <p class='ocr_par' dir='ltr' id='par_1_15' title="bbox 397 1253 1999 1332">
     <span class='ocr_line' id='line_1_15' title="bbox 397 1253 1999 1332; baseline -0.007 -17"><span class='ocrx_word' id='word_1_98' title='bbox 397 1260 765 1332; x_wconf 87' lang='lat' dir='ltr'>terribilisque</span> <span class='ocrx_word' id='word_1_99' title='bbox 791 1268 874 1314; x_wconf 89' lang='lat' dir='ltr'>est</span> <span class='ocrx_word' id='word_1_100' title='bbox 927 1259 1191 1313; x_wconf 89' lang='lat' dir='ltr'>adversus</span> <span class='ocrx_word' id='word_1_101' title='bbox 1220 1272 1316 1311; x_wconf 89' lang='lat' dir='ltr'>eos</span> <span class='ocrx_word' id='word_1_102' title='bbox 1364 1255 1457 1308; x_wconf 89' lang='lat' dir='ltr'>illa</span> <span class='ocrx_word' id='word_1_103' title='bbox 1487 1269 1518 1307; x_wconf 90' lang='lat' dir='ltr'>a</span> <span class='ocrx_word' id='word_1_104' title='bbox 1562 1253 1763 1322; x_wconf 86' lang='lat' dir='ltr'>Spiritu</span> <span class='ocrx_word' id='word_1_105' title='bbox 1812 1257 1999 1306; x_wconf 90' lang='lat' dir='ltr'>sancto</span> 
     </span>
    </p>
   </div>
   <div class='ocr_carea' id='block_1_16' title="bbox 396 1339 2002 1421">
    <p class='ocr_par' dir='ltr' id='par_1_16' title="bbox 396 1339 2002 1421">
     <span class='ocr_line' id='line_1_16' title="bbox 396 1339 2002 1421; baseline -0.009 -15"><span class='ocrx_word' id='word_1_106' title='bbox 396 1366 498 1421; x_wconf 90' lang='lat' dir='ltr'>per</span> <span class='ocrx_word' id='word_1_107' title='bbox 527 1348 869 1405; x_wconf 91' lang='lat' dir='ltr'>Salomonem</span> <span class='ocrx_word' id='word_1_108' title='bbox 899 1346 1109 1417; x_wconf 89' lang='lat' dir='ltr'>prolata</span> <span class='ocrx_word' id='word_1_109' title='bbox 1158 1342 1425 1399; x_wconf 87' lang='lat' dir='ltr'>sententia</span> <span class='ocrx_word' id='word_1_110' title='bbox 1460 1356 1473 1395; x_wconf 91' lang='lat'>:</span> <span class='ocrx_word' id='word_1_111' title='bbox 1520 1342 1639 1396; x_wconf 88' lang='lat' dir='ltr'>Non</span> <span class='ocrx_word' id='word_1_112' title='bbox 1683 1339 2002 1410; x_wconf 82' lang='lat' dir='ltr'>proderunt</span> 
     </span>
    </p>
   </div>
   <div class='ocr_carea' id='block_1_17' title="bbox 400 1427 1999 1501">
    <p class='ocr_par' dir='ltr' id='par_1_17' title="bbox 400 1427 1999 1501">
     <span class='ocr_line' id='line_1_17' title="bbox 400 1427 1999 1501; baseline -0.009 -8"><span class='ocrx_word' id='word_1_113' title='bbox 400 1438 620 1493; x_wconf 75' lang='lat' dir='ltr'>divitia:</span> <span class='ocrx_word' id='word_1_114' title='bbox 650 1437 714 1490; x_wconf 88' lang='lat' dir='ltr'>in</span> <span class='ocrx_word' id='word_1_115' title='bbox 744 1436 833 1490; x_wconf 89' lang='lat' dir='ltr'>die</span> <span class='ocrx_word' id='word_1_116' title='bbox 862 1433 1104 1488; x_wconf 89' lang='lat' dir='ltr'>ultionis</span> <span class='ocrx_word' id='word_1_117' title='bbox 1124 1474 1137 1500; x_wconf 95' lang='lat'>,</span> <span class='ocrx_word' id='word_1_118' title='bbox 1170 1431 1408 1501; x_wconf 85' lang='lat' dir='ltr'>justitia</span> <span class='ocrx_word' id='word_1_119' title='bbox 1437 1434 1630 1484; x_wconf 81' lang='lat' dir='ltr'>autem</span> <span class='ocrx_word' id='word_1_120' title='bbox 1664 1427 1921 1482; x_wconf 86' lang='lat' dir='ltr'>liberabit</span> <span class='ocrx_word' id='word_1_121' title='bbox 1962 1442 1999 1480; x_wconf 88' lang='lat' dir='ltr'>a</span> 
     </span>
    </p>
   </div>
   <div class='ocr_carea' id='block_1_18' title="bbox 393 1516 1998 1593">
    <p class='ocr_par' dir='ltr' id='par_1_18' title="bbox 393 1516 1998 1593">
     <span class='ocr_line' id='line_1_18' title="bbox 393 1516 1998 1593; baseline -0.009 -14"><span class='ocrx_word' id='word_1_122' title='bbox 393 1528 576 1579; x_wconf 88' lang='lat' dir='ltr'>morte</span> <span class='ocrx_word' id='word_1_123' title='bbox 606 1523 796 1593; x_wconf 88' lang='lat' dir='ltr'>(Prov.</span> <span class='ocrx_word' id='word_1_124' title='bbox 837 1536 896 1587; x_wconf 78' lang='grc' dir='ltr'>ιι,</span> <span class='ocrx_word' id='word_1_125' title='bbox 934 1522 1008 1591; x_wconf 78' lang='grc'>4).</span> <span class='ocrx_word' id='word_1_126' title='bbox 1041 1519 1197 1573; x_wconf 91' lang='lat' dir='ltr'>Diem</span> <span class='ocrx_word' id='word_1_127' title='bbox 1225 1516 1442 1571; x_wconf 91' lang='lat' dir='ltr'>ultionis</span> <span class='ocrx_word' id='word_1_128' title='bbox 1471 1516 1601 1570; x_wconf 86' lang='lat' dir='ltr'>dixit</span> <span class='ocrx_word' id='word_1_129' title='bbox 1640 1522 1853 1584; x_wconf 86' lang='lat' dir='ltr'>tempus</span> <span class='ocrx_word' id='word_1_130' title='bbox 1892 1527 1998 1583; x_wconf 92' lang='lat' dir='ltr'>quo</span> 
     </span>
    </p>
   </div>
   <div class='ocr_carea' id='block_1_19' title="bbox 389 1602 2067 1688">
    <p class='ocr_par' dir='ltr' id='par_1_19' title="bbox 389 1602 2067 1688">
     <span class='ocr_line' id='line_1_19' title="bbox 389 1602 2067 1688; baseline -0.007 -22"><span class='ocrx_word' id='word_1_131' title='bbox 389 1611 504 1680; x_wconf 86' lang='lat' dir='ltr'>jam</span> <span class='ocrx_word' id='word_1_132' title='bbox 533 1610 819 1682; x_wconf 82' lang='lat' dir='ltr'>ingruente</span> <span class='ocrx_word' id='word_1_133' title='bbox 842 1607 1165 1680; x_wconf 67' lang='lat' dir='ltr'>aegritudine</span> <span class='ocrx_word' id='word_1_134' title='bbox 1184 1604 1486 1661; x_wconf 84' lang='lat' dir='ltr'>necessitas</span> <span class='ocrx_word' id='word_1_135' title='bbox 1514 1602 1702 1658; x_wconf 89' lang='lat' dir='ltr'>mortis</span> <span class='ocrx_word' id='word_1_136' title='bbox 1730 1602 1992 1655; x_wconf 85' lang='lat' dir='ltr'>imminet.</span> <span class='ocrx_word' id='word_1_137' title='bbox 2014 1628 2067 1688; x_wconf 78' lang='grc' dir='ltr'>Β</span> 
     </span>
    </p>
   </div>
   <div class='ocr_carea' id='block_1_20' title="bbox 393 1690 2000 1769">
    <p class='ocr_par' dir='ltr' id='par_1_20' title="bbox 393 1690 2000 1769">
     <span class='ocr_line' id='line_1_20' title="bbox 393 1690 2000 1769; baseline -0.008 -15"><span class='ocrx_word' id='word_1_138' title='bbox 393 1700 518 1754; x_wconf 94' lang='lat' dir='ltr'>Non</span> <span class='ocrx_word' id='word_1_139' title='bbox 543 1698 844 1769; x_wconf 88' lang='lat' dir='ltr'>proderunt</span> <span class='ocrx_word' id='word_1_140' title='bbox 872 1703 1073 1759; x_wconf 89' lang='lat' dir='ltr'>autem,</span> <span class='ocrx_word' id='word_1_141' title='bbox 1122 1693 1276 1759; x_wconf 87' lang='lat' dir='ltr'>dixit,</span> <span class='ocrx_word' id='word_1_142' title='bbox 1328 1692 1435 1745; x_wconf 91' lang='lat' dir='ltr'>illis</span> <span class='ocrx_word' id='word_1_143' title='bbox 1484 1691 1573 1762; x_wconf 87' lang='lat' dir='ltr'>qui</span> <span class='ocrx_word' id='word_1_144' title='bbox 1597 1690 1861 1759; x_wconf 85' lang='lat' dir='ltr'>justitiam</span> <span class='ocrx_word' id='word_1_145' title='bbox 1889 1704 2000 1742; x_wconf 94' lang='lat' dir='ltr'>non</span> 
     </span>
    </p>
   </div>
   <div class='ocr_carea' id='block_1_21' title="bbox 393 1775 2002 1855">
    <p class='ocr_par' dir='ltr' id='par_1_21' title="bbox 393 1775 2002 1855">
     <span class='ocr_line' id='line_1_21' title="bbox 393 1775 2002 1855; baseline -0.007 -14"><span class='ocrx_word' id='word_1_146' title='bbox 393 1794 516 1841; x_wconf 90' lang='lat' dir='ltr'>sunt</span> <span class='ocrx_word' id='word_1_147' title='bbox 545 1784 774 1855; x_wconf 87' lang='lat' dir='ltr'>operati.</span> <span class='ocrx_word' id='word_1_148' title='bbox 810 1783 1006 1838; x_wconf 80' lang='lat' dir='ltr'>Audite</span> <span class='ocrx_word' id='word_1_149' title='bbox 1054 1797 1271 1853; x_wconf 86' lang='lat' dir='ltr'>quoque</span> <span class='ocrx_word' id='word_1_150' title='bbox 1320 1795 1478 1850; x_wconf 91' lang='lat' dir='ltr'>quam</span> <span class='ocrx_word' id='word_1_151' title='bbox 1526 1776 1838 1833; x_wconf 86' lang='lat' dir='ltr'>terribiliter</span> <span class='ocrx_word' id='word_1_152' title='bbox 1882 1775 2002 1831; x_wconf 89' lang='lat' dir='ltr'>tali-</span> 
     </span>
    </p>
   </div>
   <div class='ocr_carea' id='block_1_22' title="bbox 390 1863 2002 1942">
    <p class='ocr_par' dir='ltr' id='par_1_22' title="bbox 390 1863 2002 1942">
     <span class='ocr_line' id='line_1_22' title="bbox 390 1863 2002 1942; baseline -0.007 -14"><span class='ocrx_word' id='word_1_153' title='bbox 390 1875 494 1928; x_wconf 87' lang='lat' dir='ltr'>bus</span> <span class='ocrx_word' id='word_1_154' title='bbox 523 1871 986 1942; x_wconf 87' lang='lat' dir='ltr'>contemptoribus</span> <span class='ocrx_word' id='word_1_155' title='bbox 1028 1869 1391 1924; x_wconf 84' lang='lat' dir='ltr'>comminetur</span> <span class='ocrx_word' id='word_1_156' title='bbox 1439 1867 1558 1936; x_wconf 88' lang='lat' dir='ltr'>ipsa</span> <span class='ocrx_word' id='word_1_157' title='bbox 1599 1864 1892 1935; x_wconf 88' lang='lat' dir='ltr'>Sapientia,</span> <span class='ocrx_word' id='word_1_158' title='bbox 1946 1863 2002 1918; x_wconf 91' lang='lat' dir='ltr'>id</span> 
     </span>
    </p>
   </div>
   <div class='ocr_carea' id='block_1_23' title="bbox 393 1952 1997 2029">
    <p class='ocr_par' dir='ltr' id='par_1_23' title="bbox 393 1952 1997 2029">
     <span class='ocr_line' id='line_1_23' title="bbox 393 1952 1997 2029; baseline -0.007 -12"><span class='ocrx_word' id='word_1_159' title='bbox 393 1968 476 2017; x_wconf 91' lang='lat' dir='ltr'>est</span> <span class='ocrx_word' id='word_1_160' title='bbox 510 1960 611 2016; x_wconf 89' lang='lat' dir='ltr'>Dei</span> <span class='ocrx_word' id='word_1_161' title='bbox 648 1959 837 2027; x_wconf 89' lang='lat' dir='ltr'>Filius,</span> <span class='ocrx_word' id='word_1_162' title='bbox 885 1958 1031 2029; x_wconf 89' lang='lat' dir='ltr'>apud</span> <span class='ocrx_word' id='word_1_163' title='bbox 1081 1957 1335 2011; x_wconf 91' lang='lat' dir='ltr'>eumdem</span> <span class='ocrx_word' id='word_1_164' title='bbox 1383 1954 1730 2008; x_wconf 87' lang='lat' dir='ltr'>Salomonem</span> <span class='ocrx_word' id='word_1_165' title='bbox 1767 1967 1778 2006; x_wconf 95' lang='lat'>:</span> <span class='ocrx_word' id='word_1_166' title='bbox 1836 1952 1997 2019; x_wconf 81' lang='lat' dir='ltr'>Quia,</span> 
     </span>
    </p>
   </div>
   <div class='ocr_carea' id='block_1_24' title="bbox 394 2042 1994 2119">
    <p class='ocr_par' dir='ltr' id='par_1_24' title="bbox 394 2042 1994 2119">
     <span class='ocr_line' id='line_1_24' title="bbox 394 2042 1994 2119; baseline -0.003 -16"><span class='ocrx_word' id='word_1_167' title='bbox 394 2048 584 2119; x_wconf 90' lang='lat' dir='ltr'>inquit,</span> <span class='ocrx_word' id='word_1_168' title='bbox 619 2048 828 2112; x_wconf 88' lang='lat' dir='ltr'>vocavi,</span> <span class='ocrx_word' id='word_1_169' title='bbox 862 2050 921 2100; x_wconf 89' lang='lat' dir='ltr'>et</span> <span class='ocrx_word' id='word_1_170' title='bbox 937 2045 1215 2101; x_wconf 83' lang='lat' dir='ltr'>renuistis</span> <span class='ocrx_word' id='word_1_171' title='bbox 1235 2063 1253 2110; x_wconf 91' lang='lat'><strong><em>;</em></strong></span> <span class='ocrx_word' id='word_1_172' title='bbox 1276 2042 1515 2098; x_wconf 74' lang='lat' dir='ltr'>extendi</span> <span class='ocrx_word' id='word_1_173' title='bbox 1533 2057 1769 2096; x_wconf 87' lang='lat' dir='ltr'>manum</span> <span class='ocrx_word' id='word_1_174' title='bbox 1788 2054 1994 2098; x_wconf 70' lang='lat' dir='ltr'>meam,</span> 
     </span>
    </p>
   </div>
   <div class='ocr_carea' id='block_1_25' title="bbox 393 2127 1999 2206">
    <p class='ocr_par' dir='ltr' id='par_1_25' title="bbox 393 2127 1999 2206">
     <span class='ocr_line' id='line_1_25' title="bbox 393 2127 1999 2206; baseline -0.006 -15"><span class='ocrx_word' id='word_1_175' title='bbox 393 2141 453 2191; x_wconf 91' lang='lat' dir='ltr'>et</span> <span class='ocrx_word' id='word_1_176' title='bbox 471 2151 587 2190; x_wconf 89' lang='lat' dir='ltr'>non</span> <span class='ocrx_word' id='word_1_177' title='bbox 604 2135 719 2204; x_wconf 86' lang='lat' dir='ltr'>fuit</span> <span class='ocrx_word' id='word_1_178' title='bbox 730 2135 826 2206; x_wconf 86' lang='lat' dir='ltr'>qui</span> <span class='ocrx_word' id='word_1_179' title='bbox 839 2134 1150 2204; x_wconf 79' lang='lat' dir='ltr'>aspiceret;</span> <span class='ocrx_word' id='word_1_180' title='bbox 1169 2131 1508 2203; x_wconf 73' lang='lat' dir='ltr'>despexistis</span> <span class='ocrx_word' id='word_1_181' title='bbox 1522 2144 1683 2184; x_wconf 87' lang='lat' dir='ltr'>omne</span> <span class='ocrx_word' id='word_1_182' title='bbox 1696 2127 1999 2183; x_wconf 77' lang='lat' dir='ltr'>consilium</span> 
     </span>
    </p>
   </div>
   <div class='ocr_carea' id='block_1_26' title="bbox 394 2217 1999 2292">
    <p class='ocr_par' dir='ltr' id='par_1_26' title="bbox 394 2217 1999 2292">
     <span class='ocr_line' id='line_1_26' title="bbox 394 2217 1999 2292; baseline -0.006 -13"><span class='ocrx_word' id='word_1_183' title='bbox 394 2240 605 2289; x_wconf 86' lang='lat' dir='ltr'>meum,</span> <span class='ocrx_word' id='word_1_184' title='bbox 623 2226 680 2278; x_wconf 91' lang='lat' dir='ltr'>et</span> <span class='ocrx_word' id='word_1_185' title='bbox 693 2222 1112 2292; x_wconf 84' lang='lat' dir='ltr'>increpationes</span> <span class='ocrx_word' id='word_1_186' title='bbox 1124 2235 1279 2273; x_wconf 87' lang='lat' dir='ltr'>meas</span> <span class='ocrx_word' id='word_1_187' title='bbox 1292 2217 1629 2287; x_wconf 73' lang='lat' dir='ltr'>neglexistis</span> <span class='ocrx_word' id='word_1_188' title='bbox 1646 2236 1664 2282; x_wconf 90' lang='lat'><strong><em>;</em></strong></span> <span class='ocrx_word' id='word_1_189' title='bbox 1682 2231 1776 2286; x_wconf 89' lang='lat' dir='ltr'>ego</span> <span class='ocrx_word' id='word_1_190' title='bbox 1789 2231 1999 2286; x_wconf 89' lang='lat' dir='ltr'>quoque</span> 
     </span>
    </p>
   </div>
   <div class='ocr_carea' id='block_1_27' title="bbox 395 2304 1990 2372">
    <p class='ocr_par' dir='ltr' id='par_1_27' title="bbox 395 2304 1990 2372">
     <span class='ocr_line' id='line_1_27' title="bbox 395 2304 1990 2372; baseline -0.008 -6"><span class='ocrx_word' id='word_1_191' title='bbox 395 2312 459 2366; x_wconf 84' lang='lat' dir='ltr'>in</span> <span class='ocrx_word' id='word_1_192' title='bbox 487 2311 735 2365; x_wconf 88' lang='lat' dir='ltr'>interitu</span> <span class='ocrx_word' id='word_1_193' title='bbox 763 2312 946 2364; x_wconf 86' lang='lat' dir='ltr'>vestro</span> <span class='ocrx_word' id='word_1_194' title='bbox 980 2306 1187 2372; x_wconf 84' lang='lat' dir='ltr'>ridebo,</span> <span class='ocrx_word' id='word_1_195' title='bbox 1212 2310 1269 2361; x_wconf 90' lang='lat' dir='ltr'>et</span> <span class='ocrx_word' id='word_1_196' title='bbox 1288 2305 1660 2369; x_wconf 86' lang='lat' dir='ltr'>subsannabo,</span> <span class='ocrx_word' id='word_1_197' title='bbox 1682 2319 1812 2359; x_wconf 88' lang='lat' dir='ltr'>cum</span> <span class='ocrx_word' id='word_1_198' title='bbox 1840 2304 1990 2358; x_wconf 86' lang='lat' dir='ltr'>vobis</span> 
     </span>
    </p>
   </div>
   <div class='ocr_carea' id='block_1_28' title="bbox 393 2390 1992 2472">
    <p class='ocr_par' dir='ltr' id='par_1_28' title="bbox 393 2390 1992 2472">
     <span class='ocr_line' id='line_1_28' title="bbox 393 2390 1992 2472; baseline -0.006 -18"><span class='ocrx_word' id='word_1_199' title='bbox 393 2399 534 2472; x_wconf 88' lang='lat' dir='ltr'>quod</span> <span class='ocrx_word' id='word_1_200' title='bbox 556 2397 844 2453; x_wconf 85' lang='lat' dir='ltr'>timebatis</span> <span class='ocrx_word' id='word_1_201' title='bbox 868 2396 1161 2452; x_wconf 81' lang='lat' dir='ltr'>advenerit</span> <span class='ocrx_word' id='word_1_202' title='bbox 1182 2394 1364 2463; x_wconf 87' lang='lat' dir='ltr'>(Prov.</span> <span class='ocrx_word' id='word_1_203' title='bbox 1390 2408 1428 2461; x_wconf 85' lang='grc' dir='ltr'>ι,</span> <span class='ocrx_word' id='word_1_204' title='bbox 1452 2395 1539 2456; x_wconf 78' lang='grc'>24,</span> <span class='ocrx_word' id='word_1_205' title='bbox 1564 2393 1678 2461; x_wconf 84' lang='grc'>26).</span> <span class='ocrx_word' id='word_1_206' title='bbox 1701 2393 1768 2446; x_wconf 88' lang='lat' dir='ltr'>Et</span> <span class='ocrx_word' id='word_1_207' title='bbox 1794 2390 1992 2459; x_wconf 81' lang='lat' dir='ltr'>adjecit</span> 
     </span>
    </p>
   </div>
   <div class='ocr_carea' id='block_1_29' title="bbox 391 2479 1997 2555">
    <p class='ocr_par' dir='ltr' id='par_1_29' title="bbox 391 2479 1997 2555">
     <span class='ocr_line' id='line_1_29' title="bbox 391 2479 1997 2555; baseline -0.006 -14"><span class='ocrx_word' id='word_1_208' title='bbox 391 2487 569 2542; x_wconf 90' lang='lat' dir='ltr'>adhuc</span> <span class='ocrx_word' id='word_1_209' title='bbox 597 2486 666 2540; x_wconf 92' lang='lat' dir='ltr'>de</span> <span class='ocrx_word' id='word_1_210' title='bbox 697 2485 891 2539; x_wconf 87' lang='lat' dir='ltr'>talibus</span> <span class='ocrx_word' id='word_1_211' title='bbox 920 2484 1152 2555; x_wconf 89' lang='lat' dir='ltr'>loquens</span> <span class='ocrx_word' id='word_1_212' title='bbox 1187 2499 1201 2536; x_wconf 91' lang='lat'>:</span> <span class='ocrx_word' id='word_1_213' title='bbox 1237 2482 1375 2538; x_wconf 87' lang='lat' dir='ltr'>Cum</span> <span class='ocrx_word' id='word_1_214' title='bbox 1406 2480 1641 2536; x_wconf 86' lang='lat' dir='ltr'>irruerit</span> <span class='ocrx_word' id='word_1_215' title='bbox 1691 2479 1997 2551; x_wconf 86' lang='lat' dir='ltr'>repentina</span> 
     </span>
    </p>
   </div>
   <div class='ocr_carea' id='block_1_30' title="bbox 393 2568 1985 2642">
    <p class='ocr_par' dir='ltr' id='par_1_30' title="bbox 393 2568 1985 2642">
     <span class='ocr_line' id='line_1_30' title="bbox 393 2568 1985 2642; baseline -0.006 -12"><span class='ocrx_word' id='word_1_216' title='bbox 393 2576 714 2641; x_wconf 74' lang='lat' dir='ltr'>calamitas,</span> <span class='ocrx_word' id='word_1_217' title='bbox 752 2577 809 2628; x_wconf 89' lang='lat' dir='ltr'>et</span> <span class='ocrx_word' id='word_1_218' title='bbox 834 2573 1105 2628; x_wconf 82' lang='lat' dir='ltr'>interitus</span> <span class='ocrx_word' id='word_1_219' title='bbox 1132 2570 1293 2642; x_wconf 86' lang='lat' dir='ltr'>quasi</span> <span class='ocrx_word' id='word_1_220' title='bbox 1324 2572 1630 2641; x_wconf 79' lang='lat' dir='ltr'>tempestas</span> <span class='ocrx_word' id='word_1_221' title='bbox 1657 2568 1942 2638; x_wconf 82' lang='lat' dir='ltr'>ingruerit</span> <span class='ocrx_word' id='word_1_222' title='bbox 1968 2580 1985 2616; x_wconf 92' lang='lat'><strong><em>:</em></strong></span> 
     </span>
    </p>
   </div>
   <div class='ocr_carea' id='block_1_31' title="bbox 393 2658 1994 2727">
    <p class='ocr_par' dir='ltr' id='par_1_31' title="bbox 393 2658 1994 2727">
     <span class='ocr_line' id='line_1_31' title="bbox 393 2658 1994 2727; baseline -0.006 -10"><span class='ocrx_word' id='word_1_223' title='bbox 393 2665 533 2718; x_wconf 89' lang='lat' dir='ltr'>tunc</span> <span class='ocrx_word' id='word_1_224' title='bbox 548 2662 892 2717; x_wconf 76' lang='lat' dir='ltr'>invocabant</span> <span class='ocrx_word' id='word_1_225' title='bbox 916 2663 1084 2727; x_wconf 90' lang='lat' dir='ltr'>me,et</span> <span class='ocrx_word' id='word_1_226' title='bbox 1101 2673 1214 2714; x_wconf 87' lang='lat' dir='ltr'>non</span> <span class='ocrx_word' id='word_1_227' title='bbox 1229 2658 1538 2713; x_wconf 67' lang='lat' dir='ltr'>exaudiam</span> <span class='ocrx_word' id='word_1_228' title='bbox 1551 2676 1569 2722; x_wconf 89' lang='lat'><em>;</em></span> <span class='ocrx_word' id='word_1_229' title='bbox 1582 2671 1750 2710; x_wconf 88' lang='lat' dir='ltr'>mane</span> <span class='ocrx_word' id='word_1_230' title='bbox 1760 2669 1994 2709; x_wconf 84' lang='lat' dir='ltr'>consur-</span> 
     </span>
    </p>
   </div>
   <div class='ocr_carea' id='block_1_32' title="bbox 388 2742 1995 2821">
    <p class='ocr_par' dir='ltr' id='par_1_32' title="bbox 388 2742 1995 2821">
     <span class='ocr_line' id='line_1_32' title="bbox 388 2742 1995 2821; baseline -0.006 -16"><span class='ocrx_word' id='word_1_231' title='bbox 388 2753 545 2821; x_wconf 88' lang='lat' dir='ltr'>gent,</span> <span class='ocrx_word' id='word_1_232' title='bbox 563 2753 622 2804; x_wconf 90' lang='lat' dir='ltr'>et</span> <span class='ocrx_word' id='word_1_233' title='bbox 639 2764 754 2803; x_wconf 89' lang='lat' dir='ltr'>non</span> <span class='ocrx_word' id='word_1_234' title='bbox 774 2748 1069 2803; x_wconf 83' lang='lat' dir='ltr'>invenient</span> <span class='ocrx_word' id='word_1_235' title='bbox 1080 2762 1189 2811; x_wconf 89' lang='lat' dir='ltr'>me,</span> <span class='ocrx_word' id='word_1_236' title='bbox 1207 2762 1266 2801; x_wconf 85' lang='lat' dir='ltr'>eo</span> <span class='ocrx_word' id='word_1_237' title='bbox 1279 2744 1423 2817; x_wconf 89' lang='lat' dir='ltr'>quod</span> <span class='ocrx_word' id='word_1_238' title='bbox 1438 2760 1671 2800; x_wconf 74' lang='lat' dir='ltr'>exosum</span> <span class='ocrx_word' id='word_1_239' title='bbox 1692 2742 1995 2798; x_wconf 81' lang='lat' dir='ltr'>habuerint</span> 
     </span>
    </p>
   </div>
   <div class='ocr_carea' id='block_1_33' title="bbox 390 2831 1988 2908">
    <p class='ocr_par' dir='ltr' id='par_1_33' title="bbox 390 2831 1988 2908">
     <span class='ocr_line' id='line_1_33' title="bbox 390 2831 1988 2908; baseline -0.006 -16"><span class='ocrx_word' id='word_1_240' title='bbox 390 2837 774 2908; x_wconf 87' lang='lat' dir='ltr'>disciplinam,</span> <span class='ocrx_word' id='word_1_241' title='bbox 810 2839 867 2890; x_wconf 87' lang='lat' dir='ltr'>et</span> <span class='ocrx_word' id='word_1_242' title='bbox 911 2835 1171 2889; x_wconf 89' lang='lat' dir='ltr'>timorem</span> <span class='ocrx_word' id='word_1_243' title='bbox 1210 2833 1438 2888; x_wconf 82' lang='lat' dir='ltr'>Domini</span> <span class='ocrx_word' id='word_1_244' title='bbox 1474 2849 1589 2888; x_wconf 87' lang='lat' dir='ltr'>non</span> <span class='ocrx_word' id='word_1_245' title='bbox 1614 2831 1988 2902; x_wconf 72' lang='lat' dir='ltr'>susceperint,</span> 
     </span>
    </p>
   </div>
   <div class='ocr_carea' id='block_1_34' title="bbox 390 2918 1989 2997">
    <p class='ocr_par' dir='ltr' id='par_1_34' title="bbox 390 2918 1989 2997">
     <span class='ocr_line' id='line_1_34' title="bbox 390 2918 1989 2997; baseline -0.006 -17"><span class='ocrx_word' id='word_1_246' title='bbox 390 2941 495 2980; x_wconf 88' lang='lat' dir='ltr'>nec</span> <span class='ocrx_word' id='word_1_247' title='bbox 519 2922 1147 2997; x_wconf 84' lang='lat' dir='ltr'>acquieverintconsilio</span> <span class='ocrx_word' id='word_1_248' title='bbox 1163 2936 1305 2989; x_wconf 88' lang='lat' dir='ltr'>meo,</span> <span class='ocrx_word' id='word_1_249' title='bbox 1332 2925 1388 2976; x_wconf 90' lang='lat' dir='ltr'>et</span> <span class='ocrx_word' id='word_1_250' title='bbox 1415 2919 1821 2975; x_wconf 75' lang='lat' dir='ltr'>dextraxerint</span> <span class='ocrx_word' id='word_1_251' title='bbox 1852 2918 1989 2973; x_wconf 90' lang='lat' dir='ltr'>uni-</span> 
     </span>
    </p>
   </div>
   <div class='ocr_carea' id='block_1_35' title="bbox 391 3002 1995 3083">
    <p class='ocr_par' dir='ltr' id='par_1_35' title="bbox 391 3002 1995 3083">
     <span class='ocr_line' id='line_1_35' title="bbox 391 3002 1995 3083; baseline -0.005 -14"><span class='ocrx_word' id='word_1_252' title='bbox 391 3028 564 3070; x_wconf 77' lang='lat' dir='ltr'>verso:</span> <span class='ocrx_word' id='word_1_253' title='bbox 585 3012 932 3083; x_wconf 87' lang='lat' dir='ltr'>correptioni</span> <span class='ocrx_word' id='word_1_254' title='bbox 953 3026 1110 3065; x_wconf 70' lang='lat' dir='ltr'>mem.</span> <span class='ocrx_word' id='word_1_255' title='bbox 1133 3002 1434 3065; x_wconf 77' lang='lat' dir='ltr'>comedent</span> <span class='ocrx_word' id='word_1_256' title='bbox 1449 3008 1627 3079; x_wconf 85' lang='lat' dir='ltr'>igitur</span> <span class='ocrx_word' id='word_1_257' title='bbox 1640 3009 1866 3077; x_wconf 85' lang='lat' dir='ltr'>fructus</span> <span class='ocrx_word' id='word_1_258' title='bbox 1892 3007 1995 3061; x_wconf 76' lang='lat' dir='ltr'>vice</span> 
     </span>
    </p>
   </div>
   <div class='ocr_carea' id='block_1_36' title="bbox 397 3093 1997 3171">
    <p class='ocr_par' dir='ltr' id='par_1_36' title="bbox 397 3093 1997 3171">
     <span class='ocr_line' id='line_1_36' title="bbox 397 3093 1997 3171; baseline -0.006 -14"><span class='ocrx_word' id='word_1_259' title='bbox 397 3117 534 3165; x_wconf 67' lang='lat' dir='ltr'>sum,</span> <span class='ocrx_word' id='word_1_260' title='bbox 549 3100 773 3171; x_wconf 86' lang='lat' dir='ltr'>suisque</span> <span class='ocrx_word' id='word_1_261' title='bbox 785 3099 1040 3155; x_wconf 81' lang='lat' dir='ltr'>consiliis</span> <span class='ocrx_word' id='word_1_262' title='bbox 1050 3097 1466 3153; x_wconf 88' lang='lat' dir='ltr'>saturabuntur</span> <span class='ocrx_word' id='word_1_263' title='bbox 1477 3096 1630 3167; x_wconf 86' lang='lat' dir='ltr'>(ibid.</span> <span class='ocrx_word' id='word_1_264' title='bbox 1641 3137 1654 3159; x_wconf 88' lang='lat'>,</span> <span class='ocrx_word' id='word_1_265' title='bbox 1667 3095 1876 3164; x_wconf 76' lang='grc'>27-32).</span> <span class='ocrx_word' id='word_1_266' title='bbox 1893 3093 1997 3148; x_wconf 90' lang='lat' dir='ltr'>Ad-</span> 
     </span>
    </p>
   </div>
   <div class='ocr_carea' id='block_1_37' title="bbox 395 3183 1994 3258">
    <p class='ocr_par' dir='ltr' id='par_1_37' title="bbox 395 3183 1994 3258">
     <span class='ocr_line' id='line_1_37' title="bbox 395 3183 1994 3258; baseline -0.004 -15"><span class='ocrx_word' id='word_1_267' title='bbox 395 3188 531 3243; x_wconf 90' lang='lat' dir='ltr'>didit</span> <span class='ocrx_word' id='word_1_268' title='bbox 561 3203 776 3258; x_wconf 90' lang='lat' dir='ltr'>quoque</span> <span class='ocrx_word' id='word_1_269' title='bbox 801 3188 1042 3251; x_wconf 82' lang='lat' dir='ltr'>Aversio,</span> <span class='ocrx_word' id='word_1_270' title='bbox 1074 3184 1265 3255; x_wconf 89' lang='lat' dir='ltr'>inquit,</span> <span class='ocrx_word' id='word_1_271' title='bbox 1286 3185 1655 3256; x_wconf 86' lang='lat' dir='ltr'>parvulorum</span> <span class='ocrx_word' id='word_1_272' title='bbox 1683 3183 1994 3250; x_wconf 71' lang='lat' dir='ltr'>interﬁciat</span> 
     </span>
    </p>
   </div>
   <div class='ocr_carea' id='block_1_38' title="bbox 389 3264 1994 3343">
    <p class='ocr_par' dir='ltr' id='par_1_38' title="bbox 389 3264 1994 3343">
     <span class='ocr_line' id='line_1_38' title="bbox 389 3264 1994 3343; baseline -0.007 -15"><span class='ocrx_word' id='word_1_273' title='bbox 389 3287 498 3337; x_wconf 86' lang='lat' dir='ltr'>eos,</span> <span class='ocrx_word' id='word_1_274' title='bbox 521 3276 579 3327; x_wconf 88' lang='lat' dir='ltr'>et</span> <span class='ocrx_word' id='word_1_275' title='bbox 594 3271 939 3343; x_wconf 85' lang='lat' dir='ltr'>prosperitas</span> <span class='ocrx_word' id='word_1_276' title='bbox 958 3270 1273 3324; x_wconf 84' lang='lat' dir='ltr'>stultorum</span> <span class='ocrx_word' id='word_1_277' title='bbox 1283 3268 1638 3340; x_wconf 87' lang='lat' dir='ltr'>perdetillos.</span> <span class='ocrx_word' id='word_1_278' title='bbox 1654 3264 1804 3334; x_wconf 88' lang='lat' dir='ltr'>Quos</span> <span class='ocrx_word' id='word_1_279' title='bbox 1825 3264 1994 3337; x_wconf 86' lang='lat' dir='ltr'>signi-</span> 
     </span>
    </p>
   </div>
   <div class='ocr_carea' id='block_1_39' title="bbox 383 3354 1995 3428">
    <p class='ocr_par' dir='ltr' id='par_1_39' title="bbox 383 3354 1995 3428">
     <span class='ocr_line' id='line_1_39' title="bbox 383 3354 1995 3428; baseline -0.005 -15"><span class='ocrx_word' id='word_1_280' title='bbox 383 3357 564 3415; x_wconf 85' lang='lat' dir='ltr'>ﬁcavit</span> <span class='ocrx_word' id='word_1_281' title='bbox 577 3358 797 3413; x_wconf 90' lang='lat' dir='ltr'>nomine</span> <span class='ocrx_word' id='word_1_282' title='bbox 809 3356 1175 3428; x_wconf 86' lang='lat' dir='ltr'>parvulorum,</span> <span class='ocrx_word' id='word_1_283' title='bbox 1196 3356 1421 3410; x_wconf 91' lang='lat' dir='ltr'>eosdem</span> <span class='ocrx_word' id='word_1_284' title='bbox 1437 3354 1758 3424; x_wconf 83' lang='lat' dir='ltr'>exponendo</span> <span class='ocrx_word' id='word_1_285' title='bbox 1773 3368 1995 3423; x_wconf 88' lang='lat' dir='ltr'>expres-</span> 
     </span>
    </p>
   </div>
   <div class='ocr_carea' id='block_1_40' title="bbox 383 3441 1994 3511">
    <p class='ocr_par' dir='ltr' id='par_1_40' title="bbox 383 3441 1994 3511">
     <span class='ocr_line' id='line_1_40' title="bbox 383 3441 1994 3511; baseline -0.005 -9"><span class='ocrx_word' id='word_1_286' title='bbox 383 3446 454 3502; x_wconf 90' lang='lat' dir='ltr'>sit</span> <span class='ocrx_word' id='word_1_287' title='bbox 481 3446 751 3502; x_wconf 87' lang='lat' dir='ltr'>vocabulo</span> <span class='ocrx_word' id='word_1_288' title='bbox 777 3445 1086 3500; x_wconf 85' lang='lat' dir='ltr'>stultorum.</span> <span class='ocrx_word' id='word_1_289' title='bbox 1108 3445 1223 3499; x_wconf 92' lang='lat' dir='ltr'>Nec</span> <span class='ocrx_word' id='word_1_290' title='bbox 1256 3444 1326 3498; x_wconf 90' lang='lat' dir='ltr'>de</span> <span class='ocrx_word' id='word_1_291' title='bbox 1346 3457 1574 3497; x_wconf 88' lang='lat' dir='ltr'>numero</span> <span class='ocrx_word' id='word_1_292' title='bbox 1592 3441 1781 3496; x_wconf 89' lang='lat' dir='ltr'>talium</span> <span class='ocrx_word' id='word_1_293' title='bbox 1796 3456 1994 3511; x_wconf 87' lang='lat' dir='ltr'>parvu-</span> 
     </span>
    </p>
   </div>
   <div class='ocr_carea' id='block_1_41' title="bbox 387 3528 1993 3605">
    <p class='ocr_par' dir='ltr' id='par_1_41' title="bbox 387 3528 1993 3605">
     <span class='ocr_line' id='line_1_41' title="bbox 387 3528 1993 3605; baseline -0.006 -14"><span class='ocrx_word' id='word_1_294' title='bbox 387 3535 567 3591; x_wconf 89' lang='lat' dir='ltr'>lorum</span> <span class='ocrx_word' id='word_1_295' title='bbox 596 3534 958 3605; x_wconf 87' lang='lat' dir='ltr'>excipiuntur,</span> <span class='ocrx_word' id='word_1_296' title='bbox 992 3533 1060 3587; x_wconf 91' lang='lat' dir='ltr'>de</span> <span class='ocrx_word' id='word_1_297' title='bbox 1090 3532 1287 3604; x_wconf 89' lang='lat' dir='ltr'>quibus</span> <span class='ocrx_word' id='word_1_298' title='bbox 1318 3547 1417 3601; x_wconf 88' lang='lat' dir='ltr'>per</span> <span class='ocrx_word' id='word_1_299' title='bbox 1465 3529 1762 3585; x_wconf 84' lang='lat' dir='ltr'>Jeremiam</span> <span class='ocrx_word' id='word_1_300' title='bbox 1791 3528 1993 3585; x_wconf 91' lang='lat' dir='ltr'>dictum</span> 
     </span>
    </p>
   </div>
   <div class='ocr_carea' id='block_1_42' title="bbox 384 3618 1996 3695">
    <p class='ocr_par' dir='ltr' id='par_1_42' title="bbox 384 3618 1996 3695">
     <span class='ocr_line' id='line_1_42' title="bbox 384 3618 1996 3695; baseline -0.004 -17"><span class='ocrx_word' id='word_1_301' title='bbox 384 3630 496 3678; x_wconf 89' lang='lat' dir='ltr'>est:</span> <span class='ocrx_word' id='word_1_302' title='bbox 520 3623 816 3695; x_wconf 86' lang='lat' dir='ltr'>Sapientes</span> <span class='ocrx_word' id='word_1_303' title='bbox 836 3624 974 3677; x_wconf 85' lang='lat' dir='ltr'>sunt</span> <span class='ocrx_word' id='word_1_304' title='bbox 988 3624 1056 3676; x_wconf 87' lang='lat' dir='ltr'>ut</span> <span class='ocrx_word' id='word_1_305' title='bbox 1081 3620 1305 3691; x_wconf 84' lang='lat' dir='ltr'>faciant</span> <span class='ocrx_word' id='word_1_306' title='bbox 1325 3619 1500 3684; x_wconf 86' lang='lat' dir='ltr'>mala,</span> <span class='ocrx_word' id='word_1_307' title='bbox 1523 3618 1659 3672; x_wconf 87' lang='lat' dir='ltr'>bene</span> <span class='ocrx_word' id='word_1_308' title='bbox 1681 3620 1894 3683; x_wconf 86' lang='lat' dir='ltr'>autem,</span> <span class='ocrx_word' id='word_1_309' title='bbox 1909 3620 1996 3688; x_wconf 83' lang='lat' dir='ltr'>fa-</span> 
     </span>
    </p>
   </div>
   <div class='ocr_carea' id='block_1_43' title="bbox 386 3704 1989 3777">
    <p class='ocr_par' dir='ltr' id='par_1_43' title="bbox 386 3704 1989 3777">
     <span class='ocr_line' id='line_1_43' title="bbox 386 3704 1989 3777; baseline -0.006 -11"><span class='ocrx_word' id='word_1_310' title='bbox 386 3725 512 3766; x_wconf 87' lang='lat' dir='ltr'>cere</span> <span class='ocrx_word' id='word_1_311' title='bbox 532 3711 861 3765; x_wconf 83' lang='lat' dir='ltr'>nescierunt</span> <span class='ocrx_word' id='word_1_312' title='bbox 885 3710 1111 3777; x_wconf 84' lang='lat' dir='ltr'>(Jerem.</span> <span class='ocrx_word' id='word_1_313' title='bbox 1138 3723 1214 3773; x_wconf 81' lang='lat' dir='ltr'>tv,</span> <span class='ocrx_word' id='word_1_314' title='bbox 1228 3708 1342 3777; x_wconf 90' lang='grc'>22),</span> <span class='ocrx_word' id='word_1_315' title='bbox 1366 3705 1494 3760; x_wconf 89' lang='lat' dir='ltr'>licet</span> <span class='ocrx_word' id='word_1_316' title='bbox 1514 3704 1807 3775; x_wconf 87' lang='lat' dir='ltr'>Apostolus</span> <span class='ocrx_word' id='word_1_317' title='bbox 1825 3704 1989 3771; x_wconf 89' lang='lat' dir='ltr'>dicat,</span> 
     </span>
    </p>
   </div>
   <div class='ocr_carea' id='block_1_44' title="bbox 386 3792 1994 3868">
    <p class='ocr_par' dir='ltr' id='par_1_44' title="bbox 386 3792 1994 3868">
     <span class='ocr_line' id='line_1_44' title="bbox 386 3792 1994 3868; baseline -0.004 -16"><span class='ocrx_word' id='word_1_318' title='bbox 386 3798 532 3868; x_wconf 91' lang='lat' dir='ltr'>quod</span> <span class='ocrx_word' id='word_1_319' title='bbox 551 3797 832 3868; x_wconf 87' lang='lat' dir='ltr'>sapientia</span> <span class='ocrx_word' id='word_1_320' title='bbox 854 3796 1024 3865; x_wconf 76' lang='lat' dir='ltr'>huius</span> <span class='ocrx_word' id='word_1_321' title='bbox 1035 3795 1255 3862; x_wconf 88' lang='lat' dir='ltr'>mundi,</span> <span class='ocrx_word' id='word_1_322' title='bbox 1270 3794 1529 3849; x_wconf 87' lang='lat' dir='ltr'>stultitia</span> <span class='ocrx_word' id='word_1_323' title='bbox 1541 3796 1625 3847; x_wconf 85' lang='lat' dir='ltr'>est</span> <span class='ocrx_word' id='word_1_324' title='bbox 1647 3792 1797 3862; x_wconf 85' lang='lat' dir='ltr'>apud</span> <span class='ocrx_word' id='word_1_325' title='bbox 1815 3794 1994 3847; x_wconf 88' lang='lat' dir='ltr'>Deum</span> 
     </span>
    </p>
   </div>
   <div class='ocr_carea' id='block_1_45' title="bbox 387 3879 1994 3954">
    <p class='ocr_par' dir='ltr' id='par_1_45' title="bbox 387 3879 1994 3954">
     <span class='ocr_line' id='line_1_45' title="bbox 387 3879 1994 3954; baseline -0.002 -16"><span class='ocrx_word' id='word_1_326' title='bbox 387 3884 438 3954; x_wconf 93' lang='grc' dir='ltr'>(Ι</span> <span class='ocrx_word' id='word_1_327' title='bbox 456 3884 578 3940; x_wconf 84' lang='lat' dir='ltr'>Cor.</span> <span class='ocrx_word' id='word_1_328' title='bbox 616 3898 698 3949; x_wconf 79' lang='lat' dir='ltr'>Ill,</span> <span class='ocrx_word' id='word_1_329' title='bbox 735 3884 843 3954; x_wconf 80' lang='lat' dir='ltr'>t9).</span> <span class='ocrx_word' id='word_1_330' title='bbox 876 3883 1056 3938; x_wconf 89' lang='lat' dir='ltr'>Nolite</span> <span class='ocrx_word' id='word_1_331' title='bbox 1088 3897 1246 3954; x_wconf 86' lang='lat' dir='ltr'>ergo,</span> <span class='ocrx_word' id='word_1_332' title='bbox 1290 3881 1647 3935; x_wconf 89' lang='lat' dir='ltr'>obsecramus</span> <span class='ocrx_word' id='word_1_333' title='bbox 1677 3894 1796 3945; x_wconf 90' lang='lat' dir='ltr'>vos,</span> <span class='ocrx_word' id='word_1_334' title='bbox 1828 3879 1994 3934; x_wconf 87' lang='lat' dir='ltr'>nolite</span> 
     </span>
    </p>
   </div>
   <div class='ocr_carea' id='block_1_46' title="bbox 382 3967 1993 4042">
    <p class='ocr_par' dir='ltr' id='par_1_46' title="bbox 382 3967 1993 4042">
     <span class='ocr_line' id='line_1_46' title="bbox 382 3967 1993 4042; baseline -0.002 -15"><span class='ocrx_word' id='word_1_335' title='bbox 382 3970 523 4027; x_wconf 80' lang='lat' dir='ltr'>eﬁici</span> <span class='ocrx_word' id='word_1_336' title='bbox 565 3970 867 4042; x_wconf 89' lang='lat' dir='ltr'>participes</span> <span class='ocrx_word' id='word_1_337' title='bbox 920 3985 1126 4025; x_wconf 90' lang='lat' dir='ltr'>eorum.</span> <span class='ocrx_word' id='word_1_338' title='bbox 1160 3969 1286 4023; x_wconf 80' lang='lat' dir='ltr'>Illos</span> <span class='ocrx_word' id='word_1_339' title='bbox 1336 3982 1573 4038; x_wconf 86' lang='lat' dir='ltr'>namque</span> <span class='ocrx_word' id='word_1_340' title='bbox 1621 3967 1770 4022; x_wconf 90' lang='lat' dir='ltr'>solos</span> <span class='ocrx_word' id='word_1_341' title='bbox 1821 3982 1993 4023; x_wconf 63' lang='lat' dir='ltr'>sacrae</span> 
     </span>
    </p>
   </div>
   <div class='ocr_carea' id='block_1_47' title="bbox 383 4054 1988 4129">
    <p class='ocr_par' dir='ltr' id='par_1_47' title="bbox 383 4054 1988 4129">
     <span class='ocr_line' id='line_1_47' title="bbox 383 4054 1988 4129; baseline -0.003 -15"><span class='ocrx_word' id='word_1_342' title='bbox 383 4058 680 4129; x_wconf 68' lang='lat' dir='ltr'>Scriptum</span> <span class='ocrx_word' id='word_1_343' title='bbox 728 4057 797 4112; x_wconf 91' lang='lat' dir='ltr'>de</span> <span class='ocrx_word' id='word_1_344' title='bbox 838 4057 939 4112; x_wconf 89' lang='lat' dir='ltr'>hac</span> <span class='ocrx_word' id='word_1_345' title='bbox 992 4056 1099 4111; x_wconf 89' lang='lat' dir='ltr'>vita</span> <span class='ocrx_word' id='word_1_346' title='bbox 1153 4070 1377 4111; x_wconf 90' lang='lat' dir='ltr'>securos</span> <span class='ocrx_word' id='word_1_347' title='bbox 1426 4056 1572 4111; x_wconf 86' lang='lat' dir='ltr'>exire</span> <span class='ocrx_word' id='word_1_348' title='bbox 1621 4054 1988 4125; x_wconf 89' lang='lat' dir='ltr'>pronuntiant,</span> 
     </span>
    </p>
   </div>
   <div class='ocr_carea' id='block_1_48' title="bbox 386 4142 1992 4219">
    <p class='ocr_par' dir='ltr' id='par_1_48' title="bbox 386 4142 1992 4219">
     <span class='ocr_line' id='line_1_48' title="bbox 386 4142 1992 4219; baseline -0.001 -18"><span class='ocrx_word' id='word_1_349' title='bbox 386 4145 479 4219; x_wconf 89' lang='lat' dir='ltr'>qui</span> <span class='ocrx_word' id='word_1_350' title='bbox 508 4152 601 4201; x_wconf 88' lang='lat' dir='ltr'>aut</span> <span class='ocrx_word' id='word_1_351' title='bbox 627 4144 790 4200; x_wconf 89' lang='lat' dir='ltr'>nullis</span> <span class='ocrx_word' id='word_1_352' title='bbox 810 4151 933 4216; x_wconf 90' lang='lat' dir='ltr'>post</span> <span class='ocrx_word' id='word_1_353' title='bbox 961 4143 1287 4213; x_wconf 90' lang='lat' dir='ltr'>baptismum</span> <span class='ocrx_word' id='word_1_354' title='bbox 1335 4142 1662 4212; x_wconf 90' lang='lat' dir='ltr'>commissis,</span> <span class='ocrx_word' id='word_1_355' title='bbox 1710 4150 1801 4198; x_wconf 88' lang='lat' dir='ltr'>aut</span> <span class='ocrx_word' id='word_1_356' title='bbox 1847 4152 1992 4199; x_wconf 89' lang='lat' dir='ltr'>certe</span> 
     </span>
    </p>
   </div>
   <div class='ocr_carea' id='block_1_49' title="bbox 383 4231 1987 4306">
    <p class='ocr_par' dir='ltr' id='par_1_49' title="bbox 383 4231 1987 4306">
     <span class='ocr_line' id='line_1_49' title="bbox 383 4231 1987 4306; baseline -0.002 -16"><span class='ocrx_word' id='word_1_357' title='bbox 383 4250 486 4305; x_wconf 91' lang='lat' dir='ltr'>per</span> <span class='ocrx_word' id='word_1_358' title='bbox 515 4233 713 4306; x_wconf 83' lang='lat' dir='ltr'>dignos</span> <span class='ocrx_word' id='word_1_359' title='bbox 760 4231 1091 4304; x_wconf 66' lang='lat' dir='ltr'>poenitentiae</span> <span class='ocrx_word' id='word_1_360' title='bbox 1146 4231 1352 4287; x_wconf 87' lang='lat' dir='ltr'>fructus</span> <span class='ocrx_word' id='word_1_361' title='bbox 1399 4231 1593 4286; x_wconf 88' lang='lat' dir='ltr'>deletis</span> <span class='ocrx_word' id='word_1_362' title='bbox 1650 4231 1987 4299; x_wconf 86' lang='lat' dir='ltr'>criminibus,</span> 
     </span>
    </p>
   </div>
   <div class='ocr_carea' id='block_1_50' title="bbox 2015 2969 2067 3033">
    <p class='ocr_par' dir='ltr' id='par_1_50' title="bbox 2015 2969 2067 3033">
     <span class='ocr_line' id='line_1_50' title="bbox 2015 2969 2067 3033; baseline 0 0"><span class='ocrx_word' id='word_1_363' title='bbox 2015 2969 2067 3033; x_wconf 90' lang='lat' dir='ltr'>C</span> 
     </span>
    </p>
   </div>
   <div class='ocr_carea' id='block_1_51' title="bbox 2106 375 3699 448">
    <p class='ocr_par' dir='ltr' id='par_1_51' title="bbox 2106 375 3699 448">
     <span class='ocr_line' id='line_1_51' title="bbox 2106 375 3699 448; baseline 0 -19"><span class='ocrx_word' id='word_1_364' title='bbox 2106 391 2205 445; x_wconf 90' lang='lat' dir='ltr'>per</span> <span class='ocrx_word' id='word_1_365' title='bbox 2232 375 2566 448; x_wconf 86' lang='lat' dir='ltr'>Decalogum</span> <span class='ocrx_word' id='word_1_366' title='bbox 2584 376 2958 446; x_wconf 89' lang='lat' dir='ltr'>prohibentur,</span> <span class='ocrx_word' id='word_1_367' title='bbox 2982 375 3066 431; x_wconf 84' lang='lat' dir='ltr'>vel</span> <span class='ocrx_word' id='word_1_368' title='bbox 3088 376 3157 431; x_wconf 90' lang='lat' dir='ltr'>de</span> <span class='ocrx_word' id='word_1_369' title='bbox 3188 376 3382 447; x_wconf 90' lang='lat' dir='ltr'>quibus</span> <span class='ocrx_word' id='word_1_370' title='bbox 3401 375 3699 447; x_wconf 83' lang='lat' dir='ltr'>Apostolus</span> 
     </span>
    </p>
   </div>
   <div class='ocr_carea' id='block_1_52' title="bbox 2102 463 3694 535">
    <p class='ocr_par' dir='ltr' id='par_1_52' title="bbox 2102 463 3694 535">
     <span class='ocr_line' id='line_1_52' title="bbox 2102 463 3694 535; baseline 0 -17"><span class='ocrx_word' id='word_1_371' title='bbox 2102 463 2230 518; x_wconf 89' lang='lat' dir='ltr'>dicit</span> <span class='ocrx_word' id='word_1_372' title='bbox 2255 479 2267 516; x_wconf 93' lang='lat'>:</span> <span class='ocrx_word' id='word_1_373' title='bbox 2283 464 2547 534; x_wconf 86' lang='lat' dir='ltr'>quoniam</span> <span class='ocrx_word' id='word_1_374' title='bbox 2564 465 2659 535; x_wconf 86' lang='lat' dir='ltr'>qui</span> <span class='ocrx_word' id='word_1_375' title='bbox 2672 466 2812 519; x_wconf 89' lang='lat' dir='ltr'>talia</span> <span class='ocrx_word' id='word_1_376' title='bbox 2824 468 3021 535; x_wconf 89' lang='lat' dir='ltr'>agunt,</span> <span class='ocrx_word' id='word_1_377' title='bbox 3044 479 3278 535; x_wconf 87' lang='lat' dir='ltr'>regnum</span> <span class='ocrx_word' id='word_1_378' title='bbox 3299 466 3398 519; x_wconf 88' lang='lat' dir='ltr'>Dei</span> <span class='ocrx_word' id='word_1_379' title='bbox 3417 481 3531 520; x_wconf 87' lang='lat' dir='ltr'>non</span> <span class='ocrx_word' id='word_1_380' title='bbox 3552 480 3694 519; x_wconf 86' lang='lat' dir='ltr'>con-</span> 
     </span>
    </p>
   </div>
   <div class='ocr_carea' id='block_1_53' title="bbox 2100 551 3699 623">
    <p class='ocr_par' dir='ltr' id='par_1_53' title="bbox 2100 551 3699 623">
     <span class='ocr_line' id='line_1_53' title="bbox 2100 551 3699 623; baseline -0.001 -17"><span class='ocrx_word' id='word_1_381' title='bbox 2100 556 2409 623; x_wconf 83' lang='lat' dir='ltr'>sequentur</span> <span class='ocrx_word' id='word_1_382' title='bbox 2442 553 2590 619; x_wconf 87' lang='lat' dir='ltr'>(Gal.</span> <span class='ocrx_word' id='word_1_383' title='bbox 2613 567 2666 616; x_wconf 88' lang='lat' dir='ltr'>v,</span> <span class='ocrx_word' id='word_1_384' title='bbox 2690 552 2783 622; x_wconf 75' lang='grc'>21)</span> <span class='ocrx_word' id='word_1_385' title='bbox 2804 551 3044 606; x_wconf 88' lang='lat' dir='ltr'>Perlecta</span> <span class='ocrx_word' id='word_1_386' title='bbox 3074 560 3125 605; x_wconf 94' lang='lat' dir='ltr'>et</span> <span class='ocrx_word' id='word_1_387' title='bbox 3144 551 3557 623; x_wconf 81' lang='lat' dir='ltr'>diligentissime</span> <span class='ocrx_word' id='word_1_388' title='bbox 3579 568 3699 621; x_wconf 85' lang='lat' dir='ltr'>per-</span> 
     </span>
    </p>
   </div>
   <div class='ocr_carea' id='block_1_54' title="bbox 2101 639 3693 711">
    <p class='ocr_par' dir='ltr' id='par_1_54' title="bbox 2101 639 3693 711">
     <span class='ocr_line' id='line_1_54' title="bbox 2101 639 3693 711; baseline 0.001 -19"><span class='ocrx_word' id='word_1_389' title='bbox 2101 646 2340 694; x_wconf 84' lang='lat' dir='ltr'>scrutata</span> <span class='ocrx_word' id='word_1_390' title='bbox 2367 639 2616 693; x_wconf 88' lang='lat' dir='ltr'>universa</span> <span class='ocrx_word' id='word_1_391' title='bbox 2636 640 2776 694; x_wconf 89' lang='lat' dir='ltr'>Novi</span> <span class='ocrx_word' id='word_1_392' title='bbox 2804 655 2868 694; x_wconf 87' lang='lat' dir='ltr'>ac</span> <span class='ocrx_word' id='word_1_393' title='bbox 2888 639 3103 694; x_wconf 80' lang='lat' dir='ltr'>Veteris</span> <span class='ocrx_word' id='word_1_394' title='bbox 3122 639 3450 694; x_wconf 88' lang='lat' dir='ltr'>Testamenti</span> <span class='ocrx_word' id='word_1_395' title='bbox 3469 640 3693 711; x_wconf 84' lang='lat' dir='ltr'>pagina,</span> 
     </span>
    </p>
   </div>
   <div class='ocr_carea' id='block_1_55' title="bbox 2100 726 3694 799">
    <p class='ocr_par' dir='ltr' id='par_1_55' title="bbox 2100 726 3694 799">
     <span class='ocr_line' id='line_1_55' title="bbox 2100 726 3694 799; baseline 0 -19"><span class='ocrx_word' id='word_1_396' title='bbox 2100 742 2373 797; x_wconf 90' lang='lat' dir='ltr'>nusquam</span> <span class='ocrx_word' id='word_1_397' title='bbox 2401 727 2510 780; x_wconf 89' lang='lat' dir='ltr'>illis</span> <span class='ocrx_word' id='word_1_398' title='bbox 2540 727 2775 799; x_wconf 88' lang='lat' dir='ltr'>aliquam</span> <span class='ocrx_word' id='word_1_399' title='bbox 2805 727 2979 782; x_wconf 72' lang='lat' dir='ltr'>veniae</span> <span class='ocrx_word' id='word_1_400' title='bbox 3009 726 3376 793; x_wconf 86' lang='lat' dir='ltr'>securitatem,</span> <span class='ocrx_word' id='word_1_401' title='bbox 3409 728 3495 782; x_wconf 89' lang='lat' dir='ltr'>vel</span> <span class='ocrx_word' id='word_1_402' title='bbox 3526 727 3694 782; x_wconf 89' lang='lat' dir='ltr'>certi-</span> 
     </span>
    </p>
   </div>
   <div class='ocr_carea' id='block_1_56' title="bbox 2101 815 3697 886">
    <p class='ocr_par' dir='ltr' id='par_1_56' title="bbox 2101 815 3697 886">
     <span class='ocr_line' id='line_1_56' title="bbox 2101 815 3697 886; baseline 0 -17"><span class='ocrx_word' id='word_1_403' title='bbox 2101 815 2341 869; x_wconf 89' lang='lat' dir='ltr'>tudinem</span> <span class='ocrx_word' id='word_1_404' title='bbox 2371 815 2651 885; x_wconf 86' lang='lat' dir='ltr'>promittit,</span> <span class='ocrx_word' id='word_1_405' title='bbox 2687 815 2781 886; x_wconf 91' lang='lat' dir='ltr'>qui</span> <span class='ocrx_word' id='word_1_406' title='bbox 2807 815 2987 871; x_wconf 90' lang='lat' dir='ltr'>carnis</span> <span class='ocrx_word' id='word_1_407' title='bbox 3017 822 3070 870; x_wconf 91' lang='lat' dir='ltr'>et</span> <span class='ocrx_word' id='word_1_408' title='bbox 3115 815 3394 885; x_wconf 79' lang='lat' dir='ltr'>sanguinis</span> <span class='ocrx_word' id='word_1_409' title='bbox 3439 816 3697 886; x_wconf 89' lang='lat' dir='ltr'>operibus</span> 
     </span>
    </p>
   </div>
   <div class='ocr_carea' id='block_1_57' title="bbox 2100 903 3692 974">
    <p class='ocr_par' dir='ltr' id='par_1_57' title="bbox 2100 903 3692 974">
     <span class='ocr_line' id='line_1_57' title="bbox 2100 903 3692 974; baseline -0.001 -17"><span class='ocrx_word' id='word_1_410' title='bbox 2100 903 2286 970; x_wconf 90' lang='lat' dir='ltr'>dediti,</span> <span class='ocrx_word' id='word_1_411' title='bbox 2320 910 2444 958; x_wconf 90' lang='lat' dir='ltr'>ante</span> <span class='ocrx_word' id='word_1_412' title='bbox 2474 912 2717 974; x_wconf 91' lang='lat' dir='ltr'>tempora</span> <span class='ocrx_word' id='word_1_413' title='bbox 2747 903 2925 958; x_wconf 90' lang='lat' dir='ltr'>obitus</span> <span class='ocrx_word' id='word_1_414' title='bbox 2953 903 3092 957; x_wconf 89' lang='lat' dir='ltr'>mala</span> <span class='ocrx_word' id='word_1_415' title='bbox 3121 920 3214 958; x_wconf 86' lang='lat' dir='ltr'>sua</span> <span class='ocrx_word' id='word_1_416' title='bbox 3237 920 3345 957; x_wconf 91' lang='lat' dir='ltr'>non</span> <span class='ocrx_word' id='word_1_417' title='bbox 3363 903 3692 974; x_wconf 89' lang='lat' dir='ltr'>relinquunt.</span> 
     </span>
    </p>
   </div>
   <div class='ocr_carea' id='block_1_58' title="bbox 2101 990 3697 1061">
    <p class='ocr_par' dir='ltr' id='par_1_58' title="bbox 2101 990 3697 1061">
     <span class='ocr_line' id='line_1_58' title="bbox 2101 990 3697 1061; baseline 0 -16"><span class='ocrx_word' id='word_1_418' title='bbox 2101 992 2248 1046; x_wconf 90' lang='lat' dir='ltr'>Tunc</span> <span class='ocrx_word' id='word_1_419' title='bbox 2279 991 2421 1045; x_wconf 89' lang='lat' dir='ltr'>enim</span> <span class='ocrx_word' id='word_1_420' title='bbox 2466 990 2628 1061; x_wconf 90' lang='lat' dir='ltr'>(sicut</span> <span class='ocrx_word' id='word_1_421' title='bbox 2670 1006 2837 1061; x_wconf 85' lang='lat' dir='ltr'>supra</span> <span class='ocrx_word' id='word_1_422' title='bbox 2885 990 3089 1046; x_wconf 91' lang='lat' dir='ltr'>dictum</span> <span class='ocrx_word' id='word_1_423' title='bbox 3136 992 3238 1061; x_wconf 90' lang='lat' dir='ltr'>est)</span> <span class='ocrx_word' id='word_1_424' title='bbox 3268 1006 3375 1046; x_wconf 89' lang='lat' dir='ltr'>non</span> <span class='ocrx_word' id='word_1_425' title='bbox 3421 990 3546 1060; x_wconf 89' lang='lat' dir='ltr'>ipsi,</span> <span class='ocrx_word' id='word_1_426' title='bbox 3598 991 3697 1045; x_wconf 91' lang='lat' dir='ltr'>sed</span> 
     </span>
    </p>
   </div>
   <div class='ocr_carea' id='block_1_59' title="bbox 2101 1077 3697 1149">
    <p class='ocr_par' dir='ltr' id='par_1_59' title="bbox 2101 1077 3697 1149">
     <span class='ocr_line' id='line_1_59' title="bbox 2101 1077 3697 1149; baseline 0.001 -18"><span class='ocrx_word' id='word_1_427' title='bbox 2101 1079 2246 1132; x_wconf 91' lang='lat' dir='ltr'>Deus</span> <span class='ocrx_word' id='word_1_428' title='bbox 2274 1080 2421 1149; x_wconf 90' lang='lat' dir='ltr'>ponit</span> <span class='ocrx_word' id='word_1_429' title='bbox 2447 1078 2609 1133; x_wconf 86' lang='lat' dir='ltr'>ﬁnem</span> <span class='ocrx_word' id='word_1_430' title='bbox 2638 1078 2797 1133; x_wconf 88' lang='lat' dir='ltr'>malis</span> <span class='ocrx_word' id='word_1_431' title='bbox 2818 1094 3024 1134; x_wconf 88' lang='lat' dir='ltr'>eorum.</span> <span class='ocrx_word' id='word_1_432' title='bbox 3051 1077 3212 1146; x_wconf 86' lang='lat' dir='ltr'>Quod</span> <span class='ocrx_word' id='word_1_433' title='bbox 3232 1086 3409 1133; x_wconf 88' lang='lat' dir='ltr'>autem</span> <span class='ocrx_word' id='word_1_434' title='bbox 3436 1078 3491 1132; x_wconf 90' lang='lat' dir='ltr'>in</span> <span class='ocrx_word' id='word_1_435' title='bbox 3522 1079 3697 1133; x_wconf 87' lang='lat' dir='ltr'>sacris</span> 
     </span>
    </p>
   </div>
   <div class='ocr_carea' id='block_1_60' title="bbox 2098 1165 3696 1236">
    <p class='ocr_par' dir='ltr' id='par_1_60' title="bbox 2098 1165 3696 1236">
     <span class='ocr_line' id='line_1_60' title="bbox 2098 1165 3696 1236; baseline 0 -17"><span class='ocrx_word' id='word_1_436' title='bbox 2098 1165 2292 1219; x_wconf 88' lang='lat' dir='ltr'>litteris</span> <span class='ocrx_word' id='word_1_437' title='bbox 2322 1182 2431 1222; x_wconf 92' lang='lat' dir='ltr'>non</span> <span class='ocrx_word' id='word_1_438' title='bbox 2459 1166 2747 1233; x_wconf 87' lang='lat' dir='ltr'>invenitur,</span> <span class='ocrx_word' id='word_1_439' title='bbox 2794 1166 3108 1221; x_wconf 89' lang='lat' dir='ltr'>stultissime</span> <span class='ocrx_word' id='word_1_440' title='bbox 3144 1165 3490 1236; x_wconf 83' lang='lat' dir='ltr'>praedicatur,</span> <span class='ocrx_word' id='word_1_441' title='bbox 3522 1174 3576 1220; x_wconf 91' lang='lat' dir='ltr'>et</span> <span class='ocrx_word' id='word_1_442' title='bbox 3604 1166 3696 1219; x_wconf 82' lang='lat' dir='ltr'>in-</span> 
     </span>
    </p>
   </div>
   <div class='ocr_carea' id='block_1_61' title="bbox 2096 1253 3696 1326">
    <p class='ocr_par' dir='ltr' id='par_1_61' title="bbox 2096 1253 3696 1326">
     <span class='ocr_line' id='line_1_61' title="bbox 2096 1253 3696 1326; baseline -0.001 -18"><span class='ocrx_word' id='word_1_443' title='bbox 2096 1253 2408 1309; x_wconf 87' lang='lat' dir='ltr'>felicissime</span> <span class='ocrx_word' id='word_1_444' title='bbox 2440 1255 2697 1310; x_wconf 86' lang='lat' dir='ltr'>creditur.</span> <span class='ocrx_word' id='word_1_445' title='bbox 2731 1255 2914 1309; x_wconf 87' lang='lat' dir='ltr'>Potest</span> <span class='ocrx_word' id='word_1_446' title='bbox 2958 1262 3136 1309; x_wconf 89' lang='lat' dir='ltr'>autem</span> <span class='ocrx_word' id='word_1_447' title='bbox 3178 1254 3357 1320; x_wconf 91' lang='lat' dir='ltr'>Deus,</span> <span class='ocrx_word' id='word_1_448' title='bbox 3389 1255 3459 1309; x_wconf 90' lang='lat' dir='ltr'>de</span> <span class='ocrx_word' id='word_1_449' title='bbox 3496 1254 3696 1326; x_wconf 88' lang='lat' dir='ltr'>quibus</span> 
     </span>
    </p>
   </div>
   <div class='ocr_carea' id='block_1_62' title="bbox 2098 1341 3694 1414">
    <p class='ocr_par' dir='ltr' id='par_1_62' title="bbox 2098 1341 3694 1414">
     <span class='ocr_line' id='line_1_62' title="bbox 2098 1341 3694 1414; baseline 0 -18"><span class='ocrx_word' id='word_1_450' title='bbox 2098 1342 2148 1396; x_wconf 92' lang='lat' dir='ltr'>ei</span> <span class='ocrx_word' id='word_1_451' title='bbox 2177 1342 2461 1411; x_wconf 85' lang='lat' dir='ltr'>placuerit,</span> <span class='ocrx_word' id='word_1_452' title='bbox 2482 1341 2667 1398; x_wconf 86' lang='lat' dir='ltr'>facere</span> <span class='ocrx_word' id='word_1_453' title='bbox 2698 1343 2845 1413; x_wconf 88' lang='lat' dir='ltr'>quod</span> <span class='ocrx_word' id='word_1_454' title='bbox 2874 1341 2999 1397; x_wconf 85' lang='lat' dir='ltr'>fecit</span> <span class='ocrx_word' id='word_1_455' title='bbox 3028 1342 3097 1397; x_wconf 92' lang='lat' dir='ltr'>de</span> <span class='ocrx_word' id='word_1_456' title='bbox 3127 1341 3443 1414; x_wconf 72' lang='lat' dir='ltr'>evangelico</span> <span class='ocrx_word' id='word_1_457' title='bbox 3462 1341 3694 1397; x_wconf 87' lang='lat' dir='ltr'>latrone.</span> 
     </span>
    </p>
   </div>
   <div class='ocr_carea' id='block_1_63' title="bbox 2098 1429 3695 1502">
    <p class='ocr_par' dir='ltr' id='par_1_63' title="bbox 2098 1429 3695 1502">
     <span class='ocr_line' id='line_1_63' title="bbox 2098 1429 3695 1502; baseline -0.001 -18"><span class='ocrx_word' id='word_1_458' title='bbox 2098 1429 2206 1484; x_wconf 91' lang='lat' dir='ltr'>Sed</span> <span class='ocrx_word' id='word_1_459' title='bbox 2252 1430 2471 1485; x_wconf 90' lang='lat' dir='ltr'>unicum</span> <span class='ocrx_word' id='word_1_460' title='bbox 2519 1437 2573 1485; x_wconf 91' lang='lat' dir='ltr'>et</span> <span class='ocrx_word' id='word_1_461' title='bbox 2612 1430 2893 1502; x_wconf 83' lang='lat' dir='ltr'>singulare</span> <span class='ocrx_word' id='word_1_462' title='bbox 2939 1429 3246 1500; x_wconf 88' lang='lat' dir='ltr'>exemplum</span> <span class='ocrx_word' id='word_1_463' title='bbox 3290 1429 3346 1484; x_wconf 90' lang='lat' dir='ltr'>in</span> <span class='ocrx_word' id='word_1_464' title='bbox 3390 1430 3695 1486; x_wconf 87' lang='lat' dir='ltr'>doctrinam</span> 
     </span>
    </p>
   </div>
   <div class='ocr_carea' id='block_1_64' title="bbox 2096 1517 3694 1589">
    <p class='ocr_par' dir='ltr' id='par_1_64' title="bbox 2096 1517 3694 1589">
     <span class='ocr_line' id='line_1_64' title="bbox 2096 1517 3694 1589; baseline -0.001 -17"><span class='ocrx_word' id='word_1_465' title='bbox 2096 1517 2407 1588; x_wconf 80' lang='lat' dir='ltr'>generalem</span> <span class='ocrx_word' id='word_1_466' title='bbox 2439 1517 2605 1589; x_wconf 90' lang='lat' dir='ltr'>recipi</span> <span class='ocrx_word' id='word_1_467' title='bbox 2625 1533 2734 1573; x_wconf 91' lang='lat' dir='ltr'>non</span> <span class='ocrx_word' id='word_1_468' title='bbox 2755 1518 2935 1572; x_wconf 88' lang='lat' dir='ltr'>debet.</span> <span class='ocrx_word' id='word_1_469' title='bbox 2966 1517 3125 1586; x_wconf 87' lang='lat' dir='ltr'>Quod</span> <span class='ocrx_word' id='word_1_470' title='bbox 3146 1532 3277 1589; x_wconf 83' lang='lat' dir='ltr'>ergo</span> <span class='ocrx_word' id='word_1_471' title='bbox 3302 1517 3568 1573; x_wconf 90' lang='lat' dir='ltr'>incertum</span> <span class='ocrx_word' id='word_1_472' title='bbox 3589 1527 3694 1583; x_wconf 86' lang='lat' dir='ltr'>est,</span> 
     </span>
    </p>
   </div>
   <div class='ocr_carea' id='block_1_65' title="bbox 2097 1604 3696 1676">
    <p class='ocr_par' dir='ltr' id='par_1_65' title="bbox 2097 1604 3696 1676">
     <span class='ocr_line' id='line_1_65' title="bbox 2097 1604 3696 1676; baseline 0.002 -18"><span class='ocrx_word' id='word_1_473' title='bbox 2097 1604 2452 1675; x_wconf 87' lang='lat' dir='ltr'>relinquatur,</span> <span class='ocrx_word' id='word_1_474' title='bbox 2486 1612 2539 1660; x_wconf 90' lang='lat' dir='ltr'>et</span> <span class='ocrx_word' id='word_1_475' title='bbox 2576 1606 2722 1675; x_wconf 86' lang='lat' dir='ltr'>quod</span> <span class='ocrx_word' id='word_1_476' title='bbox 2767 1605 3104 1661; x_wconf 90' lang='lat' dir='ltr'>certitudinis</span> <span class='ocrx_word' id='word_1_477' title='bbox 3135 1612 3188 1660; x_wconf 88' lang='lat' dir='ltr'>et</span> <span class='ocrx_word' id='word_1_478' title='bbox 3230 1606 3531 1661; x_wconf 84' lang='lat' dir='ltr'>securitatis</span> <span class='ocrx_word' id='word_1_479' title='bbox 3570 1606 3696 1676; x_wconf 89' lang='lat' dir='ltr'>ple-</span> 
     </span>
    </p>
   </div>
   <div class='ocr_carea' id='block_1_66' title="bbox 2102 1692 3701 1766">
    <p class='ocr_par' dir='ltr' id='par_1_66' title="bbox 2102 1692 3701 1766">
     <span class='ocr_line' id='line_1_66' title="bbox 2102 1692 3701 1766; baseline 0.002 -20"><span class='ocrx_word' id='word_1_480' title='bbox 2102 1708 2232 1746; x_wconf 92' lang='lat' dir='ltr'>num</span> <span class='ocrx_word' id='word_1_481' title='bbox 2262 1700 2362 1758; x_wconf 89' lang='lat' dir='ltr'>est,</span> <span class='ocrx_word' id='word_1_482' title='bbox 2393 1699 2663 1748; x_wconf 88' lang='lat' dir='ltr'>teneatur.</span> <span class='ocrx_word' id='word_1_483' title='bbox 2706 1693 2919 1748; x_wconf 88' lang='lat' dir='ltr'>Currite</span> <span class='ocrx_word' id='word_1_484' title='bbox 2958 1692 3144 1766; x_wconf 87' lang='lat' dir='ltr'>igitur,</span> <span class='ocrx_word' id='word_1_485' title='bbox 3188 1692 3388 1750; x_wconf 89' lang='lat' dir='ltr'>currite</span> <span class='ocrx_word' id='word_1_486' title='bbox 3416 1694 3483 1748; x_wconf 91' lang='lat' dir='ltr'>ad</span> <span class='ocrx_word' id='word_1_487' title='bbox 3524 1694 3701 1749; x_wconf 90' lang='lat' dir='ltr'>mise-</span> 
     </span>
    </p>
   </div>
   <div class='ocr_carea' id='block_1_67' title="bbox 2102 1780 3701 1852">
    <p class='ocr_par' dir='ltr' id='par_1_67' title="bbox 2102 1780 3701 1852">
     <span class='ocr_line' id='line_1_67' title="bbox 2102 1780 3701 1852; baseline 0.002 -18"><span class='ocrx_word' id='word_1_488' title='bbox 2102 1780 2398 1847; x_wconf 89' lang='lat' dir='ltr'>ricordem,</span> <span class='ocrx_word' id='word_1_489' title='bbox 2432 1797 2502 1835; x_wconf 90' lang='lat' dir='ltr'>ne</span> <span class='ocrx_word' id='word_1_490' title='bbox 2532 1781 2774 1836; x_wconf 86' lang='lat' dir='ltr'>sentiatis</span> <span class='ocrx_word' id='word_1_491' title='bbox 2789 1790 2977 1852; x_wconf 88' lang='lat' dir='ltr'>postea</span> <span class='ocrx_word' id='word_1_492' title='bbox 3002 1781 3267 1847; x_wconf 72' lang='lat' dir='ltr'>Iudicem,</span> <span class='ocrx_word' id='word_1_493' title='bbox 3299 1781 3494 1838; x_wconf 89' lang='lat' dir='ltr'>currite</span> <span class='ocrx_word' id='word_1_494' title='bbox 3521 1782 3701 1837; x_wconf 90' lang='lat' dir='ltr'>donec</span> 
     </span>
    </p>
   </div>
   <div class='ocr_carea' id='block_1_68' title="bbox 2102 1868 3701 1939">
    <p class='ocr_par' dir='ltr' id='par_1_68' title="bbox 2102 1868 3701 1939">
     <span class='ocr_line' id='line_1_68' title="bbox 2102 1868 3701 1939; baseline 0.001 -17"><span class='ocrx_word' id='word_1_495' title='bbox 2102 1868 2221 1923; x_wconf 89' lang='lat' dir='ltr'>dies</span> <span class='ocrx_word' id='word_1_496' title='bbox 2250 1876 2360 1937; x_wconf 91' lang='lat' dir='ltr'>est,</span> <span class='ocrx_word' id='word_1_497' title='bbox 2393 1876 2449 1922; x_wconf 90' lang='lat' dir='ltr'>ut</span> <span class='ocrx_word' id='word_1_498' title='bbox 2478 1885 2589 1924; x_wconf 93' lang='lat' dir='ltr'>non</span> <span class='ocrx_word' id='word_1_499' title='bbox 2643 1870 2883 1925; x_wconf 62' lang='lat' dir='ltr'>tenebrm</span> <span class='ocrx_word' id='word_1_500' title='bbox 2937 1885 3036 1925; x_wconf 89' lang='lat' dir='ltr'>vos</span> <span class='ocrx_word' id='word_1_501' title='bbox 3083 1869 3562 1939; x_wconf 86' lang='lat' dir='ltr'>comprehendant.</span> <span class='ocrx_word' id='word_1_502' title='bbox 3596 1870 3701 1923; x_wconf 85' lang='lat' dir='ltr'>Di-</span> 
     </span>
    </p>
   </div>
   <div class='ocr_carea' id='block_1_69' title="bbox 2101 1957 3698 2030">
    <p class='ocr_par' dir='ltr' id='par_1_69' title="bbox 2101 1957 3698 2030">
     <span class='ocr_line' id='line_1_69' title="bbox 2101 1957 3698 2030; baseline 0.001 -19"><span class='ocrx_word' id='word_1_503' title='bbox 2101 1964 2257 2011; x_wconf 90' lang='lat' dir='ltr'>cente</span> <span class='ocrx_word' id='word_1_504' title='bbox 2286 1957 2433 2011; x_wconf 90' lang='lat' dir='ltr'>enim</span> <span class='ocrx_word' id='word_1_505' title='bbox 2463 1957 2695 2013; x_wconf 91' lang='lat' dir='ltr'>Domino</span> <span class='ocrx_word' id='word_1_506' title='bbox 2730 1974 2742 2012; x_wconf 94' lang='lat'>:</span> <span class='ocrx_word' id='word_1_507' title='bbox 2781 1959 2939 2013; x_wconf 81' lang='lat' dir='ltr'>Venit</span> <span class='ocrx_word' id='word_1_508' title='bbox 2967 1973 3104 2024; x_wconf 76' lang='lat' dir='ltr'>nox,</span> <span class='ocrx_word' id='word_1_509' title='bbox 3146 1958 3368 2030; x_wconf 80' lang='lat' dir='ltr'>quando</span> <span class='ocrx_word' id='word_1_510' title='bbox 3398 1973 3563 2013; x_wconf 85' lang='lat' dir='ltr'>nemo</span> <span class='ocrx_word' id='word_1_511' title='bbox 3585 1973 3698 2028; x_wconf 84' lang='lat' dir='ltr'>po-</span> 
     </span>
    </p>
   </div>
   <div class='ocr_carea' id='block_1_70' title="bbox 2103 2044 3701 2117">
    <p class='ocr_par' dir='ltr' id='par_1_70' title="bbox 2103 2044 3701 2117">
     <span class='ocr_line' id='line_1_70' title="bbox 2103 2044 3701 2117; baseline 0 -18"><span class='ocrx_word' id='word_1_512' title='bbox 2103 2049 2213 2100; x_wconf 89' lang='lat' dir='ltr'>test</span> <span class='ocrx_word' id='word_1_513' title='bbox 2244 2047 2466 2117; x_wconf 86' lang='lat' dir='ltr'>operari</span> <span class='ocrx_word' id='word_1_514' title='bbox 2496 2047 2677 2114; x_wconf 84' lang='lat' dir='ltr'>(Joan.</span> <span class='ocrx_word' id='word_1_515' title='bbox 2712 2059 2792 2112; x_wconf 69' lang='grc' dir='ltr'>ιχ,</span> <span class='ocrx_word' id='word_1_516' title='bbox 2825 2046 2914 2113; x_wconf 79' lang='grc'>4);</span> <span class='ocrx_word' id='word_1_517' title='bbox 2947 2045 3037 2117; x_wconf 91' lang='lat' dir='ltr'>qui</span> <span class='ocrx_word' id='word_1_518' title='bbox 3054 2044 3357 2101; x_wconf 86' lang='lat' dir='ltr'>dissimulat</span> <span class='ocrx_word' id='word_1_519' title='bbox 3385 2053 3438 2099; x_wconf 89' lang='lat' dir='ltr'>et</span> <span class='ocrx_word' id='word_1_520' title='bbox 3464 2045 3701 2117; x_wconf 86' lang='lat' dir='ltr'>negligit</span> 
     </span>
    </p>
   </div>
   <div class='ocr_carea' id='block_1_71' title="bbox 2101 2131 3698 2203">
    <p class='ocr_par' dir='ltr' id='par_1_71' title="bbox 2101 2131 3698 2203">
     <span class='ocr_line' id='line_1_71' title="bbox 2101 2131 3698 2203; baseline 0.001 -18"><span class='ocrx_word' id='word_1_521' title='bbox 2101 2132 2276 2186; x_wconf 89' lang='lat' dir='ltr'>donec</span> <span class='ocrx_word' id='word_1_522' title='bbox 2296 2131 2509 2186; x_wconf 87' lang='lat' dir='ltr'>dicatur</span> <span class='ocrx_word' id='word_1_523' title='bbox 2526 2132 2574 2186; x_wconf 89' lang='lat' dir='ltr'>ei</span> <span class='ocrx_word' id='word_1_524' title='bbox 2593 2149 2605 2187; x_wconf 86' lang='lat'>:</span> <span class='ocrx_word' id='word_1_525' title='bbox 2621 2133 2829 2199; x_wconf 88' lang='lat' dir='ltr'>Stulte,</span> <span class='ocrx_word' id='word_1_526' title='bbox 2850 2132 2953 2188; x_wconf 89' lang='lat' dir='ltr'>hac</span> <span class='ocrx_word' id='word_1_527' title='bbox 2975 2136 3142 2188; x_wconf 87' lang='lat' dir='ltr'>nocte</span> <span class='ocrx_word' id='word_1_528' title='bbox 3162 2136 3420 2203; x_wconf 85' lang='lat' dir='ltr'>repetent</span> <span class='ocrx_word' id='word_1_529' title='bbox 3438 2134 3698 2187; x_wconf 86' lang='lat' dir='ltr'>animam</span> 
     </span>
    </p>
   </div>
   <div class='ocr_carea' id='block_1_72' title="bbox 2102 2220 3692 2291">
    <p class='ocr_par' dir='ltr' id='par_1_72' title="bbox 2102 2220 3692 2291">
     <span class='ocr_line' id='line_1_72' title="bbox 2102 2220 3692 2291; baseline 0.001 -18"><span class='ocrx_word' id='word_1_530' title='bbox 2102 2223 2259 2274; x_wconf 85' lang='lat' dir='ltr'>tuam</span> <span class='ocrx_word' id='word_1_531' title='bbox 2282 2236 2317 2274; x_wconf 84' lang='grc' dir='ltr'><em>α</em></span> <span class='ocrx_word' id='word_1_532' title='bbox 2340 2224 2414 2286; x_wconf 90' lang='lat' dir='ltr'>te,</span> <span class='ocrx_word' id='word_1_533' title='bbox 2429 2235 2551 2290; x_wconf 77' lang='lat' dir='ltr'>qua:</span> <span class='ocrx_word' id='word_1_534' title='bbox 2570 2224 2764 2275; x_wconf 87' lang='lat' dir='ltr'>autem</span> <span class='ocrx_word' id='word_1_535' title='bbox 2774 2222 2996 2291; x_wconf 85' lang='lat' dir='ltr'>parasti</span> <span class='ocrx_word' id='word_1_536' title='bbox 3006 2221 3170 2290; x_wconf 85' lang='lat' dir='ltr'>cujus</span> <span class='ocrx_word' id='word_1_537' title='bbox 3191 2224 3362 2276; x_wconf 81' lang='lat' dir='ltr'>erunt</span> <span class='ocrx_word' id='word_1_538' title='bbox 3380 2220 3571 2291; x_wconf 81' lang='lat' dir='ltr'>?(Lue.</span> <span class='ocrx_word' id='word_1_539' title='bbox 3586 2234 3692 2284; x_wconf 81' lang='lat' dir='ltr'>xu,</span> 
     </span>
    </p>
   </div>
   <div class='ocr_carea' id='block_1_73' title="bbox 2099 2306 3700 2379">
    <p class='ocr_par' dir='ltr' id='par_1_73' title="bbox 2099 2306 3700 2379">
     <span class='ocr_line' id='line_1_73' title="bbox 2099 2306 3700 2379; baseline -0.001 -16"><span class='ocrx_word' id='word_1_540' title='bbox 2099 2309 2213 2377; x_wconf 88' lang='grc'>20).</span> <span class='ocrx_word' id='word_1_541' title='bbox 2244 2306 2441 2361; x_wconf 84' lang='lat' dir='ltr'>frustra</span> <span class='ocrx_word' id='word_1_542' title='bbox 2469 2315 2597 2363; x_wconf 91' lang='lat' dir='ltr'>tunc</span> <span class='ocrx_word' id='word_1_543' title='bbox 2625 2308 2873 2378; x_wconf 89' lang='lat' dir='ltr'>implorat</span> <span class='ocrx_word' id='word_1_544' title='bbox 2895 2309 3006 2376; x_wconf 90' lang='lat' dir='ltr'>jam</span> <span class='ocrx_word' id='word_1_545' title='bbox 3038 2307 3342 2375; x_wconf 86' lang='lat' dir='ltr'>ferientem,</span> <span class='ocrx_word' id='word_1_546' title='bbox 3371 2324 3531 2379; x_wconf 91' lang='lat' dir='ltr'>quem</span> <span class='ocrx_word' id='word_1_547' title='bbox 3561 2323 3700 2364; x_wconf 88' lang='lat' dir='ltr'>con-</span> 
     </span>
    </p>
   </div>
   <div class='ocr_carea' id='block_1_74' title="bbox 2097 2395 3697 2466">
    <p class='ocr_par' dir='ltr' id='par_1_74' title="bbox 2097 2395 3697 2466">
     <span class='ocr_line' id='line_1_74' title="bbox 2097 2395 3697 2466; baseline 0.002 -18"><span class='ocrx_word' id='word_1_548' title='bbox 2097 2395 2316 2466; x_wconf 89' lang='lat' dir='ltr'>tempsit</span> <span class='ocrx_word' id='word_1_549' title='bbox 2380 2395 2528 2466; x_wconf 91' lang='lat' dir='ltr'>prius</span> <span class='ocrx_word' id='word_1_550' title='bbox 2575 2396 3007 2452; x_wconf 86' lang='lat' dir='ltr'>misericorditer</span> <span class='ocrx_word' id='word_1_551' title='bbox 3048 2404 3354 2451; x_wconf 87' lang='lat' dir='ltr'>vocantem.</span> <span class='ocrx_word' id='word_1_552' title='bbox 3405 2395 3509 2465; x_wconf 87' lang='lat' dir='ltr'>Qui</span> <span class='ocrx_word' id='word_1_553' title='bbox 3550 2396 3697 2452; x_wconf 90' lang='lat' dir='ltr'>enim</span> 
     </span>
    </p>
   </div>
   <div class='ocr_carea' id='block_1_75' title="bbox 2098 2482 3698 2557">
    <p class='ocr_par' dir='ltr' id='par_1_75' title="bbox 2098 2482 3698 2557">
     <span class='ocr_line' id='line_1_75' title="bbox 2098 2482 3698 2557; baseline 0.002 -20"><span class='ocrx_word' id='word_1_554' title='bbox 2098 2498 2246 2538; x_wconf 91' lang='lat' dir='ltr'>nunc</span> <span class='ocrx_word' id='word_1_555' title='bbox 2292 2482 2620 2539; x_wconf 80' lang='lat' dir='ltr'>ineﬁ‘abilem</span> <span class='ocrx_word' id='word_1_556' title='bbox 2669 2492 2935 2557; x_wconf 88' lang='lat' dir='ltr'>prorogat</span> <span class='ocrx_word' id='word_1_557' title='bbox 2974 2484 3426 2551; x_wconf 88' lang='lat' dir='ltr'>misericordiam,</span> <span class='ocrx_word' id='word_1_558' title='bbox 3471 2500 3536 2540; x_wconf 86' lang='lat' dir='ltr'>ex</span> <span class='ocrx_word' id='word_1_559' title='bbox 3564 2493 3698 2541; x_wconf 86' lang='lat' dir='ltr'>tunc</span> 
     </span>
    </p>
   </div>
   <div class='ocr_carea' id='block_1_76' title="bbox 2097 2570 3699 2645">
    <p class='ocr_par' dir='ltr' id='par_1_76' title="bbox 2097 2570 3699 2645">
     <span class='ocr_line' id='line_1_76' title="bbox 2097 2570 3699 2645; baseline 0.001 -20"><span class='ocrx_word' id='word_1_560' title='bbox 2097 2587 2208 2625; x_wconf 90' lang='lat' dir='ltr'>non</span> <span class='ocrx_word' id='word_1_561' title='bbox 2242 2570 2389 2627; x_wconf 92' lang='lat' dir='ltr'>novit</span> <span class='ocrx_word' id='word_1_562' title='bbox 2419 2571 2522 2625; x_wconf 91' lang='lat' dir='ltr'>nisi</span> <span class='ocrx_word' id='word_1_563' title='bbox 2553 2587 2819 2636; x_wconf 89' lang='lat' dir='ltr'>severam,</span> <span class='ocrx_word' id='word_1_564' title='bbox 2863 2572 3273 2644; x_wconf 85' lang='lat' dir='ltr'>districtamque</span> <span class='ocrx_word' id='word_1_565' title='bbox 3301 2573 3543 2645; x_wconf 83' lang='lat' dir='ltr'>irrogare</span> <span class='ocrx_word' id='word_1_566' title='bbox 3570 2589 3699 2629; x_wconf 90' lang='lat' dir='ltr'>sen-</span> 
     </span>
    </p>
   </div>
   <div class='ocr_carea' id='block_1_77' title="bbox 2095 2659 3702 2731">
    <p class='ocr_par' dir='ltr' id='par_1_77' title="bbox 2095 2659 3702 2731">
     <span class='ocr_line' id='line_1_77' title="bbox 2095 2659 3702 2731; baseline 0.003 -19"><span class='ocrx_word' id='word_1_567' title='bbox 2095 2659 2319 2713; x_wconf 89' lang='lat' dir='ltr'>tentiam</span> <span class='ocrx_word' id='word_1_568' title='bbox 2352 2675 2365 2714; x_wconf 87' lang='lat'><strong>:</strong></span> <span class='ocrx_word' id='word_1_569' title='bbox 2400 2661 2567 2715; x_wconf 72' lang='lat' dir='ltr'>Exite</span> <span class='ocrx_word' id='word_1_570' title='bbox 2597 2659 2692 2728; x_wconf 90' lang='lat' dir='ltr'>(ait</span> <span class='ocrx_word' id='word_1_571' title='bbox 2730 2674 2835 2714; x_wconf 86' lang='lat' dir='ltr'>vox</span> <span class='ocrx_word' id='word_1_572' title='bbox 2894 2660 3105 2715; x_wconf 70' lang='lat' dir='ltr'>coalitus</span> <span class='ocrx_word' id='word_1_573' title='bbox 3150 2661 3391 2731; x_wconf 88' lang='lat' dir='ltr'>emissa),</span> <span class='ocrx_word' id='word_1_574' title='bbox 3446 2662 3603 2717; x_wconf 72' lang='lat' dir='ltr'>exite</span> <span class='ocrx_word' id='word_1_575' title='bbox 3633 2661 3702 2717; x_wconf 84' lang='lat' dir='ltr'>de</span> 
     </span>
    </p>
   </div>
   <div class='ocr_carea' id='block_1_78' title="bbox 2097 2746 3698 2820">
    <p class='ocr_par' dir='ltr' id='par_1_78' title="bbox 2097 2746 3698 2820">
     <span class='ocr_line' id='line_1_78' title="bbox 2097 2746 3698 2820; baseline 0.002 -20"><span class='ocrx_word' id='word_1_576' title='bbox 2097 2746 2397 2817; x_wconf 84' lang='lat' dir='ltr'>Babylone,</span> <span class='ocrx_word' id='word_1_577' title='bbox 2422 2747 2665 2817; x_wconf 84' lang='lat' dir='ltr'>populus</span> <span class='ocrx_word' id='word_1_578' title='bbox 2684 2763 2863 2815; x_wconf 85' lang='lat' dir='ltr'>meus,</span> <span class='ocrx_word' id='word_1_579' title='bbox 2889 2753 2945 2804; x_wconf 89' lang='lat' dir='ltr'>et</span> <span class='ocrx_word' id='word_1_580' title='bbox 2965 2765 3038 2804; x_wconf 86' lang='lat' dir='ltr'>ne</span> <span class='ocrx_word' id='word_1_581' title='bbox 3050 2750 3363 2820; x_wconf 82' lang='lat' dir='ltr'>participes</span> <span class='ocrx_word' id='word_1_582' title='bbox 3396 2749 3525 2804; x_wconf 84' lang='lat' dir='ltr'>sitis</span> <span class='ocrx_word' id='word_1_583' title='bbox 3553 2749 3698 2804; x_wconf 87' lang='lat' dir='ltr'>deli-</span> 
     </span>
    </p>
   </div>
   <div class='ocr_carea' id='block_1_79' title="bbox 2094 2835 3690 2907">
    <p class='ocr_par' dir='ltr' id='par_1_79' title="bbox 2094 2835 3690 2907">
     <span class='ocr_line' id='line_1_79' title="bbox 2094 2835 3690 2907; baseline 0.003 -19"><span class='ocrx_word' id='word_1_584' title='bbox 2094 2838 2317 2890; x_wconf 86' lang='lat' dir='ltr'>ctorum</span> <span class='ocrx_word' id='word_1_585' title='bbox 2345 2836 2467 2906; x_wconf 86' lang='lat' dir='ltr'>ejus</span> <span class='ocrx_word' id='word_1_586' title='bbox 2499 2835 2689 2905; x_wconf 84' lang='lat' dir='ltr'>(Apoc.</span> <span class='ocrx_word' id='word_1_587' title='bbox 2723 2850 2879 2902; x_wconf 84' lang='lat' dir='ltr'>xvm,</span> <span class='ocrx_word' id='word_1_588' title='bbox 2911 2836 2988 2905; x_wconf 78' lang='grc'>4).</span> <span class='ocrx_word' id='word_1_589' title='bbox 3027 2837 3096 2890; x_wconf 86' lang='lat' dir='ltr'>Et</span> <span class='ocrx_word' id='word_1_590' title='bbox 3123 2838 3387 2907; x_wconf 87' lang='lat' dir='ltr'>propheta</span> <span class='ocrx_word' id='word_1_591' title='bbox 3420 2854 3434 2890; x_wconf 90' lang='lat'>:</span> <span class='ocrx_word' id='word_1_592' title='bbox 3469 2837 3511 2893; x_wconf 93' lang='lat'><em>0</em></span> <span class='ocrx_word' id='word_1_593' title='bbox 3536 2837 3690 2901; x_wconf 82' lang='lat' dir='ltr'>Sion,</span> 
     </span>
    </p>
   </div>
   <div class='ocr_carea' id='block_1_80' title="bbox 2096 2923 3685 2996">
    <p class='ocr_par' dir='ltr' id='par_1_80' title="bbox 2096 2923 3685 2996">
     <span class='ocr_line' id='line_1_80' title="bbox 2096 2923 3685 2996; baseline 0.001 -20"><span class='ocrx_word' id='word_1_594' title='bbox 2096 2924 2248 2993; x_wconf 81' lang='lat' dir='ltr'>fuge,</span> <span class='ocrx_word' id='word_1_595' title='bbox 2282 2938 2406 2994; x_wconf 69' lang='lat' dir='ltr'>quae</span> <span class='ocrx_word' id='word_1_596' title='bbox 2434 2923 2654 2978; x_wconf 85' lang='lat' dir='ltr'>habitas</span> <span class='ocrx_word' id='word_1_597' title='bbox 2683 2924 2836 2994; x_wconf 88' lang='lat' dir='ltr'>apud</span> <span class='ocrx_word' id='word_1_598' title='bbox 2863 2924 3047 2993; x_wconf 82' lang='lat' dir='ltr'>ﬁliam</span> <span class='ocrx_word' id='word_1_599' title='bbox 3074 2925 3371 2996; x_wconf 85' lang='lat' dir='ltr'>Babylonis</span> <span class='ocrx_word' id='word_1_600' title='bbox 3401 2925 3590 2994; x_wconf 87' lang='lat' dir='ltr'>(Zach.</span> <span class='ocrx_word' id='word_1_601' title='bbox 3624 2940 3685 2991; x_wconf 81' lang='grc' dir='ltr'>ιι,</span> 
     </span>
    </p>
   </div>
   <div class='ocr_carea' id='block_1_81' title="bbox 2098 3009 3697 3083">
    <p class='ocr_par' dir='ltr' id='par_1_81' title="bbox 2098 3009 3697 3083">
     <span class='ocr_line' id='line_1_81' title="bbox 2098 3009 3697 3083; baseline 0.002 -20"><span class='ocrx_word' id='word_1_602' title='bbox 2098 3010 2174 3078; x_wconf 88' lang='lat'>’1).</span> <span class='ocrx_word' id='word_1_603' title='bbox 2206 3010 2289 3064; x_wconf 93' lang='lat' dir='ltr'>Ne</span> <span class='ocrx_word' id='word_1_604' title='bbox 2318 3025 2452 3080; x_wconf 85' lang='lat' dir='ltr'>ergo</span> <span class='ocrx_word' id='word_1_605' title='bbox 2480 3010 2624 3064; x_wconf 90' lang='lat' dir='ltr'>inter</span> <span class='ocrx_word' id='word_1_606' title='bbox 2653 3009 2793 3066; x_wconf 89' lang='lat' dir='ltr'>ﬁlios</span> <span class='ocrx_word' id='word_1_607' title='bbox 2823 3012 3115 3083; x_wconf 81' lang='lat' dir='ltr'>Babylonis</span> <span class='ocrx_word' id='word_1_608' title='bbox 3145 3012 3516 3078; x_wconf 89' lang='lat' dir='ltr'>inveniamini,</span> <span class='ocrx_word' id='word_1_609' title='bbox 3541 3019 3594 3066; x_wconf 84' lang='lat' dir='ltr'>et</span> <span class='ocrx_word' id='word_1_610' title='bbox 3613 3012 3697 3066; x_wconf 89' lang='lat' dir='ltr'>in-</span> 
     </span>
    </p>
   </div>
   <div class='ocr_carea' id='block_1_82' title="bbox 2097 3098 3696 3173">
    <p class='ocr_par' dir='ltr' id='par_1_82' title="bbox 2097 3098 3696 3173">
     <span class='ocr_line' id='line_1_82' title="bbox 2097 3098 3696 3173; baseline 0.001 -20"><span class='ocrx_word' id='word_1_611' title='bbox 2097 3098 2279 3153; x_wconf 88' lang='lat' dir='ltr'>volvat</span> <span class='ocrx_word' id='word_1_612' title='bbox 2304 3113 2400 3153; x_wconf 87' lang='lat' dir='ltr'>vos</span> <span class='ocrx_word' id='word_1_613' title='bbox 2432 3098 2581 3152; x_wconf 87' lang='lat' dir='ltr'>ruina</span> <span class='ocrx_word' id='word_1_614' title='bbox 2610 3099 2747 3168; x_wconf 87' lang='lat' dir='ltr'>ejus,</span> <span class='ocrx_word' id='word_1_615' title='bbox 2779 3100 2939 3169; x_wconf 86' lang='lat' dir='ltr'>exite,</span> <span class='ocrx_word' id='word_1_616' title='bbox 2989 3100 3180 3173; x_wconf 74' lang='lat' dir='ltr'>fugite,</span> <span class='ocrx_word' id='word_1_617' title='bbox 3227 3099 3549 3166; x_wconf 87' lang='lat' dir='ltr'>accelerate,</span> <span class='ocrx_word' id='word_1_618' title='bbox 3600 3115 3696 3155; x_wconf 87' lang='lat' dir='ltr'>se-</span> 
     </span>
    </p>
   </div>
   <div class='ocr_carea' id='block_1_83' title="bbox 2096 3185 3696 3258">
    <p class='ocr_par' dir='ltr' id='par_1_83' title="bbox 2096 3185 3696 3258">
     <span class='ocr_line' id='line_1_83' title="bbox 2096 3185 3696 3258; baseline 0.003 -19"><span class='ocrx_word' id='word_1_619' title='bbox 2096 3192 2345 3256; x_wconf 89' lang='lat' dir='ltr'>quentes,</span> <span class='ocrx_word' id='word_1_620' title='bbox 2406 3193 2460 3240; x_wconf 90' lang='lat' dir='ltr'>et</span> <span class='ocrx_word' id='word_1_621' title='bbox 2527 3185 2652 3241; x_wconf 88' lang='lat' dir='ltr'>totis</span> <span class='ocrx_word' id='word_1_622' title='bbox 2700 3186 3003 3243; x_wconf 90' lang='lat' dir='ltr'>visceribus</span> <span class='ocrx_word' id='word_1_623' title='bbox 3051 3187 3264 3258; x_wconf 88' lang='lat' dir='ltr'>pietatis</span> <span class='ocrx_word' id='word_1_624' title='bbox 3303 3187 3696 3258; x_wconf 86' lang='lat' dir='ltr'>amplectentes</span> 
     </span>
    </p>
   </div>
   <div class='ocr_carea' id='block_1_84' title="bbox 2096 3272 3697 3346">
    <p class='ocr_par' dir='ltr' id='par_1_84' title="bbox 2096 3272 3697 3346">
     <span class='ocr_line' id='line_1_84' title="bbox 2096 3272 3697 3346; baseline 0.002 -18"><span class='ocrx_word' id='word_1_625' title='bbox 2096 3272 2385 3328; x_wconf 88' lang='lat' dir='ltr'>consilium</span> <span class='ocrx_word' id='word_1_626' title='bbox 2417 3274 2728 3344; x_wconf 66' lang='lat' dir='ltr'>Sapientiae,</span> <span class='ocrx_word' id='word_1_627' title='bbox 2762 3291 2870 3346; x_wconf 91' lang='lat' dir='ltr'>quo</span> <span class='ocrx_word' id='word_1_628' title='bbox 2899 3275 3028 3331; x_wconf 91' lang='lat' dir='ltr'>dicit</span> <span class='ocrx_word' id='word_1_629' title='bbox 3061 3291 3074 3330; x_wconf 93' lang='lat'>:</span> <span class='ocrx_word' id='word_1_630' title='bbox 3109 3277 3239 3344; x_wconf 76' lang='lat' dir='ltr'>Fili,</span> <span class='ocrx_word' id='word_1_631' title='bbox 3261 3293 3332 3332; x_wconf 79' lang='lat' dir='ltr'>ne</span> <span class='ocrx_word' id='word_1_632' title='bbox 3350 3276 3538 3332; x_wconf 83' lang='lat' dir='ltr'>tardes</span> <span class='ocrx_word' id='word_1_633' title='bbox 3563 3291 3697 3332; x_wconf 87' lang='lat' dir='ltr'>con-</span> 
     </span>
    </p>
   </div>
   <div class='ocr_carea' id='block_1_85' title="bbox 2095 3362 3696 3435">
    <p class='ocr_par' dir='ltr' id='par_1_85' title="bbox 2095 3362 3696 3435">
     <span class='ocr_line' id='line_1_85' title="bbox 2095 3362 3696 3435; baseline 0.003 -20"><span class='ocrx_word' id='word_1_634' title='bbox 2095 3363 2241 3416; x_wconf 88' lang='lat' dir='ltr'>verti</span> <span class='ocrx_word' id='word_1_635' title='bbox 2258 3362 2331 3416; x_wconf 90' lang='lat' dir='ltr'>ad</span> <span class='ocrx_word' id='word_1_636' title='bbox 2342 3363 2666 3429; x_wconf 87' lang='lat' dir='ltr'>Dominum,</span> <span class='ocrx_word' id='word_1_637' title='bbox 2680 3379 2858 3435; x_wconf 85' lang='lat' dir='ltr'>neque</span> <span class='ocrx_word' id='word_1_638' title='bbox 2878 3364 3108 3435; x_wconf 72' lang='lat' dir='ltr'>differas</span> <span class='ocrx_word' id='word_1_639' title='bbox 3137 3364 3205 3419; x_wconf 90' lang='lat' dir='ltr'>de</span> <span class='ocrx_word' id='word_1_640' title='bbox 3224 3364 3312 3420; x_wconf 89' lang='lat' dir='ltr'>die</span> <span class='ocrx_word' id='word_1_641' title='bbox 3333 3366 3395 3418; x_wconf 88' lang='lat' dir='ltr'>in</span> <span class='ocrx_word' id='word_1_642' title='bbox 3406 3364 3575 3428; x_wconf 88' lang='lat' dir='ltr'>diem,</span> <span class='ocrx_word' id='word_1_643' title='bbox 3599 3380 3696 3420; x_wconf 81' lang='lat' dir='ltr'>su-</span> 
     </span>
    </p>
   </div>
   <div class='ocr_carea' id='block_1_86' title="bbox 2096 3448 3693 3524">
    <p class='ocr_par' dir='ltr' id='par_1_86' title="bbox 2096 3448 3693 3524">
     <span class='ocr_line' id='line_1_86' title="bbox 2096 3448 3693 3524; baseline 0.003 -21"><span class='ocrx_word' id='word_1_644' title='bbox 2096 3448 2209 3505; x_wconf 90' lang='lat' dir='ltr'>bito</span> <span class='ocrx_word' id='word_1_645' title='bbox 2232 3450 2384 3505; x_wconf 90' lang='lat' dir='ltr'>enim</span> <span class='ocrx_word' id='word_1_646' title='bbox 2400 3452 2589 3506; x_wconf 82' lang='lat' dir='ltr'>veniet</span> <span class='ocrx_word' id='word_1_647' title='bbox 2611 3451 2701 3505; x_wconf 89' lang='lat' dir='ltr'>ira</span> <span class='ocrx_word' id='word_1_648' title='bbox 2722 3454 2865 3522; x_wconf 87' lang='lat' dir='ltr'>ejus,</span> <span class='ocrx_word' id='word_1_649' title='bbox 2884 3455 2941 3507; x_wconf 92' lang='lat' dir='ltr'>et</span> <span class='ocrx_word' id='word_1_650' title='bbox 2962 3453 3025 3507; x_wconf 87' lang='lat' dir='ltr'>in</span> <span class='ocrx_word' id='word_1_651' title='bbox 3039 3455 3288 3524; x_wconf 83' lang='lat' dir='ltr'>tempore</span> <span class='ocrx_word' id='word_1_652' title='bbox 3299 3452 3567 3508; x_wconf 73' lang='lat' dir='ltr'>vindicta:</span> <span class='ocrx_word' id='word_1_653' title='bbox 3576 3453 3693 3508; x_wconf 85' lang='lat' dir='ltr'>dis-</span> 
     </span>
    </p>
   </div>
   <div class='ocr_carea' id='block_1_87' title="bbox 2092 3538 3689 3611">
    <p class='ocr_par' dir='ltr' id='par_1_87' title="bbox 2092 3538 3689 3611">
     <span class='ocr_line' id='line_1_87' title="bbox 2092 3538 3689 3611; baseline 0.001 -18"><span class='ocrx_word' id='word_1_654' title='bbox 2092 3538 2290 3609; x_wconf 86' lang='lat' dir='ltr'>perdet</span> <span class='ocrx_word' id='word_1_655' title='bbox 2321 3542 2376 3593; x_wconf 89' lang='lat' dir='ltr'>te</span> <span class='ocrx_word' id='word_1_656' title='bbox 2405 3539 2600 3608; x_wconf 87' lang='lat' dir='ltr'>(Eccli.</span> <span class='ocrx_word' id='word_1_657' title='bbox 2634 3554 2692 3609; x_wconf 91' lang='lat' dir='ltr'>v,</span> <span class='ocrx_word' id='word_1_658' title='bbox 2723 3543 2775 3605; x_wconf 93' lang='lat'>8,</span> <span class='ocrx_word' id='word_1_659' title='bbox 2810 3540 2884 3609; x_wconf 89' lang='lat'>9).</span> <span class='ocrx_word' id='word_1_660' title='bbox 2913 3541 3073 3595; x_wconf 81' lang='lat' dir='ltr'>Juxta</span> <span class='ocrx_word' id='word_1_661' title='bbox 3099 3540 3412 3611; x_wconf 90' lang='lat' dir='ltr'>petitionem</span> <span class='ocrx_word' id='word_1_662' title='bbox 3433 3548 3689 3606; x_wconf 87' lang='lat' dir='ltr'>vestram,</span> 
     </span>
    </p>
   </div>
   <div class='ocr_carea' id='block_1_88' title="bbox 2094 3626 3690 3698">
    <p class='ocr_par' dir='ltr' id='par_1_88' title="bbox 2094 3626 3690 3698">
     <span class='ocr_line' id='line_1_88' title="bbox 2094 3626 3690 3698; baseline 0.002 -19"><span class='ocrx_word' id='word_1_663' title='bbox 2094 3626 2333 3697; x_wconf 89' lang='lat' dir='ltr'>quotidie</span> <span class='ocrx_word' id='word_1_664' title='bbox 2363 3643 2464 3696; x_wconf 91' lang='lat' dir='ltr'>pro</span> <span class='ocrx_word' id='word_1_665' title='bbox 2510 3626 2668 3682; x_wconf 89' lang='lat' dir='ltr'>vobis</span> <span class='ocrx_word' id='word_1_666' title='bbox 2724 3628 2869 3698; x_wconf 91' lang='lat' dir='ltr'>apud</span> <span class='ocrx_word' id='word_1_667' title='bbox 2923 3628 3217 3683; x_wconf 89' lang='lat' dir='ltr'>Dominum</span> <span class='ocrx_word' id='word_1_668' title='bbox 3269 3628 3690 3695; x_wconf 85' lang='lat' dir='ltr'>intercedentes,</span> 
     </span>
    </p>
   </div>
   <div class='ocr_carea' id='block_1_89' title="bbox 2098 3714 3691 3787">
    <p class='ocr_par' dir='ltr' id='par_1_89' title="bbox 2098 3714 3691 3787">
     <span class='ocr_line' id='line_1_89' title="bbox 2098 3714 3691 3787; baseline 0.003 -20"><span class='ocrx_word' id='word_1_669' title='bbox 2098 3729 2241 3769; x_wconf 91' lang='lat' dir='ltr'>nunc</span> <span class='ocrx_word' id='word_1_670' title='bbox 2261 3714 2403 3785; x_wconf 89' lang='lat' dir='ltr'>apud</span> <span class='ocrx_word' id='word_1_671' title='bbox 2435 3730 2534 3771; x_wconf 88' lang='lat' dir='ltr'>vos</span> <span class='ocrx_word' id='word_1_672' title='bbox 2564 3715 2734 3787; x_wconf 90' lang='lat' dir='ltr'>ipsos,</span> <span class='ocrx_word' id='word_1_673' title='bbox 2776 3731 2874 3786; x_wconf 90' lang='lat' dir='ltr'>pro</span> <span class='ocrx_word' id='word_1_674' title='bbox 2917 3716 3072 3772; x_wconf 82' lang='lat' dir='ltr'>vobis</span> <span class='ocrx_word' id='word_1_675' title='bbox 3108 3716 3242 3787; x_wconf 90' lang='lat' dir='ltr'>ipsis</span> <span class='ocrx_word' id='word_1_676' title='bbox 3270 3717 3691 3783; x_wconf 85' lang='lat' dir='ltr'>intercedimus;</span> 
     </span>
    </p>
   </div>
   <div class='ocr_carea' id='block_1_90' title="bbox 2099 3802 3693 3875">
    <p class='ocr_par' dir='ltr' id='par_1_90' title="bbox 2099 3802 3693 3875">
     <span class='ocr_line' id='line_1_90' title="bbox 2099 3802 3693 3875; baseline 0.001 -18"><span class='ocrx_word' id='word_1_677' title='bbox 2099 3802 2406 3857; x_wconf 90' lang='lat' dir='ltr'>certissime</span> <span class='ocrx_word' id='word_1_678' title='bbox 2462 3803 2699 3859; x_wconf 91' lang='lat' dir='ltr'>scientes</span> <span class='ocrx_word' id='word_1_679' title='bbox 2737 3803 3038 3859; x_wconf 89' lang='lat' dir='ltr'>obtinuisse</span> <span class='ocrx_word' id='word_1_680' title='bbox 3075 3819 3177 3859; x_wconf 89' lang='lat' dir='ltr'>nos</span> <span class='ocrx_word' id='word_1_681' title='bbox 3222 3805 3365 3875; x_wconf 91' lang='lat' dir='ltr'>apud</span> <span class='ocrx_word' id='word_1_682' title='bbox 3400 3804 3693 3859; x_wconf 89' lang='lat' dir='ltr'>Dominum</span> 
     </span>
    </p>
   </div>
   <div class='ocr_carea' id='block_1_91' title="bbox 2098 3888 3695 3966">
    <p class='ocr_par' dir='ltr' id='par_1_91' title="bbox 2098 3888 3695 3966">
     <span class='ocr_line' id='line_1_91' title="bbox 2098 3888 3695 3966; baseline 0.001 -21"><span class='ocrx_word' id='word_1_683' title='bbox 2098 3888 2349 3946; x_wconf 76' lang='lat' dir='ltr'>eﬁ‘ectnm</span> <span class='ocrx_word' id='word_1_684' title='bbox 2378 3890 2653 3961; x_wconf 90' lang='lat' dir='ltr'>petitionis</span> <span class='ocrx_word' id='word_1_685' title='bbox 2681 3898 2901 3958; x_wconf 61' lang='lat' dir='ltr'>nostra),</span> <span class='ocrx_word' id='word_1_686' title='bbox 2934 3891 2980 3946; x_wconf 92' lang='lat' dir='ltr'>si</span> <span class='ocrx_word' id='word_1_687' title='bbox 3009 3908 3108 3949; x_wconf 87' lang='lat' dir='ltr'>vos</span> <span class='ocrx_word' id='word_1_688' title='bbox 3135 3908 3246 3947; x_wconf 91' lang='lat' dir='ltr'>non</span> <span class='ocrx_word' id='word_1_689' title='bbox 3273 3892 3487 3947; x_wconf 90' lang='lat' dir='ltr'>fueritis</span> <span class='ocrx_word' id='word_1_690' title='bbox 3514 3893 3695 3966; x_wconf 86' lang='lat' dir='ltr'>magis</span> 
     </span>
    </p>
   </div>
   <div class='ocr_carea' id='block_1_92' title="bbox 2098 3978 3691 4053">
    <p class='ocr_par' dir='ltr' id='par_1_92' title="bbox 2098 3978 3691 4053">
     <span class='ocr_line' id='line_1_92' title="bbox 2098 3978 3691 4053; baseline 0.003 -20"><span class='ocrx_word' id='word_1_691' title='bbox 2098 3994 2264 4050; x_wconf 90' lang='lat' dir='ltr'>quam</span> <span class='ocrx_word' id='word_1_692' title='bbox 2292 3978 2411 4049; x_wconf 92' lang='lat' dir='ltr'>ipse</span> <span class='ocrx_word' id='word_1_693' title='bbox 2439 3978 2822 4036; x_wconf 82' lang='lat' dir='ltr'>inexorabiles.</span> <span class='ocrx_word' id='word_1_694' title='bbox 2857 3980 2913 4036; x_wconf 91' lang='lat' dir='ltr'>Si</span> <span class='ocrx_word' id='word_1_695' title='bbox 2961 3981 3180 4053; x_wconf 87' lang='lat' dir='ltr'>agimus</span> <span class='ocrx_word' id='word_1_696' title='bbox 3207 3981 3296 4036; x_wconf 87' lang='lat' dir='ltr'>hic</span> <span class='ocrx_word' id='word_1_697' title='bbox 3340 3996 3560 4036; x_wconf 88' lang='lat' dir='ltr'>causam</span> <span class='ocrx_word' id='word_1_698' title='bbox 3589 3998 3691 4037; x_wconf 83' lang='lat' dir='ltr'>ne-</span> 
     </span>
    </p>
   </div>
   <div class='ocr_carea' id='block_1_93' title="bbox 2094 4066 3691 4138">
    <p class='ocr_par' dir='ltr' id='par_1_93' title="bbox 2094 4066 3691 4138">
     <span class='ocr_line' id='line_1_93' title="bbox 2094 4066 3691 4138; baseline 0.003 -17"><span class='ocrx_word' id='word_1_699' title='bbox 2094 4066 2229 4138; x_wconf 87' lang='lat' dir='ltr'>gotii</span> <span class='ocrx_word' id='word_1_700' title='bbox 2259 4066 2453 4137; x_wconf 91' lang='lat' dir='ltr'>nostri,</span> <span class='ocrx_word' id='word_1_701' title='bbox 2484 4067 2655 4123; x_wconf 90' lang='lat' dir='ltr'>nolite</span> <span class='ocrx_word' id='word_1_702' title='bbox 2682 4069 2909 4124; x_wconf 90' lang='lat' dir='ltr'>credere</span> <span class='ocrx_word' id='word_1_703' title='bbox 2942 4084 2957 4125; x_wconf 91' lang='lat'>:</span> <span class='ocrx_word' id='word_1_704' title='bbox 2988 4068 3035 4123; x_wconf 89' lang='lat' dir='ltr'>si</span> <span class='ocrx_word' id='word_1_705' title='bbox 3064 4076 3244 4125; x_wconf 88' lang='lat' dir='ltr'>autem</span> <span class='ocrx_word' id='word_1_706' title='bbox 3300 4069 3487 4137; x_wconf 88' lang='lat' dir='ltr'>vestri,</span> <span class='ocrx_word' id='word_1_707' title='bbox 3528 4069 3691 4125; x_wconf 88' lang='lat' dir='ltr'>nolite</span> 
     </span>
    </p>
   </div>
   <div class='ocr_carea' id='block_1_94' title="bbox 2091 4153 3689 4228">
    <p class='ocr_par' dir='ltr' id='par_1_94' title="bbox 2091 4153 3689 4228">
     <span class='ocr_line' id='line_1_94' title="bbox 2091 4153 3689 4228; baseline 0.002 -20"><span class='ocrx_word' id='word_1_708' title='bbox 2091 4154 2398 4227; x_wconf 85' lang='lat' dir='ltr'>negligere.</span> <span class='ocrx_word' id='word_1_709' title='bbox 2434 4153 2595 4223; x_wconf 89' lang='lat' dir='ltr'>Quod</span> <span class='ocrx_word' id='word_1_710' title='bbox 2628 4156 2673 4210; x_wconf 91' lang='lat' dir='ltr'>si</span> <span class='ocrx_word' id='word_1_711' title='bbox 2702 4156 2899 4228; x_wconf 89' lang='lat' dir='ltr'>aliquis</span> <span class='ocrx_word' id='word_1_712' title='bbox 2936 4164 3181 4213; x_wconf 89' lang='lat' dir='ltr'>vestrum</span> <span class='ocrx_word' id='word_1_713' title='bbox 3221 4164 3475 4213; x_wconf 86' lang='lat' dir='ltr'>movetur</span> <span class='ocrx_word' id='word_1_714' title='bbox 3504 4157 3573 4212; x_wconf 88' lang='lat' dir='ltr'>ad</span> <span class='ocrx_word' id='word_1_715' title='bbox 3602 4156 3689 4211; x_wconf 82' lang='lat' dir='ltr'>fa-</span> 
     </span>
    </p>
   </div>
   <div class='ocr_carea' id='block_1_95' title="bbox 2092 4241 3691 4314">
    <p class='ocr_par' dir='ltr' id='par_1_95' title="bbox 2092 4241 3691 4314">
     <span class='ocr_line' id='line_1_95' title="bbox 2092 4241 3691 4314; baseline 0.003 -18"><span class='ocrx_word' id='word_1_716' title='bbox 2092 4241 2344 4297; x_wconf 89' lang='lat' dir='ltr'>ciendum</span> <span class='ocrx_word' id='word_1_717' title='bbox 2376 4243 2519 4314; x_wconf 89' lang='lat' dir='ltr'>quod</span> <span class='ocrx_word' id='word_1_718' title='bbox 2552 4259 2649 4313; x_wconf 91' lang='lat' dir='ltr'>per</span> <span class='ocrx_word' id='word_1_719' title='bbox 2689 4259 2790 4299; x_wconf 90' lang='lat' dir='ltr'>nos</span> <span class='ocrx_word' id='word_1_720' title='bbox 2827 4251 3010 4300; x_wconf 92' lang='lat' dir='ltr'>monet</span> <span class='ocrx_word' id='word_1_721' title='bbox 3065 4244 3333 4311; x_wconf 88' lang='lat' dir='ltr'>Christus,</span> <span class='ocrx_word' id='word_1_722' title='bbox 3388 4244 3496 4301; x_wconf 86' lang='lat' dir='ltr'>alio</span> <span class='ocrx_word' id='word_1_723' title='bbox 3551 4244 3691 4300; x_wconf 88' lang='lat' dir='ltr'>forte</span> 
     </span>
    </p>
   </div>
   <div class='ocr_carea' id='block_1_96' title="bbox 382 4317 3684 4403">
    <p class='ocr_par' dir='ltr' id='par_1_96' title="bbox 382 4317 3684 4403">
     <span class='ocr_line' id='line_1_96' title="bbox 382 4317 3684 4403; baseline 0 -26"><span class='ocrx_word' id='word_1_724' title='bbox 382 4321 487 4377; x_wconf 88' lang='lat' dir='ltr'>alia</span> <span class='ocrx_word' id='word_1_725' title='bbox 516 4322 572 4375; x_wconf 90' lang='lat' dir='ltr'>in</span> <span class='ocrx_word' id='word_1_726' title='bbox 600 4321 745 4376; x_wconf 86' lang='lat' dir='ltr'>exitu</span> <span class='ocrx_word' id='word_1_727' title='bbox 777 4337 874 4376; x_wconf 90' lang='lat' dir='ltr'>suo</span> <span class='ocrx_word' id='word_1_728' title='bbox 906 4337 1026 4391; x_wconf 66' lang='lat' dir='ltr'>qua:</span> <span class='ocrx_word' id='word_1_729' title='bbox 1077 4319 1433 4375; x_wconf 86' lang='lat' dir='ltr'>confiteantur</span> <span class='ocrx_word' id='word_1_730' title='bbox 1472 4327 1695 4391; x_wconf 86' lang='lat' dir='ltr'>peccata</span> <span class='ocrx_word' id='word_1_731' title='bbox 1743 4336 1851 4376; x_wconf 91' lang='lat' dir='ltr'>non</span> <span class='ocrx_word' id='word_1_732' title='bbox 1881 4322 1985 4375; x_wconf 89' lang='lat' dir='ltr'>ha-</span> <span class='ocrx_word' id='word_1_733' title='bbox 2015 4317 2069 4377; x_wconf 86' lang='lat' dir='ltr'><strong>D</strong></span> <span class='ocrx_word' id='word_1_734' title='bbox 2095 4345 2202 4385; x_wconf 83' lang='lat' dir='ltr'>non</span> <span class='ocrx_word' id='word_1_735' title='bbox 2231 4338 2379 4385; x_wconf 77' lang='lat' dir='ltr'>moto</span> <span class='ocrx_word' id='word_1_736' title='bbox 2406 4350 2421 4397; x_wconf 83' lang='lat'><strong>;</strong></span> <span class='ocrx_word' id='word_1_737' title='bbox 2454 4347 2580 4387; x_wconf 86' lang='lat' dir='ltr'>eum</span> <span class='ocrx_word' id='word_1_738' title='bbox 2609 4332 2701 4403; x_wconf 83' lang='lat' dir='ltr'>qui</span> <span class='ocrx_word' id='word_1_739' title='bbox 2724 4332 2969 4387; x_wconf 78' lang='lat' dir='ltr'>nundum</span> <span class='ocrx_word' id='word_1_740' title='bbox 3011 4341 3263 4390; x_wconf 69' lang='lat' dir='ltr'>movetur</span> <span class='ocrx_word' id='word_1_741' title='bbox 3311 4333 3684 4402; x_wconf 64' lang='lat' dir='ltr'>obsecramus,</span> 
     </span>
    </p>
   </div>
   <div class='ocr_carea' id='block_1_97' title="bbox 383 4408 1990 4479">
    <p class='ocr_par' dir='ltr' id='par_1_97' title="bbox 383 4408 1990 4479">
     <span class='ocr_line' id='line_1_97' title="bbox 383 4408 1990 4479; baseline 0.002 -15"><span class='ocrx_word' id='word_1_742' title='bbox 383 4410 531 4475; x_wconf 88' lang='lat' dir='ltr'>bent,</span> <span class='ocrx_word' id='word_1_743' title='bbox 566 4409 671 4464; x_wconf 91' lang='lat' dir='ltr'>nisi</span> <span class='ocrx_word' id='word_1_744' title='bbox 698 4410 790 4463; x_wconf 91' lang='lat' dir='ltr'>illa</span> <span class='ocrx_word' id='word_1_745' title='bbox 829 4410 898 4464; x_wconf 90' lang='lat' dir='ltr'>de</span> <span class='ocrx_word' id='word_1_746' title='bbox 941 4409 1137 4479; x_wconf 90' lang='lat' dir='ltr'>quibus</span> <span class='ocrx_word' id='word_1_747' title='bbox 1201 4408 1332 4464; x_wconf 88' lang='lat' dir='ltr'>dicit</span> <span class='ocrx_word' id='word_1_748' title='bbox 1377 4409 1657 4478; x_wconf 88' lang='lat' dir='ltr'>apostolus</span> <span class='ocrx_word' id='word_1_749' title='bbox 1705 4410 1990 4468; x_wconf 82' lang='lat' dir='ltr'>Joannes:</span> 
     </span>
    </p>
   </div>
   <div class='ocr_carea' id='block_1_98' title="bbox 383 4498 1994 4569">
    <p class='ocr_par' dir='ltr' id='par_1_98' title="bbox 383 4498 1994 4569">
     <span class='ocr_line' id='line_1_98' title="bbox 383 4498 1994 4569; baseline -0.001 -15"><span class='ocrx_word' id='word_1_750' title='bbox 383 4499 443 4554; x_wconf 89' lang='lat' dir='ltr'>Si</span> <span class='ocrx_word' id='word_1_751' title='bbox 471 4498 790 4553; x_wconf 70' lang='lat' dir='ltr'>dixerimus</span> <span class='ocrx_word' id='word_1_752' title='bbox 810 4498 941 4569; x_wconf 88' lang='lat' dir='ltr'>quia</span> <span class='ocrx_word' id='word_1_753' title='bbox 956 4501 1256 4569; x_wconf 86' lang='lat' dir='ltr'>peccatum</span> <span class='ocrx_word' id='word_1_754' title='bbox 1276 4513 1390 4552; x_wconf 90' lang='lat' dir='ltr'>non</span> <span class='ocrx_word' id='word_1_755' title='bbox 1421 4498 1705 4565; x_wconf 85' lang='lat' dir='ltr'>habemus,</span> <span class='ocrx_word' id='word_1_756' title='bbox 1725 4512 1827 4551; x_wconf 89' lang='lat' dir='ltr'>nos</span> <span class='ocrx_word' id='word_1_757' title='bbox 1848 4500 1994 4568; x_wconf 85' lang='lat' dir='ltr'>ipsos</span> 
     </span>
    </p>
   </div>
   <div class='ocr_carea' id='block_1_99' title="bbox 387 4585 1991 4654">
    <p class='ocr_par' dir='ltr' id='par_1_99' title="bbox 387 4585 1991 4654">
     <span class='ocr_line' id='line_1_99' title="bbox 387 4585 1991 4654; baseline 0.002 -14"><span class='ocrx_word' id='word_1_758' title='bbox 387 4585 730 4654; x_wconf 88' lang='lat' dir='ltr'>seducimus,</span> <span class='ocrx_word' id='word_1_759' title='bbox 754 4588 811 4641; x_wconf 90' lang='lat' dir='ltr'>et</span> <span class='ocrx_word' id='word_1_760' title='bbox 829 4587 1039 4641; x_wconf 86' lang='lat' dir='ltr'>veritas</span> <span class='ocrx_word' id='word_1_761' title='bbox 1059 4585 1122 4640; x_wconf 88' lang='lat' dir='ltr'>in</span> <span class='ocrx_word' id='word_1_762' title='bbox 1140 4585 1300 4640; x_wconf 89' lang='lat' dir='ltr'>nobis</span> <span class='ocrx_word' id='word_1_763' title='bbox 1333 4601 1447 4639; x_wconf 89' lang='lat' dir='ltr'>non</span> <span class='ocrx_word' id='word_1_764' title='bbox 1470 4589 1557 4639; x_wconf 89' lang='lat' dir='ltr'>est</span> <span class='ocrx_word' id='word_1_765' title='bbox 1583 4585 1633 4651; x_wconf 88' lang='grc' dir='ltr'>(Ι</span> <span class='ocrx_word' id='word_1_766' title='bbox 1657 4586 1818 4639; x_wconf 83' lang='grc' dir='ltr'>Ιοαη.</span> <span class='ocrx_word' id='word_1_767' title='bbox 1852 4600 1890 4649; x_wconf 84' lang='grc' dir='ltr'>ι,</span> <span class='ocrx_word' id='word_1_768' title='bbox 1915 4585 1991 4654; x_wconf 89' lang='grc'>8).</span> 
     </span>
    </p>
   </div>
   <div class='ocr_carea' id='block_1_100' title="bbox 384 4671 1993 4745">
    <p class='ocr_par' dir='ltr' id='par_1_100' title="bbox 384 4671 1993 4745">
     <span class='ocr_line' id='line_1_100' title="bbox 384 4671 1993 4745; baseline -0.001 -17"><span class='ocrx_word' id='word_1_769' title='bbox 384 4672 544 4743; x_wconf 91' lang='lat' dir='ltr'>Quod</span> <span class='ocrx_word' id='word_1_770' title='bbox 574 4673 828 4740; x_wconf 90' lang='lat' dir='ltr'>dicendo,</span> <span class='ocrx_word' id='word_1_771' title='bbox 881 4688 1223 4745; x_wconf 87' lang='lat' dir='ltr'>nequaquam</span> <span class='ocrx_word' id='word_1_772' title='bbox 1273 4672 1456 4743; x_wconf 90' lang='lat' dir='ltr'>aliqua</span> <span class='ocrx_word' id='word_1_773' title='bbox 1502 4671 1744 4737; x_wconf 88' lang='lat' dir='ltr'>crimina,</span> <span class='ocrx_word' id='word_1_774' title='bbox 1778 4672 1875 4727; x_wconf 90' lang='lat' dir='ltr'>sed</span> <span class='ocrx_word' id='word_1_775' title='bbox 1903 4672 1993 4728; x_wconf 90' lang='lat' dir='ltr'>illa</span> 
     </span>
    </p>
   </div>
   <div class='ocr_carea' id='block_1_101' title="bbox 381 4758 1988 4832">
    <p class='ocr_par' dir='ltr' id='par_1_101' title="bbox 381 4758 1988 4832">
     <span class='ocr_line' id='line_1_101' title="bbox 381 4758 1988 4832; baseline 0 -16"><span class='ocrx_word' id='word_1_776' title='bbox 381 4768 591 4816; x_wconf 86' lang='lat' dir='ltr'>tantum</span> <span class='ocrx_word' id='word_1_777' title='bbox 616 4761 931 4832; x_wconf 88' lang='lat' dir='ltr'>quotidiana</span> <span class='ocrx_word' id='word_1_778' title='bbox 958 4768 1011 4816; x_wconf 90' lang='lat' dir='ltr'>et</span> <span class='ocrx_word' id='word_1_779' title='bbox 1040 4760 1179 4815; x_wconf 90' lang='lat' dir='ltr'>levia</span> <span class='ocrx_word' id='word_1_780' title='bbox 1209 4760 1378 4815; x_wconf 89' lang='lat' dir='ltr'>voluit</span> <span class='ocrx_word' id='word_1_781' title='bbox 1402 4758 1715 4831; x_wconf 83' lang='lat' dir='ltr'>signiﬁcare</span> <span class='ocrx_word' id='word_1_782' title='bbox 1741 4768 1988 4830; x_wconf 87' lang='lat' dir='ltr'>peccata,</span> 
     </span>
    </p>
   </div>
   <div class='ocr_carea' id='block_1_102' title="bbox 383 4847 1994 4937">
    <p class='ocr_par' dir='ltr' id='par_1_102' title="bbox 383 4847 1994 4937">
     <span class='ocr_line' id='line_1_102' title="bbox 383 4847 1994 4937; baseline -0.001 -34"><span class='ocrx_word' id='word_1_783' title='bbox 383 4848 501 4904; x_wconf 90' lang='lat' dir='ltr'>sine</span> <span class='ocrx_word' id='word_1_784' title='bbox 532 4848 731 4920; x_wconf 88' lang='lat' dir='ltr'>quibus</span> <span class='ocrx_word' id='word_1_785' title='bbox 762 4850 1268 4920; x_wconf 83' lang='lat' dir='ltr'>(quantumcunque</span> <span class='ocrx_word' id='word_1_786' title='bbox 1297 4847 1477 4902; x_wconf 91' lang='lat' dir='ltr'>sobrie</span> <span class='ocrx_word' id='word_1_787' title='bbox 1507 4855 1559 4901; x_wconf 90' lang='lat' dir='ltr'>et</span> <span class='ocrx_word' id='word_1_788' title='bbox 1582 4847 1727 4915; x_wconf 80' lang='lat' dir='ltr'>justo</span> <span class='ocrx_word' id='word_1_789' title='bbox 1755 4848 1994 4937; x_wconf 72' lang='lat' dir='ltr'>vivatur)</span> 
     </span>
    </p>
   </div>
   <div class='ocr_carea' id='block_1_103' title="bbox 385 4934 1994 4992">
    <p class='ocr_par' dir='ltr' id='par_1_103' title="bbox 385 4934 1994 4992">
     <span class='ocr_line' id='line_1_103' title="bbox 385 4934 1994 4992; baseline 0.001 -2"><span class='ocrx_word' id='word_1_790' title='bbox 385 4936 504 4992; x_wconf 67' lang='lat' dir='ltr'>haec</span> <span class='ocrx_word' id='word_1_791' title='bbox 524 4937 631 4991; x_wconf 86' lang='lat' dir='ltr'>vita</span> <span class='ocrx_word' id='word_1_792' title='bbox 660 4951 771 4992; x_wconf 93' lang='lat' dir='ltr'>non</span> <span class='ocrx_word' id='word_1_793' title='bbox 819 4936 1124 4992; x_wconf 86' lang='lat' dir='ltr'>deducitur.</span> <span class='ocrx_word' id='word_1_794' title='bbox 1186 4934 1361 4991; x_wconf 91' lang='lat' dir='ltr'>Omne</span> <span class='ocrx_word' id='word_1_795' title='bbox 1412 4944 1590 4990; x_wconf 91' lang='lat' dir='ltr'>autem</span> <span class='ocrx_word' id='word_1_796' title='bbox 1648 4935 1852 4992; x_wconf 90' lang='lat' dir='ltr'>crimen</span> <span class='ocrx_word' id='word_1_797' title='bbox 1911 4934 1994 4992; x_wconf 82' lang='lat' dir='ltr'>est</span> 
     </span>
    </p>
   </div>
   <div class='ocr_carea' id='block_1_104' title="bbox 2096 4418 3688 4488">
    <p class='ocr_par' dir='ltr' id='par_1_104' title="bbox 2096 4418 3688 4488">
     <span class='ocr_line' id='line_1_104' title="bbox 2096 4418 3688 4488; baseline 0.003 -16"><span class='ocrx_word' id='word_1_798' title='bbox 2096 4426 2147 4473; x_wconf 92' lang='lat' dir='ltr'>et</span> <span class='ocrx_word' id='word_1_799' title='bbox 2174 4418 2221 4473; x_wconf 91' lang='lat' dir='ltr'>ei</span> <span class='ocrx_word' id='word_1_800' title='bbox 2251 4418 2617 4475; x_wconf 90' lang='lat' dir='ltr'>denuntiando</span> <span class='ocrx_word' id='word_1_801' title='bbox 2646 4435 2833 4476; x_wconf 90' lang='lat' dir='ltr'>coram</span> <span class='ocrx_word' id='word_1_802' title='bbox 2862 4421 3095 4477; x_wconf 88' lang='lat' dir='ltr'>Domino</span> <span class='ocrx_word' id='word_1_803' title='bbox 3123 4420 3490 4488; x_wconf 87' lang='lat' dir='ltr'>testiﬁcamur,</span> <span class='ocrx_word' id='word_1_804' title='bbox 3523 4429 3575 4476; x_wconf 92' lang='lat' dir='ltr'>et</span> <span class='ocrx_word' id='word_1_805' title='bbox 3603 4429 3688 4477; x_wconf 85' lang='lat' dir='ltr'>te-</span> 
     </span>
    </p>
   </div>
   <div class='ocr_carea' id='block_1_105' title="bbox 2095 4505 3681 4581">
    <p class='ocr_par' dir='ltr' id='par_1_105' title="bbox 2095 4505 3681 4581">
     <span class='ocr_line' id='line_1_105' title="bbox 2095 4505 3681 4581; baseline 0.003 -21"><span class='ocrx_word' id='word_1_806' title='bbox 2095 4505 2379 4561; x_wconf 87' lang='lat' dir='ltr'>stiﬁcando</span> <span class='ocrx_word' id='word_1_807' title='bbox 2407 4508 2811 4576; x_wconf 91' lang='lat' dir='ltr'>denuntiamus,</span> <span class='ocrx_word' id='word_1_808' title='bbox 2842 4517 2899 4564; x_wconf 87' lang='lat' dir='ltr'>ut</span> <span class='ocrx_word' id='word_1_809' title='bbox 2927 4526 3036 4565; x_wconf 92' lang='lat' dir='ltr'>non</span> <span class='ocrx_word' id='word_1_810' title='bbox 3068 4518 3364 4581; x_wconf 65' lang='lat' dir='ltr'>praesumat</span> <span class='ocrx_word' id='word_1_811' title='bbox 3401 4525 3681 4578; x_wconf 88' lang='lat' dir='ltr'>revocare,</span> 
     </span>
    </p>
   </div>
   <div class='ocr_carea' id='block_1_106' title="bbox 2093 4594 3687 4670">
    <p class='ocr_par' dir='ltr' id='par_1_106' title="bbox 2093 4594 3687 4670">
     <span class='ocr_line' id='line_1_106' title="bbox 2093 4594 3687 4670; baseline 0.002 -20"><span class='ocrx_word' id='word_1_812' title='bbox 2093 4594 2180 4650; x_wconf 90' lang='lat' dir='ltr'>vel</span> <span class='ocrx_word' id='word_1_813' title='bbox 2208 4595 2485 4660; x_wconf 80' lang='lat' dir='ltr'>retardare</span> <span class='ocrx_word' id='word_1_814' title='bbox 2514 4612 2679 4667; x_wconf 86' lang='lat' dir='ltr'>quem</span> <span class='ocrx_word' id='word_1_815' title='bbox 2707 4597 2971 4653; x_wconf 87' lang='lat' dir='ltr'>Dominus</span> <span class='ocrx_word' id='word_1_816' title='bbox 3009 4613 3205 4653; x_wconf 86' lang='lat' dir='ltr'>vocare</span> <span class='ocrx_word' id='word_1_817' title='bbox 3262 4597 3555 4670; x_wconf 85' lang='lat' dir='ltr'>dignatur;</span> <span class='ocrx_word' id='word_1_818' title='bbox 3589 4597 3687 4653; x_wconf 87' lang='lat' dir='ltr'>sed</span> 
     </span>
    </p>
   </div>
   <div class='ocr_carea' id='block_1_107' title="bbox 2093 4682 3684 4755">
    <p class='ocr_par' dir='ltr' id='par_1_107' title="bbox 2093 4682 3684 4755">
     <span class='ocr_line' id='line_1_107' title="bbox 2093 4682 3684 4755; baseline 0.002 -18"><span class='ocrx_word' id='word_1_819' title='bbox 2093 4682 2273 4752; x_wconf 87' lang='lat' dir='ltr'>potius</span> <span class='ocrx_word' id='word_1_820' title='bbox 2301 4691 2439 4749; x_wconf 92' lang='lat' dir='ltr'>oret,</span> <span class='ocrx_word' id='word_1_821' title='bbox 2473 4691 2529 4738; x_wconf 93' lang='lat' dir='ltr'>ut</span> <span class='ocrx_word' id='word_1_822' title='bbox 2557 4691 2609 4740; x_wconf 88' lang='lat' dir='ltr'>et</span> <span class='ocrx_word' id='word_1_823' title='bbox 2654 4683 2773 4755; x_wconf 87' lang='lat' dir='ltr'>ipse</span> <span class='ocrx_word' id='word_1_824' title='bbox 2806 4686 2943 4740; x_wconf 88' lang='lat' dir='ltr'>trahi</span> <span class='ocrx_word' id='word_1_825' title='bbox 2988 4692 3277 4741; x_wconf 83' lang='lat' dir='ltr'>mereatur.</span> <span class='ocrx_word' id='word_1_826' title='bbox 3326 4687 3496 4742; x_wconf 86' lang='lat' dir='ltr'>Nemo</span> <span class='ocrx_word' id='word_1_827' title='bbox 3540 4685 3684 4741; x_wconf 87' lang='lat' dir='ltr'>enim</span> 
     </span>
    </p>
   </div>
   <div class='ocr_carea' id='block_1_108' title="bbox 2095 4769 3690 4845">
    <p class='ocr_par' dir='ltr' id='par_1_108' title="bbox 2095 4769 3690 4845">
     <span class='ocr_line' id='line_1_108' title="bbox 2095 4769 3690 4845; baseline 0.003 -21"><span class='ocrx_word' id='word_1_828' title='bbox 2095 4769 2253 4840; x_wconf 88' lang='lat' dir='ltr'>(sicut</span> <span class='ocrx_word' id='word_1_829' title='bbox 2281 4770 2411 4826; x_wconf 89' lang='lat' dir='ltr'>dicit</span> <span class='ocrx_word' id='word_1_830' title='bbox 2442 4771 2674 4842; x_wconf 87' lang='lat' dir='ltr'>Veritas)</span> <span class='ocrx_word' id='word_1_831' title='bbox 2693 4776 2844 4829; x_wconf 85' lang='lat' dir='ltr'>venit</span> <span class='ocrx_word' id='word_1_832' title='bbox 2863 4774 2936 4829; x_wconf 89' lang='lat' dir='ltr'>ad</span> <span class='ocrx_word' id='word_1_833' title='bbox 2956 4790 3046 4831; x_wconf 89' lang='lat' dir='ltr'>me</span> <span class='ocrx_word' id='word_1_834' title='bbox 3064 4775 3183 4830; x_wconf 86' lang='lat' dir='ltr'>nisi</span> <span class='ocrx_word' id='word_1_835' title='bbox 3200 4776 3389 4839; x_wconf 87' lang='lat' dir='ltr'>Pater,</span> <span class='ocrx_word' id='word_1_836' title='bbox 3413 4775 3510 4845; x_wconf 87' lang='lat' dir='ltr'>qui</span> <span class='ocrx_word' id='word_1_837' title='bbox 3527 4774 3690 4829; x_wconf 84' lang='lat' dir='ltr'>misit</span> 
     </span>
    </p>
   </div>
   <div class='ocr_carea' id='block_1_109' title="bbox 2092 4860 3687 4931">
    <p class='ocr_par' dir='ltr' id='par_1_109' title="bbox 2092 4860 3687 4931">
     <span class='ocr_line' id='line_1_109' title="bbox 2092 4860 3687 4931; baseline 0.003 -19"><span class='ocrx_word' id='word_1_838' title='bbox 2092 4873 2200 4923; x_wconf 90' lang='lat' dir='ltr'>me,</span> <span class='ocrx_word' id='word_1_839' title='bbox 2238 4861 2486 4915; x_wconf 72' lang='lat' dir='ltr'>traxerit</span> <span class='ocrx_word' id='word_1_840' title='bbox 2516 4876 2646 4916; x_wconf 88' lang='lat' dir='ltr'>eum</span> <span class='ocrx_word' id='word_1_841' title='bbox 2675 4862 2858 4927; x_wconf 85' lang='lat' dir='ltr'>(Joan.</span> <span class='ocrx_word' id='word_1_842' title='bbox 2910 4877 2986 4929; x_wconf 80' lang='lat' dir='ltr'>v1,</span> <span class='ocrx_word' id='word_1_843' title='bbox 3023 4862 3131 4931; x_wconf 74' lang='grc'>44).</span> <span class='ocrx_word' id='word_1_844' title='bbox 3166 4861 3361 4917; x_wconf 81' lang='lat' dir='ltr'>Audiat</span> <span class='ocrx_word' id='word_1_845' title='bbox 3415 4860 3687 4916; x_wconf 90' lang='lat' dir='ltr'>dicentem</span> 
     </span>
    </p>
   </div>
   <div class='ocr_carea' id='block_1_110' title="bbox 2094 4946 3688 5022">
    <p class='ocr_par' dir='ltr' id='par_1_110' title="bbox 2094 4946 3688 5022">
     <span class='ocr_line' id='line_1_110' title="bbox 2094 4946 3688 5022; baseline 0.003 -23"><span class='ocrx_word' id='word_1_846' title='bbox 2094 4946 2197 5000; x_wconf 91' lang='lat' dir='ltr'>sibi</span> <span class='ocrx_word' id='word_1_847' title='bbox 2228 4946 2560 5017; x_wconf 89' lang='lat' dir='ltr'>Sapientiam</span> <span class='ocrx_word' id='word_1_848' title='bbox 2594 4965 2608 5003; x_wconf 93' lang='lat'>:</span> <span class='ocrx_word' id='word_1_849' title='bbox 2639 4950 2768 5004; x_wconf 83' lang='lat' dir='ltr'>Noli</span> <span class='ocrx_word' id='word_1_850' title='bbox 2785 4949 3074 5021; x_wconf 85' lang='lat' dir='ltr'>prohibere</span> <span class='ocrx_word' id='word_1_851' title='bbox 3086 4950 3412 5022; x_wconf 80' lang='lat' dir='ltr'>benefacere</span> <span class='ocrx_word' id='word_1_852' title='bbox 3442 4966 3572 5005; x_wconf 85' lang='lat' dir='ltr'>eum</span> <span class='ocrx_word' id='word_1_853' title='bbox 3591 4951 3688 5022; x_wconf 87' lang='lat' dir='ltr'>qui</span> 
     </span>
    </p>
   </div>
   <div class='ocr_carea' id='block_1_111' title="bbox 386 5023 1994 5109">
    <p class='ocr_par' dir='ltr' id='par_1_111' title="bbox 386 5023 1991 5094">
     <span class='ocr_line' id='line_1_111' title="bbox 386 5023 1991 5094; baseline 0.001 -16"><span class='ocrx_word' id='word_1_854' title='bbox 386 5030 690 5094; x_wconf 89' lang='lat' dir='ltr'>peccatum,</span> <span class='ocrx_word' id='word_1_855' title='bbox 724 5023 823 5078; x_wconf 90' lang='lat' dir='ltr'>sed</span> <span class='ocrx_word' id='word_1_856' title='bbox 850 5039 959 5078; x_wconf 92' lang='lat' dir='ltr'>non</span> <span class='ocrx_word' id='word_1_857' title='bbox 990 5036 1151 5079; x_wconf 89' lang='lat' dir='ltr'>omne</span> <span class='ocrx_word' id='word_1_858' title='bbox 1180 5030 1461 5094; x_wconf 90' lang='lat' dir='ltr'>peccatum</span> <span class='ocrx_word' id='word_1_859' title='bbox 1492 5031 1574 5078; x_wconf 91' lang='lat' dir='ltr'>est</span> <span class='ocrx_word' id='word_1_860' title='bbox 1605 5024 1827 5079; x_wconf 88' lang='lat' dir='ltr'>crimen.</span> <span class='ocrx_word' id='word_1_861' title='bbox 1852 5025 1991 5080; x_wconf 87' lang='lat' dir='ltr'>Pec-</span> 
     </span>
    </p>
   </div>
   <div class='ocr_carea' id='block_1_112' title="bbox 2097 5023 3688 5109">
    <p class='ocr_par' dir='ltr' id='par_1_112' title="bbox 2097 5037 3688 5109">
     <span class='ocr_line' id='line_1_112' title="bbox 2097 5037 3688 5109; baseline 0.001 -19"><span class='ocrx_word' id='word_1_862' title='bbox 2097 5037 2314 5104; x_wconf 85' lang='lat' dir='ltr'>potest;</span> <span class='ocrx_word' id='word_1_863' title='bbox 2343 5037 2392 5090; x_wconf 88' lang='lat' dir='ltr'>si</span> <span class='ocrx_word' id='word_1_864' title='bbox 2421 5038 2591 5101; x_wconf 86' lang='lat' dir='ltr'>vales,</span> <span class='ocrx_word' id='word_1_865' title='bbox 2617 5041 2675 5091; x_wconf 89' lang='lat' dir='ltr'>et</span> <span class='ocrx_word' id='word_1_866' title='bbox 2694 5038 2811 5109; x_wconf 87' lang='lat' dir='ltr'>ipse</span> <span class='ocrx_word' id='word_1_867' title='bbox 2847 5039 3076 5109; x_wconf 78' lang='lat' dir='ltr'>benefac</span> <span class='ocrx_word' id='word_1_868' title='bbox 3088 5040 3274 5108; x_wconf 83' lang='lat' dir='ltr'>(Prov.</span> <span class='ocrx_word' id='word_1_869' title='bbox 3299 5052 3379 5104; x_wconf 80' lang='lat' dir='ltr'>tu,</span> <span class='ocrx_word' id='word_1_870' title='bbox 3400 5039 3494 5108; x_wconf 82' lang='grc'>27)</span> <span class='ocrx_word' id='word_1_871' title='bbox 3514 5037 3688 5108; x_wconf 85' lang='lat' dir='ltr'>Spiri-</span> 
     </span>
    </p>
   </div>
   <div class='ocr_carea' id='block_1_113' title="bbox 386 5110 3683 5197">
    <p class='ocr_par' dir='ltr' id='par_1_113' title="bbox 386 5110 3683 5197">
     <span class='ocr_line' id='line_1_113' title="bbox 386 5110 3683 5197; baseline 0.001 -20"><span class='ocrx_word' id='word_1_872' title='bbox 386 5118 501 5166; x_wconf 75' lang='lat' dir='ltr'>cata</span> <span class='ocrx_word' id='word_1_873' title='bbox 531 5110 676 5165; x_wconf 84' lang='lat' dir='ltr'>enim</span> <span class='ocrx_word' id='word_1_874' title='bbox 705 5111 959 5167; x_wconf 75' lang='lat' dir='ltr'>dicuntur</span> <span class='ocrx_word' id='word_1_875' title='bbox 1012 5128 1092 5179; x_wconf 76' lang='lat' dir='ltr'>ea.</span> <span class='ocrx_word' id='word_1_876' title='bbox 1154 5128 1275 5182; x_wconf 77' lang='lat' dir='ltr'>quae</span> <span class='ocrx_word' id='word_1_877' title='bbox 1329 5112 1491 5167; x_wconf 79' lang='lat' dir='ltr'>etiam</span> <span class='ocrx_word' id='word_1_878' title='bbox 1548 5111 1841 5182; x_wconf 78' lang='lat' dir='ltr'>loquendo,</span> <span class='ocrx_word' id='word_1_879' title='bbox 1901 5121 1989 5169; x_wconf 84' lang='lat' dir='ltr'>aut</span> <span class='ocrx_word' id='word_1_880' title='bbox 2091 5128 2180 5177; x_wconf 90' lang='lat' dir='ltr'>tus</span> <span class='ocrx_word' id='word_1_881' title='bbox 2207 5130 2260 5176; x_wconf 90' lang='lat' dir='ltr'>et</span> <span class='ocrx_word' id='word_1_882' title='bbox 2289 5139 2491 5193; x_wconf 85' lang='lat' dir='ltr'>sponsa</span> <span class='ocrx_word' id='word_1_883' title='bbox 2518 5124 2748 5181; x_wconf 85' lang='lat' dir='ltr'>dicunt:</span> <span class='ocrx_word' id='word_1_884' title='bbox 2781 5126 2956 5192; x_wconf 83' lang='lat' dir='ltr'>Veni;</span> <span class='ocrx_word' id='word_1_885' title='bbox 2991 5135 3046 5181; x_wconf 93' lang='lat' dir='ltr'>et</span> <span class='ocrx_word' id='word_1_886' title='bbox 3086 5126 3376 5197; x_wconf 83' lang='lat' dir='ltr'>quisquam</span> <span class='ocrx_word' id='word_1_887' title='bbox 3406 5126 3567 5181; x_wconf 87' lang='lat' dir='ltr'>audet</span> <span class='ocrx_word' id='word_1_888' title='bbox 3593 5125 3683 5179; x_wconf 87' lang='lat' dir='ltr'>di-</span> 
     </span>
    </p>
   </div>
   <div class='ocr_carea' id='block_1_114' title="bbox 384 5198 3688 5285">
    <p class='ocr_par' dir='ltr' id='par_1_114' title="bbox 384 5198 3688 5285">
     <span class='ocr_line' id='line_1_114' title="bbox 384 5198 3688 5285; baseline 0.005 -33"><span class='ocrx_word' id='word_1_889' title='bbox 384 5198 700 5270; x_wconf 83' lang='lat' dir='ltr'>cogitando,</span> <span class='ocrx_word' id='word_1_890' title='bbox 737 5199 917 5254; x_wconf 82' lang='lat' dir='ltr'>inania</span> <span class='ocrx_word' id='word_1_891' title='bbox 946 5199 1370 5265; x_wconf 69' lang='lat' dir='ltr'>committimus;</span> <span class='ocrx_word' id='word_1_892' title='bbox 1431 5199 1611 5271; x_wconf 77' lang='lat' dir='ltr'>qualia</span> <span class='ocrx_word' id='word_1_893' title='bbox 1656 5216 1756 5270; x_wconf 66' lang='lat' dir='ltr'>per</span> <span class='ocrx_word' id='word_1_894' title='bbox 1806 5203 1988 5272; x_wconf 83' lang='lat' dir='ltr'>quoti-</span> <span class='ocrx_word' id='word_1_895' title='bbox 2091 5224 2215 5265; x_wconf 90' lang='lat' dir='ltr'>cere</span> <span class='ocrx_word' id='word_1_896' title='bbox 2255 5225 2268 5265; x_wconf 88' lang='lat'>:</span> <span class='ocrx_word' id='word_1_897' title='bbox 2299 5211 2463 5267; x_wconf 84' lang='lat' dir='ltr'>Noli?</span> <span class='ocrx_word' id='word_1_898' title='bbox 2492 5213 2588 5268; x_wconf 89' lang='lat' dir='ltr'>Cui</span> <span class='ocrx_word' id='word_1_899' title='bbox 2621 5213 2866 5285; x_wconf 79' lang='lat' dir='ltr'>Christus</span> <span class='ocrx_word' id='word_1_900' title='bbox 2895 5230 3001 5269; x_wconf 89' lang='lat' dir='ltr'>non</span> <span class='ocrx_word' id='word_1_901' title='bbox 3036 5214 3288 5285; x_wconf 88' lang='lat' dir='ltr'>promisit</span> <span class='ocrx_word' id='word_1_902' title='bbox 3330 5213 3477 5269; x_wconf 89' lang='lat' dir='ltr'>diem</span> <span class='ocrx_word' id='word_1_903' title='bbox 3505 5213 3688 5269; x_wconf 89' lang='lat' dir='ltr'>crasti-</span> 
     </span>
    </p>
   </div>
   <div class='ocr_carea' id='block_1_115' title="bbox 384 5285 3685 5374">
    <p class='ocr_par' dir='ltr' id='par_1_115' title="bbox 384 5285 3685 5374">
     <span class='ocr_line' id='line_1_115' title="bbox 384 5285 3685 5374; baseline 0.001 -33"><span class='ocrx_word' id='word_1_904' title='bbox 384 5285 605 5341; x_wconf 90' lang='lat' dir='ltr'>dianam</span> <span class='ocrx_word' id='word_1_905' title='bbox 634 5286 1054 5353; x_wconf 86' lang='lat' dir='ltr'>confessionem,</span> <span class='ocrx_word' id='word_1_906' title='bbox 1088 5294 1141 5341; x_wconf 90' lang='lat' dir='ltr'>et</span> <span class='ocrx_word' id='word_1_907' title='bbox 1187 5287 1524 5344; x_wconf 90' lang='lat' dir='ltr'>Dominicam</span> <span class='ocrx_word' id='word_1_908' title='bbox 1568 5288 1868 5344; x_wconf 89' lang='lat' dir='ltr'>orationem</span> <span class='ocrx_word' id='word_1_909' title='bbox 1899 5290 1987 5345; x_wconf 91' lang='lat' dir='ltr'>di-</span> <span class='ocrx_word' id='word_1_910' title='bbox 2088 5315 2243 5367; x_wconf 59' lang='lat' dir='ltr'>num,</span> <span class='ocrx_word' id='word_1_911' title='bbox 2278 5300 2564 5372; x_wconf 68' lang='lat' dir='ltr'>quisquam</span> <span class='ocrx_word' id='word_1_912' title='bbox 2594 5302 2757 5357; x_wconf 60' lang='lat' dir='ltr'>audet</span> <span class='ocrx_word' id='word_1_913' title='bbox 2801 5303 3105 5373; x_wconf 65' lang='lat' dir='ltr'>supendere</span> <span class='ocrx_word' id='word_1_914' title='bbox 3159 5317 3331 5374; x_wconf 74' lang='lat' dir='ltr'>usque</span> <span class='ocrx_word' id='word_1_915' title='bbox 3386 5302 3453 5357; x_wconf 76' lang='lat' dir='ltr'>ad</span> <span class='ocrx_word' id='word_1_916' title='bbox 3481 5317 3685 5356; x_wconf 71' lang='lat' dir='ltr'>annum</span> 
     </span>
    </p>
   </div>
   <div class='ocr_carea' id='block_1_116' title="bbox 386 5373 3685 5463">
    <p class='ocr_par' dir='ltr' id='par_1_116' title="bbox 386 5373 3685 5463">
     <span class='ocr_line' id='line_1_116' title="bbox 386 5373 3685 5463; baseline 0.001 -19"><span class='ocrx_word' id='word_1_917' title='bbox 386 5373 692 5430; x_wconf 70' lang='grc' dir='ltr'>ωίίιυηῑιπ·</span> <span class='ocrx_word' id='word_1_918' title='bbox 725 5374 961 5430; x_wconf 69' lang='grc' dir='ltr'>ῧτίῐῒιίηθι</span> <span class='ocrx_word' id='word_1_919' title='bbox 988 5389 1118 5432; x_wconf 61' lang='lat' dir='ltr'>vero</span> <span class='ocrx_word' id='word_1_920' title='bbox 1145 5375 1362 5431; x_wconf 74' lang='grc' dir='ltr'>ηοηηίεί</span> <span class='ocrx_word' id='word_1_921' title='bbox 1409 5376 1499 5431; x_wconf 66' lang='lat' dir='ltr'>illa</span> <span class='ocrx_word' id='word_1_922' title='bbox 1547 5377 1742 5451; x_wconf 68' lang='lat' dir='ltr'>GPaVia</span> <span class='ocrx_word' id='word_1_923' title='bbox 1789 5378 1987 5434; x_wconf 74' lang='grc' dir='ltr'>ἀὶϐυη·</span> <span class='ocrx_word' id='word_1_924' title='bbox 2090 5387 2622 5446; x_wconf 79' lang='lat' dir='ltr'>alterum?Christus</span> <span class='ocrx_word' id='word_1_925' title='bbox 2633 5391 2775 5446; x_wconf 92' lang='lat' dir='ltr'>enim</span> <span class='ocrx_word' id='word_1_926' title='bbox 2793 5391 2947 5448; x_wconf 90' lang='lat' dir='ltr'>dicit:</span> <span class='ocrx_word' id='word_1_927' title='bbox 2966 5392 3217 5448; x_wconf 83' lang='lat' dir='ltr'>Oratene</span> <span class='ocrx_word' id='word_1_928' title='bbox 3231 5373 3335 5462; x_wconf 72' lang='lat' dir='ltr'>fiat</span> <span class='ocrx_word' id='word_1_929' title='bbox 3344 5393 3483 5463; x_wconf 81' lang='lat' dir='ltr'>fuga</span> <span class='ocrx_word' id='word_1_930' title='bbox 3497 5394 3685 5448; x_wconf 87' lang='lat' dir='ltr'>vestra</span> 
     </span>
    </p>
   </div>
  </div>
