3972 6052
237 229 343 280 889

1588 220 1943 277 EPISTOLIE
1964 222 2177 277 ,TRES.

3438 219 3539 278 890

248 349 451 415 hieme,
488 348 577 402 vel
608 345 847 403 Sabbato
892 346 1114 413 (Matth.
1149 359 1309 409 wa,
1342 334 1434 413 ἑο)
1468 362 1481 398 :
1517 352 1568 399 et
1600 345 1847 415 quisnam
1868 348 1921 407 Α
1950 346 2005 399 in
2037 346 2232 417 quibus
2275 344 2581 401 conﬁdebat
2613 347 2910 401 abstulistis
2945 363 2956 402 :
2987 347 3247 419 fugiendo
3277 318 3541 418 opportu-

245 435 374 489 dicit
400 453 413 495 ς
447 436 655 488 Mecum
705 433 912 503 poteris
944 432 1136 503 fugere
1168 448 1312 487 anno
1344 433 1584 487 secundo
1616 433 1701 487 vel
1733 440 1843 487 ter-

244 524 368 577 tio?
399 523 563 589 Cujus
607 529 785 575 autem
834 536 930 575 cor
980 521 1226 575 Christus
1277 521 1443 575 movit
1475 520 1653 575 modis
1680 522 1843 575 omni-

246 612 370 679 bus,
422 610 511 663 det
557 625 800 678 Operam,
851 617 906 661 ut
956 608 1045 678 qui
1084 624 1192 663 non
1224 618 1303 662 est
1334 616 1509 663 motus
1543 616 1840 675 moveatur,

224 706 341 752 ‘aut
370 712 563 767 parum
615 704 791 751 motus
840 694 1206 750 confirmetur.
1240 696 1490 767 Alioquia
1519 696 1705 750 audiat
1735 711 1841 750 non

243 786 396 839 illum
446 792 807 849 revocantem,
842 783 939 837 sed
968 783 1237 837 Christum
1269 784 1538 838 dicentem
1573 802 1584 836 :
1618 784 1676 838 Si
1706 798 1840 838 ocu-

247 876 334 928 lus
370 879 502 927 tuus
524 873 879 927 scandalizat
912 876 983 935 te,
1017 888 1149 927 erue
1172 888 1319 936 eum,
1346 873 1627 943 etprojice
1645 872 1737 925 abs
1763 875 1837 925 te.

243 964 461 1016 Bonum
481 962 580 1014 tibi
593 965 676 1015 est
692 976 819 1015 cum
834 976 945 1015 uno
957 960 1117 1015 oculo
1133 958 1205 1013 ad
1219 961 1395 1013 vitam
1413 962 1651 1024 intrare,
1674 976 1841 1030 quam

242 1050 380 1103 duos
415 1050 600 1105 oculos
642 1048 935 1103 habentem
975 1048 1131 1101 mitti
1203 1048 1262 1102 in
1327 1047 1640 1117 gehennam
1692 1047 1841 1116 ignis

243 1136 466 1207 (Matth.
503 1150 663 1200 xvut,
718 1138 793 1203 9).
845 1135 994 1188 Idem
1026 1134 1092 1187 de
1121 1149 1282 1188 manu
1315 1134 1465 1201 dixit,
1500 1141 1551 1188 et
1582 1134 1649 1188 de
1679 1134 1837 1203 pede.

245 1223 474 1291 Quidam
507 1222 633 1275 dum
676 1237 791 1290 eos,
814 1237 952 1293 quos
969 1221 1215 1275 Christus
1247 1230 1421 1287 vocat,
1457 1220 1612 1291 quasi
1642 1236 1839 1275 consu-

243 1311 407 1365 lendo
434 1317 709 1373 revocant,
756 1308 841 1363 vel
904 1309 1216 1373 retardant;
1266 1308 1477 1363 incaute
1522 1308 1739 1378 quidem
1788 1316 1841 1362 et

243 1397 581 1468 simpliciter,
626 1397 721 1450 sed
772 1405 947 1450 tamen
977 1412 1086 1450 non
1117 1396 1437 1450 innocenter
1460 1402 1628 1466 agunt
1657 1404 1838 1464 partes

242 1485 442 1539 diaboli
473 1492 664 1539 contra
713 1483 1005 1537 Christum.
1046 1483 1258 1538 Scimus
1288 1484 1581 1553 plerosque
1609 1483 1717 1553 qui,
1752 1499 1838 1537 re-

241 1573 385 1627 lictis
418 1571 689 1637 omnibus,
734 1572 803 1625 ad
830 1571 1178 1626 serviendum
1210 1571 1325 1625 Deo
1357 1586 1415 1625 se
1447 1570 1787 1625 contulerunt
1824 1585 1836 1623 :

240 1660 529 1716 nonnullos
560 1660 717 1714 etiam
751 1659 841 1730 qui
873 1659 1108 1729 idipsum
1136 1675 1195 1711 se
1236 1659 1289 1711 in
1319 1658 1563 1728 proximo
1594 1658 1907 1750 facturosB

241 1756 525 1818 voverunt,
571 1749 712 1803 hanc
743 1763 775 1801 a
804 1747 1038 1802 Domino
1095 1746 1522 1801 consolationem
1569 1746 1837 1801 ardentis-

241 1838 377 1891 sime
426 1845 759 1907 exspectare,
813 1843 864 1890 et
912 1834 1408 1890 desiderantissime
1456 1834 1725 1905 ﬂagitare,
1780 1842 1837 1888 ut

240 1934 429 1980 nostro
460 1933 513 1979 et
555 1923 899 1977 instituantur
948 1923 1216 1992 exemplo,
1262 1931 1314 1976 et
1361 1923 1678 1977 erudiantur
1723 1922 1834 1977 elo-

241 2014 388 2085 quio,
425 2020 473 2065 et
503 2011 797 2066 fulciantur
828 2011 1073 2066 consilio.
1110 2010 1474 2065 Obsecramus
1503 2026 1621 2075 vos,
1644 2010 1687 2063 si
1706 2010 1837 2064 estis

243 2101 394 2156 obliti
443 2100 626 2166 vestri,
682 2099 1018 2154 miseremini
1064 2099 1316 2163 illorum;
1353 2113 1566 2153 necnon
1610 2106 1662 2152 et
1691 2098 1835 2151 mul-

243 2196 439 2253 torum,
476 2187 670 2258 quibus
719 2186 987 2256 exemplo,
1022 2194 1073 2240 et
1102 2185 1394 2240 imitatione
1423 2192 1597 2240 vestra
1620 2186 1835 2253 januam

239 2275 453 2345 pietatis
482 2291 596 2328 suae
644 2273 860 2344 aperire
910 2281 1127 2343 paratus
1158 2280 1238 2327 est
1266 2272 1551 2327 Dominus.
1584 2272 1836 2342 Alioquin

240 2378 337 2417 vos
384 2362 630 2416 videritis
680 2376 839 2431 quam
866 2360 1132 2414 rationem
1181 2361 1249 2415 de
1289 2360 1509 2426 talento,
1558 2359 1705 2429 quod
1735 2360 1835 2412 ha-

239 2460 430 2506 ctenus
465 2449 807 2505 reconditum
858 2448 911 2501 in
960 2456 1105 2503 terra
1148 2449 1414 2516 tenuistis,
1459 2447 1574 2501 sitis
1603 2448 1835 2502 Domino

236 2539 521 2603 reddituri,
560 2538 780 2606 jamjam
829 2552 956 2591 ecce
1007 2544 1255 2591 venturo.
1300 2537 1427 2591 Haec
1469 2552 1589 2606 quae
1627 2552 1735 2589 non
1781 2536 1835 2589 in

238 2627 411 2681 doctis
456 2628 705 2680 humana:
754 2624 1035 2695 sapientia}
1097 2624 1295 2689 verbis,
1347 2624 1444 2678 scd
1488 2624 1540 2676 in
1587 2623 1835 2677 doctrina

235 2715 488 2785 Spiritus,
521 2721 676 2784 prout
703 2713 911 2767 donare
940 2711 1057 2781 ipse
1073 2712 1331 2783 dignatus
1354 2719 1455 2778 est,
1484 2710 1691 2765 calamo
1710 2727 1837 2780 per-

239 2810 489 2859 currente
525 2801 887 2866 exaravimus,
920 2799 1081 2854 faciat
1108 2799 1373 2855 Dominus
1402 2799 1472 2852 ita
1500 2798 1557 2852 in
1576 2799 1834 2854 cordibus

239 2890 439 2946 vestris
470 2889 683 2961 Operari
708 2908 721 2955 ;
752 2897 808 2942 ut
836 2890 890 2942 in
920 2888 1168 2958 proximo
1199 2897 1250 2942 et
1279 2903 1379 2941 nos
1411 2888 1479 2941 de
1518 2886 1713 2942 effectu
1745 2888 1832 2940 in-

237 2978 492 3033 tentionis
538 2985 737 3032 nostra:
776 2976 979 3048 gratias
1028 2976 1078 3030 ei
1104 2991 1350 3046 agamus,
1386 2984 1435 3030 et
1478 2983 1706 3046 uterque
1734 2991 1832 3030 ve-

1945 434 2164 487 nitatem
2195 436 2475 504 peccandi,
2512 451 2674 505 quam
2702 435 2793 489 ille
2823 444 3092 505 praeparat
3122 436 3373 489 omnibus
3405 451 3541 505 quos

1946 522 2210 576 seducere
2271 531 2481 590 potest;
2536 530 2585 576 et
2629 523 2852 592 laqueos
2902 539 3039 591 quos
3087 523 3241 577 vobis
3285 523 3540 576 tendebat

1952 608 2280 678 disrupistis.
2330 611 2451 663 Non
2503 619 2680 664 autem
2731 626 2847 677 vos,
2900 611 2996 664 sed
3042 610 3154 673 ille,
3203 610 3287 664 cui
3333 611 3539 681 gratias

1945 704 2193 766 agentes,
2229 697 2411 751 dicitis
2447 716 2460 750 :
2493 699 2771 769 Dirupisti
2802 700 3029 753 vincula
3052 716 3195 764 mea,
3232 698 3333 752 tibi
3362 700 3537 753 sacri-

1943 785 2115 851 ficabo
2165 785 2409 839 hostiam
2462 786 2645 840 laudis
2694 787 2869 854 (Psal.
2923 801 3055 850 cxv,
3090 786 3198 856 17).
3232 786 3298 839 Et
3329 786 3396 839 de
3428 801 3536 856 quo

1941 872 2139 925 iterum
2170 872 2347 926 dicitis
2372 891 2383 925 :
2406 873 2705 927 Abscondit
2734 890 2821 928 me
2852 875 2915 927 in
2949 875 3311 929 tabernaculo
3332 889 3449 939 suo,
3473 875 3537 927 in

1945 958 2033 1013 die
2049 962 2333 1014 malorum
2350 962 2607 1031 protexit
2621 977 2729 1025 me,
2758 962 2819 1014 in
2844 962 3164 1015 abscondito
3184 961 3539 1015 tabernaculi

1941 1048 2033 1101 sui
2065 1048 2239 1117 (Psal.
2275 1063 2435 1112 xxvx,
2472 1049 2546 1116 5).
2582 1048 2706 1117 Ipsa
2754 1063 2967 1118 quoque
3015 1048 3410 1119 gloriosissima
3441 1048 3535 1101 Dei

1942 1134 2173 1203 genitrix
2224 1135 2413 1204 Maria,
2452 1135 2559 1203 jam
2609 1151 2709 1204 pro
2740 1136 2895 1190 vobis
2923 1135 3224 1199 intercedit,
3260 1143 3309 1188 et
3340 1136 3539 1207 gaudet

1943 1237 2041 1276 vos
2082 1223 2135 1275 in
2174 1238 2401 1276 numero
2432 1230 2743 1277 sanctarum
2774 1224 3073 1292 computari
3111 1223 3454 1278 feminarum.
3490 1226 3536 1278 A

1942 1308 2108 1364 modo
2162 1310 2411 1364 Ecclesia
2460 1310 2675 1371 Christi,
2722 1327 2844 1380 quze
2890 1312 2958 1365 de
3006 1320 3186 1364 vestra
3234 1311 3538 1366 inordinata

1942 1398 2353 1452 conversatione
2410 1397 2560 1466 prius
2611 1398 3084 1463 dehonestabatur,
3152 1399 3349 1453 vestris
3390 1400 3534 1468 apud

1945 1486 2120 1539 Deum
2182 1485 2516 1539 orationibus
2568 1485 2931 1554 adjuvabitur,
2988 1494 3039 1539 et
3084 1494 3342 1555 quantum
3385 1487 3535 1555 prius

1940 1572 2364 1628 contristabatur
2397 1573 2464 1627 de
2494 1582 2674 1628 vestra
2717 1573 3052 1645 irreligione,
3090 1581 3292 1627 tantum
3324 1573 3533 1645 gloria-

1942 1661 2102 1727 bitur,
2158 1669 2208 1715 et
2273 1660 2537 1715 laetabitur
2587 1662 2656 1715 de
2716 1669 2898 1716 vestra
2953 1662 3347 1716 emendatione.
3398 1661 3532 1715 Cum

1942 1764 2075 1819 ergo
2108 1756 2159 1803 et
2188 1749 2397 1820 angelis
2428 1749 2479 1802 in
2512 1748 2669 1815 coelo,
2721 1757 2774 1803 et
2803 1749 3111 1803 hominibus
3140 1750 3194 1803 in
3226 1758 3365 1804 terra
3393 1766 3532 1821 gau-

1940 1837 2087 1890 dium
2120 1836 2189 1889 sit
2216 1837 2284 1891 de
2332 1844 2511 1891 vestra
2540 1837 2952 1893 conversatione
2977 1857 2991 1903 ;
3024 1846 3279 1908 quantum
3308 1854 3407 1893 vos
3436 1838 3532 1893 dc-

1944 1924 2084 1978 betis
2116 1926 2184 1979 de
2231 1924 2452 1994 propria
2482 1924 2655 1979 solute
2686 1926 2962 1997 gaudere?
2992 1934 3223 1996 quantas
3252 1928 3369 1980 Deo
3398 1942 3531 1999 gra-

1938 2012 2039 2065 tias
2112 2028 2279 2083 agere
2346 2028 2444 2081 pro
2496 2021 2677 2067 vestra
2740 2012 3105 2068 liberatione?
3168 2014 3530 2070 Devotissime

1940 2115 2174 2171 namque
2222 2100 2407 2155 dicere
2446 2101 2655 2154 debetis
2702 2100 2834 2154 illud
2882 2102 3025 2173 quod
3074 2102 3130 2155 in
3171 2102 3383 2171 psalmo
3430 2118 3528 2158 ca-

1938 2187 2083 2241 nitur
2117 2205 2129 2241 :
2167 2188 2475 2256 Conﬁtebor
2522 2189 2639 2252 tibi,
2680 2190 2913 2244 Domine
2942 2190 3089 2244 Deus
3116 2206 3291 2254 meus,
3329 2195 3383 2244 et
3415 2192 3529 2260 glo-

1937 2275 2168 2344 riﬁcabo
2224 2291 2429 2330 nomen
2484 2280 2647 2331 tuum
2690 2278 2754 2331 in
2797 2281 3097 2331 teternum.
3134 2278 3273 2343 Quia
3300 2278 3528 2332 miseri-

1937 2362 2130 2418 cordia
2162 2367 2261 2418 tua
2290 2380 2497 2434 magna
2528 2367 2609 2418 est
2638 2380 2808 2435 super
2836 2382 2944 2429 me,
2970 2371 3025 2419 et
3048 2366 3254 2421 eruisti
3272 2368 3527 2421 animam

1935 2467 2121 2506 meam
2170 2468 2241 2505 ex
2290 2452 2516 2521 inferno
2557 2454 2818 2522 inferiori
2870 2454 3522 2524 (Psal.Lxxxv,12,i3).

1936 2538 2051 2593 Hoc
2075 2546 2251 2593 autem
2274 2539 2486 2605 scitote,
2512 2540 2733 2593 multum
2758 2540 3016 2610 expedire
3030 2540 3204 2609 vobis,
3220 2547 3273 2595 et
3289 2541 3525 2597 salutare

1936 2643 2077 2691 esse,
2111 2636 2167 2680 ut
2199 2627 2401 2681 bonum
2434 2628 2577 2697 quod
2603 2628 2864 2697 coepistis,
2889 2643 3010 2683 cum
3032 2628 3299 2684 hilaritate
3320 2637 3372 2682 et
3391 2645 3526 2699 gau-

1936 2714 2025 2768 dio
2057 2714 2286 2769 faciatis.
2322 2714 2409 2769 Sic
2439 2714 2579 2768 enim
2611 2730 2745 2785 opus
2777 2715 2977 2786 bonum
3007 2715 3206 2770 debere
3226 2714 3344 2770 ﬁeri
3368 2717 3528 2772 docet

1934 2802 2249 2872 Apostolus,
2278 2802 2465 2857 dicens
2491 2819 2503 2855 :
2527 2803 2645 2857 Non
2667 2819 2740 2858 ea:
2768 2804 3025 2869 tristitia,
3064 2808 3165 2859 aut
3196 2820 3269 2859 ea:
3290 2807 3527 2859 necessi-

1937 2894 2074 2959 tate,
2101 2891 2343 2945 hilarem
2363 2892 2515 2945 enim
2549 2891 2801 2945 datorem
2831 2891 3017 2961 diligit
3038 2894 3181 2945 Deus
3204 2892 3278 2951 (II
3297 2891 3415 2947 Cor.
3440 2907 3518 2957 ιχ,

1934 2977 2010 3049 ⁸7).
2038 2978 2192 3032 Unde
2213 2978 2269 3031 in
2286 2978 2499 3032 Psalmo
2524 2996 2536 3030 :
2566 2979 2779 3033 Servite
2798 2979 3034 3033 Domino
3046 2981 3108 3033 in
3128 2981 3331 3033 latitia
3344 2979 3522 3049 (Psal.

240 3074 410 3121 strum
442 3065 657 3121 sincera
704 3065 901 3135 pietate
930 3079 1115 3119 coram
1148 3065 1266 3134 ipso
1295 3063 1479 3117 dicere
1510 3070 1781 3118 mereatur
1816 3080 1828 3116 :
1855 3038 1902 3099 Ο
1935 3080 2091 3131 xcrx,
2123 3070 2199 3135 2).
2235 3064 2392 3133 Quod
2416 3066 2461 3119 si
2490 3065 2624 3120 forte
2646 3065 2839 3136 aliqua:
2870 3082 2933 3120 ex
2957 3066 3111 3120 vobis
3133 3066 3311 3121 adhuc
3338 3067 3523 3122 tristes

242 3156 489 3224 Cogitavi
504 3154 623 3208 vias
640 3156 873 3218 meas,et
895 3154 1145 3207 converti
1158 3152 1321 3224 pedes
1340 3166 1489 3206 meos
1504 3152 1568 3205 in
1594 3153 1835 3206 testimo-

234 3245 335 3297 nia
377 3246 475 3296 tua
514 3241 687 3310 (Psal.
733 3255 920 3306 cxvut,
964 3242 1076 3309 59).
1109 3247 1161 3294 et
1196 3255 1207 3292 2
1242 3240 1316 3294 Ab
1342 3240 1499 3293 omni
1531 3240 1619 3293 via
1667 3240 1823 3293 mala

237 3329 499 3401 prohibui
528 3328 694 3399 pedes
715 3344 884 3393 meos,
921 3331 984 3383 ut
1006 3327 1319 3383 custodiam
1340 3328 1500 3382 verba
1524 3331 1621 3381 tua
1644 3325 1827 3397 (ibid.,

237 3420 381 3484 101).
416 3416 629 3471 Valete.

802 3536 1143 3593 EPISTOLA
1173 3537 1239 3592 ΙΙ.

628 3690 699 3731 AD
730 3688 1006 3729 MONIALES
1035 3689 1107 3728 DE
1144 3688 1424 3728 LUGDUNO.

233 3822 511 3875 Hortatur
540 3819 672 3872 illas
693 3817 763 3871 ad
784 3816 1183 3887 capessendam
1201 3832 1402 3887 magno
1426 3816 1636 3883 animo,
1661 3830 1827 3886 quam

343 3906 537 3944 recens
560 3891 944 3959 susceperant,
978 3888 1323 3941 strictiorem
1353 3887 1732 3957 disciplinam.

302 4032 640 4085 Baanannus
670 4029 948 4082 Portarum
978 4026 1130 4098 prior
1147 4034 1387 4092 vocatus,
1413 4034 1466 4081 et
1487 4027 1579 4097 qui
1608 4043 1733 4081 cum
1763 4042 1826 4081 eo

232 4127 353 4174 sunt
396 4120 606 4183 fratres,
658 4115 1002 4183 venerandis,
1052 4123 1104 4170 et
1149 4115 1203 4169 in
1244 4115 1458 4171 Christo
1489 4115 1825 4170 charissimis

229 4207 532 4271 sororibus,
567 4204 857 4259 abbatissa:
886 4204 1255 4274 Lugdunensi,
1290 4210 1340 4258 et
1368 4202 1487 4256 aliis
1526 4204 1824 4258 sanctimo-

234 4295 468 4349 nialibus
496 4294 596 4347 sub
628 4293 743 4361 ejus
772 4292 1036 4364 regimine
1068 4291 1280 4345 Christo
1320 4290 1702 4357 servientibus,
1736 4291 1828 4346 de—

227 4383 565 4439 votissimam
597 4381 652 4433 in
682 4380 912 4435 Domino
943 4379 1189 4433 salutem.

303 4470 515 4525 Gratias
541 4469 754 4541 agimus
806 4469 937 4533 Deo,
982 4467 1126 4538 quod
1174 4466 1393 4521 tandem
1431 4466 1585 4521 vobis
1617 4466 1824 4522 donare

228 4560 481 4631 dignatus
514 4566 616 4619 est,
667 4565 723 4610 ut
754 4556 855 4609 sub
895 4556 1138 4627 regulari
1168 4555 1457 4626 disciplina
1486 4554 1743 4627 religiose
1774 4562 1827 4609 et

228 4656 411 4702 sancte
432 4645 705 4699 viveretis.
731 4646 809 4698 De
831 4645 935 4698 hoc
955 4644 1147 4715 gratiae
1168 4643 1422 4699 Deicirca
1445 4659 1542 4698 vos
1563 4642 1825 4699 beneﬁcio

228 4734 409 4807 angeli
439 4733 794 4804 gratulantur,
847 4732 1020 4787 sancti
1047 4733 1314 4798 laetantur,
1347 4732 1595 4786 Ecclesia
1625 4731 1825 4786 Christi

227 4822 497 4895 gloriatur
518 4829 570 4875 et
591 4820 839 4874 exsultat.
864 4820 980 4874 Jam
1004 4819 1118 4890 ipse
1136 4820 1378 4874 Christus
1392 4834 1648 4874 coronam
1669 4819 1824 4873 vobis

152 4936 157 4941 -
226 4909 551 4981 praeparavit
564 4909 618 4962 in
632 4909 804 4975 cmlis,
821 4908 965 4977 quia,
981 4908 1100 4977 ipso
1111 4908 1361 4974 donante,
1377 4907 1634 4961 mundum
1649 4916 1700 4962 et
1717 4908 1826 4961 dia-

226 4998 410 5053 bolum
430 4996 654 5053 vicistis.
678 4997 936 5050 Mundum
974 5011 1207 5066 namque
1225 4995 1447 5064 vicistis,
1473 4994 1599 5065 quia
1628 5011 1821 5067 quam—

226 5086 308 5140 vis
329 5086 505 5139 adhuc
526 5084 579 5138 in
602 5084 802 5138 mundo
834 5084 969 5144 sitis.
1003 5084 1110 5151 jam
1135 5091 1316 5138 tamen
1338 5099 1437 5152 per
1459 5084 1559 5138 Dei
1590 5084 1821 5155 gratiam

225 5176 294 5229 de
323 5174 526 5227 mundo
555 5188 663 5227 non
694 5172 843 5227 estis.
876 5171 1151 5242 Apostolis
1179 5173 1323 5227 enim
1344 5171 1747 5226 DixitChristus
1770 5180 1821 5226 et

225 5278 349 5317 cum
369 5260 649 5331 apostolis,
676 5260 830 5314 vobis
858 5275 868 5313 :
896 5262 974 5315 De
1008 5259 1218 5315 mundo
1253 5276 1368 5314 non
1404 5261 1553 5322 estis,
1592 5262 1687 5314 sed
1723 5275 1819 5329 ego

223 5350 365 5419 elegi
404 5366 494 5404 vos
533 5349 598 5402 de
629 5349 837 5403 mundo
861 5350 1043 5419 (Joan.
1064 5363 1162 5416 xv,
1190 5347 1297 5415 l9).
1328 5348 1408 5402 De
1438 5347 1641 5401 mundo
1675 5347 1814 5401 enim

223 5445 347 5492 sunt
367 5437 459 5508 qui
481 5437 741 5490 mundum
763 5436 1013 5507 diligunt,
1031 5444 1080 5489 et
1099 5435 1397 5490 secundum
1419 5434 1603 5488 mundi
1626 5450 1820 5489 concu-

222 5524 518 5598 piscentias
548 5525 753 5580 vivunt.
778 5524 1063 5581 Diabolum
1080 5532 1262 5581 autem
1284 5523 1508 5590 vicistis,
1525 5522 1650 5595 quia
1671 5538 1821 5578 arma

1931 3153 2035 3206 sint
2065 3153 2134 3207 de
2164 3154 2268 3207 hac
2299 3161 2503 3217 sancta,
2530 3161 2581 3207 et
2609 3153 2724 3207 Deo
2753 3152 2968 3223 placita,
2993 3170 3112 3224 quae
3142 3153 3221 3208 eis
3250 3154 3389 3209 facta
3419 3162 3520 3222 est,

1931 3240 2201 3306 violentia,
2253 3257 2352 3295 vos
2401 3257 2523 3311 quae
2570 3240 2969 3311 prudentiores,
3004 3251 3056 3296 et
3084 3242 3339 3297 meliores
3368 3243 3518 3311 estis,

1930 3328 2138 3383 debetis
2190 3344 2283 3382 cas
2327 3328 2379 3381 in
2425 3328 2607 3382 Verbo
2657 3329 2754 3383 Dei
2795 3329 3105 3395 consolari,
3150 3330 3395 3386 intimare
3442 3332 3522 3388 eis

1932 3416 2078 3487 quod
2100 3423 2285 3471 sancta
2306 3416 2581 3486 Scriptura
2602 3415 2730 3471 dicit
2764 3434 2777 3468 :
2804 3417 2959 3471 Sicut
2985 3419 3141 3472 tinea
3163 3420 3518 3487 vestimento,

1930 3508 1985 3559 et
2018 3505 2221 3559 vermis
2255 3505 2423 3575 ligno,
2456 3505 2540 3558 ita
2562 3504 2806 3559 tristitia
2826 3506 3162 3559 nocetcordi
3184 3505 3367 3575 (Prov.
3389 3523 3514 3572 xxv,

1927 3594 2039 3661 20).
2072 3591 2215 3646 Dicit
2259 3591 2422 3646 etiam
2462 3590 2752 3661 Apostolus
2785 3609 2799 3644 :
2836 3591 2967 3657 Quae
3003 3593 3313 3648 secundum
3341 3595 3518 3649 Deum.

1931 3680 2169 3734 tristitia
2191 3682 2276 3734 est
2286 3723 2297 3742 ,
2333 3680 2737 3750 paenitentiam
2758 3681 2823 3734 in
2842 3681 3080 3734 salutem
3104 3681 3363 3736 stabilem
3385 3697 3517 3753 ope-

1927 3771 2110 3832 ratur,
2136 3768 2332 3822 sa’culi
2351 3783 2475 3822 vero
2497 3767 2741 3821 tristitia
2759 3771 3001 3822 mortem
3022 3784 3187 3839 opera
3197 3772 3289 3824 tur
3308 3768 3384 3839 (II
3392 3770 3514 3825 Cor.

1927 3870 2025 3920 vn,
2065 3857 2173 3924 10).
2196 3855 2417 3909 Debetis
2447 3854 2607 3909 etiam
2637 3871 2734 3925 pro
2766 3855 2844 3909 eis
2876 3870 3051 3921 orare,
3088 3863 3139 3910 et
3168 3871 3263 3910 eas
3279 3856 3345 3911 ad
3367 3872 3521 3911 oran-

1928 3943 2054 3996 dum
2086 3943 2334 4008 invitare,
2364 3950 2419 3997 ut
2449 3958 2552 4013 per
2582 3943 2812 4014 gratiam
2841 3943 2960 4009 Dei,
2985 3944 3364 4000 necessitatem
3382 3961 3519 4001 con-

1927 4038 2141 4085 vertant
2170 4031 2223 4083 in
2255 4031 2606 4085 voluntatem.
2648 4032 2717 4084 Et
2760 4031 2897 4086 sicut
2931 4031 3121 4086 beatus
3158 4032 3520 4105 Hieronymus

1927 4119 2087 4174 docet
2116 4119 2296 4189 (epist.
2348 4124 2413 4173 10
2440 4119 2511 4173 ad
2541 4120 2816 4189 Furiam),
2864 4118 3061 4174 faciant
3089 4120 3158 4174 de
3197 4121 3519 4179 necessitate

1926 4206 2198 4261 virtutem.
2243 4209 2357 4261 Hoc
2378 4222 2478 4276 pro
2509 4207 2588 4261 eis
2608 4207 2655 4260 si
2688 4223 2805 4272 vos,
2838 4215 2889 4260 et
2912 4206 3017 4261 illa":
3037 4223 3138 4277 pro
3164 4224 3223 4262 se
3257 4208 3521 4264 instanter

1927 4294 2222 4362 oraverint,
2248 4295 2484 4349 Charitas
2504 4295 2600 4349 Dei
2614 4311 2712 4364 per
2731 4294 2987 4364 Spiritum
3005 4303 3247 4350 sanctum
3263 4296 3520 4353 diffunde-

1846 4384 2015 4446 D‘tur
2036 4382 2089 4434 in
2112 4382 2368 4436 cordibus
2385 4398 2590 4447 earum,
2616 4390 2667 4436 at
2688 4390 2815 4437 tunc
2834 4382 3101 4437 veraciter
3118 4383 3297 4439 dicent
3321 4403 3333 4439 :
3369 4387 3521 4441 Viam

1932 4471 2343 4525 mandatorum
2394 4475 2620 4525 tuorum
2664 4472 2913 4536 cucurri,
2960 4488 3089 4527 cum
3132 4472 3389 4529 dilatasti
3424 4490 3521 4530 cor

1936 4574 2125 4613 meum
2143 4560 2318 4627 (Psal.
2344 4559 2913 4629 cxvm,3t).Tristitia
2943 4559 3086 4614 enim
3117 4560 3172 4614 in
3202 4562 3367 4617 corde
3397 4562 3521 4618 facit

1934 4647 2231 4717 angustias,
2267 4656 2321 4701 ut
2345 4647 2542 4701 bonum
2574 4663 2710 4718 opus
2740 4646 2889 4701 oneri
2912 4648 2979 4702 sit
2999 4657 3051 4702 et
3072 4648 3250 4703 taadio.
3275 4649 3519 4704 Charitas

1932 4743 2111 4789 autem
2144 4735 2331 4789 dilatet
2362 4751 2477 4799 cor,
2511 4744 2567 4789 ut
2596 4751 2732 4805 opus
2762 4735 2963 4790 bonum
2994 4752 3116 4790 cum
3147 4736 3433 4803 hilaritate,
3467 4746 3520 4792 et

1926 4822 2041 4877 sine
2061 4822 2371 4878 difﬁcultate
2392 4822 2502 4878 ﬁat.
2530 4823 2733 4878 Omnes
2755 4838 2969 4894 quoque
2989 4824 3343 4879 communiter
3362 4824 3521 4881 facite

1924 4912 2069 4982 quod
2091 4911 2219 4965 dicit
2238 4911 2564 4981 Apostolus:
2595 4913 2791 4967 Mulier
2818 4913 3085 4983 innupta,
3105 4916 3160 4966 et
3181 4914 3349 4983 virgo,
3370 4915 3517 4985 cogi-

1925 5003 2010 5053 tat
2034 5016 2155 5070 quae
2176 5004 2312 5054 sunt
2328 4999 2571 5063 Domini,
2596 5001 2747 5055 utsit
2764 5004 2961 5054 sancta
2979 5015 3204 5070 corpore
3221 5016 3287 5055 ac
3306 5003 3517 5072 spiritu

1921 5088 1970 5156 (Ι
1989 5086 2109 5141 Cor.
2145 5102 2240 5153 vn,
2284 5088 2394 5156 34).
2447 5088 2689 5157 Corpore
2722 5096 2905 5142 sancta
2934 5095 3017 5141 est
3048 5104 3169 5157 quae
3199 5089 3360 5143 habet
3390 5106 3514 5145 cor-

1920 5190 2023 5244 pus
2054 5175 2474 5229 immaculatum.
2508 5176 2704 5245 Spiritu
2736 5183 2916 5229 sancta
2950 5182 3051 5241 est,
3085 5192 3206 5245 quze
3226 5177 3516 5246 cogitando

1921 5277 1985 5316 ea
2016 5278 2136 5332 quae
2185 5262 2399 5317 Domini
2444 5272 2584 5327 sunt,
2635 5270 2817 5317 servat
2865 5277 2960 5317 cor
2998 5263 3067 5316 ab
3116 5263 3426 5327 immundis,
3462 5274 3515 5319 et

1919 5348 2254 5404 illecebrosis
2319 5351 2738 5421 cogitationibus
2797 5351 3076 5415 mundum,
3134 5351 3278 5404 unde
3332 5351 3509 5405 illud:

1922 5437 2087 5493 Omni
2106 5439 2365 5494 custodia
2380 5455 2539 5493 serva
2556 5455 2651 5494 cor
2674 5443 2854 5504 tuum,
2880 5440 3144 5508 quoniam
3161 5454 3235 5493 ea:
3256 5440 3374 5509 ipso
3394 5440 3512 5495 vita

1916 5527 2171 5599 procedit
2199 5526 2383 5599 (Prov.
2418 5542 2493 5593 tv,
2526 5527 2638 5597 23).
2669 5527 2773 5582 Cor
2802 5535 2981 5582 autem
3010 5526 3079 5581 ita
3110 5525 3249 5581 bene
3277 5527 3511 5583 custodi-
