3972 6052
432 214 526 266 891

1339 208 1691 267 BERNABDI
1727 206 1976 261 CARTH.
2018 199 2397 257 PORTARUM
2436 199 2710 257 PRIORIS
2750 203 2791 255 Ι.

3605 198 3715 248 892

433 345 533 403 tur,
569 338 615 391 si
646 338 848 394 sanctis
880 353 1097 407 semper
1135 335 1577 405 cogitationibus,
1613 340 1869 404 quantum
1898 326 2015 381 fieri
2037 327 2093 385 A
2122 324 2207 378 nis
2254 323 2583 380 cruciatibus
2620 324 2925 395 impiorum,
2978 320 3328 393 perfruamini
3356 326 3559 375 eterna
3592 318 3717 372 feli-

430 434 628 495 potest.
660 434 985 496 occupatum
1016 432 1264 479 teneatur
1297 424 1475 491 :juxta
1496 422 1641 491 quod
1662 420 1894 490 legitur:
1924 418 2020 472 Co-

432 516 633 583 gitatio
655 519 855 569 sancta
877 514 1122 569 servabit
1141 516 1193 567 te
1214 514 1395 580 (Prov.
1417 526 1476 573 ιι,
1505 513 1561 562 11
1585 525 1694 564 sec.
1715 508 1890 574 LXX).
1908 506 2020 559 Hoc

430 609 608 655 autem
658 602 962 672 vigilanter,
1015 609 1067 655 et
1116 599 1354 654 studiose
1385 598 1566 651 facere
1598 596 1827 657 debetis,
1860 593 2020 647 modo

434 706 534 759 per
580 690 897 755 orationem,
949 691 1106 742 modo
1150 704 1247 757 per
1302 695 1541 741 sanctam
1597 682 2015 748 meditationem,

430 777 717 847 aliquando
746 794 845 848 per
890 793 1146 830 manuum
1178 776 1230 828 in
1263 774 1476 828 silentio
1512 772 1897 842 operationem,
1932 770 2019 823 di—

433 873 589 919 cente
618 866 877 934 Apostolo
912 882 925 917 :
962 865 1066 930 Qui
1086 881 1199 919 non
1230 864 1353 917 vult
1382 862 1625 933 Operari,
1646 877 1758 914 non
1780 859 2020 913 mandu-

435 957 522 1007 cet
553 953 625 1019 (II
657 954 838 1007 Thess.
890 968 970 1016 ιιι,
1018 950 1126 1019 10).
1179 950 1338 1019 Saepe
1375 964 1506 1003 vero
1536 964 1635 1018 per
1663 946 2018 1016 psalmodiam

432 1040 684 1094 cordibus
715 1048 766 1094 et
794 1039 1016 1094 vocibus
1045 1037 1469 1093 consonantibus
1494 1056 1507 1101 ;
1543 1036 1681 1091 sicut
1712 1034 1851 1088 idem
1877 1037 2019 1102 Apo-

436 1128 603 1181 stolus
632 1128 791 1183 docet
824 1143 835 1180 :
873 1127 1202 1191 Cantantes,
1238 1129 1294 1181 et
1317 1126 1629 1196 psallentes
1676 1124 1734 1177 in
1767 1123 2021 1176 cordibus

435 1217 634 1270 vestris
676 1216 910 1271 Domino
950 1216 1110 1285 (Eph.
1144 1230 1199 1278 v,
1236 1216 1344 1282 19).
1379 1211 1512 1280 Quae
1542 1211 1663 1265 licet
1696 1210 1878 1264 omnia
1909 1217 2019 1262 stu-

433 1302 740 1357 diosissime
770 1302 1016 1368 faciatis,
1050 1300 1387 1370 impossibile
1433 1307 1612 1353 tamen
1643 1306 1724 1351 est
1754 1306 1809 1351 ut
1839 1296 2020 1366 pravis

431 1390 652 1444 omnino
684 1388 1126 1461 suggestionibus
1154 1387 1405 1441 careatis.
1428 1386 1621 1439 Tribus
1641 1394 1817 1448 autem
1843 1383 2020 1438 modis

433 1485 714 1546 peccatum
750 1484 1093 1547 perpetretur
1127 1493 1139 1528 :
1175 1474 1545 1545 suggestione,
1588 1490 1709 1544 qua)
1747 1472 1805 1526 fit
1835 1488 1867 1527 a
1896 1472 2017 1526 dia-

432 1565 557 1619 bolo
587 1582 687 1634 per
714 1565 1132 1636 cogitationem;
1158 1562 1538 1627 delectatione,
1564 1578 1683 1632 qum
1704 1561 1762 1614 lit
1781 1577 1881 1631 per
1902 1577 2020 1615 car-

430 1667 576 1715 nem,
610 1652 799 1706 eodem
834 1651 1048 1706 diabolo
1087 1650 1455 1704 inﬂammante
1486 1649 2015 1719 concupiscentiam;
2040 1669 2091 1728 Β

431 1754 723 1803 consensu,
759 1739 847 1809 qui
878 1739 933 1792 fit
962 1754 1056 1803 per
1085 1738 1346 1792 animum.
1382 1738 1489 1793 Sed
1519 1738 1726 1791 nullum
1759 1745 1840 1791 est
1869 1737 2018 1807 peri-

428 1827 627 1892 culum,
660 1826 861 1880 nullum
892 1835 975 1881 est
1003 1826 1223 1880 omnino
1254 1833 1552 1895 peccatum,
1574 1825 1619 1878 si
1639 1826 2017 1897 cogitationes,

427 1930 733 1969 muscarum
764 1930 934 1979 more,
969 1914 1275 1984 importune
1298 1913 1587 1980 irruentes,
1613 1914 1877 1966 instanter
1905 1913 2018 1965 abi-

435 2010 527 2073 gat
565 2002 795 2069 animus,
832 2019 994 2072 super
1021 2002 1321 2056 custodiam
1350 2002 1433 2055 sui
1462 2001 1749 2072 vigilanter
1767 2001 2020 2055 excubias

431 2105 623 2161 agens.
655 2091 708 2145 Si
731 2098 907 2144 autem
943 2106 1095 2144 mens
1126 2090 1396 2156 dormitat,
1430 2098 1483 2142 et
1514 2089 1716 2158 passim
1750 2089 2022 2158 quaslibet

432 2178 757 2241 immundos,
792 2185 844 2231 et
870 2178 1057 2231 noxias
1086 2177 1444 2249 cogitationes
1459 2192 1564 2230 non
1588 2176 1761 2230 solum
1784 2176 2016 2245 ingredi,

435 2265 533 2318 sed
563 2265 723 2318 etiam
766 2280 977 2319 moram
1007 2265 1062 2318 in
1108 2265 1288 2319 animo
1318 2264 1495 2319 facere
1524 2264 1804 2333 permittit,
1836 2264 2020 2318 incre-

444 2360 533 2421 pat
560 2368 659 2405 nos
682 2368 859 2406 sermo
880 2352 1092 2407 divinus
1113 2369 1212 2422 per
1228 2352 1554 2422 PrOphetam
1577 2370 1589 2404 :
1616 2354 1893 2423 Usquequo
1914 2368 2024 2407 m0-

434 2440 719 2495 rabuntur
746 2442 808 2494 in
840 2444 892 2494 te
922 2441 1291 2510 cogitationes
1313 2441 1502 2494 noxiw
1526 2439 1799 2509 ?(.Ier.1v,
1823 2440 1934 2509 ll.)
1966 2439 2023 2492 Si

432 2535 611 2581 autem
641 2535 765 2597 post
794 2544 1012 2597 pravam
1041 2528 1451 2599 suggestionem
1481 2543 1579 2597 per
1596 2527 1817 2581 nimiam
1846 2527 2017 2597 negli-

434 2615 695 2687 gentiam,
721 2616 1029 2679 delectatio,
1055 2617 1167 2669 sive
1197 2616 1636 2685 concupiscentia
1666 2624 1813 2669 mota
1842 2614 2018 2679 fuerit,

432 2711 557 2757 tunc
586 2703 777 2756 saltem
808 2704 1215 2774 expergiscatur
1244 2704 1475 2766 animus,
1512 2711 1564 2757 et
1592 2720 1689 2772 per
1717 2702 2020 2758 invocatio-

432 2806 557 2844 nem
586 2791 820 2844 nominis
849 2790 1043 2843 Christi
1073 2790 1254 2861 ignem
1286 2790 1574 2845 excitatum
1603 2790 2018 2861 exstinguendo,

431 2879 636 2941 hostes,
682 2878 791 2945 jam
843 2878 977 2931 intra
1009 2879 1224 2945 januam
1272 2878 1558 2937 admissos.
1603 2878 1830 2932 viriliter
1879 2878 2019 2931 resi-

430 2966 622 3020 stendo
653 2965 917 3030 excludat,
970 2982 1038 3018 ne
1069 2974 1121 3020 et
1150 2966 1265 3035 ipse
1296 2966 1463 3035 (quod
1494 2966 1657 3035 absit)
1686 2982 1783 3036 per
1813 2966 2021 3035 peccati

433 3069 761 3108 consensum
807 3053 1049 3122 captivus
1095 3055 1355 3119 trahatur,
1393 3054 1477 3109 vel
1506 3054 1666 3107 etiam
1696 3054 2013 3124 perimatur.

433 3142 490 3197 Si
521 3157 651 3196 vero
680 3148 802 3211 post
848 3141 1263 3196 delectationem
1313 3149 1570 3211 sequatur
1616 3157 1934 3209 consensus,
1970 3150 2022 3195 ut

433 3229 658 3295 scilicet,
694 3229 838 3299 quod
868 3244 998 3282 caro
1028 3229 1377 3298 concupiscit,
1398 3229 1610 3283 animus
1631 3230 2024 3285 deccrnatesse

435 3316 759 3381 faciendum,
782 3317 894 3383 jam
912 3317 1131 3370 omnino
1150 3324 1430 3386 peccatum
1461 3317 1774 3386 imputatur,
1815 3318 2026 3371 etiamsi

434 3420 542 3459 non
605 3405 970 3474 subsequatur
1026 3404 1225 3459 factum
1278 3420 1289 3457 :
1342 3406 1593 3476 quoniam
1644 3421 1738 3460 rea
1788 3414 2019 3471 tenetur,

432 3492 591 3545 etiam
624 3492 740 3547 sine
782 3509 949 3563 opere
996 3493 1137 3547 malo
1189 3494 1437 3549 voluntas
1482 3493 1641 3547 mala.
1693 3494 1840 3549 Sicut
1882 3494 2023 3547 enim

433 3580 632 3635 bonam
660 3580 989 3636 voluntatem
1021 3589 1233 3652 reputat
1263 3583 1407 3635 Deus
1438 3582 1639 3636 homini
1663 3582 1729 3635 ad
1743 3582 2021 3650 justitiam,

433 3668 645 3723 etiamsi
688 3685 797 3723 non
846 3670 1045 3723 habeat
1088 3669 1401 3725 laeultatem
1453 3670 1592 3724 bene
1636 3669 1920 3739 operandi,
1951 3669 2019 3723 ita

435 3756 764 3810 voluntatem
812 3757 1007 3810 malam
1058 3765 1267 3826 reputat
1312 3756 1381 3810 ad
1428 3764 1732 3826 peccatum,
1777 3757 2023 3827 quamvis

429 3859 539 3897 non
568 3844 763 3897 habeat
792 3844 1246 3912 opportunitatem
1277 3844 1559 3913 peccandi.
1593 3845 1719 3898 Haec
1750 3844 1817 3897 de
1844 3844 2025 3897 cordis

435 3930 680 3985 custodia
735 3931 970 3985 breviter
1025 3931 1277 3995 diximus,
1325 3939 1379 3983 ut
1443 3931 1753 4001 intelligetis
1798 3931 2025 4001 qualiter

424 4018 574 4085 juxta
606 4017 985 4087 apostolicum,
1011 4018 1153 4089 quod
1175 4033 1340 4087 supra
1363 4017 1616 4087 diximus,
1636 4018 2021 4088 testimonium,

436 4121 542 4160 non
575 4114 777 4159 tantum
823 4106 1091 4175 corporis,
1145 4107 1241 4160 sed
1285 4114 1337 4160 et
1368 4107 1563 4161 mentis
1614 4108 2025 4162 sanctimoniam

434 4193 629 4248 sectari
675 4194 936 4249 debeatis.
988 4192 1161 4261 Quam
1216 4202 1417 4265 quanto
1466 4196 1759 4250 studiosius
1805 4203 2025 4251 sectata:

386 4345 392 4353 η
437 4282 661 4346 fueritis,
705 4289 850 4336 tanto
898 4282 1074 4353 magis
1115 4282 1333 4337 Christo
1381 4284 1630 4351 Domino,
1664 4284 1750 4339 cui
1779 4284 2023 4354 despon—

437 4377 569 4424 sata:
613 4370 743 4423 estis
784 4370 1087 4440 placabitis,
1122 4379 1172 4425 et
1206 4371 1274 4425 ab
1305 4371 1423 4441 ipso
1453 4372 1641 4427 audire
1687 4372 2023 4427 merebimini
2045 4366 2096 4423 D

434 4457 583 4522 illud,
618 4458 761 4528 quod
790 4458 988 4528 legitur
1016 4459 1073 4512 in
1104 4459 1323 4515 Cantico
1353 4460 1687 4516 canticorum
1722 4479 1735 4515 :
1768 4463 1923 4525 Ecce,
1961 4466 2025 4516 tu

440 4545 679 4617 pulchra
702 4563 777 4610 es,
795 4549 980 4602 amica
999 4565 1145 4613 mea,
1169 4564 1292 4604 ecce
1316 4553 1378 4603 tu
1396 4550 1635 4619 pulchra
1657 4566 1732 4603 es.
1759 4549 1917 4604 Oculi
1940 4551 2027 4603 tui

439 4632 826 4690 columbarum
866 4637 1055 4703 (Cant.
1098 4652 1136 4701 ι,
1159 4638 1273 4705 24).
1305 4636 1393 4690 Bis
1424 4637 1574 4701 dixit,
1611 4636 1869 4706 pulchra;
1902 4638 2026 4706 pul-

440 4723 571 4775 chra
620 4722 827 4777 scilicet
863 4722 1088 4777 interius
1129 4731 1178 4777 et
1224 4724 1451 4793 pulchra
1493 4724 1764 4795 exterius;
1799 4724 2027 4793 pulchra

440 4809 667 4863 interius
697 4826 794 4879 per
839 4811 1022 4866 cordis
1064 4811 1369 4881 puritatem,
1425 4820 1474 4864 et
1518 4812 1742 4881 pulchra
1790 4811 2027 4865 exterius

440 4914 536 4967 per
564 4898 687 4953 vita:
717 4898 1099 4969 integritatem.
1133 4901 1267 4953 Item
1298 4900 1518 4968 pulchra
1549 4899 1768 4953 interius
1798 4916 1897 4969 per
1925 4900 2027 4954 bo-

441 5002 564 5039 nam
608 4987 996 5053 intentionem;
1039 4996 1090 5041 et
1134 4987 1361 5057 pulchra
1408 4987 1639 5041 exterius
1686 5004 1782 5057 per
1831 4988 2030 5043 bonam

445 5074 834 5142 operationem.
880 5075 1107 5129 Pulchra
1154 5074 1376 5129 interius
1422 5091 1520 5144 per
1550 5075 1747 5129 bonam
1778 5076 2029 5130 volunta-

442 5168 572 5225 tem,
606 5162 833 5230 pulchra
863 5164 1099 5217 exterius
1130 5178 1227 5232 per
1268 5171 1514 5217 sanctam
1542 5165 2028 5219 conversationem.

451 5249 610 5305 Oculi
633 5252 736 5315 tui,
771 5250 961 5320 inquit,
989 5251 1393 5316 columbarum,
1419 5250 1543 5321 quia
1567 5267 1722 5305 more
1751 5252 2030 5306 columba-

445 5354 585 5402 rum,
622 5353 852 5407 quarum
882 5346 1070 5392 natura
1099 5339 1326 5408 simplex
1358 5347 1457 5403 est,
1494 5346 1547 5393 et
1578 5339 1694 5393 sine
1725 5339 1866 5405 felle,
1901 5340 2034 5394 nihil

450 5424 635 5479 vident
693 5424 833 5480 oculi
891 5425 966 5478 tui
1022 5427 1167 5496 quod
1216 5426 1428 5481 animus
1475 5426 1613 5481 male
1660 5428 2029 5498 concupiscat.

453 5512 682 5582 Quando
710 5520 886 5567 autem
920 5514 988 5568 de
1018 5515 1120 5569 hac
1151 5515 1258 5570 vita
1275 5515 1508 5581 exibitis,
1532 5516 1772 5572 liberata:
1794 5516 1862 5571 ab
1883 5524 2035 5571 aeter-

2119 413 2279 467 citate
2320 413 2608 481 justorum,
2643 420 2694 466 et
2714 411 2966 466 videbitis
3018 412 3227 480 Regem
3274 408 3329 462 in
3358 408 3554 462 decore
3582 421 3703 473 suo,

2115 500 2171 554 in
2190 518 2349 571 quem
2374 501 2685 555 desiderant
2718 499 2896 572 angeli
2929 498 3261 569 prospicere.
3295 495 3491 550 Audite
3520 494 3716 548 Domi-

2126 606 2252 642 num
2284 589 2336 642 in
2360 589 2661 660 Evangelio
2680 588 2953 643 dicentem
2987 603 2998 641 :
3042 586 3275 656 l’igilate
3292 584 3448 640 omni
3470 587 3718 652 tempore

2120 680 2367 742 orantes,
2384 681 2449 731 ut
2462 677 2796 732 mereamini
2808 679 3002 745 fugere
3015 674 3167 727 mala
3180 689 3300 742 qua:
3315 674 3552 725 ventura
3571 672 3713 723 sunt

2119 766 2182 819 in
2213 766 2529 819 novissimis
2559 764 2768 831 diebus,
2803 767 2857 817 et
2890 766 3043 816 stare
3072 764 3206 814 ante
3238 760 3446 813 Filium
3468 758 3716 812 hominis

2120 854 2272 919 (Luc.
2300 868 2406 917 xxt,
2433 855 2543 923 36).
2569 850 2934 920 EtApostolus
2959 867 2973 903 :
2998 850 3113 904 Non
3126 852 3262 902 sunt
3283 846 3568 916 condignae
3582 861 3716 915 pas-

2119 943 2303 997 siones
2319 942 2486 1011 hujus
2504 942 2787 1011 temporis,
2803 939 2875 993 ad
2888 941 3149 1008 futuram
3168 937 3405 1006 gloriam
3428 950 3549 1005 quae
3570 948 3720 987 reve-

2121 1030 2332 1084 labitur
2355 1032 2415 1083 in
2456 1028 2614 1083 nobis
2637 1029 2813 1097 (Rom.
2848 1041 2968 1093 vm,
3006 1026 3114 1091 18).
3148 1025 3275 1078 Haec
3304 1022 3562 1093 cogitate,
3595 1020 3716 1074 haec

2119 1117 2343 1170 assidua
2392 1116 2742 1170 meditatione
2789 1113 3014 1169 recolite
3050 1130 3064 1165 :
3097 1120 3147 1165 et
3176 1110 3307 1163 nihil
3352 1108 3714 1170 laboriosum,

2118 1204 2252 1258 nihil
2281 1219 2573 1258 onerosum
2605 1201 2958 1265 aestimabitis,
2994 1215 3099 1270 quo
3121 1197 3341 1268 possitis
3362 1196 3504 1268 ignis
3525 1195 3718 1249 aeterni

2120 1287 2386 1357 supplicia
2428 1287 2681 1352 evadere,
2730 1292 2782 1340 et
2819 1282 3170 1337 beatitudinis
3222 1289 3437 1334 aeterna:
3490 1278 3721 1349 praemia

2119 1375 2384 1429 obtinere.

2668 1466 3008 1523 EPISTOLA
3039 1466 3129 1519 III.

2538 1606 2608 1645 AD
2640 1605 2961 1645 RAINALDUM
2993 1602 3285 1643 INCLUSUM.

2341 1717 2592 1785 Qualiter
2621 1732 2810 1770 coram
2842 1713 3072 1770 Domino
3103 1714 3176 1766 sit
3206 1710 3520 1766 vivendum.

2192 1842 2524 1894 Bnanxnnus
2552 1839 2829 1892 Portamm
2851 1835 3006 1891 Prior
3024 1842 3267 1898 vocatus,
3291 1834 3581 1887 RAINALDO
3603 1830 3715 1883 fra-

2120 1928 2187 1982 tri
2218 1928 2447 1992 incluso,
2483 1927 2536 1979 in
2562 1934 2748 1981 sancto
2779 1924 3058 1995 proposito
3091 1922 3319 1975 viriliter
3348 1936 3537 1991 agere.

2194 2018 2325 2071 Rem
2359 2015 2573 2085 quidem
2606 2015 2911 2076 honestam,
2945 2011 3041 2065 sed
3070 2010 3156 2065 cui
3184 2008 3322 2063 forte
3344 2009 3546 2076 justam
3578 2022 3716 2075 pos-

2124 2120 2305 2157 semus
2353 2101 2755 2157 excusationem
2795 2099 3109 2160 obtendere,
3145 2096 3413 2167 postulas;
3446 2103 3502 2147 ut
3532 2094 3712 2164 quali-

2122 2199 2206 2245 ter
2235 2190 2331 2243 tibi
2358 2206 2535 2243 coram
2568 2189 2798 2242 Domino
2830 2186 3117 2241 vivendum
3149 2185 3234 2249 sit,
3270 2183 3470 2252 scripto
3499 2182 3718 2251 digera-

2123 2294 2262 2332 mus.
2288 2278 2394 2331 Sed
2424 2293 2492 2330 ne
2520 2276 2694 2347 magis
2721 2275 3000 2329 videamur
3021 2272 3272 2328 charitati
3293 2270 3529 2324 defuisse
3548 2285 3714 2339 quam

2122 2365 2511 2420 rationabiliter
2539 2378 2847 2427 excusasse,
2899 2377 3008 2415 non
3039 2360 3256 2430 quidem
3287 2365 3447 2428 prout
3474 2357 3715 2426 expedit,

2123 2454 2220 2508 sed
2250 2454 2389 2508 sicut
2433 2452 2666 2506 charitas
2695 2449 2958 2520 suggerit,
2992 2455 3095 2501 tute
3124 2446 3367 2516 petitioni
3396 2443 3714 2499 satisfacere

2120 2541 2491 2613 aggredimur.
2525 2537 2868 2593 Commoneri
2899 2543 3075 2590 autem
3108 2542 3157 2588 te
3184 2533 3450 2596 volumus,
3483 2549 3583 2587 nos
3612 2548 3715 2586 ne—

2123 2645 2390 2699 quaquam
2440 2627 2601 2681 fixam
2633 2625 2726 2679 tibi
2759 2632 2809 2679 et
2839 2631 3045 2678 certam
3076 2622 3292 2677 vivendi
3323 2621 3567 2692 regulam
3601 2628 3717 2673 sta-

2122 2725 2311 2780 tuere;
2348 2716 2443 2769 sed
2489 2732 2609 2785 qum
2651 2712 3040 2783 compendiosa
3078 2710 3346 2776 videntur,
3382 2725 3445 2764 ex
3477 2709 3559 2762 bis
3590 2726 3716 2778 qua:

2122 2804 2490 2860 ecclesiastica
2503 2802 2692 2872 religio
2709 2801 3006 2856 observare
3025 2797 3320 2863 consuevit,
3343 2796 3436 2851 tibi
3456 2796 3716 2861 breviter,

2120 2892 2419 2945 insinuare.
2454 2891 2509 2944 Si
2542 2906 2663 2960 quae
2689 2903 2820 2943 vero
2850 2887 3164 2950 dixerimus,
3197 2902 3319 2956 quae
3345 2885 3431 2939 vel
3460 2884 3597 2937 dura
3626 2884 3711 2936 ni-

2124 2980 2225 3032 mis
2256 2979 2561 3043 videantur,
2587 2977 2672 3031 vel
2686 2976 2852 3040 levia;
2872 2984 3021 3028 tuum
3037 2973 3136 3027 erit
3155 2973 3239 3027 vel
3260 2973 3395 3027 dura
3415 2971 3716 3026 levioribus

2123 3076 2446 3137 temperare,
2499 3064 2584 3119 vel
2640 3064 2782 3119 levia
2830 3061 3224 3117 robustioribus
3273 3068 3517 3125 mutare;
3553 3066 3719 3129 prout

2122 3155 2384 3209 Dominus
2415 3140 2746 3208 voluntatem
2778 3150 2872 3203 tibi
2901 3148 3108 3203 dederit
3139 3148 3361 3217 pariter,
3396 3155 3447 3201 et
3476 3146 3711 3201 faculta-

2122 3247 2231 3293 tem
2269 3256 2280 3293 :
2315 3246 2525 3292 servata
2573 3244 2754 3290 tamen
2804 3234 3004 3303 ubique
3048 3232 3217 3302 (quod
3267 3231 3488 3285 multum
3517 3246 3713 3285 mone~

2123 3328 2265 3395 mus)
2294 3325 2639 3387 discretione,
2665 3338 2785 3392 quas
2816 3328 2868 3375 et
2898 3321 2969 3375 ad
2999 3320 3316 3390 profectum,
3351 3327 3404 3372 et
3432 3319 3499 3372 ad
3517 3335 3715 3388 perse-

2123 3414 2421 3468 verantiam
2461 3410 2742 3481 religionis
2791 3408 3079 3478 plurimum
3124 3407 3309 3461 valere
3348 3406 3711 3477 dignoscitur,

2124 3501 2448 3570 Incipientes
2497 3498 2660 3564 enim,
2702 3512 2840 3568 quos
2884 3495 3116 3550 novitios
3158 3501 3369 3559 vocant,
3403 3494 3718 3564 plerumque

2122 3590 2330 3656 majora
2360 3586 2565 3640 viribus
2607 3584 2856 3657 aggressi
2896 3586 2984 3652 (eo
3030 3582 3173 3653 quod
3224 3582 3493 3636 fervorem
3525 3597 3715 3635 eorum

2124 3677 2294 3730 soleat
2340 3673 2649 3729 indiscretio
2696 3671 2965 3739 comitari)
3010 3678 3117 3733 aut,
3172 3670 3317 3739 quod
3345 3670 3587 3739 graviter
3616 3669 3716 3723 do-

2124 3764 2342 3818 lendum
2395 3772 2495 3826 est,
2546 3758 3000 3831 perseverantiam
3050 3758 3314 3827 perdunt;
3348 3764 3440 3810 aut
3487 3771 3715 3828 gravem

2124 3853 2388 3922 corporis,
2442 3849 2768 3921 quandoque
2812 3862 2942 3901 vero
2989 3853 3042 3900 et
3082 3845 3279 3899 mentis
3310 3844 3714 3899 invalitudinem

2124 3940 2481 4002 incurrentes,
2515 3936 2584 3991 ad
2614 3935 2838 4000 leviora,
2872 3943 2926 3989 et
2953 3933 3113 3986 nimis
3146 3932 3372 3986 remissa
3393 3948 3512 4002 qua:
3532 3932 3715 3986 omni-

2125 4044 2195 4083 no
2219 4026 2505 4097 reliquisse
2536 4024 2855 4087 debuerant,
2890 4021 3064 4076 redire
3086 4020 3501 4090 compelluntur.

2194 4118 2271 4169 De
2299 4114 2546 4169 silentio.
2579 4143 2647 4151 —
2680 4111 2774 4165 His
2820 4110 2986 4180 igitur
3028 4108 3342 4180 praemissis,
3388 4108 3456 4162 de
3504 4107 3720 4162 silentio

2124 4202 2272 4274 prius
2303 4202 2565 4256 dicamus.
2597 4201 2710 4254 Hoc
2741 4198 2961 4253 omnino
2993 4196 3087 4250 tibi
3117 4196 3524 4250 observandum
3559 4194 3719 4250 vide-

2125 4300 2230 4355 tur,
2265 4299 2321 4344 ut
2349 4306 2379 4343 a
2408 4287 2770 4357 Completorio
2800 4302 2970 4357 usque
2992 4284 3060 4339 ad
3090 4283 3328 4338 Primam
3359 4284 3546 4337 aestivo
3576 4291 3718 4337 tem-

2126 4395 2279 4449 pore,
2314 4377 2531 4431 hiemali
2560 4391 2690 4430 vero
2722 4382 2983 4444 tempore,
3008 4388 3179 4443 usque
3202 4373 3268 4426 ad
3291 4371 3524 4426 Tertiam
3545 4371 3719 4425 silen-

2130 4467 2261 4521 tium
2309 4474 2513 4519 teneas.
2565 4465 2701 4517 Cum
2746 4462 2890 4516 enim
2920 4477 3138 4530 semper
3170 4462 3448 4531 (quantum
3480 4476 3569 4513 res
3599 4459 3720 4529 ipsa

2127 4553 2403 4625 permittit)
2461 4551 2733 4606 silentium
2782 4558 3001 4619 captare
3042 4556 3094 4602 et
3124 4549 3315 4603 sectari
3344 4548 3565 4613 debeas,
3598 4563 3718 4601 ma-

2128 4642 2270 4696 xime
2300 4648 2461 4695 noctu
2492 4655 2599 4693 non
2648 4647 2730 4693 est
2772 4637 3101 4701 violandum,
3150 4635 3254 4689 nisi
3292 4635 3587 4689 vehemens
3616 4650 3721 4690 ne-

2129 4730 2357 4785 cessitas
2378 4726 2684 4797 compellat,
2708 4734 2766 4780 ut
2791 4724 2976 4795 paucis
2998 4724 3196 4790 verbis,
3230 4732 3282 4778 et
3311 4740 3434 4778 cum
3455 4722 3723 4777 modestia

2129 4817 2385 4888 prolatis,
2438 4832 2528 4870 res
2593 4814 2902 4870 necessaria
2955 4811 3308 4884 significetur.
3364 4811 3551 4866 Otiosa
3588 4827 3720 4867 vero

2130 4906 2318 4970 verba,
2354 4912 2406 4959 et
2434 4903 2633 4956 nullius
2664 4901 2902 4955 utilitatis
2929 4900 3143 4970 pondus
3174 4898 3449 4964 habentia,
3483 4913 3593 4953 non
3622 4914 3719 4953 so-

2130 4994 2239 5047 lum
2284 5007 2394 5047 non
2430 4991 2600 5045 debes
2642 4989 2930 5059 aliquando
2978 4988 3144 5057 loqui,
3179 4987 3277 5042 sed
3305 5002 3408 5042 nec
3437 4987 3504 5040 ab
3534 4986 3721 5056 aliquo

2132 5081 2337 5154 audire.
2368 5079 2561 5134 Nullus
2605 5077 2699 5131 tibi
2740 5076 2965 5141 fabulas,
3017 5076 3104 5130 vel
3133 5075 3507 5137 scurrilitates,
3541 5074 3724 5128 nullus

2132 5184 2378 5224 rumores
2415 5166 2743 5221 exteriorum
2771 5164 3113 5235 negotiorum
3146 5163 3344 5217 audeat
3375 5161 3609 5216 referre.
3652 5162 3726 5214 ll-

2134 5257 2223 5310 lud
2252 5263 2458 5310 tantum
2487 5254 2612 5308 audi
2642 5253 2891 5321 libenter,
2927 5252 3070 5307 unde
3104 5253 3218 5306 Deo
3246 5251 3449 5321 gratias
3479 5265 3635 5320 agas,
3671 5250 3721 5303 si

2134 5343 2390 5399 beneficia
2436 5342 2616 5397 divina
2655 5350 2797 5407 sunt,
2850 5341 2934 5396 vel
2977 5340 3121 5394 unde
3166 5356 3352 5395 coram
3380 5340 3496 5393 Deo
3525 5353 3725 5407 preces

2134 5432 2401 5497 etfundas,
2433 5431 2478 5486 si
2508 5429 2681 5484 tristia
2711 5429 2815 5483 sint
2846 5428 2930 5484 vel
2959 5428 3212 5483 adversa.
3244 5427 3435 5482 Omnis
3457 5426 3546 5497 qui
3568 5426 3638 5479 ad
3668 5434 3727 5481 te

2136 5521 2299 5583 venit,
2350 5519 2436 5574 vel
2466 5526 2575 5573 ate
2622 5518 2762 5572 bona
2811 5516 3009 5581 audiat,
3045 5516 3130 5572 vel
3156 5515 3253 5570 tibi
3284 5515 3426 5570 bona
3456 5515 3627 5569 dicat.
3667 5514 3729 5568 Si
