3972 6052
438 234 540 286 895

1342 234 1697 289 BERNARDI
1736 232 1991 288 CARTH.
2042 230 2424 287 PORTARUM
2462 231 2739 289 PRIORIS
2778 233 2820 287 Ι.

3622 235 3731 287 896

434 372 620 410 aerem
650 356 920 413 inclusum
964 359 1179 426 obesse,
1228 358 1371 430 quod
1421 366 1472 412 et
1502 359 1696 413 crebra
1720 357 1924 427 jejunia
1956 356 2030 410 fa-
2052 358 2100 417 A
2134 357 2347 411 redeas.
2381 357 2529 413 Tunc
2557 365 2759 423 autem,
2790 356 2927 412 sicut
2956 372 3116 427 supra
3147 356 3400 426 diximus,
3434 356 3731 426 spirituali-

432 459 558 499 cere
591 455 929 513 noscuntur;
964 463 1071 501 non
1103 446 1435 500 arbitramur
1467 445 1560 499 tibi
1593 445 1850 516 expedire
1884 446 2024 515 quod

431 548 689 604 magnum
740 534 1076 589 abstinentiae
1108 535 1346 606 rigorem
1381 550 1654 588 assumas.
1694 534 1865 604 Igitur
1897 534 2028 587 satis

433 636 556 676 esse
586 622 878 689 credimus,
914 632 970 676 ut
1002 630 1155 677 sexta
1188 622 1321 676 feria
1352 623 1520 677 semel
1553 620 1780 687 reﬁcias,
1816 638 1911 691 per
1943 629 2026 674 to-

427 715 541 761 turn
572 724 771 762 annum
806 728 818 762 :
851 711 1169 763 abstinendo
1200 710 1418 781 quidem
1440 726 1470 763 a
1494 709 1637 774 vino,
1665 710 1761 764 sed
1783 710 2029 779 pulmen-

432 803 540 849 tum
573 797 837 851 sumendo
863 816 875 863 ;
909 798 1012 850 nisi
1044 797 1163 851 festi
1207 798 1345 863 dies,
1398 797 1483 851 vel
1514 805 1721 852 octavae
1751 812 2029 851 sacrarum

431 883 829 938 solemnitatum
879 885 1088 938 Natalis
1139 885 1374 953 Domini,
1429 887 1652 939 Pasche‘e
1683 894 1735 939 et
1769 886 2075 939 Penteco--

432 977 543 1025 stes
574 972 925 1037 occurrerint,
970 973 1055 1027 vel
1104 972 1428 1045 sanguinem
1460 972 1740 1039 minueris,
1778 972 1861 1026 vel
1893 971 2032 1026 forte

431 1066 669 1128 aegrotus
701 1058 889 1113 fueris.
928 1058 1083 1127 Quod
1116 1059 1161 1112 si
1185 1068 1370 1130 quarta
1392 1059 1527 1114 feria
1548 1060 1736 1113 eadem
1760 1059 2035 1113 abstinen-

430 1145 501 1198 tia
534 1146 625 1198 tibi
670 1146 1023 1219 transigenda
1072 1148 1332 1209 videatur,
1382 1147 1517 1201 nihil
1563 1147 1790 1201 ulterius
1821 1147 2033 1200 adden-

433 1232 561 1286 dum
592 1250 899 1288 censemus.
954 1234 1166 1302 Jejunia
1209 1234 1350 1288 enim
1399 1234 1452 1287 in
1498 1250 1636 1305 pane
1677 1242 1728 1288 et
1776 1250 1933 1304 aqua,
1970 1248 2034 1287 ea

432 1336 592 1391 quam
627 1338 789 1391 supra
824 1322 1055 1375 diximus
1086 1338 1266 1387 causa,
1299 1337 1407 1375 non
1436 1322 1759 1375 arbitramur
1790 1322 1882 1375 tibi
1912 1336 2034 1375 esse

432 1410 717 1462 commoda
751 1424 763 1461 :
796 1409 901 1462 nisi
945 1410 1079 1463 forte
1130 1409 1375 1463 videatur
1422 1409 1516 1462 tibi
1565 1410 1643 1464 sic
1677 1425 1798 1464 esse
1832 1408 2032 1462 transi-

433 1496 643 1566 gendas
674 1496 889 1568 vigilias
913 1497 1102 1550 harum
1125 1497 1545 1563 solemnitatum,
1570 1497 1775 1551 Natalis
1795 1497 2032 1563 Domini,

435 1584 676 1650 Paschze,
707 1585 1078 1648 Pentecostes,
1114 1584 1464 1639 Ascensionis
1496 1593 1547 1639 et
1578 1585 1631 1639 S.
1669 1585 1893 1640 Joannis
1929 1586 2034 1639 Ba-

2131 444 2233 498 bus
2264 445 2473 511 studiis,
2514 460 2622 500 non
2672 460 2863 499 somno
2912 444 3082 499 debes
3130 460 3348 513 operam
3395 445 3546 498 dare.
3580 445 3730 498 Raro

2131 531 2271 585 enim
2306 532 2396 603 qui
2430 532 2652 586 studiosi
2684 540 2806 586 sunt
2854 532 2907 585 in
2959 532 3309 602 spiritalibus,
3344 532 3434 586 tali
3464 541 3730 601 tempore,

2132 619 2235 673 nisi
2268 619 2403 674 forte
2434 620 2747 674 minutionis
2775 636 2939 675 causa
2970 620 3203 674 dormire
3243 620 3435 673 solent.
3496 619 3652 686 Quod
3684 619 3733 672 si

2134 707 2426 777 aliquando
2475 707 2791 777 productior
2832 709 2966 761 hora
2998 715 3309 777 superesset
3340 723 3510 777 usque
3538 707 3606 759 ad
3638 707 3731 759 lu-

2134 810 2275 862 cem,
2310 804 2360 849 et
2391 795 2767 849 dormiendum
2794 795 2887 848 tibi
2908 804 3149 865 putares,
3174 794 3470 849 orationem
3494 794 3731 861 solitam,

2133 884 2178 936 si
2210 898 2401 937 somno
2449 883 2609 937 nimis
2651 892 2909 955 gravatus
2954 898 3062 937 non
3112 898 3265 937 esses
3305 883 3537 937 deberes
3578 882 3733 952 prius

2134 970 2315 1025 facere
2345 991 2358 1038 ;
2395 978 2445 1026 et
2474 980 2681 1041 postea,
2708 971 2751 1025 si
2774 971 2842 1023 ita
2865 979 3158 1041 oporteret,
3185 970 3457 1041 paulisper
3476 986 3733 1024 somnum

2143 1067 2386 1129 gustare.
2437 1059 2492 1112 Si
2522 1068 2700 1112 autem
2735 1058 2905 1113 libros
2932 1058 3277 1113 necessarios
3305 1058 3373 1112 ad
3404 1067 3731 1113 nocturnum

2135 1146 2372 1200 oﬁicium
2404 1162 2513 1201 non
2544 1146 2775 1200 haberes
2807 1146 2965 1216 (quos
2997 1154 3173 1199 tamen
3205 1146 3299 1199 tibi
3320 1145 3600 1199 defuturos
3621 1161 3732 1199 non

2138 1234 2514 1304 arbitramur),
2563 1234 2795 1288 deberes
2844 1233 2927 1288 vel
2976 1240 3120 1298 ante,
3170 1234 3255 1287 vel
3285 1233 3425 1288 circa
3456 1248 3729 1293 auroram,

2134 1321 2201 1375 ad
2235 1322 2552 1385 orationem,
2588 1330 2637 1374 et
2668 1321 2734 1374 ad
2767 1320 2970 1390 aliquid
3001 1320 3146 1374 aliud
3184 1320 3528 1390 spiritualiter
3560 1335 3734 1391 agen-

2137 1409 2264 1462 dum
2298 1425 2626 1479 exsurgere.
2665 1410 2725 1462 In
2755 1416 2937 1462 aastate
2965 1424 3199 1479 quoque,
3224 1408 3378 1481 guod
3406 1424 3546 1478 pene
3575 1408 3733 1463 obliti

2137 1495 2436 1562 fueramus,
2489 1497 2656 1552 debes
2700 1505 2823 1567 post
2872 1496 3171 1563 meridiem,
3205 1496 3339 1551 sicut
3371 1504 3423 1551 et
3454 1496 3725 1562 monachi,

2138 1584 2378 1640 dormire
2390 1626 2404 1639 .

430 1670 627 1741 ptistaa,
690 1672 836 1726 Petri
884 1680 934 1726 et
997 1672 1149 1726 Pauli
1194 1672 1579 1742 apostolorum,
1632 1672 2030 1744 Assumptionis
2056 1698 2108 1758 Β
2211 1673 2283 1726 De
2315 1674 2571 1727 oratione
2602 1673 2907 1728 communi.
2941 1701 3009 1710 —
3039 1670 3285 1725 Orationi
3314 1670 3724 1738 instantissime,

435 1759 609 1813 beata:
639 1759 835 1825 Maria,
872 1768 921 1814 et
941 1759 1195 1814 Omnium
1219 1761 1561 1815 Sanctorum.
1588 1761 1874 1831 Reliquum
1897 1777 2028 1816 vero

431 1855 645 1917 tempus
686 1847 847 1901 totius
893 1848 1037 1913 anni,
1090 1864 1243 1903 more
1289 1850 1680 1904 monachorum
1719 1849 1812 1902 tibi
1843 1842 2029 1902 {rans-

429 1934 689 2007 igendum
719 1943 1003 2005 putamus;
1038 1944 1093 1989 ut
1127 1936 1353 2001 scilicet,
1388 1937 1453 1990 ab
1476 1937 1659 1991 Idibus
1691 1937 2030 2007 Septembris

431 2039 606 2093 usque
636 2023 705 2077 ad
737 2024 944 2078 Pascha
974 2024 1144 2079 semel
1176 2025 1467 2089 comedas;
1501 2040 1533 2077 a
1562 2026 1765 2079 Pascha
1791 2040 1921 2079 vero
1939 2041 2029 2079 us-

434 2126 539 2181 que
569 2111 637 2163 ad
686 2111 906 2165 easdem
956 2111 1083 2164 Idus
1115 2111 1197 2165 bis
1230 2110 1457 2166 reficias.
1493 2112 1683 2165 Vinum
1715 2128 1931 2183 quoque
1961 2113 2030 2166 ad

428 2213 743 2251 mensuram
792 2200 1201 2262 monachorum,
1246 2198 1342 2253 sed
1389 2216 1665 2269 nunquam
1716 2216 1912 2269 purum
1943 2200 2030 2253 bi-

430 2285 629 2349 bendo,
678 2293 731 2340 et
772 2294 984 2351 caztera,
1035 2303 1155 2357 quae
1194 2287 1287 2339 tibi
1335 2287 1403 2340 ab
1454 2287 1532 2341 eis
1561 2287 2027 2352 ministrabantur,

430 2388 552 2428 cum
584 2373 884 2445 gratiarum
937 2374 1150 2428 actione
1196 2374 1550 2445 percipiendo
1584 2389 1594 2428 :
1630 2383 1855 2444 excepto
1886 2376 2031 2445 quod

430 2475 463 2514 a
495 2461 751 2514 carnibus
782 2468 834 2515 et
890 2461 1162 2533 sanguine
1209 2462 1332 2532 (nisi
1387 2462 1605 2532 quando
1653 2463 2031 2533 argrotaveris)

428 2548 525 2602 tibi
559 2548 940 2603 abstinendum
992 2558 1261 2619 putamus.
1300 2549 1438 2603 Illud
1470 2558 1609 2603 atem
1642 2550 2032 2621 Evangelicum

429 2644 643 2705 oportet
675 2644 726 2690 te
755 2636 809 2689 in
841 2636 1137 2691 refectione
1169 2653 1386 2707 semper
1407 2638 1707 2703 attendere,
1751 2637 1895 2708 quod
1918 2639 2031 2691 Do—

429 2723 613 2777 minus
643 2722 719 2777 ait
750 2742 762 2778 :
796 2725 1091 2779 Attendile
1122 2741 1193 2780 ne
1222 2730 1531 2796 graventur
1558 2726 1725 2780 corda
1756 2729 1941 2780 vestra
1969 2727 2033 2779 in

429 2813 669 2883 crapula
697 2816 753 2867 et
786 2813 1054 2866 ebrietate
1076 2814 1229 2881 (Lac.
1264 2828 1371 2876 xxx,
1407 2814 1517 2881 3t).
1544 2814 1611 2865 Et
1638 2813 1781 2882 quod
1803 2813 1875 2866 ait
1898 2817 2035 2883 Apo-

429 2899 598 2953 stolus
625 2917 637 2953 :
659 2900 859 2954 Carnis
879 2915 1076 2954 curam
1090 2916 1160 2954 ne
1177 2901 1433 2969 feceritis
1453 2902 1516 2954 in
1539 2899 1834 2955 desideriis
1851 2901 2029 2970 (Rom.

432 3002 549 3052 xm,
586 2987 693 3058 14).
727 2987 1054 3042 Mediocrem
1105 2988 1250 3041 enim
1300 2988 1478 3042 cibum
1509 2996 1560 3042 et
1591 2995 1796 3057 potum,
1832 2995 1884 3043 et
1914 3004 2031 3042 me-

428 3075 671 3130 diocrem
717 3090 986 3140 somnum,
1022 3083 1074 3128 et
1124 3076 1338 3138 animae,
1380 3084 1432 3129 et
1479 3075 1696 3145 corpori
1728 3076 2028 3130 saluberri-

433 3179 581 3217 mum
616 3178 758 3228 esse,
794 3171 847 3216 et
878 3162 948 3216 ad
978 3163 1295 3217 munditiam
1327 3162 1525 3228 cordis,
1571 3172 1619 3217 et
1653 3163 1831 3217 carnis
1859 3163 2029 3233 pluri-

429 3266 583 3305 mum
616 3250 879 3320 prodesse
912 3250 1248 3305 notissimum
1280 3260 1381 3305 est.
1416 3251 1569 3305 Hanc
1598 3261 1652 3305 tu
1683 3251 2028 3306 mediocrita-

430 3345 536 3392 tem
586 3338 786 3393 sectari
836 3346 1146 3405 memento,
1213 3339 1286 3393 ita
1332 3347 1384 3392 ut
1435 3340 1722 3407 eamdem,
1774 3346 2029 3409 quantum

427 3425 660 3481 Domino
708 3427 997 3495 adjuvante
1062 3426 1285 3497 poteris,
1351 3443 1664 3481 mensuram
1722 3426 2030 3481 refectionis

427 3530 647 3585 semper
696 3516 986 3579 servando,
1032 3530 1208 3586 neque
1237 3513 1293 3568 in
1338 3514 1619 3569 vilioribus
1659 3514 1795 3569 cibis
1825 3513 2028 3585 aliquid

423 3602 655 3657 naturali
686 3602 991 3657 necessitati
1045 3602 1383 3666 substrahas,
1421 3618 1597 3672 neque
1627 3601 1680 3655 in
1709 3601 2030 3656 lautioribus

427 3699 481 3746 et
510 3690 962 3756 accuratioribus,
1009 3690 1130 3761 plus
1161 3690 1339 3758 solito,
1374 3690 1459 3744 vel
1505 3690 1790 3761 plusquam
1826 3698 2029 3744 naturae

427 3781 559 3835 satis
591 3786 690 3846 est,
725 3779 1180 3849 concupiscentiis
1200 3778 1381 3833 carnis
1403 3777 1708 3849 indulgeas.
1738 3778 1866 3833 Haec
1896 3786 2029 3832 tem-

438 3868 684 3938 perantia
716 3867 907 3934 victus,
943 3874 995 3920 et
1024 3867 1139 3920 Deo
1169 3867 1269 3920 erit
1298 3866 1586 3934 acceptior,
1620 3873 1672 3919 et
1700 3866 1769 3919 ad
1809 3865 2025 3919 mundi-

431 3955 563 4009 tiam
595 3954 779 4010 carnis
809 3953 1015 4023 pariter
1045 3960 1097 4007 et
1126 3954 1308 4007 cordis
1338 3952 1536 4019 utilior,
1569 3961 1621 4007 et
1642 3952 1859 4022 corpori
1884 3953 2028 4007 salu-

430 4042 602 4108 brior,
647 4057 807 4112 quam
857 4041 903 4094 si
952 4040 1255 4094 robustiora
1298 4040 1498 4108 jejunia
1545 4040 1821 4105 sectando,
1872 4048 2029 4111 post-

428 4130 648 4186 modum
700 4128 993 4184 indiscreta
1024 4128 1304 4183 saturitate
1326 4128 1589 4197 jejunium
1619 4143 2025 4199 compensares.

500 4223 573 4276 Dc
606 4219 798 4275 divino
817 4218 1023 4289 Olﬁcio.
1050 4248 1118 4256 —
1139 4218 1199 4270 In
1224 4216 1417 4272 Oﬂicio
1443 4217 1626 4272 divino
1667 4234 1825 4272 usum
1872 4218 2029 4273 cleri-

431 4323 617 4363 corum
652 4307 933 4377 sequaris;
965 4306 1109 4361 unde
1140 4321 1245 4360 non
1280 4306 1450 4360 babes
1474 4321 1702 4361 necesse
1734 4313 1792 4360 ut
1820 4305 2027 4361 scriba-

2054 3040 2102 3102 Ο

2131 1769 2181 1818 et
2211 1760 2568 1814 intentissime
2610 1759 2893 1813 intendere
2935 1759 3270 1814 memineris.
3320 1759 3403 1813 Ab
3450 1760 3555 1814 hac
3581 1758 3728 1813 nulla

2129 1864 2367 1921 unquam
2412 1847 2734 1912 sollicitudo,
2785 1846 2933 1900 nulla
2960 1846 3246 1918 agritudo,
3278 1847 3363 1900 vel
3395 1845 3645 1903 molestia
3675 1854 3727 1901 te

2129 1944 2368 1992 revocet.
2403 1935 2521 1990 Ora
2551 1942 2731 1988 autem
2762 1950 2871 1989 non
2900 1950 2999 2005 pro
3020 1942 3132 2001 tua,
3156 1935 3254 1989 sed
3278 1942 3326 1989 et
3346 1950 3447 2005 pro
3484 1934 3727 1988 omnium

2131 2024 2371 2078 fidelium
2445 2023 2712 2086 vivorum,
2775 2021 3186 2091 nasciturorum,
3244 2030 3297 2076 et
3348 2021 3727 2077 defunctorum

2131 2112 2324 2177 salute,
2376 2118 2426 2164 et
2478 2125 2576 2181 pro
2607 2110 2687 2164 eis
2717 2125 2944 2180 quorum
2976 2110 3169 2163 solatio
3196 2110 3532 2173 sustentaris,
3566 2109 3728 2163 simul

2132 2208 2183 2255 et
2213 2216 2315 2269 pro
2340 2197 2518 2252 nobis.
2550 2199 2700 2252 Tunc
2732 2197 2897 2252 fretus
2926 2196 3155 2267 Spiritus
3185 2197 3356 2251 sancti
3388 2196 3608 2264 auxilio,
3637 2196 3731 2268 qui

2131 2288 2287 2342 docet
2316 2302 2474 2340 orare
2492 2294 2711 2340 sanctos
2729 2286 3029 2356 gemitibus
3049 2285 3523 2340 inenarrabilibus
3544 2286 3725 2353 (Rom.

2131 2391 2250 2442 vm,
2284 2374 2396 2445 26),
2444 2374 2596 2442 juxta
2627 2373 2966 2427 Dominicam
3007 2372 3470 2439 exhortationem;
3502 2373 3641 2426 intra
3671 2372 3728 2426 in

2130 2462 2436 2517 cubiculum
2467 2461 2650 2515 cordis
2678 2461 2771 2524 tui,
2806 2468 2857 2514 et
2887 2460 3074 2514 clauso
3102 2461 3240 2515 ostio
3270 2460 3505 2530 pectoris
3534 2468 3729 2515 contra

2131 2550 2419 2613 vanitates,
2457 2557 2508 2603 et
2555 2549 2863 2602 immundus
2910 2548 3290 2620 cogitationes,
3326 2548 3521 2619 quibus
3550 2548 3728 2603 hostis

2132 2638 2433 2707 irrumpere
2489 2636 2692 2702 nititur,
2753 2652 2846 2690 ora
2904 2636 3117 2689 Patrem
3176 2644 3324 2690 tuum
3381 2636 3436 2689 in
3484 2637 3723 2690 abscon-

2132 2726 2269 2780 dito.
2330 2725 2490 2779 Omni
2534 2726 2690 2789 hora,
2746 2731 3005 2795 quantum
3042 2724 3273 2779 Domino
3304 2731 3589 2794 praestante
3619 2740 3728 2793 po-

2131 2814 2283 2879 teris,
2344 2812 2439 2867 sed
2482 2820 2610 2867 tunc
2657 2811 2951 2883 praecipue,
2983 2812 3130 2866 omni
3169 2812 3415 2867 custodia
3447 2827 3600 2866 serva
3632 2827 3731 2867 cor

2132 2909 2302 2956 tuum.

2210 2992 2275 3045 Ut
2305 2990 2515 3043 mentis
2546 2991 2601 3042 el
2635 2988 2844 3058 lingua:
2865 2987 3161 3043 concordia
3184 2988 3277 3042 sit.
3301 3017 3371 3026 —
3388 2987 3523 3041 Cum
3542 2992 3729 3040 autem

2130 3077 2348 3131 steteris
2394 3092 2579 3131 coram
2623 3075 2854 3130 Domino
2903 3076 2973 3129 ad
3016 3075 3380 3146 psallendum,
3414 3090 3573 3129 omne
3603 3084 3728 3128 stu-

2128 3165 2296 3232 dium,
2331 3179 2549 3219 omnem
2580 3162 2912 3233 vigilantiam
2941 3163 3157 3227 adhibe,
3190 3170 3247 3216 ut
3278 3178 3433 3217 mens
3462 3178 3586 3217 cum
3616 3162 3729 3216 lin-

2128 3269 2237 3322 gua
2270 3252 2593 3315 conveniat;
2624 3258 2681 3304 ut
2711 3250 2881 3306 facias
2914 3251 3057 3320 quod
3096 3251 3169 3304 ait
3200 3250 3493 3320 Apostolus
3527 3264 3539 3303 :
3574 3250 3728 3305 Can-

2130 3345 2318 3395 tantes
2340 3343 2395 3395 et
2415 3339 2724 3411 psallentes
2742 3341 2805 3393 in
2818 3339 3073 3394 cordibus
3092 3340 3291 3393 vestris
3304 3339 3538 3394 Domino
3559 3338 3725 3410 (Eph.

2129 3443 2184 3493 v,
2221 3428 2347 3496 t9);
2381 3434 2433 3481 et
2480 3426 2622 3498 quod
2670 3426 2737 3480 de
2772 3441 2829 3480 se
2857 3425 3079 3481 dicebat
3112 3444 3124 3479 :
3159 3427 3412 3480 Psallam
3443 3430 3498 3481 et
3534 3431 3727 3482 mente

2129 3516 2178 3583 (Ι
2206 3514 2325 3570 Cor.
2377 3530 2489 3583 xiv,
2542 3514 2649 3585 15).
2700 3515 2766 3567 Et
2813 3513 2957 3585 quod
3005 3513 3121 3569 ait:
3157 3514 3395 3568 Psallile
3438 3516 3728 3585 sapienter

2128 3604 2304 3675 (Psal.
2329 3618 2474 3670 xm,
2502 3602 2576 3671 8),
2598 3610 2683 3656 et:
2717 3603 2781 3656 In
2803 3606 3105 3672 conspectu
3126 3603 3458 3673 angelorum
3477 3603 3726 3673 psallam

2130 3692 2230 3747 tibi
2279 3692 2455 3759 (Psal.
2506 3706 2742 3757 cxxxvn,
2790 3691 2861 3761 l).
2918 3691 3045 3745 Haec
3091 3689 3354 3755 faciendo,
3407 3688 3726 3761 infundente

2129 3778 2327 3849 Spiritu
2359 3786 2544 3832 sancto
2573 3793 2753 3831 rorem
2795 3777 3079 3832 suavitatis
3119 3794 3233 3833 suae
3261 3777 3582 3848 plerumque
3611 3791 3723 3830 non

2127 3866 2469 3938 prophetiam
2518 3865 2605 3919 vel
2647 3865 2815 3920 verba
2846 3866 2915 3919 ab
2956 3865 3062 3919 alio
3094 3865 3289 3920 dictata
3317 3880 3590 3935 promere,
3624 3863 3723 3917 sed

2128 3955 2245 4025 ipsa
2273 3954 2438 4009 verba
2469 3953 2833 4009 devotissimae
2862 3953 3124 4009 orationis
3154 3968 3339 4008 coram
3362 3954 3477 4009 Deo
3498 3951 3723 4007 fundere

2128 4042 2222 4096 tibi
2250 4042 2542 4096 videberis.

2198 4132 2274 4185 De
2326 4134 2571 4199 tempore
2614 4130 2923 4184 matutino.
2956 4159 3024 4169 —
3070 4130 3196 4184 Post
3228 4127 3605 4199 psalmodiam,
3638 4126 3725 4181 vel

2128 4218 2451 4282 orationem,
2500 4216 2763 4272 matutino
2808 4216 3039 4271 maxime
3086 4225 3329 4287 tempore
3379 4215 3636 4270 meditare
3668 4215 3725 4268 in

2126 4307 2253 4379 lege
2283 4306 2401 4371 Dei,
2437 4313 2592 4376 prout
2612 4304 2730 4376 ipse
2751 4305 2986 4377 gratiam
3005 4305 3100 4359 tibi
3120 4304 3331 4359 dederit
3364 4321 3378 4357 :
3410 4311 3461 4359 et
3482 4302 3612 4375 quid
3629 4301 3727 4356 tibi

425 4412 546 4450 mus
594 4395 709 4448 tibi.
768 4396 837 4449 Ut
889 4403 1065 4449 autem
1118 4394 1379 4449 observes
1423 4395 1563 4449 hanc
1619 4387 2097 4450 distinctionemD
2126 4394 2400 4466 praecipiat
2448 4394 2732 4452 Dominus.
2780 4393 3011 4464 qualiter
3053 4393 3182 4447 illud
3220 4392 3474 4463 impleas,
3529 4391 3584 4444 in
3632 4407 3723 4445 se-

428 4482 686 4553 temporis
716 4483 770 4536 in
800 4482 993 4536 eodem
1021 4482 1203 4537 divino
1225 4481 1415 4537 Ofﬁcio
1438 4482 1825 4553 persolvendo,
1848 4498 2025 4554 quan—

426 4579 535 4625 tam
580 4570 785 4640 poteris
836 4570 1175 4641 diligentiam
1218 4571 1414 4625 adhibe
1450 4585 1461 4623 :
1496 4578 1552 4624 ut
1584 4570 1809 4638 scilicet,
1842 4570 1928 4624 vel
1957 4570 2024 4623 ad

428 4659 697 4732 gallorum
727 4667 966 4726 cantum,
1020 4658 1104 4713 vel
1136 4658 1205 4713 ad
1249 4660 1465 4730 signum
1496 4659 1905 4722 monachorum,
1940 4657 2027 4711 vel

429 4748 497 4802 ad
525 4747 938 4802 aestimationem
971 4754 1114 4801 tuam
1149 4746 1242 4801 tali
1273 4754 1516 4817 tempore
1534 4761 1747 4817 surgas.
1774 4746 1840 4800 Ut
1862 4760 1893 4799 a
1915 4745 2026 4798 Ka-

431 4836 608 4890 lendis
651 4835 905 4891 Octobris
946 4850 1120 4906 usque
1152 4835 1218 4887 ad
1258 4836 1466 4889 Pascha
1517 4841 1641 4888 ante
1672 4848 1961 4899 auroram;
1995 4848 2026 4887 a

428 4925 640 4979 Pascha
681 4939 811 4979 vero
868 4939 1043 4993 usque
1099 4922 1166 4975 ad
1221 4922 1510 4991 przedictas
1540 4922 1832 4985 Kalendas,
1866 4921 2027 4990 paulo

424 5020 544 5082 post
597 5027 848 5066 auroram
908 5019 1226 5065 nocturnum
1287 5009 1531 5065 Oﬂicium
1565 5008 1736 5063 finias.
1788 5009 2026 5063 Primam

422 5098 668 5154 cantabis
717 5099 770 5151 in
833 5099 1028 5161 hieme,
1090 5098 1398 5151 lucescente
1456 5113 1650 5151 aurora
1702 5115 1714 5151 :
1766 5097 2023 5167 Tertiam,

427 5186 635 5242 oriente
676 5186 811 5251 sole,
865 5194 1072 5240 sextam
1110 5200 1238 5240 vero
1291 5194 1343 5239 et
1388 5186 1622 5252 Nonam,
1672 5185 1942 5255 Vesperas
1975 5195 2027 5241 et

426 5274 854 5345 Completorium
886 5274 952 5328 ad
983 5274 1200 5344 signum
1232 5274 1645 5329 monachorum.
1679 5272 1733 5327 Si
1764 5272 2023 5344 praescri-

430 5371 582 5435 ptum
612 5370 827 5433 tempus
859 5362 1117 5433 surgendi
1139 5363 1205 5416 ad
1228 5370 1551 5417 nocturnum
1572 5360 1805 5417 officium
1824 5361 2026 5431 poteris

429 5452 757 5519 Observare,
805 5451 871 5505 ad
923 5450 1119 5506 lectum
1187 5450 1505 5506 matutinum
1556 5450 1703 5506 horis
1754 5465 2023 5521 nunquam

2128 4491 2278 4538 creto
2308 4482 2489 4537 cordis
2522 4482 2595 4536 tui
2627 4489 2870 4536 scrutare
2904 4498 2917 4535 :
2952 4489 3003 4536 et
3033 4482 3103 4535 ad
3134 4481 3379 4553 regulam
3407 4479 3723 4534 divinorum

2126 4572 2527 4637 mandatorum,
2580 4578 2631 4624 et
2678 4570 2747 4624 ad
2795 4569 3072 4640 exemplar
3121 4577 3431 4625 sanctorum
3480 4568 3723 4633 Patrum,

2126 4658 2495 4713 fortitudinem
2554 4658 2735 4713 cordis
2791 4658 2864 4711 tui
2905 4666 2956 4712 et
3000 4674 3209 4713 morum
3257 4666 3473 4712 tuorum
3515 4655 3721 4727 dirige.

2126 4746 2277 4802 Idem
2307 4746 2353 4800 si
2384 4746 2603 4818 quando
2642 4746 2696 4799 in
2724 4745 2864 4801 lecto
2897 4746 3140 4801 dormire
3170 4761 3279 4800 non
3299 4742 3728 4816 poteris,facere

2127 4835 2282 4889 stude
2340 4818 2459 4889 sine
2517 4833 2939 4894 intermissione.
2984 4833 3130 4905 quod
3188 4842 3371 4888 monet
3428 4832 3727 4902 Scriptura,

2132 4923 2275 4994 quod
2299 4931 2351 4978 et
2368 4923 2530 4993 paulo
2550 4930 2674 4977 ante
2692 4922 3237 4978 commemoravimus
3271 4937 3283 4975 :
3322 4922 3503 4985 Omni,
3532 4918 3726 4991 inquit,

2126 5011 2383 5068 custodia
2404 5027 2563 5067 serva
2580 5028 2676 5066 cor
2698 5014 2880 5079 tuum,
2905 5013 3171 5082 quoniam
3189 5011 3393 5081 eas-ipso
3414 5009 3532 5064 vita
3540 5023 3730 5078 procc-

2126 5101 2211 5155 dil
2244 5101 2428 5170 (Prov.
2461 5115 2539 5165 ιν,
2571 5102 2684 5168 23).
2736 5099 2843 5153 Res
2875 5099 3017 5153 enim
3050 5098 3316 5153 instabilis
3348 5105 3429 5153 est
3456 5098 3731 5150 humanus

2127 5188 2361 5254 animus,
2396 5195 2448 5242 et
2479 5187 2583 5241 nisi
2616 5203 2853 5257 semper,
2888 5194 3144 5257 quantum
3179 5186 3441 5241 Dominus
3469 5184 3731 5252 adjuvare

2130 5276 2406 5343 dignatur,
2451 5275 2649 5330 sanctis
2704 5274 3145 5329 meditationibus
3201 5281 3495 5343 occupatus
3525 5285 3732 5341 magno

2130 5364 2309 5418 studio
2343 5371 2629 5427 teneatur;
2662 5370 2949 5433 postquam
2978 5362 3198 5417 defluxit
3225 5377 3326 5432 per
3357 5359 3641 5422 vanitates,
3675 5364 3734 5410 et

2126 5450 2514 5517 immunditias,
2573 5465 2707 5523 quas
2747 5458 2979 5507 tentator
3025 5466 3342 5524 suggerere,
3389 5456 3443 5504 et
3474 5448 3734 5518 ingerere
