3972 6052
220 208 325 261 897

1566 203 1923 262 EPISTOLE
1958 204 2157 261 TRES.

3402 208 3506 264 898

219 346 329 387 non
375 339 570 396 cessat,
612 346 720 386 non
778 330 935 387 facile
971 331 1026 385 in
1074 331 1320 387 oratione
1376 331 1462 387 vel
1507 328 1885 401 psalmodiaA
1915 329 2111 384 virtute
2140 330 2399 386 orationis
2430 346 2668 397 armare,
2703 340 2757 387 et
2783 331 3035 402 clypeum
3060 332 3211 387 illum
3241 335 3421 404 arripe
3438 336 3507 391 de

219 420 448 474 devotus
478 418 766 473 invenitur.

290 509 364 561 De
396 508 660 563 lectione.
702 538 769 546 —
802 507 883 561 Ad
917 506 1205 562 lectionem
1237 523 1451 578 quoque
1474 507 1725 571 devotus,
1759 514 1812 561 et

217 610 341 649 cum
399 594 630 664 spiritali
678 594 952 649 desiderio
1009 596 1231 661 accede,
1283 603 1339 648 ut
1392 595 1476 650 vel
1506 594 1710 665 aliquid
1739 594 1813 647 ibi

217 682 409 736 audias
443 683 587 753 quod
617 682 669 735 in
729 682 1041 753 exemplum
1071 692 1175 737 tua
1233 683 1665 739 conversationis
1697 691 1812 736 tra-

216 770 355 835 has;
388 770 477 825 vel
502 777 661 839 prout
689 770 953 824 Dominus
976 770 1072 824 tibi
1100 770 1420 841 dispensare
1476 771 1809 841 dignabitur,

219 856 510 912 dulcedine
563 856 869 913 divinorum
928 857 1291 929 eloquiorum,
1349 867 1399 914 et
1430 858 1814 928 mysteriorum

225 944 512 1000 reficiaris.
544 945 663 1000 Hoc
690 945 892 1011 studio,
940 946 1039 1000 hac
1068 946 1364 1001 intentione
1416 946 1541 1018 lege
1571 946 1813 1001 vicissim

227 1047 418 1089 omnes
449 1048 583 1104 quas
612 1033 815 1103 poteris
857 1034 1061 1089 habere
1109 1034 1320 1089 divinas
1351 1034 1671 1105 Scripturas,
1705 1050 1815 1088 non

226 1128 407 1176 autem
437 1129 492 1174 ut
542 1121 768 1177 scientia
814 1121 1039 1187 inﬂeris,
1071 1122 1167 1177 sed
1191 1130 1249 1176 ut
1279 1123 1542 1178 charitate
1572 1121 1815 1177 adiﬁca-

224 1207 320 1263 ris.
354 1207 504 1276 Quas
534 1224 662 1263 vero
694 1209 997 1280 Scripturas
1036 1210 1311 1266 intellectu
1341 1226 1449 1265 non
1476 1210 1812 1281 penetrabis,

224 1296 496 1350 humiliter
527 1304 783 1367 tanquam
813 1297 993 1351 divina
1029 1307 1243 1353 secreta
1288 1314 1549 1354 venerare
1584 1313 1596 1351 :
1632 1306 1684 1352 et
1728 1298 1815 1368 pie

226 1382 383 1438 differ
431 1384 860 1455 intelligentiam,
894 1386 1069 1441 donec
1123 1386 1293 1441 intres
1350 1386 1405 1439 in
1452 1385 1816 1441 sanctuarium

225 1471 346 1540 Dei,
404 1471 678 1544 intelligas
734 1473 786 1527 in
840 1474 1154 1529 novissima.
1214 1476 1317 1529 Pro
1351 1474 1432 1528 his
1466 1482 1643 1529 autem
1694 1490 1814 1544 qua

223 1559 571 1626 intellexeris,
605 1562 815 1617 auctori
862 1562 1101 1616 muneris
1130 1562 1405 1617 humiliter
1450 1563 1654 1634 gratias
1684 1577 1809 1633 age.

228 1647 406 1701 Libris
437 1648 527 1719 qui
547 1648 643 1703 tibi
664 1650 1215 1705 accommodabuntur
1235 1666 1452 1705 omnem
1481 1650 1814 1723 diligentiam

230 1735 448 1803 adhibe,
498 1751 567 1792 ne
616 1738 703 1792 vel
750 1737 899 1793 fumo
927 1738 1013 1793 vel
1051 1738 1295 1809 pulvere,
1330 1738 1414 1794 vel
1439 1739 1544 1793 alia
1579 1739 1817 1810 qualibet

230 1824 391 1879 sorde
432 1825 788 1880 maculentur.

297 1914 374 1968 De
400 1914 660 1969 molestia
688 1915 955 1986 corporis.
988 1945 1058 1955 —
1085 1914 1141 1969 Si
1172 1915 1389 1986 quando
1420 1916 1665 1986 corporis
1694 1931 1816 1970 mo-

227 1999 438 2055 lestiam
478 2010 570 2055 aut
624 2002 1003 2074 agritudinem
1040 2002 1379 2069 sustinueris,
1403 2011 1493 2057 aut
1531 2004 1598 2057 ab
1636 2004 1818 2074 aliquo

229 2086 387 2154 forte,
420 2088 506 2145 vel
555 2090 721 2145 verbo
766 2090 852 2145 vel
900 2089 1043 2145 facto
1073 2090 1236 2145 lasus
1282 2090 1468 2157 fueris,
1502 2092 1819 2147 meminisse

231 2175 400 2230 debes
441 2177 760 2247 passionum
813 2186 866 2233 et
896 2178 1215 2247 injuriarum
1270 2179 1489 2233 Christi.
1522 2179 1817 2251 Angustias

231 2280 362 2333 quas
392 2265 625 2321 Domino
654 2266 977 2336 disponente
1027 2267 1303 2333 tolerabis,
1333 2284 1443 2323 non
1491 2267 1667 2322 solum
1714 2283 1818 2337 pa-

227 2350 420 2407 tienter
448 2353 673 2416 sustine,
710 2371 896 2409 verum
917 2354 1077 2409 etiam
1095 2356 1300 2427 gratias
1330 2370 1435 2426 age
1464 2355 1559 2421 illi,
1593 2355 1686 2427 qui
1715 2356 1817 2409 fla-

228 2439 394 2511 gellat
442 2456 656 2497 omnem
707 2441 876 2497 filium
908 2458 1071 2513 quem
1100 2443 1307 2513 recipit,
1342 2443 1387 2497 si
1434 2444 1531 2497 tibi
1562 2444 1820 2516 dignatur

228 2526 443 2599 ﬂagella
463 2537 706 2599 paterna
736 2531 950 2600 pietatis
971 2531 1305 2601 impendere.
1334 2532 1393 2586 In
1423 2531 1507 2585 his
1538 2547 1665 2587 vero
1697 2548 1819 2604 qua

228 2630 261 2669 a
290 2616 552 2686 proximis
581 2618 821 2689 patieris,
842 2635 952 2673 non
969 2619 1171 2675 reddas
1191 2619 1391 2673 malum
1412 2635 1510 2690 pro
1532 2620 1696 2687 malo,
1732 2620 1818 2676 vel

226 2704 570 2761 maledictum
618 2722 720 2777 pro
778 2706 1087 2773 maledicto,
1149 2707 1247 2761 sed
1304 2724 1334 2763 e
1382 2708 1674 2773 contrario,
1708 2724 1819 2762 non

227 2792 398 2847 verbo
429 2800 583 2848 tenus
638 2802 862 2859 tantum,
887 2794 1013 2850 “sed
1064 2795 1231 2850 corde
1262 2795 1474 2863 intimo,
1510 2804 1563 2850 et
1619 2796 1817 2867 placito

226 2878 543 2948 benedicas,
575 2890 626 2937 et
654 2898 755 2952 pro
795 2882 1250 2938 calumniantibus
1275 2891 1327 2938 et
1356 2885 1816 2956 persequentibus

227 2982 371 3034 ores,
403 2977 461 3023 ut
489 2969 564 3023 sis
594 2968 737 3026 filius
767 2970 939 3026 Patris
967 2971 1062 3037 tui,
1082 2971 1176 3043 qui
1204 2971 1259 3025 in
1290 2972 1442 3027 calls
1473 2980 1579 3027 est.
1620 2973 1818 3041 Hujus-

227 3056 377 3111 modi
413 3057 482 3111 ab
510 3057 728 3115 homine
780 3059 1003 3127 injurias
1050 3059 1179 3115 licet
1232 3060 1409 3114 nullas
1457 3068 1549 3114 aut
1578 3076 1735 3115 raras
1765 3068 1819 3116 te

224 3161 513 3217 passurum
567 3148 928 3215 arbitremur;
978 3148 1025 3201 si
1073 3148 1205 3219 quid
1238 3156 1417 3203 tamen
1474 3150 1661 3219 (prout
1689 3157 1815 3203 sunt

225 3235 485 3303 humana)
515 3234 833 3306 contigerit,
879 3237 1129 3291 volumus
1159 3243 1348 3306 pectus
1379 3244 1529 3290 tuum
1556 3236 1818 3291 adversus

227 3322 539 3391 hujusmodi
568 3323 806 3379 immune
834 3324 970 3379 fore.
1017 3324 1126 3379 Sed
1155 3340 1329 3395 neque
1361 3324 1455 3378 tibi
1486 3323 1589 3394 ipsi
1620 3324 1818 3379 irasca-

228 3410 328 3471 ris.
357 3412 501 3482 quod
532 3412 851 3483 quibusdam
908 3412 1216 3468 indiscretis
1246 3411 1386 3467 solet
1414 3412 1654 3477 evenire,
1689 3413 1819 3467 dum

228 3499 465 3571 aliquam
521 3500 891 3557 difﬁcultatem
920 3500 976 3555 in
1032 3501 1212 3572 aliquo
1243 3516 1406 3572 opere
1436 3500 1686 3557 faciendo
1718 3517 1818 3573 pa-

234 3587 459 3643 tiuntur.

301 3676 708 3747 Impedimenta
763 3678 1055 3733 orationis.
1087 3708 1156 3716 —
1185 3677 1374 3732 Solent
1404 3678 1563 3733 etiam
1595 3677 1688 3748 qui
1718 3677 1820 3732 soli

232 3772 656 3833 commorantur,
687 3766 757 3820 ad
795 3766 1119 3836 semetipsos
1143 3764 1359 3831 turbari,
1422 3773 1475 3819 et
1529 3766 1819 3836 quamdam

231 3853 486 3907 nebulam
516 3853 743 3909 tristitia
791 3861 988 3925 agente
1041 3853 1256 3909 diabolo
1285 3854 1624 3909 contrahere.
1657 3854 1821 3909 Novit

230 3940 377 3995 enim
408 3941 576 3996 hostis
605 3942 952 4007 inveteratus,
976 3941 1209 3997 diversis
1234 3941 1533 4009 generibus
1561 3942 1813 4009 nocendi,

233 4029 511 4084 orationes
539 4046 825 4084 servorum
846 4030 966 4095 Dei,
999 4037 1050 4085 et
1072 4037 1258 4085 sancta
1284 4046 1473 4084 eorum
1502 4030 1681 4083 studia
1711 4030 1817 4083 im-

230 4116 437 4186 pedire.
468 4117 563 4173 Ille
592 4118 755 4173 modo
785 4117 1049 4171 tristitiam
1087 4118 1174 4172 vel
1202 4117 1343 4172 iram
1373 4117 1816 4183 irrationabilem,

230 4205 394 4259 modo
424 4205 710 4261 elationem
759 4206 1046 4277 superbia,
1081 4205 1243 4260 modo
1284 4206 1607 4260 memoriam
1644 4205 1818 4260 alicu-

224 4292 316 4362 jus
346 4293 570 4361 injuria,
602 4294 767 4349 modo
796 4309 991 4349 vanam
1034 4309 1225 4348 eorum
1255 4309 1376 4363 qua
1406 4292 1700 4363 aliquando
1739 4293 1817 4348 vel

1914 432 2022 486 quo
2077 417 2151 471 ait
2197 419 2489 488 Apostolus
2522 437 2534 473 :
2567 420 2631 474 In
2662 421 2918 476 omnibus
2956 425 3247 476 sumentes
3282 426 3506 478 scutum

1912 504 2064 571 ﬁdei,
2091 507 2153 559 in
2184 522 2287 577 quo
2310 509 2535 577 possitis
2574 509 2766 563 omnia
2802 509 2917 563 tela
2959 510 3291 580 nequissimi
3319 511 3507 581 ignita

1913 594 2281 664 exstinguere
2312 595 2471 666 (Eph.
2503 612 2579 663 v1,
2608 599 2717 665 16).
2749 604 2852 650 etc.
2874 596 3129 651 Sincerns
3158 598 3302 651 enim
3331 614 3499 664 amor,

1914 688 1965 734 et
1987 679 2204 736 fervens
2221 680 2355 736 fides
2371 683 2548 738 crucis
2564 684 2777 749 Christi,
2800 684 3053 739 universa
3071 686 3507 742 machinamenta

1914 768 2119 824 inimici
2150 769 2301 823 irrita
2344 770 2465 825 facit
2504 788 2517 824 :
2551 778 2603 825 et
2633 770 2802 826 effusa
2857 787 2981 827 cum
3012 772 3269 843 lacrymis
3315 776 3502 841 oratio,

1914 871 2075 910 omne
2105 873 2280 928 genus
2298 858 2607 912 tentationis
2630 868 2867 929 superat,
2904 867 2956 913 et
2986 861 3215 930 repellit.

1985 944 2059 998 De
2076 945 2423 1000 humilitate.
2455 976 2524 986 —
2552 948 2681 1002 Hac
2694 954 2818 1001 sunt
2838 947 3135 1017 spiritualia
3152 948 3503 1007 instrumenta

1915 1038 1968 1085 et
2014 1032 2313 1087 certamina
2349 1033 2549 1088 militia
2582 1041 2684 1088 tua
2732 1050 2916 1089 coram
2951 1036 3121 1107 Rege,
3182 1038 3268 1093 cui
3299 1040 3507 1110 capisti

1914 1118 2163 1173 militare.
2209 1120 2362 1175 Scire
2406 1136 2643 1193 namque
2698 1122 2867 1177 debes
2894 1123 2964 1178 ob
3019 1124 3123 1180 hoc
3152 1133 3203 1179 te
3261 1126 3507 1182 clausum

1915 1222 2038 1262 esse
2070 1222 2323 1277 corpore,
2358 1217 2411 1263 et
2439 1210 2507 1263 ab
2539 1209 2899 1264 exterioribus
2929 1212 3074 1267 curis
3093 1223 3425 1284 separatum,
3450 1225 3505 1271 ut

1915 1295 2080 1350 corde
2132 1296 2313 1365 possis
2377 1296 2445 1351 ad
2483 1297 2585 1351 ista
2633 1313 2843 1353 vacare.
2931 1299 3125 1354 Coram
3200 1302 3508 1359 hominibus

1915 1398 2148 1453 magnus
2178 1384 2415 1450 haberis,
2446 1386 2574 1456 quia
2603 1386 2853 1441 reclusus
2881 1386 3078 1443 diceris
3115 1407 3127 1443 :
3160 1391 3256 1445 sed
3283 1392 3386 1446 nisi
3406 1392 3509 1448 ista

1916 1472 2065 1525 omni
2095 1472 2276 1527 studio
2308 1488 2493 1528 coram
2522 1475 2659 1542 Deo,
2718 1474 2977 1545 omnique
3036 1476 3315 1547 vigilantia
3345 1496 3507 1535 exse-

1917 1560 2119 1631 quaris,
2151 1576 2384 1632 magnus
2414 1578 2537 1617 esse
2584 1562 2804 1618 minime
2842 1563 3063 1633 poteris.
3095 1566 3232 1619 Nam
3261 1567 3510 1623 homines

1918 1649 2037 1703 sola
2066 1649 2331 1703 exteriora
2368 1650 2651 1705 advertunt
2689 1666 2701 1703 :
2734 1652 2801 1706 de
2831 1652 3174 1707 interioribus
3206 1662 3387 1709 autem
3425 1656 3510 1725 ju-

1918 1736 2117 1791 dicabit
2145 1736 2475 1791 Altissimus.
2510 1739 2614 1794 Ubi
2645 1755 2774 1794 vero
2797 1748 2847 1794 te
2877 1741 3055 1795 minus
3074 1742 3143 1795 ad
3174 1743 3290 1797 hac
3334 1760 3513 1799 exem-

1916 1824 2004 1893 pla
2060 1823 2309 1880 sufficere
2339 1825 2569 1890 videbis,
2630 1826 3035 1883 indevotionem
3066 1836 3120 1882 et
3147 1829 3509 1899 imperfectio-

1917 1927 2043 1966 nem
2074 1920 2221 1967 tuam
2266 1929 2449 1968 coram
2494 1915 2609 1969 Deo
2662 1915 2936 1971 humiliter
2990 1916 3315 1984 conﬁtendo,
3351 1921 3508 1974 auxi-

1917 1999 2049 2053 lium
2078 2000 2268 2072 gratia
2314 2000 2486 2071 ipsius
2542 2003 2689 2056 omni
2730 2002 3017 2059 devotione
3064 2006 3364 2075 expostula,
3417 2008 3510 2079 qui

1918 2086 2049 2142 dicit
2082 2104 2096 2138 :
2126 2088 2257 2143 Sine
2287 2106 2375 2144 me
2406 2090 2555 2144 nihil
2602 2092 2836 2161 potestis
2864 2094 3054 2162 facere
3083 2092 3268 2162 (Joan.
3299 2109 3397 2163 xv,
3430 2096 3507 2165 5).

1918 2175 2158 2229 Necesse
2189 2184 2270 2229 est
2300 2176 2442 2231 enim
2478 2185 2536 2230 ut
2591 2194 2736 2248 sape
2767 2179 3028 2248 tepidum,
3063 2196 3209 2249 sape
3241 2182 3512 2251 torpidum

1918 2270 1972 2317 te
1993 2262 2258 2318 invenias.
2292 2263 2377 2319 Ob
2406 2265 2510 2320 hoc
2537 2265 2704 2337 igitur
2737 2266 2881 2321 illius
2910 2267 3090 2338 gratia
3119 2268 3187 2323 ad
3209 2276 3423 2340 tempus
3450 2287 3510 2325 se

1920 2350 2209 2417 subtrahit,
2247 2360 2301 2405 ut
2330 2352 2401 2406 de
2428 2352 2573 2407 illius
2603 2353 2804 2408 auxilio
2855 2354 3119 2421 confidas,
3169 2372 3279 2411 non
3329 2358 3396 2412 de
3426 2366 3514 2413 tua

1920 2438 2116 2494 virtute
2160 2456 2481 2509 prasumas.
2516 2440 2605 2495 Sic
2660 2441 2819 2495 Pater
2874 2442 3330 2499 clementissimus
3361 2447 3510 2502 novit

1920 2527 2227 2597 superbiam
2258 2528 2555 2582 humilitate
2585 2544 2797 2583 sanare.
2830 2530 2947 2583 Nisi
2968 2530 3111 2585 enim
3142 2532 3233 2587 ille
3262 2533 3506 2604 aliquan-

1920 2614 1991 2669 do
2020 2616 2247 2687 gratiam
2287 2632 2440 2669 suam
2498 2616 2862 2685 subtraheret,
2896 2617 3036 2672 elata
3066 2636 3219 2673 mens
3250 2621 3507 2689 humana,

1921 2709 1973 2757 et
2003 2720 2062 2757 se
2093 2702 2196 2757 sibi
2224 2704 2292 2758 ad
2316 2703 2577 2772 justitiam
2597 2703 2841 2760 sufﬁcere
2862 2706 3114 2773 credens,
3132 2708 3186 2781 in
3204 2710 3509 2780 superbiam

1920 2790 2141 2863 gravius
2174 2800 2377 2847 rueret.
2412 2792 2517 2846 Sed
2548 2792 2628 2848 sic
2656 2793 2745 2848 ille
2803 2794 3005 2849 deserit
3061 2795 3283 2866 elatum,
3318 2805 3375 2852 ιιι
3403 2799 3514 2854 cle-

1920 2879 2174 2933 mentiori
2218 2880 2396 2952 gratia
2445 2881 2631 2935 redeat
2682 2881 2751 2936 ad
2798 2882 3274 2941 humiliatumzsic
3312 2886 3514 2941 dormit

1919 2965 1975 3021 in
2004 2973 2341 3037 tempestate,
2375 2976 2432 3023 ut
2462 2970 2721 3024 excitatus
2769 2971 3042 3039 precibus,
3076 2972 3307 3042 imperet
3337 2974 3513 3029 ventis

1919 3062 1971 3110 et
1999 3056 2151 3119 mari,
2187 3064 2240 3111 et
2269 3055 2431 3112 faciat
2460 3057 2897 3127 tranquillitatem
2935 3074 3213 3131 magnam.
3248 3061 3512 3116 Plenissi-

1920 3159 2007 3197 me
2037 3150 2088 3197 te
2110 3143 2383 3199 docebunt
2412 3144 2727 3214 Scriptura,
2756 3146 2998 3200 omnium
3032 3147 3291 3201 virtutum
3321 3158 3510 3204 custo-

1920 3229 2045 3285 dem
2076 3247 2198 3285 esse
2230 3231 2608 3301 humilitatem,
2641 3240 2694 3287 et
2725 3248 2940 3287 omnem
2982 3234 3233 3289 virtutem
3264 3236 3380 3291 sine
3409 3238 3515 3294 hac

1920 3318 2140 3373 viduam
2174 3327 2227 3374 et
2257 3318 2527 3374 infirmam
2584 3337 2727 3385 esse,
2785 3321 2897 3376 imo
2934 3338 3037 3378 nec
3066 3323 3315 3379 virtutem
3364 3342 3507 3382 esse.

1920 3406 2185 3473 Jejnnanti
2216 3406 2332 3475 tibi,
2366 3408 2564 3477 oranti,
2594 3408 2870 3480 psallenti,
2902 3426 3011 3465 non
3059 3411 3289 3466 deerunt
3316 3413 3509 3469 invisi-

1920 3493 2058 3548 biles
2088 3494 2310 3561 inimici,
2341 3496 2729 3567 applaudentes
2776 3498 2890 3565 tibi,
2924 3505 2978 3553 et
3005 3498 3249 3553 dicentes
3285 3516 3297 3553 :
3330 3502 3506 3573 Euge,

1922 3598 2082 3654 euge,
2133 3584 2253 3654 quis
2298 3584 2389 3638 tibi
2429 3584 2669 3640 similis?
2699 3586 2820 3656 quis
2862 3585 2934 3640 ita
2973 3587 3153 3657 placet
3196 3588 3359 3643 Deo?
3389 3588 3435 3643 Ο
3464 3589 3510 3643 si

1922 3671 2121 3727 scirent
2152 3671 2400 3727 homines
2428 3673 2765 3729 sanctitatem
2831 3683 2979 3729 tuam
3005 3674 3016 3727 !
3044 3674 3253 3743 Quibus
3282 3684 3337 3730 tu
3371 3692 3509 3733 con—

1922 3759 2071 3814 tinuo
2096 3760 2151 3813 in
2170 3761 2336 3815 corde
2354 3769 2442 3816 tuo
2462 3762 2778 3832 prophetica
2798 3779 2929 3817 voce
2948 3764 3218 3833 responde
3252 3779 3265 3816 :
3298 3766 3509 3820 Ferant

1920 3849 2224 3919 confestim
2244 3850 2634 3919 confusionem
2649 3867 2833 3917 suam,
2854 3854 2952 3923 qui
2966 3852 3166 3907 dicunt
3178 3852 3323 3906 mihi
3337 3852 3505 3923 Euge,

1922 3938 2071 4007 Euge
2088 3938 2264 4005 (Psal.
2287 3952 2484 4001 χχχιιι,
2520 3938 2630 4008 16).
2656 3940 2723 3993 Et
2751 3940 2892 3994 adde
2926 3954 2939 3993 :
2972 3942 3078 4011 Ego
3098 3942 3251 3995 enim
3278 3941 3507 3996 mendi-

1922 4040 2022 4079 cus
2050 4041 2176 4079 sum
2204 4030 2260 4081 et
2292 4042 2511 4097 pauper
2555 4026 2738 4097 (ibid,
2774 4028 2881 4097 18).
2919 4027 3127 4083 Revera
3156 4029 3301 4083 enim
3333 4044 3510 4099 quan-

1923 4119 2249 4184 tumcunque
2276 4113 2346 4169 de
2384 4114 2576 4169 virtute
2607 4114 2662 4167 in
2708 4115 2957 4170 virtutem
2990 4116 3317 4171 ambulando
3346 4115 3515 4187 profi-

1924 4200 2055 4265 cias,
2089 4217 2293 4271 egenus
2325 4201 2431 4255 eris
2461 4218 2678 4271 semper
2707 4210 2761 4256 et
2804 4219 3027 4273 pauper,
3061 4219 3164 4258 nec
3191 4204 3408 4274 plenam
3439 4205 3509 4260 de

1924 4287 2180 4344 invisibili
2210 4290 2364 4344 hoste
2394 4290 2602 4359 poteris
2622 4290 2870 4345 obtinere
2895 4290 3171 4345 victoriam
3204 4308 3217 4344 :
3249 4292 3424 4349 donec
3444 4293 3512 4346 ad

228 4380 394 4446 dicta,
453 4382 541 4437 vel
596 4382 754 4449 facta,
788 4382 874 4438 vel
905 4381 1152 4437 facienda
1211 4388 1334 4435 sunt
1365 4379 1819 4445 recordationem,
1851 4372 2075 4431 Dillum
2115 4377 2416 4446 pervenias,
2450 4378 2534 4431 cui
2572 4377 2703 4432 dicit
2732 4395 2745 4431 :
2782 4378 3123 4450 Adimplebi:
3178 4395 3268 4435 me
3301 4381 3513 4435 laetitia

231 4469 395 4523 modo
434 4469 739 4524 immnndas
788 4469 1164 4540 cogitationes,
1197 4469 1360 4523 modo
1382 4476 1626 4539 teporem
1653 4467 1821 4522 animi

229 4556 318 4610 vel
364 4564 635 4627 terporem
679 4558 855 4612 somni
910 4557 1097 4612 nititur
1128 4557 1403 4629 ingerere,
1453 4564 1510 4609 nt
1556 4572 1588 4610 a
1636 4563 1826 4611 sancta

232 4643 529 4700 intentione
575 4646 812 4700 animum
868 4646 1042 4716 possit
1096 4653 1363 4711 avertere,
1419 4644 1505 4700 vel
1533 4644 1819 4715 impedire.

233 4730 394 4799 Quod
424 4733 470 4787 si
497 4734 552 4787 in
579 4734 879 4789 minoribus
909 4734 1070 4788 sentit
1102 4733 1203 4787 sibi
1232 4749 1341 4787 non
1386 4732 1585 4798 resisti,
1617 4733 1826 4801 majora

232 4820 493 4876 continuo
551 4822 903 4877 tentationum
959 4821 1175 4877 vincula
1226 4820 1411 4876 nectit.
1444 4819 1647 4875 Mavult
1679 4820 1825 4874 enim

233 4910 579 4979 supplantare
601 4926 759 4981 qnam
789 4909 1073 4981 impedire.
1109 4908 1259 4977 Quos
1291 4924 1423 4963 vero
1473 4908 1826 4979 supplantare

231 5012 341 5051 non
370 5006 564 5066 potest,
596 4998 861 5068 impedire
882 4998 1166 5069 (quantum
1182 4997 1465 5067 pravalet)
1484 5012 1591 5051 non
1623 5004 1822 5052 cessat.

237 5086 346 5141 Sed
356 5087 539 5155 fidelis
568 5094 651 5142 est
683 5088 849 5152 Deus,
882 5086 955 5141 ait
984 5086 1294 5157 Apostolus,
1328 5086 1425 5157 qui
1439 5102 1554 5140 non
1572 5085 1829 5156 patietur

233 5189 327 5229 vos
359 5177 575 5230 tentari
602 5191 777 5245 supra
803 5175 862 5230 id
905 5174 1047 5246 quod
1075 5176 1333 5245 potestis,
1364 5173 1461 5228 sed
1488 5174 1663 5244 faciet
1698 5189 1829 5228 eum

236 5266 555 5319 tentatione
575 5267 931 5335 proventum,
954 5266 1018 5317 ut
1043 5263 1272 5333 possitis
1292 5262 1573 5317 sustinere
1592 5260 1747 5329 (Cor.
1773 5277 1825 5328 x,

232 5350 344 5420 13).
366 5351 503 5406 Tum
525 5367 658 5408 vero
676 5351 937 5406 adversus
964 5352 1099 5417 hac,
1133 5358 1186 5406 et
1212 5349 1395 5405 omnia
1415 5348 1635 5403 omnino
1666 5355 1831 5402 tenta-

232 5438 440 5494 tionum
454 5455 682 5513 genera,
702 5439 964 5496 adversus
984 5454 1198 5511 quoque
1218 5446 1504 5495 nocturnas
1524 5435 1827 5503 illusiones,

1927 4480 2056 4519 cum
2085 4466 2248 4518 vultu
2279 4468 2374 4520 tuo
2405 4466 2581 4531 (Psal.
2615 4480 2714 4531 xv,
2749 4466 2858 4536 11),
2892 4482 2957 4520 ex
2987 4467 3236 4523 satiabor
3264 4484 3395 4523 cum
3423 4486 3519 4540 ap-

1922 4553 2185 4623 paruerit
2202 4552 2385 4621 gloria
2406 4553 2835 4621 tua(Psal.xv1,
2860 4556 2969 4625 15).
2990 4555 3046 4609 Si
3072 4555 3356 4625 quisquam
3377 4554 3515 4610 forte

1926 4639 2088 4695 homo
2118 4648 2168 4695 te
2198 4654 2380 4695 coram
2412 4650 2462 4695 te
2508 4640 2825 4705 laudaverit,
2876 4642 2983 4697 noli
3014 4643 3138 4714 plus
3166 4643 3355 4698 alienis
3386 4659 3515 4698 ver-

1927 4728 2010 4782 bis
2040 4744 2202 4799 qnam
2233 4728 2467 4799 propria
2502 4729 2849 4785 conscientia
2877 4731 3125 4796 credere,
3158 4730 3516 4786 reminiscens

1928 4816 2219 4887 Scriptura
2266 4817 2496 4872 dicentis
2531 4834 2544 4870 :
2581 4817 2687 4883 Qui
2720 4822 2774 4873 te
2791 4819 3016 4874 beatum
3059 4820 3281 4884 dicunt,
3316 4819 3427 4889 ipsi
3461 4824 3515 4874 te

1927 4905 2218 4976 decipiunt
2246 4905 2376 4975 (Isa.
2420 4920 2499 4970 ιιι,
2534 4908 2641 4974 12).
2673 4906 2739 4961 Ut
2769 4922 2904 4977 ergo
2932 4907 3001 4960 de
3030 4906 3361 4975 profectibus
3408 4905 3516 4959 tuis

1928 4993 2073 5063 apud
2103 5002 2153 5047 te
2183 5009 2291 5047 non
2311 4992 2609 5061 extollaris,
2644 4993 2698 5047 in
2717 5002 2899 5048 mente
2928 4994 3071 5048 habe
3102 4993 3246 5063 quod
3274 4996 3510 5064 Aposto-

1927 5079 2013 5135 lus
2042 5080 2114 5134 ait
2139 5099 2151 5134 :
2187 5082 2326 5149 Quid
2356 5082 2521 5136 habes
2542 5081 2683 5153 quod
2712 5097 2826 5136 non
2846 5082 3161 5153 accepisti?
3189 5086 3245 5137 et
3274 5082 3325 5136 si
3353 5097 3518 5137 acce-

1923 5169 2088 5239 pisti,
2118 5186 2221 5226 cur
2247 5171 2511 5241 gloriaris
2557 5172 2717 5241 quasi
2746 5186 2862 5225 non
2891 5170 3175 5240 acceperis
3202 5174 3223 5225 ἵ
3253 5172 3403 5241 (Cor.
3438 5185 3516 5235 ιν,

1929 5258 2008 5324 7.)
2024 5259 2089 5313 Ut
2110 5274 2241 5313 vero
2262 5259 2557 5329 appetitum
2582 5257 2802 5311 humani
2822 5256 3026 5313 favoris
3050 5258 3247 5329 fugias,
3273 5258 3397 5312 audi
3420 5259 3525 5311 Do-

1931 5345 2135 5399 minum
2165 5346 2434 5403 dicentem
2473 5346 2803 5402 :Attendite
2837 5363 2908 5401 ne
2958 5348 3246 5417 justitiam
3278 5350 3523 5401 vestram

1931 5449 2125 5490 coram
2140 5436 2460 5493 hominibus
2476 5436 2711 5507 faciatis
2724 5438 2787 5490 ut
2801 5434 3112 5493 videamini
3124 5436 3190 5492 ab
3203 5436 3283 5492 eis
3297 5433 3519 5506 (Matth.
