3972 6052
475 191 577 242 899

1416 188 1711 248 JOANNIS
1750 192 2004 249 CARTH.
2053 191 2434 248 PORTARUM
2472 192 2810 249 MONACHI.

3650 198 3754 251 900

466 318 893 388 vr,1).Alioquin
914 316 1227 372 mercedem
1244 334 1357 374 non
1372 318 1646 374 habebitis
1666 318 1817 391 apud
1833 322 2062 375 Patrem
2092 321 2145 380 Α
2168 319 2483 388 perfectum,
2509 320 2616 375 imo
2646 320 2765 375 sine
2793 319 3051 375 charitate
3072 318 3204 374 nihil
3251 319 3421 390 possit
3460 320 3745 391 prodesse,

466 410 737 470 vestrum,
758 407 854 477 qui
868 408 931 460 in
952 406 1106 460 caelis
1124 411 1205 460 est
1224 408 1440 477 (Matth.
1475 422 1549 471 γι,
1580 411 1653 475 ὅ).
1681 408 1813 461 Item
1843 408 1910 461 de
1941 408 2062 461 tali-
2159 408 2248 461 illa
2277 408 2570 478 apostolica
2599 408 2758 463 lectio
2788 416 2840 463 te
2860 407 3055 478 poterit
3076 408 3327 477 edocere,
3361 424 3482 479 qua.
3512 408 3589 463 sic
3618 409 3747 463 inci-

468 493 568 547 bus
600 492 726 546 dicit
756 510 768 545 :
802 493 977 548 Amen
1016 494 1136 549 dico
1171 496 1334 558 vobis,
1380 499 1713 564 receperunt
1746 496 2058 549 mercedem

467 596 635 635 suam
657 580 835 649 (ibid,
861 581 936 650 5).
970 581 1093 635 Noli
1122 590 1303 634 autem
1320 582 1591 646 arbitrari,
1620 583 1821 635 malum
1845 599 1967 637 esse
1989 583 2058 636 ab

464 668 773 723 hominibus
796 668 1023 733 laudari,
1060 669 1233 723 sinon
1252 670 1578 724 adulationis
1602 686 1766 725 causa
1788 669 1878 723 ﬁat
1902 689 1913 724 :
1936 686 2056 725 cum

469 772 499 811 e
529 763 714 811 contra
734 756 996 825 scriptum
1028 757 1095 811 sit
1125 776 1143 811 :
1172 759 1263 813 .Vw
1283 758 1515 823 homini,
1538 774 1641 828 per
1669 775 1829 829 quem
1850 775 2055 813 nomen

467 845 695 900 Domini
724 844 1149 914 blasphematur
1167 846 1345 914 (Rom.
1366 860 1403 911 ι,
1435 846 1541 911 24;
1576 846 1677 900 Isa.
1712 861 1802 911 LII,
1838 849 1912 917 5).
1949 846 2055 901 Sed

466 931 666 984 malum
700 938 800 996 est,
834 930 1049 986 laudem
1096 940 1371 1002 appetere,
1414 933 1499 987 vel
1530 949 1734 987 amare.

544 1022 611 1077 De
634 1021 942 1074 Charitate.
966 1050 1034 1058 —-
1058 1021 1352 1091 Postquam
1371 1028 1547 1075 autem
1570 1021 1825 1075 didiceris
1846 1037 1876 1074 a
1900 1022 2055 1075 Chri-

471 1116 574 1177 sto,
607 1107 750 1161 mitis
782 1123 923 1175 esse,
967 1115 1019 1161 et
1048 1108 1265 1161 humilis
1324 1109 1507 1176 corde,
1540 1108 1630 1162 ille
1659 1109 1751 1179 qui
1805 1110 2053 1179 superbis

467 1196 686 1262 resistit,
711 1202 763 1249 et
784 1194 1076 1249 humilibus
1094 1195 1183 1248 dat
1205 1196 1440 1267 gratiam
1470 1212 1643 1261 suam,
1664 1197 1888 1264 petenti,
1915 1213 2055 1266 quae-

461 1283 623 1349 renti,
657 1282 894 1353 pulsanti
924 1283 1018 1335 tibi
1047 1282 1194 1336 dabit
1224 1299 1320 1352 per
1357 1283 1611 1352 Spiritum
1644 1291 1887 1338 sanctum
1919 1284 2051 1338 cha-

462 1372 697 1436 ritatem,
734 1385 842 1439 qua
890 1371 1157 1437 majorem
1215 1370 1345 1423 nulli
1391 1370 1596 1424 homini
1626 1370 1680 1424 in
1710 1372 1809 1425 hac
1829 1371 1935 1425 vita
1961 1372 2053 1425 dat

458 1458 714 1531 gratiam.
747 1458 875 1510 Haec
902 1464 1187 1530 postquam
1247 1458 1473 1528 coeperit
1502 1458 1556 1511 in
1610 1459 1776 1512 corde
1815 1466 1905 1513 tuo
1934 1458 2048 1512 fer-

458 1562 607 1611 vere,
640 1545 715 1598 ita
743 1543 981 1598 dilatabit
1027 1544 1177 1615 illud,
1212 1552 1269 1599 ut
1300 1546 1561 1616 quidquid
1610 1546 1701 1598 tibi
1744 1546 1799 1599 in
1854 1546 2050 1601 divinis

2158 496 2234 565 pit
2260 510 2271 548 :
2287 497 2345 551 Si
2369 497 2577 566 linguis
2593 497 2884 551 hominum
2908 497 3120 567 loquar,
3138 500 3193 550 et
3215 497 3543 567 angelorum
3558 497 3608 565 (I
3618 498 3739 551 Cor.

2158 598 2281 645 xm,
2317 588 2339 636 1
2372 602 2385 649 ;
2418 587 2576 639 Rom.
2610 598 2724 649 vni,
2758 587 2845 647 38,
2895 582 3006 651 39),
3041 591 3142 638 etc.
3166 583 3313 637 Felix
3350 584 3503 651 cujus
3534 582 3742 637 animus

2156 672 2225 725 ita
2256 671 2455 741 plenus
2487 680 2569 725 est
2607 671 2887 739 charitate,
2922 678 2978 724 ut
3007 670 3274 726 veraciter
3303 672 3477 741 possit
3509 671 3689 725 dicere
3724 689 3737 725 :

2163 759 2362 814 Certus
2393 776 2519 814 sum
2564 761 2695 831 quia
2734 775 2913 831 neque
2950 775 3132 823 mors,
3180 775 3357 829 neque
3406 761 3541 824 vita,
3565 774 3742 829 neque

2156 851 2426 903 creatura
2474 848 2667 918 aliqua
2694 847 2905 917 poterit
2937 863 3027 901 me
3066 862 3330 918 separare
3373 864 3409 901 a
3457 846 3739 901 charitate

2155 936 2271 1000 Dei,
2298 952 2419 1007 quae
2436 939 2519 990 est
2538 936 2601 989 in
2627 934 2845 990 Christo
2868 936 2999 989 Jesu
3021 935 3255 989 Domino
3284 938 3497 991 nostro.

2225 1024 2299 1078 De
2329 1024 2701 1093 confessione.
2734 1052 2803 1060 —
2834 1021 3084 1092 Aliquem
3136 1020 3436 1092 spiritalem
3466 1021 3643 1075 virum
3669 1021 3736 1075 de

2153 1110 2510 1174 monasterio,
2558 1109 2878 1179 opportunis
2911 1111 3090 1179 (prout
3118 1109 3215 1163 tibi
3266 1117 3318 1163 et
3347 1109 3423 1162 illi
3450 1109 3739 1178 videbitur)

2153 1194 2480 1263 temporibus
2511 1193 2579 1246 ad
2608 1201 2659 1247 te
2688 1192 2871 1247 venire
2914 1192 3230 1262 postulabis,
3280 1208 3389 1246 non
3419 1192 3732 1263 quemlibet,

2154 1282 2250 1335 sed
2280 1282 2599 1353 religiosum
2642 1280 2819 1333 virum
2850 1286 2901 1334 et
2954 1280 3273 1347 discretum,
3332 1280 3419 1334 cui
3466 1280 3737 1333 humiliter

2153 1369 2308 1439 quasi
2358 1369 2503 1421 Patri
2564 1366 2869 1423 confitearis
2916 1366 3171 1434 offensas,
3212 1368 3405 1439 quibus
3455 1376 3505 1421 te
3550 1382 3735 1422 coram

2150 1458 2265 1511 Deo
2294 1456 2777 1526 reprehensibilem
2798 1471 2919 1510 esse
2960 1455 3375 1513 animadvertes.
3408 1456 3531 1510 Non
3561 1454 3735 1509 solum

2148 1545 2290 1599 enim
2321 1544 2684 1615 negligentias
2705 1544 2997 1609 actionum,
3022 1544 3109 1599 vel
3137 1544 3471 1599 temeritates
3502 1543 3734 1599 locutio-

457 1632 729 1687 mandatis
754 1632 947 1686 durum
969 1632 1201 1701 videtur,
1228 1633 1312 1687 vel
1330 1632 1563 1697 difﬁcile,
1597 1634 1689 1687 fiat
1711 1634 2044 1688 facillimum.
2069 1666 2120 1725 B
2149 1649 2298 1699 num,
2332 1634 2429 1687 sed
2452 1640 2504 1687 et
2531 1640 2753 1702 peccata
2805 1632 3193 1702 cogitationum
3243 1633 3413 1687 debes
3441 1632 3731 1696 discutere,

458 1723 556 1786 Ita,
591 1721 832 1791 inquam,
866 1720 1112 1773 dilatahit
1150 1736 1263 1775 cor.
1301 1728 1467 1786 tuum,
1504 1730 1557 1775 et
1587 1737 1921 1792 quaecunque
1952 1722 2047 1776 tibi
2069 1718 2117 1725 —
2148 1729 2199 1776 et
2236 1722 2289 1774 in
2318 1736 2448 1776 cera
2506 1730 2709 1786 notata,
2762 1720 2849 1775 vel
2877 1720 3191 1775 membrana
3220 1721 3533 1776 memoriter
3560 1718 3734 1775 conﬁ-

458 1809 593 1862 dura
622 1809 893 1877 videntur,
927 1809 1013 1862 vel
1067 1824 1283 1878 aspera,
1313 1809 1552 1877 jucunda
1611 1810 1770 1864 faciet
1802 1818 1853 1864 et
1882 1810 2043 1876 levia,

451 1905 509 1951 ut
539 1897 804 1951 veraciter
824 1897 972 1951 dicas
1010 1914 1022 1950 :
1069 1898 1219 1953 Viam
1248 1898 1654 1953 mandatorum
1701 1902 1927 1953 tuorum
1949 1915 2045 1953 cu-

455 1987 613 2040 curri
635 2002 764 2040 cum
796 1985 1057 2039 dilatasti
1078 2001 1174 2040 cor
1194 2001 1382 2041 meum
1404 1975 1576 2054 (Psai.
1601 2001 1793 2049 cxvm,
1818 1988 1906 2055 34)
1942 2004 1955 2039 :
1979 1988 2046 2040 Et

453 2073 618 2126 illud:
648 2074 711 2126 In
735 2074 823 2126 via
858 2073 1255 2127 mandatorum
1295 2077 1523 2128 tuorum
1552 2075 1864 2129 delectatus
1895 2090 2037 2138 sum,

457 2164 605 2215 sicut
636 2162 699 2213 in
730 2160 987 2213 omnibus
1026 2160 1237 2215 divitiis
1260 2161 1437 2230 (ibid,
1473 2162 1581 2230 14).
1603 2161 1749 2216 Ilanc
1773 2170 1825 2215 tu
1858 2161 2040 2216 chari-

462 2255 647 2312 tatem,
681 2246 812 2299 nihil
845 2246 993 2300 aliud
1025 2263 1187 2317 quam
1216 2247 1564 2302 dilectionem
1590 2249 1687 2302 Dei
1718 2256 1770 2302 et
1799 2248 2041 2318 proximi

449 2334 711 2404 intelligo.
744 2335 879 2387 Nam
912 2334 1019 2387 duo
1050 2343 1174 2388 sunt
1211 2344 1504 2405 praecepta,
1537 2337 1633 2389 sed
1663 2351 1769 2389 una
1800 2344 1880 2389 est
1911 2336 2039 2391 cha-

445 2424 600 2476 ritas.
624 2423 756 2476 Cum
791 2422 859 2477 de
880 2422 1092 2476 duobus
1119 2423 1387 2477 mandatis
1408 2424 1671 2477 Dominus
1693 2424 2034 2494 loqueretur:

445 2511 509 2565 In
542 2511 647 2579 his,
673 2510 865 2581 inquit,
890 2511 1099 2566 duobus
1118 2513 1416 2582 prwceptis
1434 2513 1697 2567 universa
1722 2513 1816 2567 lex
1829 2513 2038 2584 pendet

440 2604 498 2654 et
524 2600 808 2670 prophetae
841 2599 1059 2667 (Matth.
1086 2614 1228 2665 χχιι,
1250 2601 1355 2669 40).
1378 2600 1508 2654 Cum
1538 2608 1715 2654 autem
1752 2600 1819 2654 de
1848 2601 2033 2655 chari-

440 2694 568 2754 tatc,
594 2703 716 2756 qua:
744 2702 852 2740 una
883 2694 981 2750 est,
1017 2687 1310 2755 Apostolus
1340 2687 1667 2757 loqueretur,
1702 2688 1776 2741 ait
1801 2706 1813 2740 :
1834 2690 2032 2743 Pleni-

445 2776 577 2829 tudo
612 2775 746 2844 legis
767 2778 851 2827 est
875 2774 1100 2829 dilectio
1122 2774 1299 2843 (Rom.
1323 2790 1445 2839 xm,
1464 2778 1570 2844 10).
1588 2777 1706 2830 Duo
1733 2791 1865 2847 ergo
1887 2784 2027 2841 sunt,

440 2879 561 2933 quae
576 2862 835 2930 jubentur
858 2881 870 2926 ;
890 2862 985 2916 sed
1006 2878 1115 2915 una
1138 2868 1220 2917 est
1244 2862 1480 2917 charitas
1502 2879 1601 2933 per
1626 2879 1786 2934 quam
1810 2864 2036 2933 implen-

436 2958 541 3004 tur.
571 2951 847 3019 Praecepta
878 2966 998 3020 qua:
1022 2950 1278 3016 jubentur
1304 2958 1428 3003 sunt
1456 2951 1510 3004 in
1541 2950 1665 3021 lege
1689 2969 1703 3015 ;
1742 2952 1839 3005 sed
1860 2953 2032 3006 chari-

2146 1809 2247 1863 teri
2282 1828 2296 1863 :
2333 1816 2385 1863 et
2417 1825 2535 1879 qua:
2552 1808 2620 1861 ab
2652 1823 2717 1862 eo
2746 1807 2843 1861 tibi
2864 1807 3232 1879 injungentur,
3264 1808 3457 1863 devote
3488 1808 3729 1879 exsequi,

2146 1905 2198 1951 et
2228 1905 2285 1950 ut
2322 1912 2419 1967 pro
2450 1904 2498 1950 te
2550 1904 2668 1951 oret
2718 1895 2994 1949 humiliter
3041 1896 3346 1965 deprecari,
3372 1896 3525 1964 juxta
3552 1896 3685 1950 illud
3718 1911 3731 1948 :

2146 1985 2506 2053 Conﬁtemini
2533 1985 2883 2039 alterutrum
2900 1988 3136 2055 peccata
3156 1989 3359 2048 vestra,
3378 1988 3435 2039 et
3452 1989 3609 2039 orate
3627 1999 3728 2055 pro

2141 2074 2385 2128 invicem
2406 2076 2473 2127 ut
2498 2073 2800 2126 salvemini
2822 2072 2960 2141 (Jac.
2997 2087 3052 2137 v,
3076 2073 3184 2142 16).
3213 2073 3313 2126 Per
3332 2071 3728 2127 confessionem

2142 2160 2283 2214 enim
2343 2168 2395 2214 et
2452 2160 2842 2230 paenitentiam,
2891 2174 3014 2214 cum
3071 2159 3342 2215 sacriﬁcio
3366 2160 3628 2215 orationis
3677 2170 3729 2215 et

2140 2247 2414 2318 praeterita
2442 2256 2667 2316 peccata
2698 2248 2997 2313 diluuntur,
3032 2254 3084 2301 et
3133 2248 3309 2302 futura
3362 2256 3639 2311 caventur,
3675 2257 3728 2302 et

2140 2336 2353 2391 insidia:
2384 2344 2547 2405 atque
2579 2335 2859 2389 illusiones
2887 2336 3195 2390 daemonum
3234 2344 3506 2401 caventur,
3541 2345 3594 2391 et
3624 2352 3725 2391 va-

2139 2430 2384 2479 cuantur.
2429 2422 2576 2477 Scire
2611 2422 2810 2493 quippe
2838 2423 3026 2487 debes,
3076 2422 3349 2494 religiosis
3379 2433 3430 2477 et
3456 2425 3643 2495 magni
3672 2433 3728 2479 et

2137 2511 2296 2566 ardui
2337 2510 2595 2581 propositi
2624 2510 2775 2575 viris,
2808 2526 2908 2580 pro
2944 2510 3204 2581 gravibus
3260 2511 3431 2581 culpis
3480 2513 3726 2583 deputari

2136 2600 2400 2671 quasdam
2431 2597 2689 2663 offensas,
2722 2614 2842 2669 quae
2894 2599 3062 2664 leves,
3096 2606 3149 2653 et
3177 2599 3417 2653 veniales
3461 2600 3517 2654 in
3546 2617 3722 2656 saecu-

2134 2687 2235 2741 lari
2264 2685 2678 2743 conversatione
2727 2686 3021 2739 habentur.
3060 2687 3247 2756 Itaque
3277 2696 3549 2743 memento
3576 2690 3726 2759 quod

2135 2776 2325 2829 beatus
2346 2775 2445 2829 Job
2478 2774 2548 2827 ait
2578 2774 2645 2828 ad
2676 2774 2969 2828 Dominum
3003 2789 3015 2827 :
3058 2774 3289 2830 Verebar
3332 2777 3522 2831 omnia
3550 2792 3726 2847 opera

2133 2879 2278 2925 mea,
2310 2864 2492 2917 sciens
2513 2862 2653 2933 quod
2682 2878 2796 2918 non
2813 2865 3073 2933 parceret
3094 2863 3328 2933 deli-aqu
3340 2865 3462 2918 enti
3485 2864 3603 2931 (Job
3635 2880 3717 2933 Ix,

2133 2953 2245 3020 28).
2278 2950 2596 3005 Confortare
2624 2951 2787 3021 igitur
2832 2951 2888 3004 in
2952 2950 3205 3017 Domino,
3252 2958 3304 3004 et
3334 2950 3552 3006 viriliter
3588 2967 3718 3024 age,

436 3046 521 3092 tas
552 3054 651 3107 per
679 3013 837 3108 quam
868 3013 1159 3108 implentur
1189 3046 1271 3092 est
1297 3038 1353 3091 in
1373 3039 1559 3093 corde.
1587 3013 1824 3108 Svcd'non
1851 3048 2030 3109 potest
2052 3013 2098 3071 Ο
2128 3013 2237 3093 non
2268 3038 2410 3093 enim
2442 3038 2537 3091 tibi
2564 3013 2735 3092 deerit
2762 3039 3027 3103 Christus,
3051 3053 3153 3093 nec
3171 3013 3221 3092 te
3242 3054 3337 3092 sua
3352 3013 3721 3108 promissione

435 3142 558 3179 esse
590 3126 641 3178 in
673 3125 929 3180 cordibus
962 3126 1181 3190 nostris,
1208 3142 1271 3180 ex
1294 3126 1451 3179 nobis
1480 3126 1631 3195 ipsis,
1659 3127 1744 3181 vel
1774 3144 1872 3196 per
1900 3144 2026 3182 nos-

435 3213 725 3284 metipsos;
752 3214 847 3267 sed
871 3214 1121 3269 charitas
1145 3216 1261 3280 Dei,
1284 3214 1359 3268 ait
1380 3214 1688 3284 Apostolus,
1715 3216 1920 3286 diffusa
1942 3221 2025 3271 est

436 3303 500 3356 in
530 3302 785 3357 cordibus
813 3302 1040 3366 nostris,
1064 3318 1168 3372 per
1197 3303 1473 3373 Spiritum
1503 3306 1767 3358 sanctum
1800 3305 1894 3374 qui
1928 3306 2024 3359 da-

442 3394 532 3444 tus
566 3394 648 3443 est
676 3389 831 3445 nobis
863 3391 1039 3458 (Rom.
1064 3404 1121 3453 x,
1141 3391 1215 3458 5).
1253 3390 1404 3444 Hanc
1431 3397 1487 3443 tu
1510 3389 1917 3456 instantissime,
1942 3391 2021 3444 in-

432 3484 709 3531 cessanter
736 3484 789 3530 et
816 3476 1167 3530 devotissime
1196 3477 1265 3529 ab
1286 3477 1379 3531 illo
1401 3486 1541 3547 pete,
1569 3493 1601 3532 a
1623 3495 1730 3549 quo
1754 3487 1833 3533 est
1862 3494 2021 3533 omne

2130 3127 2421 3194 fraudabit,
2445 3125 2569 3196 quia
2590 3125 2719 3180 dicit
2748 3146 2766 3181 :
2795 3127 2936 3181 Ecce
2966 3142 3058 3197 ego
3088 3126 3369 3180 vobiscum
3390 3144 3515 3182 sum
3537 3132 3722 3183 omni-

2128 3215 2227 3269 bus
2256 3215 2444 3269 diebus
2472 3229 2643 3285 usque
2673 3213 2744 3267 ad
2771 3216 3313 3269 consummationem
3345 3217 3555 3270 saeculi.
3592 3218 3721 3287 Ipse

2127 3311 2302 3356 autem
2334 3301 2425 3371 qui
2474 3309 2524 3356 te
2552 3316 2651 3370 per
2678 3301 2911 3371 gratiam
2953 3317 3106 3355 suam
3155 3302 3401 3370 vocavit,
3433 3302 3506 3357 ita
3537 3304 3630 3357 tibi
3662 3314 3722 3360 et

2124 3390 2283 3443 nobis
2328 3388 2522 3443 auxilio
2570 3397 2785 3443 tuarum
2842 3390 3143 3444 orationum
3210 3390 3407 3459 adjutis
3463 3392 3723 3463 dignetur

2124 3479 2337 3544 adesse,
2362 3485 2419 3531 ut
2446 3485 2634 3531 mutua
2654 3492 2753 3532 nos
2776 3477 2830 3531 in
2850 3494 3023 3549 regno
3054 3492 3150 3534 suo
3181 3477 3388 3534 visione
3416 3479 3575 3534 faciat
3596 3480 3718 3536 sine

428 3565 616 3619 datum
673 3564 956 3633 optimum,
989 3571 1041 3617 et
1082 3579 1244 3617 omne
1283 3565 1485 3619 donum
1514 3564 1833 3635 perfectum.
1868 3565 2019 3634 Quo-
2121 3564 2227 3620 ﬁne
2260 3566 2518 3636 gaudere.
2562 3568 2755 3620 Amen.

426 3653 590 3707 modo
622 3651 737 3705 sine
770 3651 1031 3706 charitate
1061 3652 1268 3706 nullum
1297 3668 1434 3723 opus
1464 3653 1665 3708 bonum
1695 3654 1868 3724 possit
1896 3669 2019 3708 esse

428 3804 3713 3840 Μ

1674 3938 2471 4071 JOANNIS

916 4135 920 4140 ’
997 4201 1726 4298 CARTHUSI/E
1806 4202 2483 4299 PORTARUM
2562 4204 3127 4301 MONACHI

1410 4428 2065 4532 EPISTOL/E
2145 4432 2699 4557 QUINQUE

1094 4646 1198 4713 (Ex
1229 4645 1416 4700 codice
1447 4660 1550 4699 ms.
1580 4644 1898 4699 monasterii
1929 4644 1984 4699 S.
2019 4646 2270 4716 Augendi
2300 4646 2546 4702 Jurensis
2576 4663 2673 4704 seu
2703 4649 2759 4704 S.
2794 4649 3049 4723 Claudii.)

911 4912 1249 4969 EPISTOLA
1307 4913 1542 4968 PRIMA.

2181 4916 2286 4983 Qui
2316 4916 2393 4982 tit,
2436 4917 2772 4985 charissime,
2825 4918 2879 4972 in
2925 4919 3137 4975 Christo
3176 4921 3699 4991 desiderantissime,

2027 4989 2080 5047 D
2111 5011 2165 5057 ut
2191 5020 2313 5057 cum
2345 5018 2534 5059 omnes
2575 5005 2999 5079 circumquaque
3042 5010 3229 5079 populi
3256 5010 3575 5067 Christianae
3604 4989 3702 5067 re;

557 5086 629 5125 AD
659 5086 994 5127 STEPHANUM
1023 5084 1279 5125 FRATREM
1313 5084 1494 5123 CARNE
1523 5085 1593 5124 ET
1623 5085 1854 5125 SPIRITU.

945 5212 1020 5267 De
1068 5214 1204 5282 fuga
1230 5210 1446 5266 saeculi.

483 5354 780 5408 Srnenmo
811 5351 1162 5407 dilectissimo
1192 5350 1246 5402 in
1277 5348 1511 5417 Christo,
1556 5362 1805 5404 JOANNES
1836 5348 2000 5405 frater

402 5442 573 5512 ipsius
591 5458 757 5498 carne
786 5456 850 5496 ac
880 5440 1090 5510 spiritu,
1124 5439 1178 5492 in
1212 5437 1718 5494 Christivisceribus
1740 5437 1992 5505 inveniri,

404 5536 457 5584 et
486 5529 556 5585 ab
594 5530 864 5587 auditione
892 5528 1035 5584 mala
1063 5542 1174 5583 non
1213 5526 1422 5582 timere.

2110 5090 2330 5162 ligionis
2358 5092 2699 5161 professores
2721 5094 2911 5161 simus,
2930 5097 3197 5151 mandatis
3215 5098 3531 5163 Dominicis,
3554 5108 3703 5154 tanta

2112 5193 2299 5233 eorum
2340 5180 2430 5250 qui
2478 5180 2619 5236 intra
2663 5183 2963 5238 Ecclesiam
3011 5185 3353 5240 continentur
3390 5186 3698 5253 multitudo,

2107 5282 2217 5321 non
2248 5267 2425 5323 solum
2451 5269 2811 5324 obedientiam
2842 5287 2952 5326 non
2984 5272 3218 5339 deferre,
3246 5272 3495 5330 faciendo
3524 5274 3702 5344 impe-

2107 5363 2246 5422 rata,
2294 5372 2485 5411 verum
2529 5358 2686 5413 etiam
2718 5358 3001 5413 obstinatis
3028 5360 3222 5414 animis
3268 5352 3563 5427 adversari,
3608 5361 3700 5416 fa-

2105 5441 2298 5498 ciendo
2331 5445 2621 5514 prohibita,
2674 5446 3023 5502 inveniatur?
3053 5447 3158 5516 Qui
3187 5449 3421 5520 utrique,
3455 5456 3564 5503 tam
3602 5450 3702 5520 qui

2100 5528 2367 5600 imperata
2396 5547 2506 5588 non
2534 5532 2757 5605 faciunt,
2780 5549 2942 5607 quam
2973 5535 3063 5606 qui
3092 5535 3364 5606 prohibita
3383 5536 3565 5593 facere
3586 5551 3704 5592 non
