3972 6052
213 230 310 283 901

1490 224 1841 282 EPISTOLE
1879 223 2198 294 QUINQUE
2211 267 2225 280 .

3403 234 3506 287 902

219 360 482 421 metuunt,
517 353 561 407 si
593 371 713 425 qua
741 362 863 408 sunt
892 355 945 408 in
976 355 1132 409 nobis
1163 354 1376 409 viscera
1418 351 1821 416 misericordia,
1853 351 1907 409 A
1929 351 2017 404 nis
2056 359 2304 423 tempore
2334 353 2587 418 habeant,
2623 352 2676 405 in
2716 352 2823 406 illis
2870 353 3103 409 maxime
3133 355 3511 413 manifestatur

222 441 267 494 si
301 458 421 512 qua
467 442 699 511 pietatis,
748 443 969 497 assiduo
999 442 1223 515 lugendi
1250 443 1394 511 fletu,
1430 443 1650 497 assiduo
1696 449 1819 495 sunt

223 527 519 600 plangendi
550 529 759 584 dolore.
798 531 1017 602 Utrique
1066 531 1229 595 enim,
1270 530 1371 585 etsi
1417 546 1523 585 non
1571 530 1817 585 eamdem

226 615 363 670 forte
394 633 628 686 patiam,
689 619 937 672 eamdem
983 628 1186 684 tamen,
1248 619 1347 672 nisi
1398 619 1452 672 in
1507 619 1819 687 panitentia

219 704 538 773 perdurent,
602 706 872 760 incurrent
920 707 1338 761 damnationem.
1412 707 1565 761 Adeo
1622 705 1819 777 quippe

220 792 426 862 repleta
452 800 534 847 est
579 800 723 847 terra
769 794 1067 865 iniquitate,
1114 802 1167 848 et
1214 794 1360 866 quod
1408 794 1463 847 in
1510 794 1821 848 novissimis

221 879 414 934 diebus
445 881 707 935 Dominus
737 880 971 935 futurum
1000 881 1481 953 pradixit(Matth.
1512 896 1670 945 xxxv,
1707 882 1814 951 14),

220 967 533 1022 abundante
589 968 887 1039 iniquitate,
947 969 1308 1042 refrigescere
1367 970 1529 1041 coepit
1584 970 1818 1025 Charitas

220 1055 543 1121 multorum;
578 1064 634 1110 ut
662 1055 873 1112 facilius
889 1057 1136 1113 invenias
1152 1058 1243 1129 qui
1271 1057 1455 1112 laudet
1474 1066 1818 1127 peccatorem

220 1142 275 1196 in
305 1143 593 1198 desideriis
623 1145 817 1200 anima
848 1161 978 1211 sua,
1011 1161 1169 1216 quam
1192 1146 1282 1217 qui
1311 1146 1565 1215 corripiat
1593 1162 1715 1200 eum
1749 1146 1818 1199 ab

218 1246 409 1286 errore
442 1232 542 1287 via
571 1249 706 1287 sua.
745 1232 903 1301 Quod
933 1234 979 1287 si
1005 1234 1073 1289 de
1094 1234 1283 1289 otiosis
1327 1234 1665 1289 sermonibus
1694 1234 1819 1289 red-

217 1319 379 1373 dituri
401 1336 588 1374 sumus
616 1320 880 1375 rationem
914 1322 969 1376 in
999 1321 1086 1376 die
1111 1322 1320 1390 judicii,
1355 1322 1445 1392 qui
1482 1321 1815 1391 voluptatum

219 1416 271 1462 et
300 1407 610 1462 illicitorum
641 1409 800 1477 hujus
830 1411 1018 1463 mundi
1063 1410 1459 1465 desideriorum
1491 1417 1613 1464 sunt
1668 1426 1816 1465 ama-

214 1503 359 1550 tores
390 1495 568 1567 magis
599 1513 760 1567 quam
792 1497 910 1562 Dei,
943 1514 1049 1568 quo
1100 1498 1249 1552 ibunt
1277 1515 1307 1552 a
1336 1498 1524 1568 spiritu
1554 1498 1717 1564 illius,
1764 1508 1816 1553 et

215 1598 371 1653 quoa
399 1582 534 1638 facie
573 1585 687 1653 ejus
734 1584 942 1656 fugient
975 1603 989 1651 ;
1022 1585 1113 1657 qui
1161 1586 1377 1658 quidem
1408 1586 1462 1639 in
1516 1587 1815 1643 humilitate

1920 440 2011 509 qui
2039 449 2328 511 postquam
2350 442 2415 494 de
2432 441 2539 496 vita
2567 442 3013 511 desperaverant,
3045 450 3166 511 post
3193 444 3337 498 illam
3368 464 3507 517 qua-

1917 527 2241 599 lemcunque
2260 529 2675 596 confessionem,
2700 530 2767 583 de
2788 530 3107 599 agritudine
3128 534 3513 590 convalescen-

1919 623 2018 680 tes,
2054 617 2123 669 ad
2154 626 2413 671 consueta
2432 626 2653 687 peccata
2683 618 2925 683 redeunt,
2958 627 3010 672 et
3039 619 3304 674 deteriora
3348 640 3510 693 quam

1918 704 2068 773 prius
2085 704 2375 775 aliquando
2406 706 2763 759 committunt.
2812 706 2867 760 Si
2897 706 3039 760 enim
3061 724 3189 762 vere
3227 711 3511 779 paenituis-

1920 799 2058 855 sent,
2092 792 2345 846 deflenda
2375 809 2561 847 rursus
2592 801 2751 864 atque
2782 792 3016 847 dolenda
3045 797 3378 853 committere
3417 815 3510 854 ca-

1918 887 2125 932 verent.
2161 880 2265 946 Qui
2320 880 2365 933 si
2400 881 2542 934 illius
2574 880 2936 935 invalitudinis
2983 890 3229 953 tempore
3279 895 3510 941 mortem

1918 966 2175 1032 subirent,
2202 975 2378 1021 utrum
2408 968 2477 1022 ad
2498 984 2729 1039 regnum
2759 969 2958 1024 Christi
2989 974 3298 1040 perventuri
3329 984 3512 1030 essent

1918 1054 2064 1107 Deus
2093 1054 2303 1109 viderit.
2338 1056 2442 1124 Qui
2471 1056 2637 1127 igitur
2667 1057 2736 1110 ab
2761 1057 2865 1112 hac
2894 1058 3005 1113 vita
3031 1059 3104 1113 ita
3134 1062 3509 1132 egrediuntur,

1914 1141 2221 1209 hujusmodi
2262 1144 2419 1197 etiam
2473 1144 2815 1199 confessione
2871 1161 2981 1201 non
3031 1156 3324 1216 carentes;
3376 1152 3513 1209 sicut

1916 1229 2064 1283 salus
2096 1245 2283 1285 eorum
2321 1231 2507 1297 dubia,
2555 1232 2627 1285 ita
2671 1241 2723 1286 et
2779 1233 3055 1289 damnatio
3085 1235 3292 1291 incerta
3327 1255 3339 1291 :
3372 1239 3509 1292 sicut

1914 1332 2022 1371 non
2043 1325 2125 1371 est
2153 1318 2221 1372 de
2253 1318 2331 1372 eis
2362 1319 2782 1388 desperandum,
2817 1323 2889 1373 ita
2916 1338 3015 1377 nec
3045 1326 3503 1393 prasumendum.

1915 1404 2201 1471 Quomodo
2232 1406 2376 1460 enim
2405 1405 2567 1461 finem
2598 1407 2872 1461 invenient
2892 1410 3189 1479 suppliciis,
3233 1414 3323 1482 qui
3345 1412 3508 1468 finem

1913 1509 2189 1564 nunquam
2221 1494 2531 1564 imposuere
2569 1495 2809 1565 peccatis
2836 1496 2864 1549 ?
2894 1497 2949 1551 Si
2980 1498 3125 1551 enim
3164 1500 3396 1568 amplius
3422 1502 3508 1555 vi-

1912 1589 2121 1645 verent,
2154 1581 2293 1636 forte
2341 1582 2572 1652 amplius
2615 1590 2668 1637 et
2723 1593 3034 1653 peccarent.
3097 1586 3278 1653 Quare
3331 1596 3510 1642 autem

208 1671 498 1738 judicatus,
547 1681 804 1727 venturus
843 1681 924 1727 est
955 1688 1077 1728 cum
1121 1682 1404 1744 potestate,
1439 1682 1488 1728 et
1536 1676 1814 1743 majestate
1834 1695 1887 1756 Β
1915 1669 2059 1723 illius
2088 1670 2414 1724 venerabilis
2444 1670 2667 1725 latronis
2688 1670 2961 1726 confessio
2982 1674 3106 1729 huic
3144 1690 3328 1729 eorum
3374 1692 3509 1731 con-

210 1758 458 1825 judicare
504 1760 759 1815 saculum
812 1777 910 1832 per
956 1761 1192 1832 ignem?
1222 1761 1507 1830 Quomodo
1562 1771 1814 1833 poterunt

214 1846 458 1902 habitare
506 1864 628 1902 cum
686 1849 813 1919 igne
871 1850 1189 1917 devorante,
1213 1858 1265 1904 et
1284 1850 1566 1905 ardoribus
1610 1852 1815 1921 sempi-

211 1934 381 1989 ternis
412 1936 440 1989 ?
470 1935 525 1989 Si
572 1952 747 2007 neque
788 1937 856 1991 ab
908 1938 1138 2007 oriente,
1200 1953 1379 2009 neque
1410 1938 1478 1993 ab
1535 1939 1815 1995 occidente

210 2030 359 2092 patet
386 2022 535 2078 locus
565 2023 857 2097 effugiendi
871 2026 1112 2095 judicem
1148 2028 1340 2093 Deum,
1371 2026 1585 2096 quando
1634 2027 1813 2095 justus

208 2110 297 2164 vix
327 2111 643 2180 salvabitur,
696 2113 845 2183 impii
890 2122 943 2168 et
988 2122 1304 2184 peccatores
1347 2115 1437 2169 ubi
1487 2115 1813 2185 parebunt?

210 2198 491 2253 Terribilis
521 2208 601 2254 est
633 2216 764 2271 ergo
796 2201 977 2267 nimis,
1005 2209 1057 2256 et
1087 2218 1250 2272 supra
1282 2218 1447 2273 quam
1476 2202 1561 2257 vel
1578 2203 1705 2269 dici,
1726 2204 1812 2258 vel

210 2285 504 2355 excogitari
534 2294 712 2356 potest
740 2286 1119 2351 formidabilis,
1153 2287 1311 2341 etiam
1321 2287 1500 2355 justis,
1527 2296 1810 2357 exspecta-

208 2371 281 2426 tio
310 2372 401 2426 illa
435 2373 625 2441 judicii
656 2389 764 2444 quo
820 2382 1035 2445 Oportet
1089 2390 1278 2429 omnes
1332 2390 1431 2429 nos
1489 2375 1811 2445 prasentari

206 2468 329 2515 ante
360 2461 589 2515 tribunal
633 2462 851 2517 Christi.
912 2462 1253 2518 Horrendum
1302 2463 1501 2535 quippe
1530 2471 1611 2517 est
1666 2464 1808 2519 inci-

203 2548 331 2603 dere
362 2549 415 2602 in
435 2565 629 2604 manus
652 2551 751 2605 Dei
786 2551 1035 2606 viventis.
1071 2551 1178 2605 Sed
1208 2567 1318 2605 non
1374 2552 1489 2606 hac
1542 2551 1803 2621 cogitare,

200 2651 309 2690 non
340 2637 457 2693 hac
479 2638 667 2693 volunt
698 2638 1158 2707 animadvertere,
1212 2640 1303 2709 qui
1334 2639 1494 2693 variis
1524 2648 1576 2693 et
1606 2640 1805 2695 illicitis

200 2724 360 2792 hujus
417 2726 541 2781 vita
606 2726 889 2781 desideriis
948 2727 1358 2793 deservientes,
1411 2743 1530 2797 qua
1586 2728 1655 2781 de
1712 2727 1804 2783 illo

200 2814 486 2867 tremendo
554 2814 804 2869 examine
866 2814 1152 2881 dicuntur,
1222 2822 1311 2868 aut
1386 2830 1495 2869 non
1547 2816 1796 2882 credunt,

201 2908 293 2955 aut
345 2909 728 2967 contemnunt;
782 2902 869 2957 vel
919 2902 1081 2956 etiam
1134 2903 1176 2956 si
1236 2903 1484 2969 credunt,
1532 2903 1799 2959 diabolica

199 2997 381 3043 tamen
438 2990 793 3059 inspiratione
824 2990 1095 3062 levigante
1151 2990 1423 3057 timorem,
1456 2991 1511 3045 in
1557 3000 1800 3047 contem-

195 3085 367 3147 ptum,
387 3086 440 3132 et
456 3078 785 3133 oblivionem
807 3078 1026 3146 ducunt,
1052 3095 1171 3149 qua
1192 3087 1448 3150 quantum
1459 3076 1575 3133 fieri
1594 3087 1799 3150 posset,

196 3166 358 3219 etiam
388 3165 732 3232 dormiendo,
778 3174 901 3220 ante
935 3166 1121 3221 oculos
1149 3166 1344 3220 mentis
1394 3166 1597 3221 habere
1628 3167 1802 3221 debe-

194 3261 334 3307 rent.
368 3252 523 3321 Quod
562 3254 607 3307 si
636 3270 703 3308 ea
760 3264 842 3308 est
870 3269 1036 3312 causa
1092 3254 1365 3326 levigandi
1395 3254 1621 3323 timoris,
1679 3255 1805 3325 quia

198 3340 409 3396 scilicet
437 3341 555 3396 dies
586 3341 680 3396 illa
720 3342 909 3410 judicii
953 3342 1118 3414 longe
1155 3358 1277 3397 esse
1314 3342 1527 3398 videtur
1559 3343 1680 3409 ;vel
1708 3342 1803 3397 illa

190 3428 491 3483 novissima
518 3428 782 3484 decessus
812 3430 896 3484 sui
925 3430 1064 3499 dies,
1097 3447 1218 3501 qua
1242 3430 1534 3501 uniquique
1573 3431 1800 3501 propin-

191 3531 300 3588 qua
328 3524 430 3585 est,
483 3515 711 3571 deberet
740 3533 1183 3588 unumquemque
1224 3526 1446 3584 terrere,
1480 3525 1531 3572 et
1593 3518 1799 3574 sollici-

188 3612 302 3657 tum
336 3603 532 3669 facere,
567 3612 621 3658 et
677 3612 952 3675 torporem
1012 3613 1066 3659 et
1121 3613 1366 3676 teporem
1408 3606 1671 3660 mentium
1728 3606 1797 3660 ad

192 3691 531 3761 vigilandum
562 3692 799 3747 excitare
832 3709 845 3747 :
878 3692 933 3747 in
985 3709 1091 3764 qua
1121 3693 1368 3765 singulos
1408 3709 1509 3763 pro
1566 3693 1793 3759 meritis,

193 3795 314 3849 qua
343 3794 446 3835 nec
486 3780 677 3851 augeri
723 3780 976 3852 amplius,
1027 3797 1129 3837 nec
1170 3780 1341 3835 minui
1371 3790 1642 3852 poterunt,
1692 3798 1795 3837 ne-

188 3883 346 3924 cesse
376 3877 459 3923 est
489 3868 732 3925 invenire
764 3886 849 3936 ea,
872 3886 993 3940 qua
1019 3869 1105 3925 vel
1136 3870 1281 3924 bona
1317 3870 1373 3925 in
1403 3871 1793 3942 sempiternum

185 3972 296 4011 non
341 3964 591 4027 poterunt
637 3958 692 4013 in
739 3957 975 4013 deterius
1024 3958 1374 4026 commutari,
1422 3959 1510 4015 vel
1566 3959 1712 4013 mala
1738 3960 1794 4014 in

186 4040 384 4095 melius
413 4041 676 4097 converti.
701 4042 839 4097 Sunt
865 4050 1046 4098 autem
1083 4043 1256 4109 multi,
1290 4042 1399 4098 imo
1446 4041 1655 4098 infinita
1695 4044 1793 4099 ho-

185 4128 392 4183 minum
420 4128 724 4195 multitudo,
772 4130 864 4202 qui
908 4145 1029 4186 cum
1067 4131 1302 4186 assiduis
1359 4131 1471 4186 suis
1528 4132 1787 4201 peccatis,

184 4216 331 4271 mala
360 4232 457 4272 sua
478 4217 836 4288 multiplicent
880 4237 895 4284 ;
940 4227 1255 4289 peccatores
1302 4220 1521 4290 quidem
1552 4235 1612 4273 se
1669 4236 1791 4276 esse

184 4312 620 4377 recognoscunt,
696 4307 794 4362 sed
850 4314 1032 4362 tamen
1108 4308 1352 4363 converti
1409 4307 1787 4374 dissimulant;

1918 1757 2143 1812 fessioni
2174 1774 2281 1812 non
2320 1757 2670 1828 conferenda,
2730 1760 2949 1815 alterius
3007 1760 3111 1816 loci
3151 1771 3201 1817 et
3247 1766 3509 1834 temporis

1915 1853 1997 1899 est
2053 1845 2344 1901 disserere.
2400 1848 2467 1900 Et
2527 1847 2631 1902 hoc
2672 1863 2780 1901 non
2837 1856 3019 1903 nostra
3077 1851 3359 1919 opinione,
3410 1853 3506 1906 sed

1916 1941 2230 1988 sanctorum
2283 1935 2503 1989 Patrum
2534 1935 2873 1989 auctoritate
2919 1936 3272 2006 praferimur.
3323 1940 3508 1993 Terri-

1912 2020 2077 2075 bilem
2100 2037 2231 2076 vero
2262 2022 2329 2077 de
2360 2022 2554 2076 talibus
2584 2022 2789 2093 profert
2817 2025 3107 2093 Apostolus
3136 2028 3458 2081 sententiam
3493 2044 3505 2082 :

1911 2110 1998 2163 An
2021 2111 2265 2179 ignoras,
2298 2110 2488 2181 inquit,
2517 2126 2547 2165 ο
2580 2112 2758 2176 homo,
2783 2114 3048 2182 quoniam
3079 2114 3395 2185 benignitas
3410 2118 3509 2171 Dei

1910 2197 1982 2251 ad
2009 2200 2404 2268 paenitentiam
2421 2202 2473 2252 te
2495 2198 2726 2254 adducit
2738 2202 2762 2251 .’
2782 2201 2855 2253 Tu
2869 2216 3012 2265 vero,
3028 2203 3336 2256 secundum
3353 2203 3509 2258 duri-

1911 2285 2051 2338 tiam
2066 2289 2224 2339 tuam
2237 2290 2293 2341 et
2305 2286 2786 2357 corimpamz’tens,
2807 2287 3155 2343 thesaurisa:
3167 2291 3268 2344 tibi
3282 2290 3430 2344 iram
3445 2291 3508 2345 in

1909 2372 2129 2441 dieira,
2155 2378 2209 2428 et
2225 2374 3254 2446 reuelationisjustijudicitDei(Rom.
3276 2392 3335 2443 ιι,
3358 2380 3407 2445 4,
3426 2381 3505 2446 5).

1908 2459 2193 2530 Sapientes
2216 2460 2382 2532 igitur
2413 2461 2503 2531 qui
2524 2476 2634 2515 non
2663 2470 2991 2531 acceperunt
3021 2463 3075 2516 in
3107 2480 3248 2518 vano
3269 2465 3503 2519 animam

1907 2563 2082 2612 suam,
2114 2556 2167 2602 et
2198 2550 2287 2619 qui
2316 2548 2449 2603 illud
2470 2549 2620 2619 operi
2650 2565 2748 2604 suo
2793 2566 3027 2620 posuere
3072 2551 3502 2619 fundamentum,

1903 2644 2106 2706 prater
2152 2637 2297 2707 quod
2337 2652 2497 2691 nemo
2543 2645 2719 2707 potest
2778 2638 2921 2692 aliud
2961 2656 3187 2709 ponere,
3252 2642 3398 2712 quod
3426 2650 3508 2696 est

1904 2725 2147 2778 Christus
2176 2726 2335 2778 Jesus
2356 2766 2370 2791 ,
2428 2741 2701 2796 nunquam
2735 2726 2835 2779 sub
2884 2727 3193 2795 hujusmodi
3224 2730 3505 2785 incertitu-

1902 2812 2028 2867 dine
2060 2812 2285 2866 salutem
2318 2828 2473 2866 suam
2508 2822 2823 2883 posuerunt.
2874 2817 3141 2871 Anchora
3199 2818 3340 2871 enim
3390 2819 3507 2888 spei

1901 2916 2014 2955 sua
2056 2899 2382 2955 firmissima
2420 2901 2769 2955 immobiliter
2810 2902 3155 2969 inharentes,
3202 2906 3257 2959 in
3278 2906 3383 2960 hoc
3417 2907 3505 2961 vi-

1898 2995 2005 3041 tam
2036 3004 2188 3042 suam
2211 2988 2512 3054 instituunt,
2564 2989 2670 3044 hoc
2699 2990 2861 3045 modo
2892 2992 2963 3045 ad
3010 3008 3261 3046 normam
3290 2993 3502 3048 divino-

1904 3092 2027 3130 rum
2048 3076 2446 3141 mandatorum,
2482 3092 2673 3131 omnes
2728 3094 2837 3132 non
2877 3078 3051 3132 solum
3109 3080 3369 3147 actiones,
3405 3082 3503 3135 sed

1905 3172 1957 3217 et
1987 3164 2366 3233 cogitationes,
2391 3173 2443 3218 et
2464 3164 2763 3219 locutiones
2786 3182 2909 3219 suas
2931 3167 3191 3237 dirigunt,
3217 3176 3273 3222 ut
3301 3178 3505 3239 quanto

1904 3252 2127 3317 certius,
2162 3260 2364 3321 quanto
2412 3253 2657 3307 securius
2700 3263 2945 3323 possunt,
2987 3256 3338 3311 novissimam
3398 3258 3499 3311 de-

1902 3354 2094 3394 cessus
2115 3340 2199 3393 sui
2229 3340 2435 3405 horam,
2470 3340 2822 3395 novissimam
2880 3359 3093 3413 quoque
3140 3344 3326 3416 magni
3351 3345 3501 3414 judi-

1900 3427 1969 3482 cii
1996 3427 2141 3481 diem
2159 3427 2543 3497 prastolentur
2576 3444 2589 3482 :
2623 3436 2680 3483 ut
2702 3430 2879 3483 securi
2916 3439 2965 3483 et
3014 3431 3131 3486 sine
3180 3432 3500 3487 confusione

1899 3515 2256 3585 loquanturin
2287 3523 2447 3585 porta
2467 3516 2639 3570 exitus
2669 3517 2771 3581 sui,
2807 3524 2859 3572 et
2889 3518 3068 3573 dicant
3102 3534 3115 3572 :
3156 3521 3317 3574 Venit
3346 3522 3499 3591 prin-

1896 3618 2024 3673 ceps
2044 3604 2246 3657 mundi
2280 3604 2469 3673 hujus,
2506 3606 2650 3659 etin
2700 3621 2788 3659 me
2834 3621 2949 3659 non
2999 3606 3163 3661 habet
3198 3607 3501 3678 quidquam

1897 3691 2086 3759 (Joan.
2117 3705 2235 3757 xxv,
2270 3694 2380 3758 30).
2418 3693 2482 3745 Hi
2512 3692 2789 3761 cupientes
2817 3708 2941 3747 cum
2970 3693 3233 3763 Apostolo
3253 3694 3497 3761 dissolvi,

1896 3786 1950 3833 et
1983 3793 2105 3833 esse
2137 3794 2261 3834 cum
2290 3778 2525 3846 Christo,
2559 3796 2667 3834 non
2722 3780 2897 3834 solum
2929 3797 3035 3836 non
3069 3781 3381 3847 formidant,
3415 3799 3503 3837 ve-

1894 3883 2012 3920 rum
2043 3866 2208 3921 etiam
2247 3882 2460 3921 summo
2489 3882 2611 3922 cum
2651 3868 2923 3923 desiderio
2978 3869 3330 3925 novissimam
3386 3878 3500 3925 tre-

1892 3955 2077 4010 mendi
2106 3955 2370 4010 examinis
2401 3955 2547 4010 diem
2577 3964 2912 4027 exspectant,
2946 3958 3183 4013 scientes
3204 3959 3500 4029 repositam

1892 4059 2015 4097 esse
2043 4043 2145 4098 sibi
2167 4059 2423 4099 coronam
2464 4044 2706 4112 justitia,
2774 4061 2935 4117 quam
2992 4047 3182 4101 reddet
3230 4047 3335 4101 illis
3391 4049 3503 4103 Do-

1890 4131 2069 4185 minus
2098 4131 2155 4186 in
2176 4131 2264 4185 illa
2293 4132 2401 4197 die,
2427 4140 2479 4186 et
2512 4132 2619 4200 jam
2675 4142 2927 4189 cessante
2980 4151 3136 4201 voce,
3170 4136 3352 4191 cordis
3394 4136 3497 4190 de-

1890 4219 2095 4273 siderio
2123 4219 2435 4289 frequenter
2463 4220 2804 4291 ingeminare
2841 4238 2948 4275 non
2971 4230 3188 4276 cessant
3217 4222 3494 4290 dicentes;

1892 4308 2121 4374 Quando
2151 4309 2396 4372 veniam,
2416 4312 2472 4362 et
2485 4308 2764 4378 apparebo
2799 4314 2933 4364 ante
2944 4311 3153 4379 faciem
3166 4312 3300 4365 Dei?
3318 4312 3493 4381 (Psal.

184 4394 433 4463 exemplo
465 4394 674 4449 scilicet
702 4394 845 4450 illius
887 4395 1206 4468 Evangelici
1235 4395 1459 4450 latronis
1504 4395 1665 4450 nimis
1715 4390 1868 4452 in-D
1896 4411 2002 4460 xu,
2029 4396 2105 4464 3.)
2136 4394 2366 4463 Quando
2388 4395 2713 4465 adimplebis
2734 4412 2821 4450 me
2850 4396 3033 4451 latitia
3053 4414 3175 4453 cum
3192 4399 3341 4454 vultu
3363 4408 3452 4454 tuo
3470 4401 3498 4455 ?

184 4481 459 4547 haerendo,
496 4482 728 4553 quadam
773 4484 1195 4555 praesumptione
1242 4484 1440 4539 divina
1481 4484 1790 4540 misericor-

182 4568 306 4633 dia,
334 4586 442 4625 una
469 4571 766 4627 novissima
801 4580 1048 4642 tempore
1076 4572 1258 4628 obitus
1301 4572 1384 4626 sui
1424 4572 1784 4638 confessione,

178 4656 355 4712 deleri
374 4658 709 4715 confidentes
736 4669 1086 4731 peccatorum
1117 4676 1340 4715 suorum
1370 4660 1786 4729 multitudinem,

180 4761 348 4816 quam
380 4762 482 4803 nec
511 4747 869 4804 aestimatione
893 4749 1358 4819 comprehendere
1388 4757 1640 4819 possunt.
1681 4750 1788 4804 Ho-

178 4849 297 4888 rum
327 4834 479 4889 multi
510 4836 637 4889 dum
680 4836 893 4892 incaute
944 4837 1012 4892 de
1059 4836 1435 4892 misericordia
1491 4836 1783 4903 confidunt,

176 4922 421 4977 verenda
450 4923 612 4978 nimis
628 4932 681 4979 et
711 4925 944 4992 occulta,
987 4925 1085 4979 sed
1114 4933 1296 4980 tamen
1321 4926 1469 4995 justa
1504 4924 1670 4979 divini
1695 4926 1787 4993 ju—

172 5009 299 5064 dicii
330 5011 614 5067 severitate
669 5012 1068 5068 damnationem
1105 5014 1404 5069 incurrunt.
1440 5012 1617 5082 Quam
1670 5029 1786 5068 rem

175 5098 393 5169 quidem
425 5098 495 5153 ita
529 5116 588 5154 se
618 5101 819 5156 habere
868 5101 1030 5156 subiti
1059 5117 1221 5157 casus
1279 5102 1585 5156 immatura
1631 5117 1786 5155 mor-

176 5186 263 5249 tis,
325 5195 376 5241 et
420 5188 591 5243 corda
642 5189 935 5245 multorum
990 5190 1091 5244 sub
1150 5190 1371 5245 indulta
1426 5190 1785 5245 confessionis

171 5281 439 5345 tempore,
464 5276 853 5346 impanitentia
904 5278 1367 5348 lacrymabilibus,
1411 5287 1463 5333 et
1492 5278 1783 5333 miserabi-

173 5360 317 5416 libus
375 5364 553 5418 modis
600 5365 761 5419 nimis
820 5366 1128 5437 frequenter
1176 5366 1549 5421 manifestant.
1608 5366 1784 5434 Quam

172 5448 524 5522 impoenitens
555 5460 735 5509 autem
765 5469 881 5523 cor,
900 5453 1053 5509 multi
1083 5453 1228 5510 illius
1256 5453 1458 5511 ultima
1479 5454 1783 5511 confessio-

1891 4483 2109 4555 quando
2138 4483 2415 4554 apparebo
2444 4484 2763 4554 conspectui
2811 4493 2903 4540 tuo
2932 4494 2983 4540 et
3032 4487 3292 4554 satiabor,
3350 4503 3497 4543 cum-

1889 4572 2199 4642 apparuerit
2228 4571 2402 4643 gloria
2440 4579 2528 4625 tua
2555 4571 2583 4625 Ὺ
2618 4572 2837 4643 quando
2884 4574 3196 4631 inebriabor
3225 4576 3294 4630 ab
3341 4578 3498 4632 uber-

1890 4667 1999 4714 tate
2028 4660 2223 4715 domus
2250 4669 2372 4728 tua,
2396 4668 2450 4715 et
2476 4661 2709 4732 potabor
2738 4670 2976 4718 torrente
3025 4664 3314 4734 voluptatis
3344 4673 3447 4719 tua
3467 4665 3495 4718 ?

1890 4747 2015 4803 Scio
2046 4747 2263 4819 quidem
2294 4756 2346 4802 te
2403 4748 2610 4815 mirari,
2641 4750 2729 4806 vel
2775 4750 2942 4805 etiam
2963 4751 3101 4805 forte
3142 4752 3399 4822 conqueri
3428 4752 3496 4805 de

1888 4836 2191 4907 prolixitate
2220 4837 2508 4893 verborum
2541 4839 2569 4892 ?
2600 4838 2698 4893 sed
2728 4840 2945 4894 attende
2970 4839 3090 4910 quia
3125 4856 3230 4906 res,
3263 4840 3330 4892 de
3390 4852 3498 4910 qua

1890 4940 2015 4997 ago,
2038 4925 2283 4997 grandis,
2319 4934 2372 4979 et
2412 4926 2694 4999 negotiosa
2732 4935 2834 4982 est.
2887 4927 3179 4999 Negotium
3228 4926 3497 4998 siquidem

1888 5012 1957 5067 de
1978 5029 2085 5083 quo
2115 5029 2241 5085 ago,
2266 5014 2412 5068 salus
2444 5023 2537 5069 tua
2567 5023 2667 5071 cst.
2706 5018 2791 5071 An
2820 5016 2915 5070 tibi
2964 5023 3172 5070 tantum
3220 5015 3498 5085 negotium

1886 5108 2065 5171 potest
2094 5101 2409 5156 incumbere
2436 5102 2464 5156 ?
2492 5104 2615 5158 Non
2635 5112 2687 5157 te
2710 5103 2873 5174 igitur
2902 5104 3085 5175 pigeat
3113 5104 3317 5176 legere,
3352 5104 3499 5176 quod

1886 5188 2016 5242 mihi
2049 5190 2290 5245 scribere
2306 5207 2416 5245 non
2448 5190 2543 5245 fuit
2586 5192 2805 5262 pigrum
2844 5211 2856 5245 :
2890 5193 2985 5246 tibi
3014 5193 3159 5247 enim
3203 5193 3498 5246 arbitratus

1888 5293 2006 5331 sum
2036 5294 2159 5332 esse
2180 5278 2329 5343 utile,
2364 5280 2490 5335 Hac
2537 5281 2681 5334 enim
2711 5280 2806 5334 tibi
2829 5281 3089 5345 scribere,
3114 5296 3179 5335 ea
3199 5297 3287 5335 me
3332 5295 3499 5335 causa

1886 5365 2163 5436 compulit,
2199 5368 2417 5421 eamihi
2464 5368 2600 5423 ratio
2649 5370 2940 5439 persuasit,
2974 5369 3101 5439 quia
3147 5369 3355 5423 scilicet
3386 5383 3503 5421 om-

1886 5455 2051 5524 nium,
2074 5456 2119 5511 si
2148 5456 2263 5512 fieri
2293 5466 2497 5528 posset,
2532 5458 2840 5525 hominum,
2874 5458 3109 5514 maxime
3167 5473 3298 5513 vero
3349 5457 3489 5512 tide-
