3972 6052
400 201 502 253 903

1378 198 1673 254 JOANNIS
1711 195 1959 253 CARTH.
2004 192 2386 251 PORTARUM
2423 196 2768 252 MONACHI.

3622 201 3726 253 904

417 326 550 380 lium
581 324 808 378 salutem
836 321 1183 389 desiderans,
1219 337 1325 376 non
1355 337 1579 391 possum
1609 322 1677 375 de
1717 329 1807 375 tua
1847 319 2018 374 salute
2046 318 2100 378 Α
2123 335 2224 375 nec
2241 320 2681 376 descendetcum
2694 336 2753 376 eo
2766 320 2947 391 gloria
2964 320 3083 389 ejus
3097 320 3269 386 (Psal.
3290 334 3482 387 vam,
3506 323 3725 389 17,18).

418 429 528 468 non
556 428 679 466 esse
700 410 1048 474 sollicitus,et
1077 425 1197 463 eam
1229 425 1334 480 quo
1361 426 1587 479 possum
1617 407 1833 472 affectu,
1868 415 1919 461 et
1943 406 2041 460 de-

423 501 625 556 siderio
654 499 797 569 apud
829 498 1117 553 Dominum
1147 498 1413 568 flagitare.
1439 498 1589 551 Hanc
1609 497 1663 550 in
1692 494 2040 550 orationibus

431 588 569 644 meis
597 603 630 643 a
659 589 775 642 Deo
804 586 1078 657 postulare
1110 601 1217 639 non
1247 600 1423 640 cesso.
1458 585 1605 639 Raro
1640 600 1741 653 pro
1780 600 1888 648 me,
1922 582 2039 635 sine

433 677 509 732 tui
540 675 819 739 memoria,
854 674 924 728 ad
952 675 1126 729 Deum
1179 672 1620 742 deprecationem
1663 671 1823 727 facio.
1860 669 2040 739 Inspi-

436 773 586 820 rante
606 764 778 836 gratia
803 762 928 829 Dei,
962 762 1138 816 visum
1169 770 1252 815 est
1271 760 1403 813 mihi
1435 776 1544 814 non
1575 760 1708 813 satis
1764 775 1885 813 esse
1926 770 2043 811 ora'

436 854 673 910 tionibus
701 850 967 915 insistere,
1028 849 1132 902 nisi
1158 856 1211 902 et
1256 855 1521 902 tentarem
1574 848 1815 901 animum
1863 854 2035 911 tuum,

438 951 492 999 et
518 940 685 997 verbo
715 936 1119 1002 exhortationis,
1160 944 1319 1006 prout
1366 935 1629 990 Dominus
1657 936 1790 990 dare
1839 934 2039 1005 digna-

440 1039 606 1095 retur,
650 1026 971 1084 excitarem.

512 1118 682 1173 Petita
703 1115 869 1188 igitur
888 1130 921 1167 a
936 1112 1169 1167 Domino
1189 1112 1372 1182 priore
1403 1112 1616 1166 licentia
1640 1120 1693 1167 et
1718 1111 1867 1179 data,
1893 1111 2039 1182 quod

436 1206 699 1264 Dominus
729 1202 994 1273 inspirare
1019 1200 1333 1272 dignabitur
1365 1216 1665 1272 aggressus
1704 1215 1843 1253 sum.
1878 1199 2038 1253 Adsit

436 1295 600 1367 igitur
630 1291 912 1346 vivificaris
933 1288 1164 1359 Spiritus
1187 1296 1423 1353 sanctus,
1441 1295 1493 1342 et
1514 1296 1700 1358 pectus
1730 1295 1879 1341 tuum
1904 1288 2034 1341 ﬂatu

441 1381 617 1438 sancti
642 1377 920 1440 desiderii,
962 1391 1059 1429 sua
1102 1375 1458 1445 inspiratione
1500 1375 1678 1444 potius
1712 1389 1875 1445 quam
1916 1389 2039 1428 mea

440 1466 808 1527 exhortatione
864 1463 1048 1518 afilare
1076 1462 1350 1534 dignetur.
1399 1463 1541 1517 Ecce
1590 1462 1754 1532 igitur
1807 1462 2039 1517 Domino

438 1558 755 1629 inspirante,
802 1552 1017 1607 favente
1064 1550 1264 1621 Spiritu
1312 1558 1523 1615 sancto,
1564 1550 1621 1604 in
1658 1550 1875 1605 nomine
1924 1551 2039 1605 Do-

2142 406 2262 474 Quo
2293 424 2421 463 vero
2451 408 2792 463 descendet?
2850 407 2941 461 ubi
2981 407 3036 460 in
3090 416 3353 463 aeternum
3386 424 3489 462 non
3524 409 3731 463 videbit

2142 494 2343 549 lumen.
2378 496 2664 567 Relinquat
2689 504 2868 550 autem
2898 495 3089 550 alienis
3120 495 3333 549 divitias
3364 512 3488 549 suas
3536 506 3587 552 et
3616 497 3733 550 ina-

2140 583 2225 637 nis
2256 584 2475 654 quidem
2498 585 2596 639 erit
2625 601 2765 649 arca,
2798 585 2894 639 sed
2938 584 3151 639 inanior
3208 584 3555 639 conscientia.
3618 585 3729 640 Sed

2141 671 2315 737 multi,
2347 671 2548 742 inquis,
2580 680 2704 741 post
2724 671 2920 726 factum
2958 672 3240 741 pmnitent.
3265 672 3334 725 Et
3362 672 3577 742 quidam
3607 680 3731 742 post

2141 757 2342 813 factum
2364 767 2508 814 retro
2564 759 2939 829 respicientes,
2972 760 3309 830 propositum
3324 760 3727 831 derelinquunt.

2143 848 2224 901 An
2254 847 2479 919 ignoras
2508 848 2847 919 quarundam
2875 848 3159 918 palearum
3190 855 3390 902 tantam
3426 865 3547 903 esse
3589 849 3731 903 levi-

2141 942 2325 1003 tatem,
2370 944 2425 989 ut
2474 952 2575 991 nec
2615 952 2758 991 areas
2798 936 3201 991 ventilationem
3239 945 3569 1007 exspectent,
3632 938 3732 992 sed

2142 1023 2284 1079 facili
2344 1023 2577 1094 impulsu
2660 1024 2805 1079 venti
2862 1023 3122 1079 levissimi
3188 1025 3491 1080 recedant?
3536 1026 3732 1080 Nonne

2142 1111 2463 1165 abeuntibus
2491 1111 2686 1182 paleis,
2719 1119 3001 1165 ramanent
3051 1128 3225 1183 grana
3258 1113 3312 1166 in
3354 1114 3611 1168 horreum
3635 1130 3732 1167 re-

2140 1200 2423 1255 condenda
2450 1199 2478 1252 ?
2507 1199 2688 1267 Quare
2707 1200 2831 1270 plus
2860 1198 3068 1269 proficit
3111 1200 3383 1270 apostasia
3430 1217 3732 1271 paucorum

2141 1287 2515 1342 recedentium
2540 1287 2608 1341 ad
2630 1287 3089 1357 desperationem,
3122 1303 3286 1359 quam
3317 1289 3559 1359 exempla
3591 1290 3733 1343 mul-

2143 1382 2315 1429 torum
2348 1376 2818 1444 perseverantium
2838 1376 2904 1430 ad
2930 1374 3191 1446 propositi
3222 1375 3684 1433 confirmationem
3708 1380 3737 1433 ?

2140 1462 2396 1532 Nunquid
2427 1471 2650 1533 propter
2695 1463 2874 1518 scelus
2930 1463 3088 1517 unius
3132 1464 3306 1531 Iudae,
3340 1464 3534 1518 Christi
3588 1482 3731 1536 apo-

2144 1550 2265 1605 stoli
2298 1558 2422 1604 sunt
2452 1550 2505 1603 in
2535 1550 2765 1606 crimine
2794 1552 2823 1605 ?

441 1645 574 1701 mini
600 1646 728 1698 Jesu
750 1640 949 1696 Christi
988 1640 1278 1692 exhortans
1321 1639 1581 1693 exhortor
1624 1646 1696 1703 te,
1757 1654 1867 1693 non
1915 1654 2114 1720 meaB
2214 1638 2319 1693 Sed
2347 1638 2467 1708 quis
2518 1638 2605 1703 sit,
2663 1638 2755 1709 qui
2785 1638 2915 1692 illud
2962 1639 3275 1693 mandatum
3324 1639 3742 1696 abrenuntiandi

441 1750 598 1799 voce,
631 1746 740 1786 non
766 1743 889 1783 mea
906 1726 1243 1789 auctoritate,
1270 1726 1367 1781 sed
1389 1726 1625 1780 Domini.
1658 1727 1815 1790 Vade,
1849 1725 2048 1805 inquit,

442 1822 614 1880 vende
631 1820 823 1875 omnia
844 1832 966 1887 qua:
995 1815 1159 1869 habes
1190 1818 1247 1869 et
1282 1815 1353 1869 da
1379 1815 1743 1885 pauperibus,
1777 1819 1832 1868 et
1875 1814 2047 1868 habe-

443 1913 524 1968 bis
556 1904 963 1964 thesaurumin
991 1903 1126 1956 caelo
1156 1901 1376 1971 (Matth.
1411 1916 1536 1966 xxx,
1572 1903 1685 1971 21),
1746 1910 1799 1955 et
1858 1900 2039 1954 nullus

445 2012 677 2070 sequere
704 2009 811 2048 me.
830 1991 949 2047 Nisi
967 1992 1119 2045 enim
1137 1992 1260 2061 quis
1276 1990 1768 2044 abrenuntiaverit
1790 1988 2049 2044 omnibus

441 2103 564 2160 quae
590 2082 855 2156 possidet,
877 2094 992 2134 non
1022 2081 1203 2149 potest
1233 2093 1392 2131 meus
1420 2092 1539 2131 esse
1568 2077 1905 2147 discipulus.
1936 2077 2047 2129 Du-

438 2189 629 2230 rumne
657 2168 753 2224 tibi
780 2167 1014 2229 videtur,
1048 2173 1140 2218 aut
1170 2164 1388 2219 difﬁcile
1433 2162 1578 2235 quod
1632 2163 1813 2231 jussit.
1851 2163 2043 2217 Anim-

444 2264 668 2319 adverte
724 2255 821 2326 (mi
867 2252 1241 2322 dilectissime)
1301 2253 1449 2307 circa
1522 2253 1626 2307 hoc
1702 2251 2044 2307 Dominicum

440 2349 774 2409 mandatum,
808 2347 1066 2413 quantum
1095 2341 1211 2410 ipse
1241 2348 1432 2395 auctor
1472 2338 1710 2394 mandati
1768 2354 2044 2409 praemon-

438 2448 609 2494 strare
665 2430 1014 2505 dignabitur,
1070 2429 1188 2484 haec
1262 2428 1520 2499 quinque.
1600 2427 1837 2481 Primum
1862 2469 1876 2492 ,
1935 2443 2044 2482 non

439 2518 927 2583 difficilezdeinde,
977 2517 1098 2587 quis
1130 2516 1197 2570 sit
1245 2516 1333 2587 qui
1358 2517 1543 2585 jubet;
1593 2523 1785 2586 postea
1815 2530 2043 2570 causam

437 2610 696 2674 mandati,
729 2614 920 2678 quarto
950 2605 1070 2659 loco
1126 2604 1392 2659 rationem
1436 2604 1642 2675 ipsius;
1692 2603 1879 2675 quinto
1912 2603 2043 2673 quid

435 2702 555 2773 ipse
574 2698 701 2754 fecit
728 2709 824 2765 pro
856 2701 907 2746 te
938 2692 1032 2762 qui
1054 2691 1225 2758 jubet.
1285 2691 1417 2759 Quae
1446 2692 1637 2746 eodem
1685 2691 1875 2746 ordine
1920 2691 2041 2761 ipso

441 2789 728 2858 adjuvante
756 2780 1189 2836 consideremus.

512 2874 750 2930 Primum
781 2869 826 2923 si
854 2866 1070 2922 difficile
1100 2866 1317 2921 videtur
1344 2875 1398 2921 et
1445 2866 1797 2932 laboriosum,
1859 2865 2043 2937 cogita

439 2963 586 3036 quod
600 2961 755 3016 labor
776 2956 978 3021 brevis,
992 2954 1277 3023 prmmium
1289 2954 1519 3026 grande,
1544 2970 1682 3025 Opus
1736 2968 2039 3024 paucorum

439 3053 669 3115 dierum,
702 3060 915 3101 merces
944 3042 1280 3112 sempiterna
1308 3050 1361 3096 et
1391 3043 1607 3113 requies
1644 3042 1760 3096 sine
1812 3041 1937 3096 fine.
1988 3041 2044 3096 Si

439 3154 639 3212 pensas
666 3137 933 3200 laborem,
966 3145 1165 3201 pensas
1193 3138 1246 3184 et
1283 3130 1615 3186 mercedem.
1674 3130 1796 3183 Non
1838 3138 1921 3183 est
1972 3129 2042 3182 ti-

440 3227 671 3283 mendus
718 3222 891 3286 labor,
934 3234 1095 3289 quem
1151 3225 1300 3271 tanta
1355 3218 1582 3288 praemia
1637 3217 2039 3273 commendant.

441 3316 548 3373 Sed
586 3310 954 3367 difﬁcultatem
995 3313 1083 3359 aut
1128 3305 1334 3360 nullam
1390 3314 1479 3360 aut
1553 3306 1825 3361 modicam
1898 3320 2041 3360 esse.

442 3405 541 3461 Via
580 3400 724 3457 enim
753 3399 865 3467 jam
883 3394 1008 3449 trita
1036 3400 1117 3446 est
1142 3408 1171 3445 a
1215 3393 1397 3447 multis
1433 3408 1444 3446 :
1479 3402 1530 3447 et
1564 3394 1874 3463 quotidiana
1909 3408 2044 3448 con-

442 3504 727 3549 versorum
751 3483 999 3554 exempla
1010 3482 1113 3535 hoc
1131 3480 1424 3536 declarant.
1442 3481 1600 3549 Quod
1614 3482 1659 3535 si
1672 3482 1835 3535 etiam
1852 3489 2048 3537 caetera

442 3580 641 3643 desint,
691 3576 761 3630 ad
807 3572 1201 3629 ostendendum
1260 3586 1370 3625 non
1426 3586 1548 3624 esse
1603 3568 1840 3633 difﬁcile,
1904 3569 2047 3622 illius

443 3667 639 3725 suflicit
668 3662 1052 3728 testimonium,
1085 3661 1173 3715 cui
1204 3675 1313 3713 non
1340 3658 1586 3723 credere,
1620 3673 1650 3710 a
1699 3656 1870 3711 salute
1903 3657 2046 3711 resi-

442 3759 544 3815 lire
575 3763 676 3810 est.
722 3754 947 3821 Iugum,
980 3749 1171 3819 inquit,
1230 3763 1419 3802 meum
1464 3762 1632 3800 suave
1661 3749 1766 3810 est,
1808 3750 1863 3801 et
1909 3761 2049 3800 onus

441 3861 632 3902 meum
665 3843 777 3895 leve
807 3838 1127 3908 (Matth.xx,
1160 3838 1271 3903 30).
1298 3835 1461 3901 Cujus
1491 3833 1772 3887 sententiae
1796 3834 2049 3888 virtutem

441 3943 497 3990 et
527 3930 802 3987 veritatem
834 3923 979 3978 haud
1010 3922 1186 3987 facile,
1220 3921 1324 3976 nisi
1352 3921 1562 3991 experti
1590 3921 1891 3992 intelligere
1921 3937 2048 3991 pos-

438 4026 581 4076 sunt.
614 4019 697 4070 An
724 4013 863 4068 forte
886 4011 1037 4079 jubet
1068 4019 1120 4064 te
1152 4009 1489 4079 relinquere,
1525 4009 1669 4078 quod
1698 4024 1807 4062 non
1836 4008 1912 4062 sis
1942 4024 2043 4064 ac-

404 4174 414 4181 .
440 4103 733 4178 capturus?
754 4100 995 4164 Habetis,
1022 4098 1211 4169 inquit,
1240 4097 1571 4153 thesaurum
1592 4097 1654 4150 in
1673 4097 1807 4151 caelo
1823 4096 2044 4163 (Matth.

440 4210 563 4259 xxx,
596 4194 709 4261 21),
750 4189 843 4243 ubi
877 4187 1021 4242 fures
1052 4202 1161 4241 non
1190 4186 1464 4250 timentur,
1500 4193 1551 4238 et
1581 4184 1885 4254 depositum
1915 4184 2047 4237 fide-

437 4284 560 4339 liter
590 4278 909 4341 custoditur,
942 4284 1172 4346 putasne
1212 4273 1448 4345 accipies
1489 4272 1781 4343 simplum?
1833 4272 2047 4327 Centu-

2073 3005 2121 3066 Ο

2150 1726 2385 1796 prOpriis
2406 1725 2741 1780 facultatibus
2770 1726 3008 1789 tradidit,
3059 1734 3152 1780 aut
3199 1727 3351 1795 cujus
3402 1730 3736 1784 auctoritatis

2149 1814 2217 1868 sit
2237 1813 2326 1884 qui
2358 1814 2461 1869 hoc
2482 1813 2659 1883 jubet,
2684 1814 2987 1868 videamus.
3022 1813 3380 1884 Omnipotens
3408 1816 3513 1871 hoc
3528 1816 3685 1885 jubet
3714 1838 3734 1885 ;

2150 1903 2293 1955 Deus
2313 1909 2454 1965 tuus,
2492 1902 2580 1971 qui
2616 1902 2833 1956 ossibus
2862 1909 2915 1955 et
2956 1902 3140 1956 nervis
3190 1903 3465 1974 compegit
3492 1911 3561 1968 te,
3596 1912 3648 1958 et
3678 1905 3739 1958 in

2146 1989 2425 2058 pulverem
2448 1990 2669 2044 reducet
2698 1998 2770 2054 te,
2804 1998 2857 2043 et
2886 1990 2954 2044 de
2983 2004 3143 2043 mane
3188 2006 3361 2061 usque
3408 1990 3477 2045 ad
3532 2006 3737 2062 vespe-

2146 2093 2265 2131 ram
2293 2076 2438 2131 finiet
2466 2085 2537 2131 te.
2558 2078 2651 2132 Ille
2680 2078 2835 2147 cujus
2858 2077 3165 2133 auctoritati
3182 2086 3327 2132 esset
3346 2080 3667 2149 parendum,
3688 2081 3736 2134 si

2143 2166 2309 2229 nulla,
2347 2166 2509 2219 etiam
2534 2166 2780 2235 parendo
2810 2173 3137 2236 sequeretur
3168 2166 3392 2220 utilitas.
3428 2168 3561 2221 Vide
3591 2168 3738 2222 enim

2144 2254 2326 2306 omnia
2355 2253 2612 2318 animata,
2666 2261 2774 2308 tam
2818 2253 3114 2319 sensibilis,
3168 2270 3327 2325 quam
3366 2254 3726 2325 insensibilia,

2143 2341 2268 2395 vide
2284 2340 2458 2411 ipsam
2480 2340 2679 2395 molem
2702 2341 3112 2407 elementorum,
3166 2350 3219 2395 et
3257 2342 3519 2413 quidquid
3550 2346 3604 2397 in
3655 2345 3737 2398 eis

2145 2427 2343 2483 factum
2397 2437 2525 2493 est;
2580 2428 2801 2495 Omnia,
2846 2428 3018 2499 inquit
3050 2429 3337 2500 Propheta,
3388 2434 3631 2487 servient
3681 2437 3740 2487 ei

2144 2517 2320 2586 (Psal.
2366 2532 2561 2583 cxvm,
2613 2520 2719 2586 19).
2778 2517 2873 2571 Vae
2922 2516 3156 2583 miseris,
3226 2533 3310 2572 va:
3356 2520 3739 2588 peccatoribus

2143 2604 2301 2658 nobis
2331 2603 2343 2657 1
2377 2604 2632 2659 universa
2652 2603 2979 2658 irrationalis
3007 2612 3256 2660 creatura
3287 2622 3389 2661 nec
3418 2607 3471 2659 in
3518 2609 3737 2663 modico

2143 2691 2400 2747 voluntati
2432 2701 2483 2745 et
2511 2692 2741 2762 imperio
2777 2692 3038 2746 creatoris
3074 2693 3155 2747 sui
3187 2694 3451 2759 renititur,
3485 2710 3584 2749 nos
3607 2712 3739 2751 vero

2144 2779 2235 2849 qui
2266 2779 2333 2832 ad
2360 2778 2655 2851 imaginem
2685 2788 2734 2833 et
2766 2780 3170 2834 similitudinem
3202 2782 3319 2849 ejus
3369 2780 3494 2835 facti
3526 2799 3737 2849 sumus,

2143 2867 2338 2938 quibus
2353 2875 2555 2921 aeterna
2584 2867 2755 2937 ipsius
2786 2868 3117 2922 beatitudine
3166 2869 3369 2939 perfrui
3414 2886 3740 2925 concessum

2141 2962 2244 3019 est,
2274 2971 2385 3009 non
2405 2955 2579 3009 solum
2606 2970 2713 3009 non
2735 2955 3041 3021 obedimus,
3075 2957 3171 3011 sed
3220 2957 3380 3011 etiam
3413 2958 3579 3028 (quod
3628 2976 3734 3014 ne-

2144 3043 2481 3114 quissimum,
2516 3050 2569 3097 et
2598 3058 2765 3113 supra
2793 3059 2957 3113 quam
2979 3043 3084 3099 dici
3114 3053 3316 3113 posset,
3360 3045 3741 3116 impiissimum

2146 3133 2250 3200 est)
2279 3131 2535 3186 reluctari
2566 3138 2619 3185 et
2648 3131 2930 3185 adversari
2961 3131 3011 3185 ei
3032 3148 3141 3186 non
3166 3148 3448 3187 cessamus
3484 3149 3495 3187 :
3528 3142 3581 3188 et
3590 3136 3744 3202 juxta

2145 3219 2488 3289 prophetam,
2513 3236 2643 3274 eum
2680 3218 2841 3273 labiis
2872 3220 3233 3285 honoramus,
3255 3237 3350 3276 cor
3383 3226 3575 3277 autem
3604 3240 3741 3279 nos-

2151 3311 2305 3361 trum
2331 3307 2487 3377 longe
2508 3306 2675 3361 estab
2697 3322 2758 3361 eo
2779 3307 2908 3376 (Isa.
2943 3322 3109 3375 xxxx,
3137 3310 3244 3377 13).
3276 3309 3342 3361 Et
3363 3307 3576 3363 iterum.
3600 3312 3744 3367 Con-

2147 3394 2490 3463 ﬁtemurnos
2521 3410 2681 3449 nosse
2705 3397 3026 3461 Dominum,
3041 3398 3217 3465 factis
3245 3400 3436 3452 autem
3468 3415 3743 3468 negamus

2151 3484 2284 3549 (Tit.
2309 3498 2345 3551 x,
2378 3483 2486 3553 16).
2523 3482 2629 3537 Sed
2652 3482 2783 3552 quid
2811 3482 2838 3535 ?
2881 3482 3035 3551 juxta
3074 3484 3394 3553 Apostolum
3425 3485 3514 3540 ille
3562 3486 3742 3542 fidelis

2148 3578 2250 3636 est,
2276 3586 2478 3641 negare
2501 3570 2740 3640 seipsum
2770 3586 2876 3624 non
2899 3578 3094 3639 potest.
3129 3572 3327 3642 lmpios
3356 3589 3490 3628 vero
3528 3582 3580 3630 et
3610 3592 3742 3646 pec-

2148 3662 2363 3710 catores
2392 3653 2645 3723 gehenna
2676 3654 2951 3723 suscipiet.

2220 3742 2464 3796 Diximus
2489 3740 2653 3811 paulo
2681 3751 2822 3811 ante,
2855 3750 2912 3796 ut
2943 3743 3100 3797 tertio
3122 3750 3173 3797 et
3220 3760 3389 3814 quaro
3421 3745 3562 3810 loco,
3610 3762 3732 3801 cau-

2150 3847 2267 3884 sam
2297 3839 2349 3884 et
2379 3830 2645 3884 rationem
2688 3830 2925 3883 mandati
2957 3830 3458 3887 consideraremus.
3507 3836 3740 3889 Causam

2149 3934 2275 3972 vero
2299 3918 2414 3985 ejus
2444 3917 2797 3972 considerare
2829 3918 2984 3974 facile
3014 3927 3113 3973 est.
3165 3920 3305 3973 Nam
3333 3920 3505 3990 ipsius
3550 3938 3736 3987 causa,

2150 4006 2256 4059 vita
2289 4013 2371 4059 est
2400 4012 2622 4059 aeterna.
2653 4007 2843 4076 Neque
2869 4006 3013 4060 enim
3045 4007 3339 4077 quidquam
3368 4009 3611 4079 praecipit
3632 4026 3738 4065 no-

2149 4092 2232 4146 bis
2282 4092 2543 4146 Dominus
2596 4094 2712 4163 (qui
2762 4094 3025 4148 bonorum
3083 4104 3389 4149 nostrorum
3429 4112 3535 4151 non
3591 4102 3743 4168 eget)

2147 4189 2370 4250 propter
2416 4197 2494 4245 se,
2529 4181 2625 4235 sed
2660 4191 2884 4251 propter
2911 4198 3045 4248 nos;
3079 4198 3183 4237 non
3210 4191 3267 4237 ut
3297 4184 3434 4238 bene
3487 4184 3554 4238 sit
3610 4185 3733 4252 sibi,

2149 4268 2246 4322 sed
2274 4276 2333 4321 ut
2362 4267 2501 4322 bene
2518 4267 2585 4321 sit
2603 4269 2781 4323 nobis.
2814 4270 3098 4325 Rationem
3117 4270 3279 4342 igitur
3306 4271 3467 4341 paulo
3484 4273 3740 4327 attentius

437 4372 621 4444 plum,
646 4366 838 4437 inquit,
862 4366 1122 4436 accipies,
1148 4368 1204 4419 et
1226 4366 1401 4419 vitam
1432 4366 1709 4417 aeternam
1744 4360 2051 4432 possidebis
2073 4349 2124 4407 D
2153 4355 2584 4410 consideremus.
2618 4356 2885 4411 Omnibus
2928 4358 3212 4412 mundanis
3260 4358 3516 4424 jubemur
3570 4361 3736 4415 abre-

441 4456 662 4530 (Matth.
709 4468 829 4518 xxx,
861 4452 974 4521 29).
1028 4455 1113 4506 An
1141 4468 1272 4506 vero
1306 4452 1460 4519 jubet
1507 4458 1559 4504 te
1606 4449 1877 4503 dimittere
1909 4448 2051 4518 quod

440 4560 656 4616 semper
684 4556 809 4597 eras
838 4539 1162 4595 habiturus?
1190 4540 1332 4605 Non,
1355 4553 1483 4592 nam
1504 4538 1691 4593 nudus
1712 4552 1967 4607 egressus
1992 4552 2049 4591 es

440 4636 506 4691 de
538 4637 699 4688 utero
726 4631 929 4685 matris
954 4632 1083 4693 tuae,
1110 4632 1166 4683 et
1205 4628 1391 4682 nudus
1420 4627 1560 4680 illuc
1591 4626 1895 4680 reverteris
1928 4624 2048 4693 (Job

441 4738 479 4789 1,
512 4721 626 4791 21).
649 4720 717 4774 Et
736 4715 1046 4789 Apostolus.
1069 4716 1242 4779 Nihil,
1263 4713 1455 4783 inquit,
1479 4712 1784 4767 intulimus
1806 4712 1866 4765 in
1898 4712 2048 4766 hunc

442 4809 744 4873 mundum,
761 4805 911 4861 haud
926 4804 1155 4859 dubium
1177 4802 1317 4872 quod
1336 4817 1436 4855 nec
1458 4803 1684 4870 auferre
1706 4799 1839 4870 quid
1858 4814 2051 4872 possu-

442 4914 585 4953 mus.
612 4895 747 4964 Quis
769 4894 933 4967 igitur
947 4893 1065 4946 haec
1091 4890 1268 4944 sciens
1289 4896 1340 4942 et
1357 4887 1686 4959 intelligens,
1711 4886 1921 4940 dubitat
1951 4903 2045 4941 re-

2150 4444 2414 4508 nuntiare,
2451 4445 2596 4513 quod
2627 4444 2843 4514 quidem
2875 4446 3009 4511 sola,
3044 4446 3179 4501 sicut
3204 4446 3366 4516 paulo
3396 4455 3518 4502 ante
3534 4448 3739 4503 dictum

2149 4539 2250 4595 est,
2282 4530 2875 4601 auctoritatejubentis,
2926 4533 2972 4586 si
3012 4534 3181 4587 multa
3210 4533 3367 4588 etiam
3421 4543 3565 4589 esset
3592 4536 3737 4589 difli-

2148 4618 2321 4673 cultas
2350 4626 2402 4673 et
2423 4618 2598 4685 labor,
2625 4619 2669 4672 si
2698 4619 2842 4673 nulla
2873 4629 3018 4674 esset
3047 4637 3173 4691 spes
3203 4630 3256 4676 et
3288 4638 3452 4677 causa
3504 4625 3733 4692 praemii,

2149 4705 2195 4759 si
2223 4706 2371 4759 nulla
2409 4706 2548 4760 ratio
2580 4706 2953 4776 persuaderet,
2986 4708 3032 4762 si
3062 4709 3218 4763 etiam
3254 4710 3527 4780 quoddam
3582 4712 3735 4781 quasi

2146 4793 2518 4848 irrationabile
2542 4794 2732 4861 jubere
2750 4795 3045 4861 videretur,
3078 4796 3223 4850 omni
3254 4798 3431 4851 studio
3473 4807 3651 4853 tamen
3686 4808 3741 4853 et

2147 4882 2428 4953 diligentia
2458 4882 2686 4952 implere
2707 4883 3062 4937 deberemus.
3102 4884 3258 4938 Ratio
3289 4902 3505 4955 quoque
3523 4902 3617 4940 cur
3632 4888 3738 4941 hoc

445 4984 713 5056 linquere,
738 4983 847 5036 imo
868 4986 1203 5036 commutare
1219 4991 1315 5047 pro
1332 4976 1547 5030 aeternis
1569 4974 1742 5041 bonis,
1768 4975 1913 5029 bona
1926 4991 2045 5045 quae
2139 4970 2321 5038 jussit,
2346 4986 2541 5039 magna
2571 4978 2673 5035 est,
2708 4978 2759 5023 et
2790 4972 3103 5037 vehemens,
3129 4981 3181 5025 et
3202 4974 3478 5027 immensze
3495 4974 3738 5028 necessi-

444 5088 555 5127 non
568 5072 743 5126 solum
768 5085 873 5125 non
902 5074 1128 5138 possunt
1149 5080 1270 5120 esse
1288 5072 1510 5131 aeterna,
1535 5064 1632 5118 sed
1653 5079 1754 5118 nec
1766 5064 2039 5117 diuturna.

444 5159 491 5215 Ο
522 5176 667 5230 spes,
692 5175 725 5213 o
751 5174 923 5222 amor,
949 5172 982 5210 ο
1005 5154 1207 5209 fructus
1230 5151 1599 5222 temporalium
1622 5152 1814 5217 inanis,
1837 5151 2041 5205 utinam

442 5248 620 5303 inanis
649 5254 887 5314 tantum,
938 5259 1046 5298 non
1092 5242 1253 5297 etiam
1310 5238 1675 5311 perniciosus!
1723 5238 1858 5295 Cum
1889 5239 2041 5293 enim

442 5338 592 5393 dives
611 5338 803 5407 factus
824 5333 1001 5404 fuerit
1025 5332 1205 5395 homo,
1228 5333 1430 5384 etcum
1450 5329 1840 5397 multiplicata
1860 5328 2039 5397 fuerit

444 5425 627 5495 gloria
646 5423 841 5480 domus
863 5421 983 5491 ejus
998 5434 1125 5475 cum
1144 5418 1452 5484 interierit,
1473 5431 1589 5472 non
1617 5418 1799 5471 sumet
1824 5416 2035 5482 omnia,

2144 5058 2265 5111 tatis
2295 5058 2509 5126 pondus
2536 5058 2773 5111 tarditati
2802 5067 3001 5113 nostrae
3030 5060 3357 5131 impingens.
3390 5062 3457 5115 Ut
3478 5062 3619 5114 enim
3637 5078 3732 5115 ra-

2142 5145 2344 5199 tionem
2373 5146 2533 5213 hujus
2562 5146 2797 5199 mandati
2839 5147 3167 5211 ostenderet,
3202 5149 3399 5203 clamat
3446 5150 3739 5218 Apostolus

2141 5233 2396 5298 Jacobus,
2414 5233 2617 5287 dicens.
2635 5234 2912 5299 Adulteri,
2937 5252 3013 5289 an
3031 5237 3308 5304 ignoratis
3324 5237 3462 5306 quod
3474 5238 3735 5291 amicitia

2142 5322 2311 5392 hujus
2332 5322 2551 5387 mundi,
2568 5322 2805 5377 inimica
2825 5326 2909 5377 est
2937 5323 3076 5377 Dei?
3100 5324 3357 5395 Quisquis
3368 5324 3521 5379 enim
3536 5325 3732 5379 volue-

2138 5412 2217 5465 rit
2249 5411 2465 5466 amicus
2486 5426 2603 5466 esse
2635 5411 2802 5480 hujus
2830 5412 3042 5477 saeculi,
3062 5412 3333 5467 inimicus
3348 5414 3733 5469 constituetur
