3972 6052
200 209 304 261 905

1471 195 1826 255 EPISTOLE
1865 192 2206 264 QUINQUE.

3397 192 3501 246 906

209 334 307 387 Dei
338 332 478 401 (Jac.
512 344 588 394 1v,
622 330 696 396 4).
734 327 971 381 Primum
1010 342 1224 397 quoque
1271 326 1587 379 mandatum
1634 322 1795 394 legis,
1830 322 1884 379 A
1905 318 2231 374 irremeabili
2262 318 2477 383 cadent,
2512 316 2661 370 nulla
2689 332 2785 370 eos
2816 316 2869 369 in
2909 316 3125 370 aeternis
3168 317 3504 372 cruciatibus

212 429 265 476 et
294 419 585 473 maximum
617 424 700 470 est
720 415 937 470 dilectio
954 415 1073 469 Dei.
1096 414 1233 483 Quia
1258 415 1425 485 igitur
1436 416 1588 481 juxta
1618 411 1803 466 Jacobi

214 507 559 569 sententiam,
594 520 704 558 non
732 518 1023 573 possumus
1065 503 1294 575 diligere
1344 504 1513 557 Deum
1560 500 1719 554 simul
1757 506 1809 553 et

216 598 514 659 mundum;
549 594 621 648 ad
674 594 850 646 Deum
894 601 1090 657 autem,
1142 593 1245 646 nisi
1297 593 1446 659 juxta
1475 596 1809 661 praeceptum

216 686 356 758 legis
376 685 553 755 ipsum
577 680 877 752 diligendo,
906 680 1193 750 pervenire
1214 695 1321 735 non
1342 696 1635 750 possumus
1660 698 1672 742 ;
1708 678 1812 733 evi-

214 772 533 829 dentissima
562 778 615 824 et
670 769 1149 824 vehementissima
1184 770 1318 824 ratio
1366 785 1465 823 nos
1513 768 1809 837 compellit,

218 861 421 917 relictis
451 858 705 914 omnibus
749 856 1018 911 Christum
1068 859 1258 930 sequi;
1287 866 1345 912 ut
1384 858 1461 911 sic
1516 873 1637 911 eum
1697 855 1817 908 dili-

219 951 421 1021 gendo,
453 950 521 1003 ad
551 952 727 1019 ipsum
771 950 1174 1019 perveniamus.
1229 947 1507 1012 Adulteri,
1538 944 1729 1014 inquit,
1760 943 1816 995 in

220 1056 378 1095 sacro
425 1055 660 1112 namque
707 1040 1053 1110 baptismate,
1104 1036 1311 1091 cmlesti
1356 1043 1408 1089 et
1436 1048 1567 1088 vero
1616 1046 1817 1102 sponso

225 1128 438 1183 Christo
467 1129 705 1184 animam
760 1137 908 1183 tuam
936 1124 1280 1197 desponsasti
1316 1138 1328 1176 :
1359 1122 1435 1175 ibi
1479 1120 1714 1183 diabolo,
1767 1127 1821 1173 et

225 1217 474 1271 omnibus
504 1217 782 1288 operibus,
808 1224 861 1270 et
887 1214 1102 1287 pompis
1131 1214 1250 1282 ejus
1272 1209 1680 1266 abrenuntiasti.
1715 1208 1821 1261 Sed

229 1305 358 1375 quid
409 1312 491 1359 est
539 1305 922 1359 abrenuntiare
968 1302 1223 1368 diabolo,
1283 1300 1387 1354 nisi
1437 1296 1822 1352 abrenuntiare

241 1394 444 1447 mundo
464 1394 491 1446 ξ)
513 1392 649 1460 Quae
671 1401 795 1447 sunt
810 1407 941 1447 vero
958 1406 1127 1461 opera
1144 1388 1365 1454 diaboli,
1390 1395 1441 1441 et
1462 1401 1693 1456 pompa‘,
1721 1383 1826 1437 nisi

232 1498 399 1552 opera
416 1490 467 1536 et
486 1497 701 1551 pompae
724 1482 883 1548 hujus
900 1478 1125 1533 mundi?
1146 1477 1403 1546 Princeps
1421 1476 1620 1545 quippe
1640 1472 1827 1526 mundi

230 1571 412 1639 hujus,
436 1578 571 1624 teste
584 1567 1100 1634 Domino,diabolus
1118 1572 1219 1629 est,
1246 1566 1425 1629 Nunc,
1446 1562 1637 1633 inquit,
1660 1563 1826 1631 prin-

1912 408 2116 477 positos
2149 407 2386 461 manebit
2424 405 2649 459 ulterius
2704 405 3021 469 consolatio,
3080 406 3231 459 nulla
3284 405 3505 459 omnino

1912 511 2037 565 spes
2069 494 2313 557 remedii,
2344 494 2494 547 nulla
2538 492 2621 548 vel
2677 493 2746 547 ad
2811 493 3081 547 modicum
3139 493 3509 564 indulgebitur

1910 584 2216 653 respiratio.
2253 584 2382 637 Haec
2436 582 2601 652 igitur
2654 597 2759 653 age
2807 582 2904 649 (mi
2960 581 3333 651 dilectissime)
3391 582 3509 637 haec

1912 672 2127 741 c0gita;
2160 673 2274 726 haec
2302 680 2425 725 ante
2456 670 2644 725 oculos
2686 670 2869 725 cordis
2923 670 2995 723 tui
3054 670 3393 725 incessanter
3422 671 3513 725 ha-

1914 761 2057 815 beto.
2098 760 2153 814 Si
2184 775 2293 813 non
2324 759 2550 813 invitant
2570 759 2815 828 praemia,
2843 766 3075 813 terreant
3090 759 3175 813 vel
3204 758 3508 829 supplicia;

1915 849 1959 901 si
1987 864 2097 902 non
2128 848 2289 901 trahit
2319 863 2493 911 amor,
2526 846 2766 917 impellat
2796 853 2847 900 te
2903 846 2993 901 ille
3042 847 3281 901 omnium
3339 847 3513 902 maxi-

1915 952 2037 989 mus
2098 936 2366 989 tremendi
2418 935 2627 1004 judicii,
2688 943 2741 989 et
2795 943 3123 989 aeternorum
3179 935 3513 990 cruciatuum

1919 1025 2099 1078 timor.
2125 1025 2263 1078 Nam
2294 1025 2529 1079 initium
2559 1024 2857 1094 sapientiae
2890 1024 3058 1079 timor
3084 1025 3311 1080 Domini
3328 1026 3513 1094 (Prov.

1920 1128 1958 1178 I,
1993 1115 2068 1179 7).
2100 1113 2180 1167 De
2202 1113 2393 1165 timore
2410 1127 2641 1182 namque
2670 1111 2958 1181 pervenies
2980 1112 3047 1165 ad
3070 1126 3334 1167 amorem.
3359 1111 3518 1179 Quod

1922 1201 1966 1253 si
1997 1216 2104 1271 quo
2132 1200 2269 1255 forte
2316 1200 2499 1267 modo,
2558 1206 2616 1253 ut
2672 1199 2827 1265 solet,
2870 1200 2960 1255 ille
3007 1203 3198 1255 aeterni
3249 1200 3436 1269 judicii
3464 1200 3519 1253 in

1922 1289 2100 1342 animo
2130 1297 2223 1342 tuo
2252 1288 2524 1359 levigatur
2553 1288 2712 1341 timor
2746 1304 2758 1342 :
2792 1288 2847 1341 in
2863 1296 3041 1344 mente
3072 1289 3213 1343 habe
3242 1289 3389 1343 illum
3421 1305 3519 1343 ex-

1924 1378 2031 1431 itus
2054 1377 2129 1430 tui
2160 1377 2325 1441 diem,
2360 1392 2517 1446 quem
2548 1376 2685 1430 sicut
2731 1376 2996 1431 incertum
3044 1377 3232 1441 habes,
3266 1378 3341 1431 ita
3386 1370 3519 1447 pro-

1924 1468 2183 1536 pinquum
2214 1480 2337 1519 esse
2366 1473 2575 1519 certum
2606 1464 2771 1518 habes
2806 1482 2818 1517 :
2852 1465 2907 1517 in
2937 1480 3043 1535 quo
3074 1480 3171 1535 pro
3200 1465 3407 1520 meritis
3435 1465 3523 1521 vel

1928 1554 2073 1608 bona
2102 1553 2187 1606 vel
2216 1552 2378 1616 mala,
2407 1552 2569 1621 (sicut
2598 1552 2966 1622 supradiclum
2985 1555 3086 1621 est)
3110 1553 3374 1619 invenies,
3405 1569 3527 1623 quae

232 1675 360 1729 ceps
384 1658 585 1713 mundi
611 1658 779 1728 hujus
828 1657 1089 1726 ejiciatur
1135 1657 1290 1723 foras
1334 1654 1521 1720 (Joan.
1578 1666 1679 1715 xu,
1714 1642 1984 1731 3t).Bin
2039 1642 2428 1711 sempiternum
2495 1656 2602 1731 non
2660 1648 2952 1731 mutantur.
3020 1641 3167 1731 Sicut
3204 1641 3349 1731 enim
3404 1642 3529 1695 laeta

232 1746 468 1814 Quidam
495 1747 656 1802 etiam
688 1746 761 1800 ait
804 1762 818 1798 :

310 1914 544 1971 lnnexis
575 1914 785 1970 mundo
813 1928 946 1984 pars
975 1916 1059 1967 est
1098 1926 1227 1966 cum
1260 1911 1513 1981 principe
1540 1908 1759 1963 mundi.

313 2084 370 2139 Si
398 2084 562 2155 igitur
588 2083 811 2138 omnino
842 2082 987 2137 aliud
1032 2098 1191 2153 quam
1231 2080 1502 2134 Christum
1530 2078 1713 2147 diligis
1748 2094 1759 2131 :
1794 2078 1838 2131 si

244 2174 526 2236 mundum,
577 2172 663 2227 cui
710 2172 765 2225 in
810 2171 1077 2240 baptismo
1128 2168 1519 2223 abrenuntiasti
1568 2167 1835 2236 sequeris,

244 2268 297 2315 et
324 2260 689 2330 amplecteris,
722 2260 956 2313 animam
989 2267 1136 2312 tuam
1184 2272 1335 2311 ream
1383 2256 1634 2311 adulterii
1662 2255 1837 2318 facis;

246 2358 299 2404 et
329 2365 439 2404 non
469 2348 723 2411 hominis,
756 2348 853 2401 sed
883 2346 1001 2412 Dei,
1060 2345 1229 2416 (quod
1276 2344 1684 2415 gravissimium
1739 2352 1843 2410 est)

246 2438 456 2493 adulter
484 2453 607 2491 esse
637 2435 999 2491 convinceris.
1060 2434 1200 2501 Quid
1260 2448 1396 2504 ergo
1436 2432 1582 2486 aliud
1624 2447 1840 2495 moneo,

250 2526 334 2581 vel
366 2525 495 2596 quid
527 2540 560 2579 a
588 2532 641 2578 te
672 2524 839 2587 aliud,
873 2523 979 2578 nisi
1010 2522 1155 2592 quod
1182 2522 1237 2574 in
1285 2520 1603 2589 baptismate
1654 2518 1847 2573 vovisti

251 2614 417 2683 exigit
445 2613 689 2668 Christus
708 2612 735 2665 ‘P
766 2612 1054 2675 Inimicus,
1098 2610 1288 2680 inquit,
1321 2610 1423 2663 Dei
1450 2609 1843 2664 constituitur.

250 2703 329 2757 Tu
358 2717 494 2773 ergo
522 2701 605 2755 vis
661 2716 785 2754 esse
845 2699 1053 2754 amicus
1108 2698 1314 2765 mundi,
1363 2705 1419 2750 ut
1462 2696 1711 2751 inimicus
1751 2696 1849 2749 Dei

253 2789 597 2845 constitueris
623 2790 650 2843 ?
698 2788 959 2843 Eamdem
987 2802 1220 2857 quoque,
1254 2802 1374 2856 quae
1423 2785 1568 2840 circa
1598 2784 1849 2838 dilectio-

254 2896 379 2934 nem
411 2878 509 2932 Dei
538 2885 759 2932 ostensa
790 2884 891 2941 est,
924 2876 1067 2931 circa
1087 2874 1431 2929 dilectionem
1462 2872 1692 2942 proximi
1724 2887 1852 2927 con-

259 2968 506 3023 siderare
537 2966 820 3032 rationem,
864 2980 1028 3034 quam
1078 2962 1235 3018 facile
1278 2970 1379 3016 est.
1441 2961 1650 3029 Quanta
1710 2960 1853 3014 enim

1934 1738 2015 1785 est
2043 1746 2171 1801 spes
2202 1731 2487 1798 bonorum,
2518 1729 2592 1783 ita
2621 1730 2879 1784 terribilis
2909 1738 2992 1783 est
3036 1730 3359 1785 incertitudo
3406 1745 3529 1785 ma-

1934 1819 2127 1874 lorum.
2160 1818 2276 1873 Nisi
2306 1819 2393 1873 hic
2413 1833 2576 1878 caves
2597 1818 2830 1889 lapsum,
2861 1826 3153 1889 postquam
3182 1818 3293 1874 illic
3322 1819 3535 1874 decide-

1938 1908 2029 1971 ris,
2064 1907 2272 1961 frustra
2317 1904 2582 1978 suffragia
2640 1906 2937 1961 amicorum
2988 1906 3280 1978 ﬂagitabis,
3336 1906 3536 1962 frustra

1938 1995 2177 2051 divinam
2206 1994 2636 2049 misericordiam
2675 1993 3007 2064 implorabis.
3067 1995 3189 2049 Non
3230 1994 3326 2048 tibi
3354 1995 3534 2061 amici,

1940 2100 2048 2138 non
2079 2083 2273 2137 fratres
2304 2083 2413 2137 illic
2453 2091 2706 2153 poterunt
2737 2098 2895 2153 opem
2962 2082 3125 2149 ferre,
3180 2098 3289 2137 non
3346 2100 3539 2138 nmnes

1944 2172 2134 2237 sancti,
2168 2188 2276 2225 non
2307 2171 2625 2243 angelorum
2682 2170 2834 2225 chori
2894 2170 3177 2240 (audacter
3233 2172 3399 2241 dico),
3432 2187 3540 2227 non

1942 2261 2061 2331 ipse
2094 2262 2236 2314 Deus
2265 2260 2391 2314 inde
2422 2267 2473 2313 te
2506 2259 2700 2329 poterit
2717 2259 2947 2330 eripere.
2968 2260 3150 2313 Justus
3177 2268 3277 2327 est,
3312 2260 3543 2328 injustos

1945 2358 1999 2403 et
2028 2348 2428 2417 impcenitentes
2461 2347 2673 2401 salvare
2703 2362 2811 2401 non
2849 2354 3046 2417 potest.
3092 2349 3215 2402 Non
3244 2347 3355 2403 illic
3384 2348 3542 2404 inve-

1946 2438 2064 2492 nies
2097 2436 2359 2501 remedia,
2396 2452 2517 2505 qua:
2545 2451 2652 2489 non
2699 2436 2979 2506 quaesieris
3036 2436 3184 2506 prius
3239 2436 3295 2489 in
3322 2436 3453 2492 vita.
3487 2436 3545 2491 Si

1948 2526 2114 2595 igitur
2144 2533 2488 2595 peccatorem
2518 2532 2570 2578 te
2602 2540 2722 2579 esse
2750 2524 3125 2595 recognoscis,
3162 2524 3271 2579 imo
3301 2525 3425 2595 quia
3454 2541 3545 2580 re-

1949 2629 2083 2669 vera
2113 2621 2364 2683 peccator
2381 2629 2439 2666 es
2461 2612 2599 2682 (non
2621 2617 2703 2667 est
2733 2614 2885 2667 enim
2906 2614 3029 2667 sine
3047 2618 3294 2683 peccato,
3327 2629 3431 2669 nec
3450 2615 3547 2669 in-

1951 2705 2082 2771 fans
2105 2702 2267 2770 cujus
2286 2706 2371 2756 est
2390 2701 2503 2755 diei
2527 2702 2696 2755 unius
2717 2703 2834 2755 vita
2852 2717 3022 2771 super
3044 2705 3257 2756 terram
3282 2701 3398 2771 (Job
3426 2716 3547 2767 xxv,

1955 2791 2005 2854 4,
2040 2806 2149 2844 sec.
2184 2790 2375 2857 LXX).
2412 2788 2570 2856 Quia,
2614 2789 2853 2859 inquam,
2903 2796 3162 2858 peccator
3190 2805 3270 2853 es,
3322 2796 3412 2843 aut
3440 2789 3547 2855 hic,

1954 2887 2043 2932 aut
2072 2878 2198 2940 illic,
2228 2877 2533 2947 poenitebis,
2561 2876 2657 2929 sed
2688 2876 2797 2931 illic
2816 2876 3149 2931 infructuose
3183 2890 3196 2930 :
3230 2892 3359 2932 nam
3385 2876 3442 2931 in
3472 2875 3555 2931 in-

1958 2966 2109 3020 ferno
2142 2966 2285 3019 nulla
2314 2973 2395 3019 est
2440 2964 2763 3034 redemptio.
2815 2965 3071 3036 Nunquid
3118 2965 3259 3020 enim
3308 2965 3555 3020 Christus

257 3056 398 3115 odia,
432 3055 544 3121 irae,
578 3054 728 3121 rixae,
764 3052 1160 3114 contentiones,
1212 3051 1513 3105 simultates
1555 3050 1692 3103 inter
1720 3064 1854 3118 pro-
1879 3024 1925 3085 Ο
1955 3056 2146 3109 iterum
2179 3070 2280 3123 pro
2309 3054 2387 3108 eis
2419 3053 2507 3123 qui
2542 3053 2877 3107 descendunt
2905 3054 2975 3106 ad
3028 3052 3239 3108 inferna
3281 3054 3557 3124 patietur?

262 3144 456 3208 ximos,
482 3151 705 3213 pr0pter
726 3140 1055 3211 temporales
1076 3143 1453 3209 possessiones
1469 3138 1858 3193 contrahantur

261 3233 421 3298 (adeo
452 3240 508 3285 ut
542 3246 661 3285 rara
691 3230 760 3283 sit
809 3230 968 3284 etiam
1013 3228 1305 3283 concordia
1353 3227 1601 3289 fratrum)
1629 3241 1739 3279 non
1769 3240 1858 3279 ra-

261 3321 408 3375 tione
438 3319 869 3385 monstrandum,
918 3318 1015 3371 sed
1062 3316 1377 3387 quotidiano
1434 3314 1709 3368 hominum
1759 3330 1861 3367 usu

264 3408 660 3478 inspiciendum
714 3415 814 3461 est.
871 3405 1142 3473 Quantum
1191 3412 1369 3458 autem
1426 3404 1493 3457 ad
1551 3402 1860 3456 habendum

263 3498 496 3569 geminae
526 3496 804 3552 charitatis
847 3492 1115 3557 effectum,
1168 3492 1482 3562 temporalia
1512 3492 1656 3545 bona
1686 3490 1861 3559 impe-

264 3586 430 3653 diant,
484 3582 883 3639 abrenuntiatio
941 3597 1128 3636 eorum
1186 3579 1473 3650 proﬁciat;
1507 3579 1608 3633 soli
1656 3578 1865 3648 experti

267 3681 413 3739 sunt,
449 3674 560 3744 qui,
594 3671 800 3726 relictis
830 3670 1105 3737 omnibus,
1128 3668 1195 3723 ad
1216 3668 1551 3739 diligendum
1576 3666 1865 3721 Dominum

269 3771 323 3817 et
354 3763 661 3833 proximum
684 3776 743 3813 se
770 3758 1131 3813 contulerunt.
1166 3758 1221 3812 Si
1250 3758 1432 3828 igitur,
1454 3757 1607 3825 juxta
1626 3754 1867 3809 Domini-

270 3867 391 3907 cam
413 3848 753 3913 sententiam,
780 3850 842 3902 in
866 3847 952 3902 his
974 3847 1184 3903 duobus
1212 3846 1497 3899 mandatis
1528 3844 1604 3901 (id
1630 3852 1712 3897 est
1741 3842 1871 3897 dile-

270 3940 449 3995 ctione
468 3938 629 3992 Deiet
651 3936 906 4006 proximi)
926 3936 1133 4005 pendet
1154 3936 1417 3989 universa
1438 3934 1551 3997 lex,
1569 3936 1623 3988 et
1635 3931 1872 4003 prophe-

274 4034 346 4084 ta:
377 4028 595 4096 (Matth.
630 4040 773 4088 xm,
808 4024 939 4093 40);
974 4031 1026 4077 et
1041 4024 1191 4091 juxta
1223 4020 1872 4092 Apostolum,plenitudo

278 4118 415 4186 legis
445 4119 529 4169 est
556 4114 782 4167 dilectio
807 4114 985 4179 (Rom.
1006 4126 1171 4169 xxxr.
1195 4114 1259 4163 10
1287 4128 1298 4163 :
1324 4127 1444 4165 cum
1481 4109 1678 4163 diviti-tu
1711 4106 1871 4162 simul

275 4215 326 4259 et
380 4203 614 4258 charitas
662 4200 854 4255 haberi
914 4200 1001 4253 vix
1062 4208 1151 4252 aut
1208 4200 1352 4252 nullo
1411 4199 1573 4251 modo
1629 4197 1873 4265 possint;

277 4292 449 4347 amari
485 4298 667 4344 autem
698 4288 919 4352 divitiae,
956 4296 1008 4341 et
1040 4286 1273 4341 charitas
1318 4286 1529 4349 haberi,
1572 4284 1879 4337 nullatenus

1956 3143 2271 3213 Resurgens
2304 3158 2334 3196 a
2365 3142 2591 3195 mortuis
2618 3143 2729 3209 jam
2776 3157 2883 3195 non
2930 3141 3169 3195 moritur.
3204 3142 3338 3197 Vide
3368 3142 3556 3214 igitur,

1959 3239 2012 3285 et
2039 3230 2183 3284 omni
2216 3229 2414 3293 studio,
2465 3238 2517 3283 et
2573 3228 2854 3299 vigilantia
2913 3229 3303 3294 animadverte,
3364 3238 3562 3301 quanta

1961 3319 2055 3373 tibi
2084 3318 2379 3373 necessitas
2408 3317 2684 3381 incumbit,
2733 3324 2791 3370 ut
2847 3316 2960 3372 sive
3013 3333 3110 3388 pro
3164 3316 3395 3384 levibus,
3447 3319 3563 3374 sive

1962 3424 2062 3478 pro
2093 3407 2352 3479 gravibus
2383 3406 2712 3469 commissis,
2757 3406 2954 3475 dignos
3000 3405 3328 3475 poenitentiae
3356 3408 3559 3462 fructus

1965 3496 2149 3550 facias.
2184 3496 2289 3549 Sed
2320 3494 2447 3564 quid
2478 3494 2609 3561 dixi,
2641 3493 2850 3548 levibus
2870 3494 2898 3547 ?
2931 3494 3145 3548 Utinam
3175 3493 3299 3549 leve
3330 3495 3563 3551 aestima-

1965 3592 2048 3638 ret
2080 3583 2341 3637 Dominus
2370 3582 2587 3652 aliquod
2642 3590 2925 3651 peccatum
2952 3580 2963 3634 l
2995 3580 3278 3648 Quomodo
3335 3582 3454 3637 leve
3485 3591 3567 3637 est

1967 3671 2265 3742 putandum
2326 3670 2544 3740 aliquod
2616 3677 2918 3739 peccatum,
2993 3685 3114 3723 cum
3173 3670 3418 3724 Christus
3465 3687 3567 3741 pro

1968 3760 2207 3829 peccatis
2236 3758 2436 3812 nostris
2467 3765 2708 3811 mortuus
2738 3757 2855 3810 sit?
2882 3758 3013 3811 Tam
3036 3757 3240 3828 gravis,
3258 3765 3364 3812 tam
3394 3774 3568 3831 gran-

1971 3848 2074 3915 dis,
2108 3856 2217 3900 tam
2266 3846 2498 3901 difﬁcilis
2556 3862 2644 3900 res
2688 3853 2987 3916 peccatum,
3034 3854 3091 3899 ut
3132 3861 3243 3901 non
3296 3848 3571 3917 potuerint

1972 3944 2193 4006 peccata
2224 3934 2408 3989 mundi
2437 3934 2625 4000 deleri,
2661 3935 2767 3989 nisi
2813 3934 2913 3989 Dei
2960 3934 3123 3988 Filius
3180 3950 3281 4005 pro
3318 3935 3571 3992 omnibus

1974 4032 2216 4093 gustaret
2244 4032 2490 4079 mortem.
2525 4024 2593 4077 Et
2618 4023 2737 4077 leve
2766 4024 2928 4077 audet
2974 4024 3135 4078 homo
3167 4024 3435 4079 aestimare
3464 4024 3571 4079 ali-

1978 4114 2120 4184 quod
2152 4114 2479 4181 peccatum‘?
2513 4113 2673 4167 Levia
2702 4112 2919 4182 quidem
2951 4121 3003 4166 et
3034 4112 3262 4165 venialia
3293 4121 3416 4167 sunt
3446 4129 3570 4168 om—

1979 4202 2068 4254 nia
2098 4209 2318 4270 peccata
2352 4201 2405 4253 in
2459 4200 2537 4253 eis
2596 4200 2687 4269 qui
2737 4200 2933 4269 dignos
2983 4200 3311 4267 poenitentia:
3362 4201 3570 4255 fructus

1978 4288 2217 4350 faciunt;
2252 4288 2304 4341 in
2360 4287 2820 4355 impaenitentibus
2850 4295 3029 4339 autem
3088 4287 3286 4351 omnia,
3346 4296 3400 4342 et
3450 4305 3572 4359 qua}

278 4380 526 4452 possint;
560 4378 682 4448 quis
716 4376 955 4446 sapiens,
989 4374 1110 4446 quis
1142 4376 1256 4428 haec
1288 4374 1614 4443 intelligens,
1648 4380 1869 4427 cuncta-
1890 4372 1944 4431 D
1972 4375 2115 4431 levia
2156 4375 2420 4439 videntur,
2472 4375 2657 4444 gravia
2704 4382 2757 4429 et
2810 4374 3151 4429 damnatione
3206 4375 3366 4446 plena
3422 4385 3568 4432 sunt.

278 4477 363 4523 tur
394 4468 479 4523 vel
508 4467 783 4521 modicum
814 4464 997 4519 omnia
1028 4462 1381 4532 relinquendo
1430 4460 1718 4515 Dominum
1748 4461 1867 4513 dili-

279 4574 431 4628 gere,
465 4554 743 4627 diligendo
799 4568 1061 4623 qumrere,
1124 4550 1418 4621 quaerendo
1456 4550 1717 4617 invenire,
1750 4565 1873 4604 cum

281 4646 500 4701 invento
532 4644 648 4697 sine
676 4642 781 4696 tine
812 4640 1087 4711 regnare?
1118 4638 1369 4708 Undique
1424 4638 1591 4707 igitur
1638 4638 1875 4692 circum-

284 4741 504 4804 specta,
583 4731 821 4801 undique
908 4730 1279 4785 circumventa
1352 4734 1433 4780 est
1495 4725 1875 4795 tergiversatio

270 4830 487 4877 -nostra.
538 4819 840 4874 Auctoritas
899 4816 1136 4886 jubentis
1184 4831 1284 4869 nos
1327 4815 1540 4884 premit,
1592 4813 1878 4869 difficultas

284 4910 431 4964 nulla
502 4908 745 4978 impedit,
802 4920 970 4961 causa
1026 4904 1336 4974 persuadet,
1398 4904 1529 4957 ratio
1587 4902 1874 4969 convincit,

283 5007 558 5070 postremo
626 5012 754 5050 vero
817 4994 1103 5049 inefl'abilis
1180 4992 1477 5047 necessitas
1533 4990 1881 5059 praemiorum

288 5096 450 5157 atque
481 5100 782 5155 poenarum,
843 5081 1185 5137 ineffabiliter
1242 5082 1407 5149 cogit,
1460 5088 1629 5134 arctat
1676 5087 1728 5133 et
1774 5080 1879 5132 im-

290 5174 467 5247 pellit.
508 5175 613 5228 Aut
644 5173 788 5227 enim
848 5170 1166 5225 obedientes
1222 5168 1445 5239 praemia
1497 5168 1879 5232 obtinebimus,

292 5279 413 5334 quae
441 5278 544 5318 nec
573 5262 768 5318 oculus
797 5260 956 5325 vidit,
981 5275 1084 5314 nec
1107 5259 1267 5313 auris
1294 5257 1532 5321 audivit,
1566 5272 1669 5311 nec
1698 5257 1763 5309 in
1792 5270 1888 5309 cor

295 5350 538 5408 hominis
551 5348 951 5414 ascenderunt,
972 5345 1441 5419 quaprwparavit
1463 5345 1731 5400 Dominus
1760 5343 1890 5398 dili-

292 5439 553 5510 gentibus
582 5454 639 5493 se
669 5438 719 5507 (Ι
747 5436 867 5491 Cor.
901 5451 960 5501 ιι,
1002 5438 1057 5504 9)
1091 5452 1105 5488 2
1140 5440 1230 5489 aut
1273 5432 1648 5488 inobedientes
1678 5431 1889 5503 suppli-

292 5527 380 5583 cia
410 5526 743 5597 sempiterna
782 5524 1013 5592 luemus,
1073 5522 1141 5577 ad
1198 5538 1317 5594 quae
1375 5520 1677 5592 quicunque
1735 5520 1891 5590 lapsu

510 5624 751 5679 ΡΑτιιοι..
783 5621 963 5678 CLIII.

1976 4463 2263 4531 Quomodo
2293 4470 2473 4517 autem
2495 4462 2775 4533 digniores
2791 4462 3120 4532 poenitentiae
3151 4462 3358 4519 fructus
3388 4463 3571 4521 facere

1976 4561 2151 4623 potes,
2185 4566 2348 4621 quam
2380 4558 2435 4603 ut
2458 4552 2628 4618 (juxta
2672 4550 2886 4605 Domini
2934 4560 3288 4622 praeceptum,
3320 4561 3374 4608 et
3400 4552 3573 4623 ipsius

1977 4641 2329 4705 voluntatem)
2382 4639 2561 4693 omnia
2610 4638 2983 4710 relinquendo,
3044 4648 3097 4693 et
3138 4642 3316 4695 nudus
3365 4642 3573 4697 nudum

1979 4729 2249 4784 Christum
2283 4728 2579 4798 sequendo,
2631 4743 2739 4782 non
2770 4727 2943 4782 solum
2992 4728 3338 4794 voluntatem,
3387 4728 3486 4783 sed
3520 4736 3576 4783 et

1979 4818 2174 4881 locum,
2208 4824 2260 4871 et
2308 4816 2761 4885 opportunitatem
2809 4815 3070 4885 peccandi
3118 4815 3314 4887 fugias,
3362 4824 3416 4870 et
3458 4818 3575 4877 Deo

1982 4906 2145 4959 corde
2176 4912 2227 4957 et
2256 4919 2486 4974 corpore
2518 4904 2719 4959 vaces?
2752 4905 2913 4967 Dura,
2964 4903 3160 4973 inquis,
3213 4919 3335 4958 sors
3391 4904 3438 4958 si
3475 4904 3577 4963 soli

1985 4994 2277 5055 salvantur,
2330 4993 2420 5062 qui
2477 4992 2679 5047 mundo
2730 4992 3127 5046 abrenuntiant.
3176 4991 3578 5049 Dissimulantis

1973 5090 2055 5136 est
2086 5082 2201 5135 haec
2230 5096 2353 5145 vox,
2386 5096 2495 5134 non
2526 5082 2698 5134 Deum
2733 5080 2987 5135 timentis.
3023 5078 3128 5147 Qui
3159 5080 3261 5134 hoc
3292 5081 3439 5144 dicit,
3471 5098 3579 5137 non

1976 5185 2099 5224 cum
2138 5168 2216 5223 eis
2249 5169 2339 5239 qui
2386 5168 2441 5221 in
2482 5184 2658 5240 agone
2700 5176 2937 5233 certant,
2993 5169 3237 5221 coronari
3284 5170 3577 5237 contendit,

1978 5257 2078 5312 sed
2108 5258 2226 5311 solo
2256 5258 2449 5328 agonis
2481 5257 2700 5312 nomine
2726 5257 2899 5312 victus
2932 5256 3146 5310 fatiscit.
3178 5258 3320 5319 Noli,
3356 5258 3426 5310 mi
3457 5259 3585 5313 cha-

1990 5345 2204 5398 rissime
2236 5352 2289 5398 et
2318 5344 2797 5407 desideratissime,
2830 5338 2942 5397 noli
2988 5343 3427 5399 animadvertere
3455 5344 3586 5415 quid

1991 5432 2080 5486 alii
2109 5432 2324 5496 faciant,
2358 5434 2456 5487 sed
2487 5433 2630 5498 vide,
2665 5440 2717 5487 et
2753 5431 2897 5487 aliud
2945 5431 3182 5497 attende,
3232 5439 3286 5486 et
3333 5433 3587 5487 attentius

1994 5520 2299 5586 considera,
2336 5520 2464 5589 quid
2502 5521 2618 5591 ipse
2666 5519 2842 5575 facere
2891 5520 3116 5575 debeas.
3169 5518 3303 5588 Quae
3342 5519 3586 5588 stultitia,

3308 5621 3376 5674 29
