3972 6052
344 278 447 331 907

1300 276 1595 331 JOANNIS
1635 277 1883 331 CARTII.
1927 276 2307 331 PORTARUM
2347 276 2683 331 MONACHI.

3530 278 3634 330 908

344 399 454 455 imo
484 416 605 472 quae
634 400 847 455 insania
878 408 979 467 est,
1013 400 1058 454 si
1088 399 1217 455 caeci
1248 400 1302 453 in
1349 400 1564 455 foveam
1607 401 1824 470 cadant,
1858 400 1942 457 vi-
1969 404 2016 463 Α
2046 408 2127 454 est
2178 400 2408 455 Domino
2452 417 2569 466 suo,
2616 400 2661 453 si
2711 415 2819 454 non
2877 398 3037 455 faciat
3094 399 3216 471 plus
3260 415 3356 471 pro
3406 399 3636 456 Domino

344 488 564 544 dentem
596 505 811 562 quoque
841 490 1039 545 cadere
1071 489 1208 543 velle
1235 492 1257 542 ?
1293 488 1337 541 si
1384 504 1521 558 quos
1549 490 1774 544 vesania
1821 490 1943 562 agi-

344 584 441 643 tat,
472 578 525 631 in
552 577 737 649 ignem
769 578 1038 644 desiliant,
1073 577 1395 647 prudentem
1438 593 1652 648 quoque
1690 588 1743 632 et
1776 579 1945 633 scien-

345 672 454 720 tem
487 666 625 721 velle
655 667 859 737 pariter
879 666 1140 721 desilire?
1189 674 1239 720 et
1290 664 1333 718 si
1380 666 1557 721 cuncti
1597 668 1940 737 damnentur,

346 754 752 810 damnationem
783 772 889 809 non
916 770 1131 819 cavere,
1168 772 1345 828 neque
1399 751 1729 811 fomidare?
1762 755 1945 823 Quare

347 858 459 898 non
486 843 639 898 audis
671 860 684 896 :
719 846 977 915 Angusta
1006 850 1089 900 est
1120 848 1209 901 via
1241 865 1361 919 qua:
1390 848 1549 902 ducit
1576 846 1647 901 ad
1666 848 1864 909 vitam,
1888 848 1944 900 et

348 933 517 1002 pauci
531 936 668 987 sunt
687 934 781 1005 qui
801 933 1241 989 inveniunteam
1252 936 1745 1005 ?(Matth.vn,14.)
1765 932 1947 1001 Quare

350 1035 458 1074 non
475 1020 631 1075 audis
654 1035 665 1073 :
682 1021 937 1076 Pusillus
951 1026 1035 1077 est
1064 1040 1224 1093 grew,
1241 1026 1333 1078 cui
1353 1024 1698 1095 complacuit
1713 1023 1946 1077 Domino

340 1107 487 1193 ,dare
507 1108 899 1164 hereditatem
919 1115 944 1165 .’
965 1112 1122 1180 (Luc,
1148 1126 1250 1178 xu,
1274 1114 1387 1181 32.)
1413 1111 1597 1179 Quare
1618 1126 1728 1165 non
1753 1110 1905 1164 audis
1931 1123 1943 1163 ξ

351 1196 516 1251 Multi
544 1199 743 1263 vocati,
767 1200 1119 1269 paucielecti
1143 1205 1165 1254 ?
1195 1201 1416 1267 (Matth.
1443 1215 1646 1267 xxvm,
1669 1203 1780 1269 10.)
1804 1200 1943 1271 Ego,

352 1284 425 1337 mi
456 1284 825 1351 dilectissime,
858 1302 963 1341 non
997 1303 1220 1357 possum
1250 1288 1414 1355 aliud,
1465 1288 1568 1341 nisi
1617 1304 1841 1343 monere
1873 1296 1942 1342 te.

353 1372 408 1426 Si
437 1373 581 1427 enim
618 1374 686 1427 ad
714 1375 859 1446 quod
889 1374 1178 1430 salubriter
1222 1392 1437 1443 moneo,
1483 1385 1534 1430 et
1562 1376 1763 1431 utinam
1795 1377 1945 1430 salu-

355 1460 541 1530 briter,
587 1470 641 1516 te
702 1477 921 1533 possem
981 1472 1031 1517 et
1073 1464 1343 1517 salubrius
1392 1464 1718 1534 compellere
1760 1465 1947 1534 (crede

351 1549 504 1619 mihi)
535 1549 624 1604 vix
653 1550 803 1605 bidui
832 1552 1149 1606 dilationem
1180 1553 1273 1606 tibi
1323 1553 1747 1608 concederemus
1773 1553 1783 1606 l
1823 1554 1948 1608 Haec

298 1642 303 1653 ‘
352 1636 570 1708 quidem
601 1646 655 1693 et
682 1639 814 1693 mihi
845 1640 915 1694 ad
944 1640 1406 1710 persuadendum,
1442 1650 1493 1696 et
1516 1642 1609 1695 tibi
1631 1642 1696 1695 ad
1725 1657 1950 1696 consen-

353 1725 595 1781 tiendum
626 1727 871 1783 sufficere
905 1744 1064 1798 posse
1095 1729 1431 1784 viderentur.

426 1816 535 1870 Sed
563 1823 728 1871 restat
756 1817 935 1871 adhuc
966 1818 1111 1888 quod
1129 1818 1315 1887 quinto
1344 1818 1465 1873 loco
1497 1819 1748 1888 superius
1776 1818 1949 1888 inspi—

356 1904 609 1959 ciendum
639 1904 768 1973 dixi,
802 1906 1006 1961 scilicet
1040 1906 1168 1977 quid
1200 1908 1297 1960 Dei
1327 1906 1493 1961 Filius
1532 1922 1629 1976 pro
1660 1914 1711 1961 te
1742 1907 1946 1971 fecerit,

358 2000 615 2062 quantum
648 1992 766 2063 ipse
806 1994 993 2049 oculos
1024 1994 1206 2048 cordis
1258 1994 1561 2049 illuminare
1617 1994 1948 2065 dignabitur,

355 2080 738 2148 considerare;
770 2091 827 2135 ut
855 2082 1135 2137 videamus
1166 2091 1347 2135 utrum
1380 2082 1518 2137 forte
1547 2082 1749 2153 aliquid
1777 2084 1951 2153 majus

346 2169 570 2237 jusserit
607 2176 658 2224 te
710 2169 890 2225 facere
934 2186 1029 2240 pro
1077 2187 1157 2235 se;
1209 2187 1368 2241 quam
1417 2172 1533 2241 ipse
1582 2171 1767 2226 fecerit
1797 2172 1949 2241 prior

350 2272 453 2326 pro
486 2264 556 2311 te.
590 2256 826 2311 Primum
865 2258 1029 2328 igitur
1075 2259 1292 2313 attende
1352 2276 1493 2323 eum,
1545 2259 1819 2313 hominem
1862 2259 1948 2312 fa-

352 2352 516 2412 ctum,
554 2346 693 2401 adeo
724 2361 1020 2417 pauperem
1051 2354 1103 2401 et
1132 2362 1365 2419 egenum
1388 2355 1443 2400 ut
1466 2363 1570 2401 non
1602 2347 1824 2402 haberet
1855 2347 1947 2401 ubi

349 2442 512 2504 caput
541 2434 847 2490 reclinaret.
881 2436 1007 2489 Post
1052 2436 1154 2491 hoc
1202 2436 1592 2504 animadverte,
1618 2445 1667 2490 et
1700 2436 1952 2490 attentius

350 2522 507 2593 quasi
535 2522 589 2576 in
644 2522 876 2593 quodam
934 2524 1190 2578 thesauro
1239 2524 1434 2577 mentis
1478 2531 1581 2578 tua:
1630 2524 1947 2590 considera;

348 2609 513 2675 fame,
546 2610 652 2678 siti,
687 2611 1003 2665 lassitudine
1034 2612 1373 2667 laborantem
1402 2631 1416 2679 ;
1450 2612 1779 2683 opprobriis,
1815 2628 1951 2668 con-

348 2697 603 2765 tumeliis,
639 2698 1011 2769 blasphemiis,
1046 2708 1098 2753 et
1150 2700 1411 2755 conviciis
1441 2699 1693 2754 affectum
1732 2719 1743 2753 :
1776 2701 1950 2770 ipsum

347 2801 563 2857 quoque
586 2786 920 2856 proditorem
950 2804 1119 2857 usque
1160 2788 1229 2841 ad
1282 2803 1550 2856 mensam,
1585 2788 1638 2842 in
1672 2788 1791 2859 ipsa
1821 2805 1952 2844 vero

351 2874 658 2944 proditione
708 2891 880 2946 usque
926 2876 993 2928 ad
1049 2875 1294 2930 osculum
1343 2876 1683 2945 pertulisse:
1735 2878 1950 2931 demum

350 2969 533 3016 autem
586 2961 845 3026 vinctum,
904 2963 1075 3033 sputis
1119 2961 1347 3029 linitum,
1418 2962 1589 3033 alapis
1640 2979 1948 3029 excussum,

351 3048 582 3120 flagellis
610 3065 810 3105 caesum
837 3067 849 3103 :
882 3050 1048 3105 falsos
1078 3057 1244 3105 testes
1300 3051 1664 3121 nequissimos
1696 3060 1952 3107 accusa-

1970 1758 2022 1817 B

2046 505 2203 559 quam
2238 489 2499 543 Dominus
2528 505 2629 559 pro
2661 504 2821 543 servo
2842 490 2870 543 ‘?
2901 488 2955 543 Si
2986 504 3117 544 vero
3164 489 3267 543 tale
3297 488 3426 559 quid
3457 504 3559 544 nec
3587 489 3645 542 in

2043 577 2334 646 praeceptis
2396 578 2511 644 ejus
2550 577 2814 643 invenire,
2880 593 2981 632 nec
3041 577 3184 647 apud
3233 585 3285 632 te
3334 578 3643 649 excogitare

2044 672 2221 733 potes,
2253 681 2354 735 par
2384 666 2577 720 saltem
2607 682 2708 735 pro
2737 666 2856 736 pari
2906 665 3075 720 debes
3122 666 3355 721 reddere
3400 666 3645 720 Creatori

2047 761 2156 808 tuo.
2192 753 2350 821 Quod
2382 754 2427 807 si
2458 769 2559 809 nec
2607 755 2709 809 hoc
2753 754 2999 809 invenire
3044 762 3218 824 potes,
3272 755 3359 809 vel
3402 755 3469 808 ad
3515 753 3648 807 illud

2046 841 2301 913 exiguum
2333 841 2659 908 faciendum,
2697 844 2839 913 quod
2858 858 2962 914 ego
2982 858 3180 898 moneo
3205 862 3217 909 ;
3252 851 3304 898 et
3332 843 3448 913 ipse
3470 843 3646 911 jubet,

2044 930 2153 984 noli
2185 930 2412 984 ulterius
2442 931 2812 985 dissimulare.
2854 931 3011 998 Quod
3034 932 3257 1002 quidem
3286 931 3334 986 ei
3362 931 3548 996 debes,
3585 946 3653 984 ex

2045 1034 2110 1073 eo
2141 1020 2286 1089 quod
2317 1019 2639 1087 Christiana,
2675 1020 2813 1075 sicut
2843 1036 3005 1090 supra
3048 1020 3251 1075 dictum
3294 1028 3393 1085 est,
3428 1018 3650 1090 profes-

2046 1107 2199 1162 sione
2229 1108 2473 1162 censeris
2499 1126 2513 1173 ;
2546 1108 2591 1161 si
2612 1108 2772 1162 etiam
2793 1108 2846 1161 in
2867 1108 3192 1175 innocentia,
3217 1125 3379 1180 quam
3408 1109 3463 1163 in
3492 1122 3652 1163 sacro

2047 1194 2371 1265 baptismate
2415 1211 2731 1267 acceperas,
2779 1212 3213 1267 perseverasses.
3264 1196 3423 1266 Quod
3451 1197 3495 1251 si
3524 1212 3656 1267 pec-

2046 1291 2200 1338 cator
2229 1300 2307 1352 es,
2363 1283 2529 1354 imple
2579 1286 2909 1351 mandatum,
2962 1286 3115 1353 cujus
3163 1285 3395 1341 faciendi
3439 1284 3657 1339 debitor

2046 1386 2125 1435 es,
2159 1381 2211 1425 et
2241 1388 2421 1441 quaere
2452 1372 2580 1443 quid
2612 1373 2779 1427 facias
2830 1388 2928 1444 pro
2976 1373 3345 1429 satisfactione
3391 1382 3654 1445 peccato-

2047 1476 2188 1513 rum.
2242 1459 2298 1513 Si
2342 1476 2469 1515 vero
2516 1476 2618 1530 pro
2666 1462 2909 1531 utrisque
2956 1462 3089 1516 nihil
3132 1463 3330 1531 majus,
3380 1463 3511 1518 nihil
3554 1463 3657 1529 tibi

2048 1547 2321 1603 efficacius
2353 1549 2608 1619 suppetit,
2642 1548 2727 1605 fac
2750 1550 3080 1605 voluntatem
3108 1550 3343 1617 Domini,
3374 1551 3651 1623 implendo

2049 1637 2381 1703 mandatum,
2417 1646 2471 1691 et
2502 1638 2838 1708 reputabitur
2866 1639 2958 1692 tibi
2984 1656 3085 1710 pro
3118 1639 3488 1696 satisfactione
3518 1657 3654 1711 pec-

2049 1732 2310 1779 catorum.
2361 1725 2416 1780 Si
2462 1726 2777 1796 inexpertus
2826 1734 2878 1784 te
2925 1744 3228 1795 monerem,
3272 1729 3468 1785 rectius
3516 1728 3657 1784 forte

2054 1812 2460 1867 calculationem
2508 1813 2836 1869 difﬁcultatis
2904 1831 3180 1887 opponere
3228 1832 3443 1887 posses.
3500 1818 3659 1873 Nunc

2054 1917 2182 1955 vero
2232 1902 2324 1973 qui
2373 1902 2478 1956 hoc
2531 1918 2728 1958 moneo
2780 1919 2901 1958 cum
2947 1913 3220 1974 expertus,
3254 1914 3305 1961 et
3334 1905 3663 1961 difﬁcultatis

2054 1990 2301 2044 timorem
2357 1991 2681 2045 removerim
2736 1999 2787 2046 et
2834 1992 2912 2063 (ut
2960 1993 3140 2048 minus
3185 1995 3401 2065 sapiens
3447 1994 3664 2066 loquor)

2055 2078 2362 2148 exemplum
2394 2080 2830 2147 monstraverim,
2863 2089 2922 2134 ut
2960 2081 3047 2136 vel
3097 2083 3365 2152 sequaris,
3399 2082 3488 2154 qui
3518 2100 3662 2153 pra:-

2055 2166 2261 2221 cessise
2292 2167 2586 2233 debueras,
2619 2168 2800 2221 nullus
2831 2168 2926 2222 tibi
2973 2170 3115 2239 apud
3147 2186 3235 2226 me
3264 2170 3661 2236 calculationis,

2054 2254 2231 2307 nullus
2260 2255 2401 2324 apud
2433 2256 2606 2309 Deum
2638 2257 3024 2323 excusationis,
3049 2257 3230 2311 nullus
3252 2260 3473 2314 omnino
3503 2259 3662 2314 relin-

2054 2342 2237 2411 quitur
2299 2343 2745 2399 dissimulationis
2786 2344 2956 2399 locus.
3003 2348 3087 2401 An
3135 2346 3360 2418 ignoras
3408 2349 3552 2418 quod
3596 2364 3661 2402 ex

2055 2429 2198 2484 facto
2228 2446 2350 2485 meo
2394 2432 2593 2501 pendet
2632 2432 2895 2500 judicium
2946 2435 3143 2487 tuum?
3185 2434 3345 2502 Quod
3390 2434 3437 2490 si
3484 2436 3665 2491 adhuc

2060 2517 2408 2574 dissimulare
2430 2521 2736 2587 contendis,
2762 2530 2944 2576 certus
2967 2539 3085 2577 sum
3118 2523 3261 2593 quod
3280 2539 3378 2594 pro
3407 2524 3665 2594 praesenti

2055 2607 2431 2664 exhortatione
2462 2609 2833 2664 accedetmihi
2859 2609 3064 2681 aliquid
3094 2611 3301 2682 praemii
3331 2628 3361 2665 a
3390 2612 3657 2667 Domino:

2054 2694 2150 2748 tibi
2191 2705 2376 2750 autem
2425 2698 2715 2769 augebitur
2744 2707 3022 2768 peccatum
3066 2715 3167 2770 pro
3213 2708 3543 2771 contemptu.
3598 2702 3666 2755 Et

2055 2782 2183 2853 quid
2231 2784 2458 2840 dicam?
2507 2786 2755 2842 lassescit
2810 2803 3005 2841 manus
3053 2796 3105 2841 et
3170 2803 3277 2843 non
3329 2788 3531 2844 fatiscit
3577 2789 3666 2843 vel

2055 2870 2320 2939 affectus;
2356 2873 2663 2945 languescit
2711 2876 2955 2944 dextera,
3010 2884 3061 2931 et
3105 2892 3215 2932 non
3262 2877 3507 2948 tepescit,
3553 2876 3666 2933 imo

2054 2959 2310 3017 fervescit
2341 2970 2392 3017 et
2413 2963 2644 3035 ignescit
2671 2964 2927 3021 cbaritas.
2955 2964 3145 3022 Adhuc
3175 2981 3312 3039 ergo
3356 2966 3427 3022 ad
3457 2975 3667 3038 myste-

2058 3048 2197 3104 rium
2230 3051 2645 3122 redemptionis,
2680 3054 2826 3108 unde
2857 3054 3105 3124 superius
3153 3054 3434 3127 agebatur,
3471 3071 3664 3110 rever-

347 3116 495 3194 tores
517 3182 530 3205 ,
593 3146 645 3192 et
722 3138 965 3210 iniquum
1037 3139 1276 3207 judicem
1336 3116 1692 3195 sustinentem
1716 3183 1728 3205 ,
1752 3186 1761 3199 ,
1788 3141 1958 3211 spinis
1980 3116 2026 3177 Ο
2059 3146 2254 3207 tamur,
2290 3148 2343 3194 et
2370 3116 2648 3196 videamus
2680 3142 2808 3213 quid
2842 3116 2940 3196 tibi
2963 3142 3057 3197 illa
3100 3116 3222 3213 qua:
3251 3116 3513 3214 praedicta
3542 3153 3671 3199 sunt

347 3235 680 3296 coronatum,
711 3242 931 3281 crucem
961 3227 1063 3280 sibi
1110 3235 1438 3297 portantem,
1491 3244 1615 3283 cum
1655 3228 1958 3284 latronibus

351 3315 686 3385 deputatum,
736 3314 938 3370 nudum
975 3315 1028 3368 in
1069 3331 1232 3371 cruce
1290 3317 1637 3386 pendentem,
1688 3317 1762 3371 ibi
1810 3318 1956 3373 ludi-

351 3404 531 3458 brium
582 3403 765 3474 populi
820 3403 1080 3465 habitum,
1141 3412 1295 3459 aceto
1354 3412 1615 3473 potatum,
1678 3414 1957 3475 postremo

352 3500 648 3548 mortuum.
683 3492 810 3547 Hmc
839 3492 1041 3558 omnia,
1067 3491 1308 3563 inquam,
1343 3492 1491 3547 circa
1522 3492 1721 3563 ipsum,
1755 3502 1957 3565 quanto

354 3580 667 3654 diligentius
692 3588 866 3652 potes,
900 3581 1056 3652 quasi
1094 3581 1194 3635 sub
1237 3580 1411 3636 oculis
1441 3582 1619 3653 posita
1650 3583 1955 3638 considera.

352 3668 486 3738 Quae
523 3669 742 3741 quidem
782 3670 966 3724 omnia
1013 3669 1359 3739 perferendo,
1411 3679 1463 3724 et
1512 3671 1827 3741 mysterium
1873 3688 1957 3726 re-

359 3758 687 3828 demptionis
713 3758 991 3828 implebat,
1028 3766 1081 3812 et
1110 3758 1249 3811 viam
1284 3758 1377 3811 tibi
1438 3758 1755 3813 imitationis
1810 3766 1962 3814 mon;

355 3846 579 3900 strabat.
615 3846 722 3902 Sed
753 3847 879 3917 quid
914 3854 993 3899 est
1026 3847 1176 3900 hoc?
1204 3846 1353 3918 quid,
1387 3847 1627 3917 inquam,
1674 3855 1753 3901 est
1786 3848 1961 3902 Deum

359 3934 477 3989 haec
532 3933 685 4003 pati?
742 3934 1010 3999 Attende,
1063 3934 1430 3989 animadverte
1483 3934 1757 3989 attentius.
1818 3935 1962 4003 Quid

361 4022 529 4094 igitur
559 4029 641 4077 est
670 4022 843 4076 Deum
875 4022 1151 4077 hominem
1178 4022 1296 4077 fieri
1324 4023 1352 4076 ?
1381 4023 1516 4077 Vide
1538 4024 1668 4094 quid
1697 4023 1764 4078 sit
1792 4025 1959 4079 Deus.

365 4110 502 4166 Vide
530 4109 659 4181 quid
706 4110 889 4165 homo.
939 4110 1080 4178 Quid
1128 4119 1209 4165 est
1261 4112 1434 4167 Deum
1483 4112 1757 4167 hominem
1798 4112 1965 4169 fieri?

363 4198 503 4267 Quid
533 4204 617 4254 est
645 4199 797 4253 illum
826 4200 1023 4264 omnia,
1065 4199 1156 4253 illa
1205 4200 1334 4269 pati,
1382 4200 1472 4271 qui
1520 4201 1700 4256 omnia
1730 4202 1965 4257 visibilia

362 4296 414 4342 et
436 4286 727 4343 invisibilia
758 4288 899 4359 regit
930 4294 982 4341 et
1003 4288 1290 4342 condidit?
1321 4288 1460 4357 Quid
1511 4298 1592 4345 est
1638 4290 1788 4344 illum
1838 4308 1963 4345 cru-

363 4374 547 4446 cifigi,
599 4376 689 4447 qui
752 4374 1101 4431 crucifixores
1145 4392 1273 4432 suos
1326 4393 1434 4432 non
1479 4379 1652 4433 solum
1684 4395 1714 4431 a
1757 4380 1964 4435 scelere

2058 3227 2315 3295 patiendo
2348 3229 2612 3283 Dominus
2662 3230 2963 3295 contulerit,
3016 3231 3062 3285 si
3111 3230 3249 3286 forte
3291 3240 3383 3286 tua
3429 3248 3667 3304 namque

2058 3314 2300 3385 ignescat
2331 3317 2586 3383 charitas,
2620 3318 2707 3373 vel
2736 3326 3020 3374 moveatur
3056 3318 3303 3375 affectus.
3350 3320 3505 3374 Adsit
3532 3336 3668 3393 ergo

2058 3405 2148 3459 ille
2180 3405 2271 3476 qui
2300 3405 2516 3477 linguas
2546 3405 2830 3461 infantium
2863 3407 2992 3463 facit
3021 3408 3278 3475 disertas,
3311 3416 3365 3464 et
3413 3426 3534 3479 qua:
3563 3410 3667 3464 sibi

2058 3494 2253 3564 placita
2284 3502 2409 3548 sunt
2440 3494 2626 3550 dicere
2676 3496 2861 3550 donet.
2914 3496 3088 3565 Adsit,
3138 3495 3380 3569 inquam,
3433 3497 3667 3567 Spiritus

2060 3589 2112 3637 et
2141 3598 2207 3637 eo
2250 3581 2376 3652 igne
2422 3582 2724 3639 inﬂammet
2766 3584 2975 3640 viscera
3024 3585 3221 3641 anima;
3248 3594 3353 3641 tuae
3381 3585 3585 3656 pariter
3613 3595 3669 3641 et

2060 3686 2215 3736 meae,
2250 3687 2411 3741 quem
2441 3672 2705 3727 Dominus
2725 3673 2886 3728 Jesus
2930 3673 3077 3729 venit
3113 3674 3328 3730 mittere
3375 3674 3429 3728 in
3462 3682 3667 3730 terram

2061 3768 2113 3814 et
2144 3759 2313 3814 voluit
2333 3761 2684 3817 vehementer
2726 3761 2940 3817 ardere.
2968 3762 3207 3817 Primum
3228 3762 3395 3835 igitur
3418 3766 3475 3832 (0
3501 3764 3669 3819 homo

2062 3848 2179 3903 sine
2208 3849 2324 3904 Deo
2355 3864 2478 3903 eras
2507 3848 2562 3903 in
2612 3850 2835 3918 mundo,
2869 3850 3042 3907 Deum
3074 3859 3127 3907 et
3168 3850 3484 3907 Creatorem
3514 3859 3668 3905 tuum

2060 3936 2325 4009 ignorans
2364 3952 2376 3991 :
2414 3937 2469 3992 in
2520 3939 2775 4008 praesenti
2805 3938 2916 3995 vita
2962 3939 3030 3994 ad
3071 3939 3289 3994 labores
3336 3948 3388 3995 et
3425 3938 3667 4011 pericula

2061 4021 2393 4087 nasceharis,
2427 4022 2496 4078 de
2535 4022 2795 4092 praesenti
2846 4039 2973 4078 vero
3020 4022 3234 4078 miseria
3278 4024 3348 4079 ad
3394 4023 3667 4079 cruciatus

2063 4111 2422 4180 sempiternos
2452 4110 2924 4166 irremediabiliter
2942 4110 3141 4167 ruebas
3174 4125 3188 4165 :
3222 4119 3276 4167 et
3304 4112 3474 4184 (quod
3501 4111 3668 4167 mise-

2062 4198 2283 4252 rabilius
2313 4197 2457 4268 est!)
2508 4198 2650 4255 hunc
2698 4200 2880 4270 ipsum
2925 4200 3245 4271 perditionis
3291 4208 3397 4256 tua:
3441 4200 3667 4255 modum

2062 4286 2377 4358 ignorabas,
2393 4286 2538 4343 unde
2551 4296 2604 4343 et
2623 4287 2855 4358 teipsum
2871 4288 3179 4344 nesciebas.
3196 4288 3303 4357 Qui
3324 4290 3468 4343 enim
3488 4306 3669 4361 neque

2065 4373 2247 4441 ﬁnem,
2293 4390 2467 4447 neque
2517 4376 2843 4447 principium
2892 4385 3042 4432 tuum
3091 4393 3338 4444 noveras,
3391 4378 3666 4450 quomodo

362 4464 675 4534 prohibere,
728 4480 917 4519 verum
964 4464 1121 4519 etiam
1176 4465 1291 4520 solo
1342 4474 1473 4519 nutu
1515 4474 1728 4537 poterat
1775 4469 2039 4527 omnesD
2068 4462 2301 4533 teipsum
2365 4463 2621 4520 sciebas?
2668 4464 2827 4519 Venit
2872 4465 3053 4537 itaque
3099 4465 3388 4521 miseratus
3419 4466 3490 4521 ab
3537 4466 3666 4535 alto,

365 4552 521 4623 quasi
550 4552 777 4607 culicem
789 4568 955 4606 unum
976 4562 1259 4608 conterere
1280 4554 1307 4608 ?
1336 4553 1468 4622 Quae
1489 4561 1632 4607 tanta
1661 4555 1953 4620 humilitas,

367 4657 488 4711 quae
515 4649 661 4695 tanta
689 4640 945 4711 patientia
974 4642 1061 4697 vel
1093 4642 1388 4713 excogitari
1422 4642 1553 4696 alias
1584 4643 1801 4712 potest?
1823 4642 1958 4710 Quae

367 4745 501 4784 vero
551 4729 809 4785 bonitas?
860 4746 980 4800 qua:
1028 4730 1334 4795 clementia,
1388 4738 1445 4783 ut
1494 4730 1638 4785 Deus
1687 4731 1805 4786 haec
1858 4747 1959 4801 pro

368 4818 607 4883 homine,
669 4818 893 4873 Creator
947 4834 1044 4887 pro
1102 4827 1343 4873 creatura
1391 4818 1677 4888 patiatur?
1732 4819 1815 4873 Ad
1856 4820 1961 4874 hoc

368 4903 755 4969 meditandum,
790 4903 856 4956 ad
886 4904 987 4956 hoc
1025 4902 1351 4967 mirandum,
1387 4903 1703 4975 cujusquam
1748 4904 1962 4957 animus

372 5000 538 5062 tepet,
569 4992 887 5061 cujusquam
918 5008 1071 5045 mens
1102 5000 1321 5069 torpore
1351 4990 1606 5063 languida
1636 4992 1873 5046 marcet?
1898 4994 1965 5046 Et

374 5080 503 5132 mihi
553 5079 837 5149 quisquam
883 5079 1099 5150 aliquod
1152 5079 1323 5149 ipsius
1370 5088 1700 5149 praeceptum
1746 5080 1961 5145 durum,

376 5167 461 5220 vel
492 5165 706 5220 difficile
736 5168 899 5221 audet
928 5166 1210 5220 nominare
1232 5167 1258 5217 ἵ)
1284 5165 1427 5232 Quid
1443 5167 1587 5221 enim
1609 5168 1967 5223 retribuemus

376 5254 609 5309 Domino
640 5271 739 5325 pro
769 5256 1018 5309 omnibus
1049 5271 1169 5324 qua:
1190 5254 1433 5307 retribuit
1450 5255 1605 5308 nobis
1625 5257 1652 5310 ?
1681 5256 1736 5310 Si
1758 5256 1969 5311 invenis

376 5342 580 5413 aliquid
608 5344 753 5413 quod
780 5342 948 5397 facias
978 5358 1078 5412 pro
1109 5343 1228 5412 ipso
1247 5342 1441 5409 majus,
1467 5359 1624 5412 quam
1648 5342 1763 5413 ipse
1785 5343 1971 5399 fecerit

378 5446 481 5501 pro
509 5438 578 5495 te,
632 5430 917 5486 consilium
973 5430 1156 5484 laudo.
1218 5430 1357 5484 Nam
1404 5431 1507 5485 hoc
1565 5430 1745 5501 utique
1800 5431 1970 5486 debes

382 5518 627 5573 Creatori
646 5527 698 5574 et
720 5518 1065 5589 Bedemptori
1087 5526 1195 5574 tuo.
1230 5518 1364 5585 Quis
1396 5518 1540 5573 enim
1561 5534 1750 5574 servus
1782 5528 1971 5591 gratus

2060 4551 2207 4606 venit
2234 4552 2302 4605 ad
2332 4560 2383 4606 te
2412 4552 2578 4607 Filius
2596 4552 2715 4622 Dei,
2749 4560 2802 4608 et
2818 4552 3002 4609 lumen
3022 4570 3210 4609 verum
3231 4554 3329 4609 tibi
3358 4555 3411 4609 in
3440 4554 3670 4627 regione

2062 4640 2271 4695 umbrae
2296 4641 2488 4696 mortis
2526 4640 2790 4695 habitanti
2824 4641 3149 4698 illucescens
3194 4642 3515 4715 ignorantia:
3563 4651 3669 4699 tua;

2062 4728 2319 4783 tenebras
2376 4728 2608 4799 repulit;
2660 4730 2835 4785 Deum
2894 4738 2948 4785 et
3014 4731 3327 4788 Creatorem
3383 4738 3535 4787 tuum
3570 4732 3672 4793 tibi

2064 4817 2420 4883 ostendendo,
2452 4826 2504 4872 et
2534 4825 2733 4872 statum
2759 4826 2908 4873 tuum
2957 4818 3190 4888 (scilicet
3234 4819 3381 4875 unde
3409 4836 3582 4885 esses,
3620 4829 3675 4876 et

2067 4906 2341 4975 quomodo
2372 4906 2546 4975 esses)
2592 4906 2688 4960 tibi
2734 4906 3155 4963 manifestando.
3200 4906 3305 4976 Qui
3352 4924 3471 4963 eras
3524 4907 3670 4963 filius

2066 4993 2403 5063 perditionis,
2439 4994 2531 5065 qui
2560 5011 2682 5048 eras
2730 5012 2824 5049 vas
2870 4996 2966 5051 ire
3006 5004 3060 5051 et
3100 4996 3461 5065 contumelias,
3527 4996 3673 5053 inter

2067 5097 2193 5135 vasa
2240 5082 2481 5147 honoris,
2533 5082 2919 5139 misericordiae
2966 5086 3176 5155 posuit;
3228 5100 3337 5140 non
3376 5085 3550 5141 solum
3598 5086 3670 5140 ab

2067 5177 2265 5223 aeterna
2295 5170 2638 5225 damnatione
2667 5171 2967 5241 eripiendo,
2993 5173 3091 5227 sed
3123 5174 3192 5227 ad
3214 5174 3377 5228 vitam
3407 5181 3671 5228 aeternam

2068 5256 2450 5313 miserabiliter
2524 5259 2847 5330 reparando.
2927 5260 3247 5315 Paradisum
3323 5262 3667 5332 perdideras,

2070 5345 2265 5399 ccelum
2296 5346 2569 5416 recepisti.
2620 5345 2724 5415 Qui
2771 5363 2891 5402 eras
2932 5348 3204 5419 particeps
3252 5349 3669 5418 daemoniorum,

2072 5432 2246 5489 factus
2278 5451 2337 5490 es
2375 5436 2625 5491 conscius
2672 5444 2725 5490 et
2764 5437 2943 5492 socius
2991 5437 3330 5510 angelorum.
3382 5438 3489 5493 Sed
3537 5438 3669 5509 quid

2071 5522 2251 5579 dicam
2270 5523 2298 5576 *Ρ
2325 5524 2447 5593 plus
2476 5524 2654 5580 adhuc
2683 5524 2881 5590 dicam,
2916 5525 2985 5579 de
3016 5542 3177 5582 servo
3207 5527 3494 5597 adoptatus
3522 5542 3583 5581 es
3611 5527 3667 5581 in
