3972 6052
331 191 433 241 909
1581 185 1934 241 EPISTOLE
2008 182 2348 251 QUINQUE.
3517 186 3621 240 910

340 308 527 363 ﬁlium.
562 308 702 377 Quid
732 310 885 364 dixi?
916 311 1009 377 Ita,
1057 310 1299 380 inquam.
1347 308 1452 376 Qui
1482 310 1624 363 enim
1647 325 1771 363 eras
1804 323 1924 361 ser-
1956 308 2011 365 A
2032 305 2487 375 contemplatione
2538 306 2898 375 reparationis
2954 314 3058 360 tum
3117 316 3330 363 crescat
3359 307 3485 362 ﬁdei
3515 316 3619 361 ture

343 413 463 464 vus,
497 413 603 452 non
637 397 755 464 Dei,
790 397 875 453 cui
933 397 1140 452 servire
1184 414 1420 469 regnare
1464 405 1574 465 est,
1611 397 1708 452 sed
1735 413 1929 451 servus
2030 393 2212 447 fervor
2240 393 2503 459 invictus;
2538 401 2589 447 et
2610 394 2775 447 oblita
2809 395 3199 448 transeuntium
3234 396 3515 463 bonorum,
3550 397 3620 451 ad

340 485 569 555 peccati,
596 502 787 539 servus
809 485 1199 541 daemoniorum
1232 486 1515 555 ad0ptatus
1539 492 1620 539 est
1654 485 1707 538 in
1740 484 1928 538 ﬁlium.

345 572 450 626 Sed
472 574 627 641 cujus
657 573 869 627 ﬁlium?
898 574 1171 628 Audacter
1217 574 1359 640 dico,
1404 572 1740 628 conﬁdenter
1784 573 1926 637 dico,

344 660 590 715 laetanter
619 662 763 729 dico,
796 662 851 715 in
881 663 1053 717 ﬁlium
1083 662 1201 718 Dei.
1226 663 1405 733 Inquit
1435 662 1577 717 enim
1614 678 1625 717 :
1656 663 1932 733 Quotquot

344 754 678 820 receperunt
699 766 849 817 eum,
874 751 1027 805 dedit
1047 752 1126 806 eis
1146 755 1487 821 potestatem
1509 752 1655 819 ﬁlios
1674 753 1771 806 Dei
1811 749 1936 817 ﬁeri

344 833 527 902 (Joan.
554 849 591 901 ι,
620 837 729 903 1'2).
750 836 844 890 Vis
866 851 984 890 rem
1000 835 1239 905 apertius
1259 834 1582 907 designari?
1622 837 1823 889 Iterum
1867 833 1935 885 ﬁ-

345 920 624 976 ducialiter
653 930 706 977 et
744 923 1071 977 exsultanter
1101 923 1264 990 dico;
1296 923 1462 977 Filius
1511 923 1611 978 Dei
1646 922 1819 978 factus
1856 929 1938 975 est

348 1009 513 1063 Filius
534 1011 790 1077 hominis,
817 1018 875 1065 ut
920 1019 976 1065 tu
1008 1009 1151 1065 ﬁlius
1182 1012 1280 1067 Dei
1315 1011 1628 1067 eﬁicereris.
1666 1011 1932 1074 Narrabo,

346 1096 760 1168 inquit,n0men
783 1103 947 1155 tuum
983 1100 1258 1171 fratribus
1291 1103 1431 1155 meis
1464 1101 1638 1170 (Psal.
1665 1115 1788 1165 xxi,
1821 1098 1935 1167 23),

346 1193 398 1240 et
433 1203 446 1238 :
480 1187 559 1241 Ite
588 1189 860 1244 nuntiate
889 1189 1165 1260 fratribus
1195 1191 1334 1245 meis
1369 1189 1589 1257 (Matth.
1626 1203 1807 1251 xxvn,
1828 1188 1938 1255 10).

347 1274 403 1329 Si
426 1282 608 1331 autem
625 1274 855 1344 ﬁlius,et
874 1276 1072 1342 haeres,
1088 1278 1262 1332 haeres
1296 1277 1516 1347 quidem
1549 1276 1671 1342 Dei,
1696 1276 1941 1331 cohaeres

352 1370 531 1418 autem
570 1364 787 1443 Christi.
827 1365 897 1419 Et
930 1365 1060 1436 quid
1081 1365 1261 1421 adhuc
1292 1365 1508 1419 dicam?
1529 1373 1775 1419 naturam
1792 1371 1942 1417 tuam

352 1450 518 1505 Filius
541 1452 640 1506 Dei
672 1460 996 1521 comternus,
1014 1452 1428 1524 coomnipotens
1440 1460 1491 1508 et
1512 1451 1939 1508 consubstantia-

353 1537 419 1592 lis
442 1539 609 1605 Patri,
632 1539 733 1595 sibi
750 1540 805 1594 in
823 1557 986 1596 unam
1006 1557 1298 1613 personam
1320 1541 1545 1607 unitam,
1572 1558 1731 1611 supra
1752 1556 1941 1595 omnes

2033 481 2277 536 cmlestia
2308 498 2366 536 se
2396 481 2602 535 attollat
2628 482 2743 551 spei
2777 490 2881 536 tute
2902 482 3196 537 indubitata
3233 485 3564 554 exspectatio
3604 500 3615 538 :

2035 569 2253 623 assidua
2298 578 2569 624 tantorum
2623 568 3013 625 beneﬁciorum
3068 571 3435 637 meditatione,
3470 588 3624 628 more

2036 665 2225 711 rotatas
2282 658 2467 712 rhedm
2498 656 2761 713 fervescat
2815 658 3168 724 desiderium,
3200 660 3442 729 ignescat
3486 662 3625 716 cha-

2037 746 2186 810 ritas,
2248 762 2399 815 quae
2427 746 2671 801 coelestia
2716 754 2921 800 tantum
2970 747 3109 801 bona
3156 747 3298 802 norit
3332 764 3538 816 amare,
3573 756 3627 804 et

2036 832 2369 888 adulterinos
2392 834 2683 888 visibilium
2713 835 2982 904 appetitus
3010 835 3308 905 prudenter
3328 836 3624 892 declinare.

2040 922 2239 976 Mirare
2262 938 2409 985 vero,
2435 922 2691 991 prmdica,
2717 931 2769 976 et
2798 922 2959 977 lauda
2979 923 3317 979 incessanter
3336 924 3628 980 bonitatem

2044 1010 2300 1065 divinam.
2336 1009 2483 1077 Quas
2505 1010 2649 1065 enim
2666 1010 2878 1077 laudes,
2904 1027 3039 1081 quas
3062 1011 3363 1082 gratiarum
3385 1013 3632 1069 actiones

2042 1097 2207 1168 digne
2238 1098 2445 1152 referes
2474 1097 2717 1153 Creatori
2747 1106 2837 1153 tuo
2860 1099 2887 1153 ?
2927 1097 3067 1166 Quid
3098 1100 3371 1155 retribues
3398 1101 3631 1156 Domino

2043 1201 2144 1256 pro
2174 1185 2425 1239 omnibus
2456 1202 2575 1257 quze
2606 1185 2856 1240 retribuit
2894 1185 3036 1240 tibi?
3076 1186 3219 1255 Quid
3249 1204 3376 1244 vero
3406 1188 3634 1261 dignum

2043 1274 2246 1343 poteris
2284 1272 2485 1339 facere,
2519 1282 2575 1328 ut
2604 1273 2766 1328 tantis
2786 1273 3067 1329 beneﬁciis
3096 1276 3295 1348 dignus
3335 1276 3589 1331 habearis
3608 1277 3636 1331 ?

2048 1363 2167 1418 Non
2199 1365 2337 1417 sunt
2363 1361 2563 1432 quippe
2592 1361 2883 1434 condigna:
2895 1364 3185 1433 passiones
3220 1364 3387 1434 hujus
3420 1369 3637 1436 tempo-

2046 1451 2127 1505 ris
2159 1450 2231 1505 ad
2258 1453 2521 1520 futuram
2552 1450 2812 1520 gloriam,
2845 1466 2967 1521 quae
2996 1452 3339 1509 revelabitur
3367 1456 3428 1508 in
3459 1453 3633 1508 nobis.

2048 1538 2226 1607 (Rom.
2262 1554 2382 1604 VIII,
2416 1541 2533 1607 18).
2592 1537 2735 1604 Quid
2788 1538 2990 1605 dicam,
3025 1555 3059 1592 o
3090 1539 3161 1594 mi
3217 1540 3535 1596 charissime
3587 1549 3639 1596 et

360 1628 546 1695 caelos,
564 1644 722 1700 supra
735 1644 952 1684 omnem
968 1629 1331 1701 principatum
1346 1637 1397 1684 et
1410 1637 1942 1700 potestatem,usque
1963 1658 2017 1718 B
2050 1626 2530 1692 desideratissime,
2555 1626 2600 1680 si
2621 1627 2691 1680 ad
2723 1634 2923 1681 tantam
2953 1626 3201 1693 salutem,
3234 1628 3302 1683 ad
3331 1636 3481 1683 tanta
3508 1644 3642 1699 gau-

357 1717 425 1769 ad
466 1732 785 1771 consessum
807 1718 1001 1781 Patris.
1038 1734 1212 1789 usque
1244 1719 1314 1773 ad
1344 1719 1625 1773 dexteram
1651 1715 1944 1785 majestatis

357 1804 627 1858 exaltavit.
659 1806 865 1859 Natura
895 1806 979 1861 cui
1008 1806 1209 1861 dictum
1239 1806 1412 1861 fuerat
1446 1823 1457 1861 :
1499 1808 1665 1861 Terra
1690 1822 1766 1871 es,
1800 1809 1855 1860 et
1889 1805 1949 1858 in

362 1897 574 1947 terram
604 1894 709 1947 ibis
739 1894 897 1961 (Gen.
920 1960 923 1963 γ
950 1910 1027 1959 ιιι,
1064 1898 1173 1961 19),
1236 1895 1305 1950 ad
1357 1902 1559 1949 tantam
1598 1893 1850 1963 gloriam,
1882 1893 1950 1946 ad

360 1987 567 2034 tantum
600 1981 882 2046 honorem,
918 1998 1029 2036 non
1060 1982 1182 2037 dico
1204 1983 1268 2036 ad
1320 1982 1741 2053 inaequalitatem
1773 1997 1949 2051 ange-

362 2068 559 2135 lorum,
592 2070 689 2123 sed
717 2084 881 2139 supra
910 2085 1126 2125 omnem
1156 2071 1449 2125 sublimata
1474 2069 1951 2125 estcelsitudinem

363 2157 836 2228 archangelorum,
907 2157 980 2211 ita
1020 2166 1075 2211 ut
1144 2159 1375 2214 audierit
1406 2175 1418 2210 :
1449 2158 1587 2213 Sede
1637 2176 1673 2212 a
1729 2158 1953 2212 dextris

361 2246 499 2299 meis
524 2247 697 2312 (Psal.
721 2261 832 2311 uix,
869 2248 941 2315 1).
976 2246 1081 2301 Sed
1112 2248 1180 2300 ad
1213 2247 1342 2317 quid
1367 2247 1394 2300 ?
1443 2248 1509 2301 Ut
1547 2246 1665 2316 ipse
1709 2246 1856 2301 solus
1887 2245 1955 2300 sit

368 2334 486 2387 ibi?
513 2334 653 2388 Non.
688 2335 801 2389 Imo
832 2343 887 2389 ut
918 2342 972 2388 tu
1022 2335 1097 2389 sis
1125 2335 1197 2388 ibi
1227 2352 1347 2389 cum
1381 2350 1465 2390 eo.
1505 2338 1568 2391 Ut
1600 2334 1711 2401 ubi,
1759 2334 1949 2405 inquit,

367 2438 462 2491 ego
502 2438 645 2487 sum,
688 2426 746 2477 et
776 2424 867 2476 illi
895 2424 1011 2477 sint
1039 2439 1261 2478 mecum
1298 2423 1483 2493 (Joan.
1518 2438 1659 2491 xvu,
1690 2423 1801 2491 24).
1843 2422 1911 2475 Et
1939 2439 1951 2473 :

382 2512 520 2575 Volo,
537 2515 721 2582 pater,
743 2515 810 2565 ut
840 2511 935 2565 ubi
950 2528 1041 2582 ego
1064 2528 1209 2577 sum,
1232 2512 1311 2565 ibi
1330 2512 1405 2566 sit
1426 2515 1481 2566 et
1503 2512 1769 2565 minister
1797 2526 1956 2565 meus

367 2599 550 2668 (Joan.
575 2614 675 2667 xu,
692 2600 802 2669 56).
822 2600 949 2663 Sed,
971 2599 1099 2670 quid
1122 2608 1204 2653 est
1220 2600 1323 2654 hoc
1338 2600 1363 2653 ?
1378 2599 1740 2669 Aperioculos
1752 2597 1954 2663 cordis,

367 2686 569 2752 cordis,
611 2687 851 2758 inquam,
896 2688 1085 2743 oculos
1106 2687 1280 2757 aperi,
1306 2687 1475 2743 excita
1514 2685 1696 2755 ﬁdem,
1720 2686 1958 2741 accende

368 2775 724 2841 charitatem;
782 2776 1031 2845 ignescat
1089 2774 1439 2844 desiderium,
1502 2775 1672 2829 ﬂuant
1710 2775 1960 2844 lacrymas

379 2858 588 2928 pietatis
638 2866 691 2913 et
731 2859 1078 2925 humilitatis;
1129 2859 1384 2930 lacryma:
1410 2859 1486 2929 pii
1518 2859 1795 2913 desiderii.
1817 2858 1961 2925 Quid

370 2948 536 3018 igitur
565 2956 647 3003 est
694 2949 844 3003 hoc?
883 2949 1015 3019 quid
1066 2949 1329 3019 (inquam)
1380 2956 1461 3002 est
1516 2947 1788 3002 hominem
1821 2946 1956 3013 ﬁeri,

370 3012 539 3089 ﬁlium
588 3036 732 3091 Dei?
790 3012 935 3104 Quid
993 3012 1084 3091 est
1131 3012 1319 3091 ﬁlium,
1356 3035 1611 3101 hominis,
1657 3036 1765 3089 imo
1796 3012 2033 3087 ﬁliumC

372 3124 714 3195 perditionis,
746 3122 865 3191 ﬁeri
895 3123 1117 3178 fratrem
1177 3132 1230 3178 et
1275 3123 1616 3179 cohmredem
1678 3122 1795 3176 Filii
1840 3121 1958 3188 Dei,

376 3212 445 3266 ad
476 3212 863 3283 possidendam
893 3212 1267 3267 hmreditatem
1324 3211 1538 3265 Patris?
1570 3208 1704 3277 Quae
1736 3218 1817 3265 est
1863 3210 1965 3263 ista

371 3300 627 3371 dignitas,
663 3317 782 3371 qua:
829 3309 1029 3355 nostrae
1078 3309 1289 3355 natura:
1342 3299 1533 3354 collata
1562 3306 1659 3363 est,
1696 3306 1753 3353 ut
1781 3298 1966 3353 sedeat

373 3389 442 3443 ad
473 3389 753 3443 dexteram
783 3387 1043 3443 Altissimi
1063 3388 1089 3440 ?
1139 3387 1274 3455 Qum
1319 3396 1401 3442 est
1432 3386 1535 3441 ista
1577 3385 1889 3440 excellentia
1909 3392 1966 3438 ut

370 3478 535 3532 homo
584 3494 745 3547 supra
794 3492 1011 3531 omnem
1056 3484 1298 3531 naturam
1336 3475 1659 3547 angelicam,
1695 3490 1867 3543 usque
1898 3473 1967 3526 ad

371 3565 650 3620 dexteram
678 3565 975 3633 majestatis
1032 3565 1098 3619 sit
1141 3565 1490 3628 sublimatus,
1536 3563 1628 3634 qui
1675 3578 1847 3632 usque
1896 3560 1967 3615 ad

375 3652 561 3707 inﬁma
588 3652 784 3708 inferni
828 3654 929 3707 sub
976 3653 1261 3723 tyrannide
1298 3652 1689 3707 daemoniorum
1742 3666 1965 3721 preme-

377 3742 565 3796 batur?
596 3742 731 3809 Qua:
758 3757 891 3797 vero
920 3750 1067 3795 tanta
1107 3740 1301 3811 pietas,
1354 3757 1472 3810 quae
1500 3747 1651 3794 tanta
1679 3738 1968 3793 clementia

374 3830 571 3885 divinae
628 3829 902 3897 bonitatis,
946 3838 1004 3883 ut
1058 3843 1167 3884 non
1217 3828 1390 3884 solum
1437 3828 1675 3901 dignitas
1720 3842 1883 3898 quam
1912 3826 1967 3880 in

375 3918 553 3988 primo
582 3926 810 3989 parente
840 3917 1285 3989 perdideramus,
1318 3916 1474 3973 nobis
1503 3916 1834 3981 restituatur,
1870 3915 1967 3969 sed

372 4006 598 4076 insuper
618 4006 757 4060 dona
787 4013 839 4060 et
886 4004 1148 4061 beneﬁcia
1175 4003 1613 4077 magniﬁcentius
1654 4012 1706 4058 et
1735 4002 1968 4058 cumula-

374 4093 481 4149 tius
511 4095 796 4150 crescant?
828 4094 932 4149 Ubi
962 4094 1177 4165 pietas?
1205 4093 1297 4148 ubi
1327 4093 1544 4149 devotio
1564 4093 1591 4146 ?
1619 4092 1713 4145 ubi
1734 4091 1920 4147 laudes
1941 4092 1967 4143 ?

376 4183 467 4235 ubi
498 4183 791 4253 gratiarum
823 4183 962 4237 actio
982 4182 1008 4235 ?
1031 4181 1123 4236 ubi
1164 4190 1245 4236 est
1279 4182 1475 4237 laetitia)
1505 4190 1558 4235 et
1588 4179 1967 4235 exsultationis

372 4270 656 4338 jubilatio?
687 4271 733 4325 Ο
762 4271 1075 4341 mysterium
1112 4270 1181 4324 ab
1203 4278 1409 4325 aeterno
1439 4270 1780 4339 dispositum,
1816 4284 1844 4321 a
1875 4284 1968 4321 see-

2052 1714 2161 1779 dia,
2196 1723 2395 1786 quanto
2418 1714 2635 1783 certius,
2670 1722 2871 1784 quanto
2900 1716 3147 1771 securius
3176 1724 3352 1787 potes,
3384 1716 3642 1773 festinare

2051 1818 2161 1857 non
2192 1803 2513 1857 contendis?
2543 1802 2685 1870 Quid
2709 1802 2882 1858 dicam
2914 1803 2959 1857 si
2989 1804 3170 1859 socius
3192 1804 3515 1875 angelorum
3536 1820 3646 1860 non

2051 1890 2223 1959 timet,
2261 1890 2369 1945 imo
2400 1890 2677 1946 contendit
2707 1890 2825 1945 ﬁeri
2882 1892 3061 1946 socius
3116 1891 3509 1947 daemoniorum
3539 1892 3567 1946 ?
3599 1891 3645 1946 si

2053 1979 2227 2033 haeres
2258 1979 2400 2046 coeli,
2434 1979 2542 2032 imo
2573 1979 2746 2033 haeres
2776 1978 2895 2047 Dei,
2936 1986 2989 2033 et
3017 1980 3257 2033 coheres
3290 1979 3508 2049 Christi,
3533 1980 3646 2034 vult

2054 2082 2343 2121 remanere
2372 2067 2425 2120 in
2457 2067 2643 2121 terra?
2675 2067 2720 2120 si
2752 2066 2893 2122 ﬁlius
2926 2067 3024 2121 Dei
3044 2068 3156 2121 vult
3173 2067 3380 2122 servire
3401 2067 3647 2122 mundo?

2056 2154 2197 2222 Quid
2242 2155 2443 2221 dicam,
2495 2155 2539 2208 si
2599 2162 2850 2210 naturam
2906 2155 3255 2209 hamanitatis
3310 2164 3435 2222 tuae,
3485 2171 3649 2226 quam

2055 2243 2325 2297 debueras
2356 2242 2409 2295 in
2461 2240 2889 2297 sanctiﬁcatione
2947 2250 3001 2297 et
3056 2243 3265 2297 honore
3321 2243 3645 2310 custodisse,

2055 2339 2281 2401 propter
2315 2331 2574 2385 honorem
2605 2338 2659 2385 et
2703 2331 3068 2385 reverentiam
3098 2330 3243 2386 illius
3272 2331 3529 2399 hominis,
3558 2330 3650 2403 qui

2056 2420 2207 2474 sedet
2236 2420 2306 2473 ad
2337 2419 2619 2473 dexteram
2650 2419 2767 2483 Dei,
2802 2419 2881 2473 vis
2921 2419 3097 2473 adhuc
3126 2419 3329 2473 mundo
3359 2427 3412 2473 et
3436 2420 3649 2475 actibus

2059 2509 2193 2575 ejus,
2230 2507 2313 2561 vel
2335 2506 2535 2561 illicitis
2552 2506 2841 2560 desideriis
2871 2506 3149 2575 implicare
3164 2508 3191 2561 ?
3207 2506 3497 2575 Quomodo
3518 2523 3653 2563 vero

2059 2594 2343 2665 effugiens,
2366 2595 2412 2647 si
2443 2603 2646 2649 tantam
2676 2594 2989 2665 neglexeris
3014 2595 3286 2650 salutem?
3333 2596 3389 2651 Si
3420 2595 3510 2666 qui
3538 2596 3655 2651 vias

2061 2684 2182 2737 vitae
2215 2692 2267 2737 et
2294 2682 2533 2736 veritatis
2580 2698 2687 2737 non
2725 2682 3047 2749 audierunt,
3091 2683 3206 2738 sine
3243 2681 3350 2737 ﬁne
3381 2684 3653 2738 damnan-

2061 2781 2163 2839 tur,
2194 2787 2353 2841 quam
2392 2771 2751 2825 damnationis
2797 2770 3122 2825 sententiam
3172 2771 3501 2841 suscipient,
3565 2771 3658 2843 qui

2060 2860 2284 2914 audiunt
2315 2867 2366 2913 et
2424 2859 2747 2930 intelligunt,
2782 2868 2835 2914 et
2888 2860 3221 2931 negligant?
3250 2862 3371 2932 Age
3394 2876 3527 2930 ergo
3557 2860 3656 2930 (mi

2063 2946 2460 3013 dilectissime),
2500 2948 2644 3014 veni,
2679 2956 2732 3002 et
2761 2948 2830 3002 ad
2890 2955 3038 3002 tanta
3093 2957 3144 3002 et
3202 2956 3309 3002 tam
3364 2947 3659 3004 ineffabilia

2068 3036 2304 3107 gaudia,
2365 3036 2511 3090 omni
2566 3036 2743 3090 studio
2799 3036 3055 3107 omnique
3108 3036 3398 3091 devotione
3451 3037 3657 3107 pariter

2066 3124 2372 3189 tendamus,
2405 3124 2608 3193 pariter
2637 3124 2751 3178 Deo
2782 3131 3070 3193 praestante
3097 3124 3501 3194 perveniamus.
3533 3125 3655 3197 Ego

2071 3220 2120 3265 te
2152 3227 2349 3266 moneo
2377 3211 2430 3264 in
2463 3210 2694 3278 Christo,
2736 3212 2828 3282 qui
2856 3212 2923 3267 de
2953 3220 3215 3282 provectu
3246 3220 3336 3268 tuo
3358 3214 3412 3267 in
3440 3221 3656 3284 tempo-

2067 3300 2273 3353 ralibus
2307 3299 2491 3365 bonis,
2527 3298 2701 3371 magis
2732 3299 2811 3369 (ni
2840 3299 3023 3371 fallor)
3052 3301 3225 3371 teipso
3256 3301 3493 3373 gaudere
3522 3302 3661 3357 sole-

2068 3388 2213 3441 bam.
2272 3387 2430 3443 Nunc
2487 3402 2615 3441 vero
2645 3386 2875 3442 arbitror
2929 3388 3110 3442 omnia
3172 3397 3229 3443 ut
3276 3397 3540 3459 stercora,
3602 3396 3659 3444 ut

2069 3476 2342 3531 Christum
2374 3475 2725 3531 lucrifaciam.
2758 3478 2897 3547 Age,
2932 3476 3082 3543 veni,
3114 3476 3294 3548 angeli
3327 3485 3379 3532 te
3409 3478 3657 3545 invitant,

2070 3564 2261 3635 quibus
2294 3564 2553 3635 gaudium
2583 3572 2665 3619 est
2705 3579 2869 3634 super
2900 3580 3007 3619 uno
3065 3572 3355 3634 peccatore
3382 3565 3657 3635 paeniten-

2068 3653 2191 3706 tiam
2220 3660 2421 3723 agente
2457 3667 2468 3705 :
2504 3652 2595 3723 qui
2627 3652 2671 3705 si
2704 3668 2798 3707 eos
2841 3652 2910 3707 de
2959 3652 3273 3721 poenitentia
3304 3661 3391 3708 tua
3420 3653 3659 3723 gaudere

2068 3740 2286 3807 feceris,
2320 3740 2511 3810 procul
2539 3740 2704 3794 dubio
2736 3756 2955 3794 suorum
3003 3740 3325 3811 gaudiorum
3357 3748 3410 3796 te
3436 3740 3658 3811 partici-

2068 3845 2193 3899 pem
2224 3828 2441 3883 facient.
2483 3829 2563 3882 Tu
2593 3844 2703 3884 non
2731 3829 3007 3900 relinques
3045 3844 3187 3884 vana
3216 3828 3420 3900 gaudia
3445 3828 3653 3897 mundi,

2069 3926 2125 3972 ut
2153 3918 2475 3990 angelorum
2496 3918 2710 3989 gaudiis
2731 3918 2994 3973 inseraris
3008 3917 3035 3971 ?
3052 3921 3189 3990 Age,
3224 3918 3348 3973 veni
3371 3936 3387 3986 ;
3410 3917 3659 3974 Christus

2070 4015 2121 4061 te
2152 4016 2331 4063 vocat.
2365 4006 2509 4075 Quid
2530 4006 2556 4059 ?
2587 4007 2702 4061 Imo
2731 4014 2784 4061 et
2823 4014 3051 4077 apparet
3080 4006 3246 4061 vultui
3275 4006 3375 4061 Dei
3430 4022 3533 4077 pro
3581 4014 3658 4074 te,

2071 4102 2123 4149 et
2151 4094 2451 4165 interpellat
2478 4110 2576 4165 pro
2606 4103 2658 4149 te
2684 4114 2697 4160 ;
2731 4111 2837 4149 non
2867 4095 3011 4150 enim
3044 4094 3155 4149 vult
3175 4095 3409 4165 pretium
3438 4094 3659 4167 sangui-

2069 4183 2154 4235 nis
2186 4183 2268 4236 sui
2290 4183 2496 4236 irritum
2528 4199 2649 4237 esse
2668 4182 2722 4236 in
2752 4190 2823 4237 te.
2856 4184 2933 4236 Tu
2963 4190 3143 4236 autem
3174 4182 3343 4237 facies
3373 4183 3469 4236 tibi
3526 4182 3658 4237 irri-

2071 4280 2179 4324 tam
2208 4269 2527 4324 effusionem
2566 4270 2849 4341 sanguinis
2895 4270 3137 4324 Christi?
3168 4270 3414 4325 Obsecro
3446 4278 3515 4333 te,
3548 4270 3658 4326 imo

377 4359 514 4415 culis
568 4367 621 4413 et
678 4359 1116 4431 generationibus
1173 4358 1531 4429 promissum,
1568 4366 1620 4413 et
1678 4356 1852 4428 signis
1919 4362 1971 4408 ct
1991 4361 2042 4419 D
2073 4367 2123 4413 et
2156 4358 2417 4425 obtestor,
2452 4374 2552 4427 pro
2583 4358 2702 4428 ipso
2732 4366 2783 4412 et
2812 4374 2912 4427 per
2941 4358 3141 4428 ipsum,
3165 4366 3350 4413 utnon
3371 4357 3591 4414 auferas
3609 4360 3660 4415 ei

380 4447 755 4518 aenigmatibus
808 4447 1123 4502 mirabiliter
1150 4446 1565 4520 praesignatum,
1624 4445 1681 4498 in
1730 4442 1837 4499 ﬁne
1869 4459 1970 4497 sae-

378 4534 624 4589 culorum
654 4535 952 4590 mirabilius
980 4535 1335 4606 adimpletum
1361 4534 1371 4587 l
1399 4534 1530 4589 Cum
1554 4532 1698 4588 enim
1719 4532 1969 4602 omnipo-

380 4630 497 4677 tens
526 4625 681 4678 Pater
727 4640 826 4694 per
864 4623 1203 4695 unigenitum
1248 4623 1505 4687 Verbum,
1539 4620 1774 4677 visibilia
1802 4626 1854 4673 et
1884 4619 1971 4673 in-

379 4711 615 4767 visibilia
630 4720 825 4767 cuncta
848 4712 1111 4767 creaverit
1125 4709 1281 4777 ,mihi
1302 4710 1523 4781 quidem
1543 4726 1657 4779 prae
1680 4707 1970 4772 universis,

385 4816 506 4870 qua:
534 4799 852 4855 mirabiliter
881 4800 1142 4865 condidit,
1177 4799 1231 4852 in
1261 4815 1427 4869 opere
1450 4796 1838 4868 redemptionis
1884 4811 1975 4849 no-

383 4890 509 4938 strae
525 4883 760 4938 maxime
772 4883 1034 4937 mirabilis
1053 4891 1290 4953 apparet.
1306 4885 1389 4936 An
1402 4881 1492 4935 alii
1515 4881 1699 4935 itidem
1717 4880 1969 4945 sentiant,

382 4970 527 5025 haud
559 4972 671 5026 scio
698 4991 711 5038 ;
746 4971 875 5025 mihi
904 4987 1032 5027 vero
1062 4971 1210 5041 pium
1242 4978 1324 5024 est
1353 4978 1404 5024 et
1435 4969 1594 5024 dulce
1624 4969 1697 5023 ita
1754 4967 1971 5022 sentire.

388 5057 434 5112 Ο
466 5060 741 5130 gaudium,
775 5075 882 5130 quo
911 5060 1159 5113 laetantur
1188 5058 1332 5123 cmli,
1384 5065 1436 5112 et
1466 5057 1695 5112 exsultat
1725 5064 1867 5110 terra
1892 5054 1903 5108 Ι
1931 5054 1977 5108 Ο

390 5148 707 5217 mysterium
738 5148 891 5216 cujus
932 5148 1183 5202 virtutem
1226 5147 1384 5201 etiam
1415 5153 1701 5201 senserunt
1728 5140 1973 5198 inferna!

386 5236 632 5291 Jubilate
661 5238 917 5303 Domino,
981 5237 1163 5293 omnis
1202 5239 1375 5300 terra,
1410 5238 1659 5297 cantate,
1696 5237 1752 5289 et
1788 5232 1979 5287 exsul-

389 5328 528 5390 tate,
552 5329 610 5379 et
625 5327 856 5396 psallite
877 5325 1051 5395 (Psal.
1068 5339 1241 5390 xcvu,
1260 5324 1332 5392 4).
1357 5323 1730 5391 Recognosce,
1746 5337 1780 5374 o
1795 5322 1977 5385 homo,

2074 4446 2218 4518 quod
2247 4451 2375 4502 emit
2403 4446 2457 4498 in
2512 4454 2583 4500 te.
2630 4446 2879 4501 Animam
2927 4462 3100 4514 suam,
3146 4447 3471 4519 sanguinem
3500 4464 3659 4503 suum

2073 4534 2221 4590 dedit
2252 4549 2352 4604 pro
2381 4533 2561 4588 anima
2590 4542 2695 4587 tua.
2747 4535 2869 4589 Non
2900 4534 3054 4589 vides
3082 4544 3287 4607 quanto
3308 4537 3484 4606 pretio
3506 4536 3657 4591 aesti-

2073 4630 2249 4677 matus
2280 4621 2387 4677 es?
2426 4621 2569 4690 Quid
2624 4622 2789 4677 facies
2834 4623 3037 4678 homini
3089 4624 3134 4677 si
3182 4623 3397 4679 Christo
3444 4624 3661 4679 auferas

2068 4712 2158 4779 jus
2190 4727 2348 4765 suum
2368 4710 2395 4763 ?
2447 4712 2605 4776 Ecce,
2636 4710 2829 4780 inquit,
2886 4715 2973 4765 sto
3001 4712 3073 4766 ad
3102 4713 3331 4779 ostium,
3363 4715 3420 4766 et
3444 4713 3609 4782 pulso
3642 4732 3661 4768 :

2075 4801 2125 4853 si
2153 4800 2275 4869 quis
2306 4798 2595 4869 aperuerit
2615 4799 2776 4862 mihi,
2805 4799 3024 4853 intrabo
3055 4798 3127 4853 ad
3148 4800 3334 4863 illum,
3362 4802 3418 4854 et
3437 4800 3659 4854 amabo

2078 4903 2205 4941 cum
2251 4887 2349 4941 illo
2400 4888 2586 4956 (Apoc.
2637 4901 2715 4949 ιιι,
2749 4889 2859 4951 20).
2894 4886 3080 4952 Curre,
3113 4885 3451 4951 charissime,
3484 4902 3664 4952 curre,

2077 4972 2273 5027 festina
2293 4973 2504 5043 aperire
2528 4972 2737 5027 Christo
2758 4972 3012 5041 pulsanti.
3038 4972 3491 5041 Gustabis,crede
3512 4972 3664 5041 mihi,

2072 5060 2355 5115 etvidebis
2386 5076 2547 5131 quam
2579 5060 2762 5114 suavis
2783 5068 2863 5115 est
2886 5059 3167 5115 Dominus.
3194 5060 3351 5128 Quod
3377 5062 3421 5115 si
3443 5078 3531 5116 me
3548 5077 3665 5117 mo-

2077 5158 2315 5214 nentem,
2347 5156 2400 5203 et
2438 5149 2665 5203 devotas
2708 5164 2922 5217 preces,
2985 5156 3036 5202 et
3094 5148 3213 5218 pias
3246 5149 3511 5222 lacrymas
3565 5164 3663 5219 pro

2080 5238 2253 5293 salute
2284 5245 2376 5291 tua
2406 5237 2474 5291 ad
2506 5236 2794 5292 Dominum
2816 5235 3129 5291 fundentem
3158 5255 3171 5302 ;
3205 5237 3250 5291 si
3282 5238 3510 5307 angelos
3538 5238 3670 5291 invio

2081 5334 2275 5395 tantes,
2328 5333 2381 5381 et
2434 5340 2592 5395 opem
2644 5324 2783 5378 ferre
2821 5324 2917 5378 tibi
2976 5332 3238 5395 paratos;
3291 5325 3337 5380 si
3394 5325 3669 5380 Christum

393 5411 463 5465 ad
486 5420 743 5482 quantam
757 5412 1181 5484 dignitatem,ad
1212 5417 1412 5483 quanta
1429 5409 1629 5481 gaudia
1653 5406 1982 5465 vocarislln
2080 5422 2387 5481 vocantem,
2422 5420 2475 5469 et
2521 5412 2665 5483 apud
2705 5413 2917 5469 Patrem
2970 5428 3071 5484 pro
3097 5420 3156 5468 te
3211 5411 3646 5484 interpellantem
