3972 6052
284 292 380 344 911

1224 289 1516 344 JOANNIS
1555 288 1802 343 CARTII.
1845 284 2225 342 PORTARUM
2265 284 2600 341 MONACHI.

3466 287 3570 339 912

284 420 337 467 et
364 410 597 483 pretium
656 411 939 483 sanguinis
989 412 1072 465 sui
1115 411 1210 466 tibi
1243 412 1311 475 (si
1341 411 1672 484 neglexeris)
1702 410 1875 480 impu-
1898 412 1951 469 A
1982 408 2026 462 si
2062 408 2303 476 viriliter,
2330 424 2439 463 non
2472 406 2594 463 ﬁcte
2624 408 2707 464 vis
2731 422 2918 479 agere,
2945 405 3308 461 consiliarium
3338 404 3571 459 habebis

285 507 508 564 tantem,
540 499 881 565 contemnis;
914 500 1217 570 apostolico
1248 508 1371 554 utor
1405 500 1594 563 verbo,
1630 500 1877 553 mundus

286 603 381 659 eqo
412 603 539 643 sum
567 604 601 643 a
623 589 897 659 sanguine
932 592 1023 644 tuo
1044 589 1189 658 (Act.
1216 603 1317 651 xx,
1341 590 1453 656 26).
1490 586 1723 658 Sanguis
1754 594 1877 639 tuus

287 690 452 746 super
479 683 641 747 caput
670 684 847 731 tuum.
874 676 1049 730 Testis
1077 677 1217 729 enim
1260 674 1391 728 mihi
1428 683 1510 729 est
1538 675 1706 737 Deus,
1743 690 1879 745 quo-

285 763 451 819 modo
480 764 705 834 cupiens
736 772 788 819 te
818 764 871 817 in
893 763 1195 819 visceribus
1216 764 1342 817 Jesu
1365 762 1584 828 Christi,
1612 770 1665 816 et
1691 762 1876 832 preci-

288 851 409 917 bus,
443 859 497 907 et
524 850 780 921 lacrymis
829 853 932 906 hoc
978 866 1009 904 a
1038 851 1155 905 Deo
1208 849 1615 921 postulaverim,
1651 857 1705 904 et
1732 866 1875 920 prae-

288 939 428 994 senti
456 940 828 994 exhortatione
856 954 965 994 non
992 938 1109 992 sine
1138 937 1322 993 labore
1353 937 1733 1009 ﬂagitaverim.
1770 937 1877 992 Sed

289 1041 399 1081 non
428 1026 632 1093 dubito,
676 1027 786 1081 imo
838 1035 890 1081 et
942 1034 1124 1081 certus
1173 1042 1291 1080 sum
1338 1034 1387 1080 te
1437 1026 1699 1081 facturum
1733 1026 1877 1097 quod

288 1115 494 1181 hortor,
529 1114 637 1169 imo
691 1114 759 1168 ad
810 1114 955 1184 quod
1010 1122 1159 1168 tanta
1196 1114 1434 1184 undique
1492 1114 1877 1169 necessitatum

286 1202 569 1258 multitudo
614 1211 663 1256 te
722 1202 961 1272 impellit.
1028 1201 1257 1271 Spiritus
1316 1202 1456 1256 enim
1518 1201 1750 1269 Domini,
1787 1201 1877 1271 qui

288 1290 421 1345 mihi
450 1291 565 1345 haec
594 1290 854 1346 scribenti
881 1290 1048 1344 adfuit
1078 1292 1209 1357 (non
1242 1291 1380 1344 enim
1415 1306 1531 1342 sum
1565 1290 1695 1342 mihi
1742 1304 1876 1343 con-

291 1378 456 1443 scius,
490 1378 558 1433 de
589 1378 756 1433 corde
800 1393 923 1433 meo
975 1379 1090 1431 hmo
1147 1377 1485 1446 protulisse),
1524 1384 1762 1440 sanctus,
1797 1377 1877 1429 in-

290 1481 471 1537 quam,
493 1465 739 1535 Spiritus,
774 1473 824 1519 et
856 1464 1126 1520 scribendi
1149 1463 1398 1519 ﬁduciam
1417 1464 1665 1533 praestitit
1692 1482 1705 1529 ;
1743 1463 1876 1517 fidu-

290 1552 431 1608 ciam
449 1568 664 1623 quoque
684 1552 931 1623 praestitit
952 1552 1209 1622 lacrymis
1231 1560 1281 1607 et
1302 1552 1611 1617 scribendo,
1647 1559 1698 1605 et
1728 1567 1880 1606 oran-

291 1640 363 1694 do
391 1638 649 1710 profusis,
683 1656 741 1694 se
772 1640 865 1693 tibi
886 1640 1091 1710 pariter
1121 1639 1451 1693 adfuturum.
1486 1638 1759 1711 Quidquid
1783 1640 1880 1710 igi—

292 1736 380 1783 tur
424 1728 720 1799 inspirante
766 1728 957 1783 eodem
994 1727 1190 1798 Spiritu
1230 1736 1415 1783 sancto
1448 1728 1630 1783 facere
1687 1728 1875 1798 dispo-
1899 1761 1949 1820 B

293 1815 489 1882 sueris,
505 1815 605 1871 etsi
626 1816 779 1886 plura
796 1831 1063 1882 moneam,
1089 1816 1192 1871 hoc
1205 1816 1436 1885 primum
1455 1831 1670 1879 moneo,
1695 1824 1751 1869 ut
1769 1832 1878 1870 non

292 1903 548 1974 praeferas
580 1904 864 1959 consilium
911 1904 1188 1958 hominum
1226 1903 1452 1958 consilio
1483 1904 1685 1958 divino.
1722 1906 1879 1972 Cave,

289 1990 528 2062 inquam,
544 1992 827 2047 consilium
843 1991 1119 2045 hominum
1156 2009 1168 2045 :
1202 1991 1342 2045 labia
1364 1992 1505 2045 enim
1529 1991 1709 2062 iniqua
1734 2001 1875 2055 sunt,

293 2086 347 2133 et
374 2079 561 2151 lingua
608 2078 819 2134 dolosa.
871 2078 1030 2146 Quod
1066 2079 1111 2132 si
1133 2079 1352 2133 omnino
1385 2078 1521 2133 forte
1555 2095 1745 2134 cavere
1773 2094 1881 2134 non

290 2168 513 2237 poteris,
526 2167 762 2236 jaculare
792 2174 981 2222 contra
999 2167 1249 2238 sagittam
1279 2167 1514 2236 potentis
1535 2175 1587 2222 et
1616 2168 1879 2223 carbones

293 2254 674 2310 desolatorios.
727 2255 936 2310 Deinde
990 2270 1219 2319 moneo,
1280 2264 1472 2309 utnon
1529 2272 1648 2325 quae
1676 2255 1879 2309 leviora

291 2350 437 2409 sunt,
468 2350 520 2397 et
550 2343 729 2397 minus
756 2343 918 2397 etiam
950 2342 1017 2397 ad
1077 2343 1324 2409 salutem,
1376 2342 1552 2397 facere
1581 2358 1874 2413 pr0ponas.

288 2429 446 2485 Absit
474 2430 890 2501 pusillanimitas
919 2447 946 2483 a
982 2430 1119 2485 forti.
1171 2432 1333 2485 Jacta
1376 2433 1683 2501 cogitatum
1720 2436 1879 2485 tuum

292 2519 354 2572 in
386 2520 642 2587 Domino,
677 2524 735 2573 et
772 2521 886 2589 ipse
920 2524 973 2574 te
1029 2520 1282 2573 enutriet
1313 2520 1487 2581 (Psal.
1541 2534 1649 2581 LIV,
1681 2523 1789 2587 23‘),
1828 2528 1879 2574 et

290 2606 500 2661 salvum
528 2606 691 2661 faciet
711 2624 745 2661 a
762 2608 1242 2678 pusillanimitate
1263 2607 1501 2677 spiritus
1518 2607 1604 2660 tui
1622 2606 1775 2675 (ibid.
1800 2610 1873 2677 9).

287 2694 371 2748 Ne
398 2694 590 2749 credas
621 2694 1120 2764 pusillanimitatem
1150 2694 1430 2748 minimum
1463 2709 1677 2759 nocere,
1712 2710 1744 2748 a
1772 2710 1879 2765 qua

283 2788 464 2836 tantus
494 2782 765 2852 Propheta
796 2798 854 2836 se
902 2782 1238 2851 gloriabatur
1268 2782 1471 2836 salvum
1496 2797 1528 2835 a
1550 2782 1782 2836 Domino
1802 2782 1878 2835 fa-

284 2877 450 2925 ctum.
467 2870 705 2940 Tempus
720 2869 881 2923 breve
895 2876 994 2934 est,
1024 2869 1169 2923 salus
1192 2870 1541 2939 sempiterna.
1558 2870 1755 2941 Jugum
1772 2870 1879 2924 Do-

284 2956 416 3011 mini
446 2973 614 3012 suave
645 2966 744 3012 est.
779 2958 1018 3027 Experto
1049 2957 1231 3013 crede.
1285 2958 1342 3011 [n
1371 2967 1553 3011 mente
1581 2958 1722 3012 habe
1751 2974 1877 3028 pas-

285 3045 466 3100 siones
496 3045 731 3101 Domini.
765 3044 907 3113 Quid
937 3045 1096 3100 etiam
1147 3046 1263 3115 ipse
1293 3046 1512 3109 feceris,
1548 3053 1599 3101 et
1630 3046 1759 3117 quid
1790 3046 1866 3100 fa-

1980 496 2239 566 Spiritum
2270 505 2538 550 sanctum.
2577 498 2822 566 Spiritus
2861 497 3015 550 enim
3046 498 3279 549 sanctus
3311 494 3571 564 discipli-

1978 602 2068 639 ηαδ
2088 586 2317 656 effugiet
2336 586 2537 653 ﬁctum
2567 585 2724 655 (Sap.
2766 599 2809 637 ι.
2851 584 2926 653 5).
2963 583 3041 637 Ibi
3073 582 3337 653 quidquid
3366 582 3566 652 benig-

1980 672 2191 726 nissimi
2219 681 2272 726 et
2299 672 2708 727 clementissimi
2739 671 2897 726 ﬂatus
2955 671 3074 740 ejus
3126 686 3257 724 aura
3311 669 3565 733 suaserit,

1979 760 2162 814 divino
2194 760 2421 815 consilio
2442 760 2753 825 roboratus,
2776 760 3173 823 incunctanter,
3204 766 3257 813 et
3288 758 3405 812 sine
3422 757 3570 811 omni

1979 847 2232 903 dilatione
2269 848 2573 919 aggredere
2607 861 2619 901 :
2654 855 2737 902 est
2767 848 2911 901 enim
2957 848 3062 902 hoc
3118 853 3392 917 quartum,
3427 846 3572 916 quod

1980 935 2105 989 volo
2134 944 2184 990 te
2206 936 2556 1001 commoneri,
2589 943 2648 989 ut
2693 934 2978 990 dilationes
3014 934 3211 1007 fugias.
3262 934 3413 988 Multi
3442 933 3573 987 dum

1978 1016 2272 1078 dilationes
2297 1030 2565 1094 quazrunt,
2597 1024 2653 1077 in
2683 1022 2935 1094 laqueum
2980 1022 3306 1078 inciderunt.
3342 1022 3571 1092 Semper

1980 1111 2122 1165 enim
2153 1112 2336 1167 nocuit
2366 1110 2585 1167 differre
2614 1111 2841 1181 paratis.
2889 1111 3143 1177 Dimitte,
3180 1110 3255 1165 ait
3283 1110 3567 1176 Dominus,

1978 1203 2230 1254 mortuos
2260 1200 2499 1270 sepelire
2528 1203 2781 1255 mortuos
2809 1215 2936 1254 suos
2955 1199 3174 1265 (Matth.
3198 1213 3319 1261 vni,
3351 1192 3443 1268 22)
3467 1217 3481 1262 ;
3515 1204 3571 1251 tu

1979 1294 2159 1341 autem
2181 1303 2411 1357 sequere
2434 1303 2539 1341 me.
2565 1288 2703 1342 Nam
2734 1286 2843 1353 ille,
2864 1288 2948 1340 cui
2967 1287 3070 1341 hoc
3099 1286 3251 1354 dixit,
3284 1285 3572 1340 dilationes

1979 1374 2276 1444 quaerebat.
2311 1375 2542 1429 Corvina
2576 1390 2678 1429 vox
2737 1382 2838 1439 est,
2875 1389 3015 1439 cras,
3058 1389 3202 1436 cras,
3238 1373 3424 1427 beatus
3455 1376 3571 1427 Au-

1979 1462 2232 1533 gustinus
2264 1462 2397 1515 dixit
2428 1464 2618 1532 (serm.
2650 1465 2738 1528 7t,
2773 1462 2845 1517 ad
2865 1466 3077 1532 fratres
3093 1463 3156 1515 in
3179 1462 3406 1529 eremo).
3433 1460 3571 1515 Cor-

1978 1565 2077 1603 vus
2110 1550 2341 1603 emissus
2371 1550 2439 1604 de
2457 1565 2607 1615 arca,
2634 1566 2742 1604 non
2764 1556 2847 1603 est
2868 1565 3142 1615 reversus,
3167 1548 3418 1603 columba
3439 1563 3572 1603 vero

1978 1652 2200 1692 reversa
2232 1645 2333 1706 est,
2368 1638 2491 1709 quia
2538 1653 2645 1692 non
2695 1644 2842 1699 amat
2870 1637 3135 1692 Dominus
3174 1636 3489 1692 dilationem
3518 1636 3574 1689 in

1978 1740 2110 1780 voce
2124 1726 2364 1790 corvina,
2391 1726 2487 1780 sed
2509 1725 2910 1781 confessionem
2925 1726 2978 1779 in
2996 1724 3201 1797 gemitu
3240 1724 3570 1780 columbino.

1982 1815 2107 1868 Haec
2140 1814 2303 1885 igitur
2333 1830 2455 1884 age,
2481 1814 2617 1877 iure,
2651 1830 2685 1867 ο
2714 1814 3083 1879 dilectissime,
3117 1813 3264 1867 omni
3296 1812 3573 1884 vigilantia

1981 1901 2359 1971 circumspice.
2394 1903 2520 1956 Haec
2542 1902 2684 1955 enim
2709 1902 3184 1972 incircumspecta,
3218 1901 3574 1971 quantosjam

1979 1989 2131 2042 initia
2161 1989 2317 2044 bona)
2343 1989 2631 2044 voluntatis
2663 1990 2947 2056 habentes,
2980 1989 3065 2045 vel
3096 2005 3130 2043 a
3159 1996 3345 2044 sancto
3373 2004 3574 2059 propo-

1981 2076 2082 2129 sito
2112 2078 2446 2143 deflexerint,
2486 2078 2569 2132 vel
2601 2078 2670 2131 ad
2700 2078 2879 2132 minus
2904 2077 3104 2135 idonea
3133 2076 3407 2132 declinare
3423 2076 3570 2133 fece-

1980 2164 2086 2217 rint
2116 2166 2325 2234 (nesrio
2357 2165 2519 2220 etiam
2558 2180 2628 2220 an
2688 2165 2739 2218 in
2790 2165 3189 2220 damnationem
3239 2164 3572 2235 impulerint)

1980 2253 2396 2317 reminiscimur,
2463 2252 2733 2317 audimus,
2780 2253 3025 2308 videmus
3069 2260 3122 2307 et
3179 2252 3445 2307 dolemus.
3506 2253 3576 2307 Ut

1979 2356 2112 2394 vero
2144 2357 2253 2395 rem
2285 2341 2353 2395 ad
2386 2339 2635 2396 effectum
2677 2341 3014 2410 perduxeris,
3051 2340 3173 2395 vide
3203 2356 3340 2411 quos
3369 2339 3575 2395 fructus

1980 2427 2153 2482 beatae
2185 2428 2308 2484 vitae
2357 2428 2537 2483 statim
2577 2443 2772 2499 capere
2802 2428 3050 2498 incipies.
3107 2427 3363 2495 Primum,
3396 2427 3575 2483 omnis

1979 2516 2177 2588 pagina
2211 2516 2351 2572 sacri
2378 2516 2600 2587 eloquii,
2641 2532 2802 2588 quam
2834 2517 2997 2571 modo
3027 2524 3250 2586 prOpter
3278 2532 3489 2571 morum
3521 2523 3576 2571 et

1978 2604 2101 2659 vitae
2153 2605 2669 2673 dissimilitudinem,
2701 2605 2849 2660 velut
2881 2605 3171 2677 quemdam
3202 2604 3572 2660 invincibilem

1979 2693 2351 2747 adversarium
2393 2693 2552 2748 reniti
2606 2692 2702 2747 tibi
2757 2693 2944 2756 sentis,
2997 2702 3050 2747 et
3078 2693 3328 2747 reluctari
3378 2693 3447 2746 ita
3477 2692 3574 2747 tibi

1978 2780 2283 2848 conveniet,
2310 2781 2380 2835 ita
2406 2782 2530 2836 vitae
2557 2789 2663 2836 tua:
2687 2781 3029 2846 consonabit,
3053 2788 3108 2834 ut
3140 2780 3404 2835 cantando
3423 2780 3574 2850 psal-

1978 2884 2118 2935 mos,
2144 2884 2251 2922 non
2277 2869 2371 2922 tibi
2399 2869 2758 2939 prophetiam,
2782 2885 2894 2924 non
2923 2868 3094 2925 verba
3126 2868 3193 2923 ab
3225 2868 3330 2924 alio
3373 2868 3574 2923 dictata
3618 2930 3629 2941 ι

1977 2972 2222 3027 pangere
2251 2956 2511 3023 videaris,
2532 2957 2630 3012 sed
2651 2957 2805 3027 quasi
2823 2957 3039 3028 propria
3063 2956 3431 3011 devotissimae
3448 2971 3574 3011 ora-

1977 3043 2139 3098 tionis
2171 3045 2339 3099 verba
2369 3060 2552 3100 coram
2575 3045 2688 3100 Deo
2722 3044 2967 3100 fundere.
3004 3046 3073 3100 Ut
3090 3060 3223 3101 vero
3246 3044 3449 3100 morale
3469 3044 3574 3099 erit

287 3145 416 3190 cere
445 3134 700 3189 debueris
728 3108 1133 3189 animadverte:
1166 3108 1519 3204 quantitatem
1551 3108 1693 3188 enim
1724 3149 1877 3189 man-
1908 3108 1955 3169 Ο
1983 3132 2128 3203 quod
2156 3131 2384 3196 dicetur,
2417 3132 2563 3188 velut
2592 3134 2884 3204 quamdam
2910 3133 3081 3199 vocis,
3114 3140 3167 3187 et
3198 3134 3320 3189 vitae
3347 3133 3572 3187 harmo-

285 3220 394 3276 dati
420 3222 636 3293 quidam
668 3222 1030 3285 advertentes,
1068 3222 1442 3292 scelerumque
1501 3238 1722 3276 suorum
1768 3238 1879 3277 ma-

285 3309 585 3382 gnitudinis
610 3309 776 3373 obliti,
792 3325 899 3364 non
920 3310 1043 3381 quid
1068 3309 1309 3374 fecerint,
1337 3311 1433 3364 sed
1455 3310 1881 3380 quidjubeantur

285 3397 592 3452 attendunt.
620 3398 867 3468 Dumque
897 3398 966 3452 ad
997 3398 1170 3452 levem
1204 3398 1467 3453 sarcinam
1483 3406 1536 3451 et
1559 3399 1749 3469 jugum
1777 3400 1881 3453 Do-

286 3485 419 3540 mini
447 3500 614 3541 suave
636 3485 926 3555 trepidant,
960 3485 1012 3539 in
1067 3485 1177 3540 suis
1207 3486 1460 3540 sordibus
1508 3494 1875 3553 remanentes,

283 3573 647 3628 damnationis
677 3573 778 3628 sibi
806 3574 1080 3628 cumulum
1112 3588 1315 3645 augere
1360 3590 1469 3629 non
1521 3582 1785 3629 metuunt.
1820 3577 1879 3628 In

283 3662 479 3733 quibus
498 3660 630 3716 illud
657 3661 947 3716 verisimile
970 3661 1237 3732 impletur,
1262 3663 1405 3732 quod
1425 3679 1525 3733 per
1554 3663 1879 3732 Prophetam

283 3749 488 3805 dictum
508 3758 588 3805 est
622 3766 633 3805 :
660 3750 782 3805 Illic
808 3751 1235 3820 trepidaverunt
1259 3753 1476 3817 timore,
1504 3752 1597 3806 ubi
1614 3769 1727 3808 non
1752 3756 1878 3806 erat

293 3840 466 3893 timor
483 3839 655 3905 (Psal.
691 3853 814 3903 xm,
848 3839 923 3906 5).
961 3839 1028 3891 Et
1059 3838 1191 3891 illud
1226 3853 1237 3890 :
1276 3840 1339 3894 Ut
1396 3841 1491 3910 qui
1529 3840 1593 3893 in
1628 3839 1879 3894 sordibus

285 3929 387 3991 est,
418 3925 643 3980 sordeat
662 3925 844 3980 adhuc
862 3925 1048 3996 (Apoc.
1075 3940 1211 3993 xxu,
1245 3929 1354 3992 11).
1374 3926 1510 3979 Vide
1532 3926 1695 3979 etiam
1718 3941 1879 3998 quan-

232 4010 241 4016 ’
284 4020 394 4067 tam
423 4011 861 4083 tranquillitatem
885 4012 1040 4066 bona;
1060 4012 1407 4067 conscientia“:
1422 4012 1626 4077 afferat,
1653 4015 1877 4069 certiori

286 4107 339 4155 et
360 4099 605 4155 viciniori
628 4099 695 4154 ad
717 4098 943 4154 salutem
964 4099 1357 4163 via‘incedere,
1382 4108 1434 4155 et
1455 4101 1610 4172 quasi
1639 4102 1878 4171 quodam

285 4195 446 4260 portu
476 4187 665 4243 salutis
695 4187 1065 4259 quiescentem
1122 4186 1473 4243 novissimam
1517 4191 1705 4244 horam
1735 4189 1876 4244 fidu-

287 4276 494 4332 cialiter
523 4275 1035 4346 exspectare.Vide,
1070 4276 1309 4346 inquam,
1344 4285 1595 4348 quantam
1625 4278 1878 4333 fiduciam

290 4363 485 4419 habeat
540 4364 683 4435 apud
740 4365 910 4418 Deum
968 4365 1298 4420 conscientia
1352 4366 1526 4431 bona;
1561 4366 1639 4421 sic
1672 4366 1879 4421 scilicet

1980 3220 2145 3287 niam,
2170 3220 2267 3273 tibi
2294 3220 2685 3288 dulcissimam,
2718 3222 2835 3276 Deo
2862 3229 3041 3276 autem
3070 3222 3439 3291 gratissimam
3472 3236 3568 3275 re-

1982 3308 2218 3363 sonabis.
2256 3307 2465 3375 Quibus
2527 3309 2722 3379 epulis,
2753 3309 2948 3380 quibus
3004 3310 3332 3365 musicorum
3361 3310 3573 3363 instru—

1979 3396 2195 3462 mentis,
2231 3396 2426 3471 quibus
2457 3396 2689 3466 gaudiis,
2725 3398 2810 3451 vel
2840 3396 2928 3452 cui
2958 3397 3083 3452 vita:
3112 3398 3359 3453 humanm
3410 3397 3567 3452 dele-

1981 3484 2201 3539 ctationi
2232 3492 2315 3538 est
2342 3485 2447 3539 ista
2488 3485 2802 3554 jucunditas
2849 3485 3225 3541 conferenda?
3251 3486 3489 3541 Adverte
3521 3493 3574 3539 et

1982 3571 2149 3639 aliud,
2183 3588 2289 3627 non
2321 3573 2517 3627 minori
2567 3574 2920 3642 jucunditate,
2973 3582 3025 3628 et
3064 3574 3423 3629 delectatione
3452 3573 3574 3644 ple-

1984 3677 2132 3726 num,
2167 3660 2274 3716 imo
2305 3661 2557 3717 omnibus
2587 3661 2809 3728 divitiis,
2844 3662 3097 3717 omnibus
3157 3662 3400 3727 omnino,
3450 3677 3571 3733 quae

1974 3748 2215 3817 jucunda
2245 3750 2330 3803 vel
2373 3750 2712 3805 delectabilia
2742 3750 2795 3803 in
2827 3750 2937 3805 vita
2994 3750 3233 3804 humana
3279 3751 3567 3815 ducuntur,

1977 3836 2401 3906 praeferendum.
2441 3837 2744 3892 Beatissimi
2776 3839 2962 3892 Patres
2994 3838 3335 3904 Ambrosius,
3373 3840 3566 3910 Augu-

1980 3924 2172 3991 stinus,
2206 3924 2587 3995 Hieronymus,
2640 3925 2960 3997 Gregorius,
3004 3933 3167 3996 atque
3198 3926 3309 3994 alii,
3343 3941 3571 3997 quorum

1981 4013 2209 4083 quisque
2239 4012 2294 4065 in
2323 4013 2675 4069 tabernaculo
2706 4013 2804 4068 Dei
2834 4012 3011 4079 offert,
3046 4014 3189 4085 quod
3221 4020 3419 4083 potest,
3450 4028 3568 4068 cer-

1980 4100 2125 4154 tatim
2175 4100 2270 4153 tibi
2320 4100 2460 4172 legis
2502 4101 2792 4173 aenigmata
2845 4101 3139 4167 resolvent,
3174 4102 3566 4172 prophetarum

1978 4188 2190 4242 oracula
2223 4197 2514 4258 exponant,
2549 4197 2601 4243 et
2630 4190 2913 4260 quamdam
2937 4188 3194 4245 ineffabili
3226 4189 3428 4261 gaudio
3446 4188 3571 4259 ple-

1978 4290 2105 4330 nam
2134 4276 2272 4333 Novi
2307 4285 2358 4332 et
2389 4277 2603 4332 Veteris
2650 4278 2979 4332 Testamenti
3009 4278 3441 4333 convenientiam
3473 4276 3569 4331 tibi

1978 4372 2283 4420 monstrare
2308 4366 2657 4421 contendent.
2694 4366 2787 4420 Ille
2825 4366 2921 4420 tibi
2942 4366 3324 4421 retributiones
3370 4365 3571 4435 impio-

288 4452 490 4519 vivere,
523 4460 580 4506 ut
602 4451 897 4507 secundum
920 4452 1276 4522 apostolicam
1306 4455 1627 4508 sententiam
1662 4470 1673 4507 :
1708 4454 1761 4507 in
1795 4454 1877 4509 his
1905 4464 1957 4522 D
1979 4468 2095 4506 rum
2125 4452 2443 4522 declarabit,
2477 4453 2569 4509 ille
2599 4453 2799 4526 gaudia
2826 4461 3044 4510 aeterne
3074 4453 3196 4509 vitae
3216 4453 3572 4521 monstrabit;

289 4556 407 4610 qua:
463 4541 698 4612 agimus,
742 4556 837 4595 cor
874 4544 1136 4595 nostrum
1184 4558 1299 4597 non
1364 4543 1741 4613 reprehendat
1778 4558 1879 4597 nos

292 4628 339 4694 (Ι
364 4629 531 4683 Joan.
572 4643 649 4693 ut,
683 4628 1023 4697 21).‘Tutum
1050 4628 1215 4700 igitur
1270 4638 1395 4699 pete
1426 4638 1657 4700 portum.
1692 4630 1879 4685 Merito

291 4714 573 4785 imperitiae
602 4716 848 4787 arguitur
875 4724 1057 4785 nauta,
1092 4717 1201 4787 qui,
1260 4734 1379 4772 cum
1436 4726 1621 4786 posset
1670 4718 1878 4773 tutioris

286 4810 478 4873 portus
508 4804 658 4858 sinus
688 4804 908 4869 intrare,
968 4813 1334 4874 tempestuoso
1366 4804 1530 4858 littori
1562 4820 1621 4860 se
1652 4806 1877 4861 credere

290 4904 399 4945 non
444 4890 714 4946 formidat.
775 4891 915 4959 Quid
970 4892 1192 4962 prodest
1248 4892 1570 4964 enavigasse
1625 4892 1873 4964 pelagus,

286 4978 531 5034 evasisse
560 4979 843 5048 procellas,
880 4980 925 5033 si
953 4980 1021 5034 ad
1042 4980 1190 5033 littus
1218 4991 1429 5034 metuas
1478 4981 1621 5036 idem
1652 4981 1875 5037 naufra-

294 5065 464 5137 gium,
498 5074 550 5120 et
579 5066 883 5137 importuna
904 5067 1127 5137 crepido
1157 5067 1400 5139 naufragi
1433 5068 1624 5124 littoris
1650 5069 1876 5140 puppim

291 5153 513 5208 illidat?
544 5154 671 5209 Ηᾶξο
700 5154 864 5225 igitur
892 5155 1265 5225 circumspice,
1301 5163 1354 5209 et
1390 5164 1447 5209 ut
1478 5154 1653 5211 fidelis
1684 5157 1877 5212 anima:

296 5248 401 5297 tuae
430 5240 773 5296 consiliarius
802 5241 1091 5314 diligenter
1118 5244 1339 5298 adverte
1375 5258 1386 5295 :
1421 5252 1472 5298 et
1516 5244 1875 5315 pusillanimis

291 5329 337 5381 si
368 5328 508 5384 forte
531 5328 662 5384 illud
706 5344 766 5384 es
798 5330 919 5399 (sed
966 5330 1107 5383 absit
1126 5330 1229 5385 hoc
1259 5345 1292 5384 a
1322 5338 1373 5385 te
1398 5329 1437 5397 l)
1469 5347 1592 5385 esse
1620 5331 1871 5388 desistas.

288 5416 529 5471 Tertium
550 5432 764 5489 quoque
792 5431 1006 5484 moneo,
1052 5426 1108 5471 ut
1161 5418 1394 5473 orationi
1444 5419 1776 5475 creberrime
1824 5427 1875 5475 et

291 5504 643 5559 vehementer
670 5505 907 5559 insistas.
942 5504 1019 5559 lbi
1049 5505 1095 5560 si
1127 5505 1459 5571 ﬁducialiter,
1510 5522 1619 5563 non
1647 5507 1872 5573 timide;

1978 4539 2068 4595 ille
2096 4548 2148 4595 te
2178 4541 2232 4594 in
2264 4541 2777 4612 contemplationem
2808 4543 3001 4613 rapiet,
3034 4541 3124 4597 ille
3166 4541 3262 4596 tibi
3301 4541 3572 4613 lacrymas

1977 4628 2082 4699 piae
2113 4629 2547 4699 compunctionis
2579 4630 2833 4697 excutiet,
2866 4629 2957 4684 ille
2988 4638 3038 4684 te
3070 4630 3139 4685 ad
3194 4629 3568 4698 humilitatem,

1978 4714 2068 4771 ille
2097 4716 2166 4771 ad
2209 4718 2542 4787 patientiam,
2575 4717 2666 4772 ille
2697 4718 2767 4772 ad
2797 4718 3119 4783 castitatem,
3151 4717 3240 4772 hic
3273 4718 3342 4772 ad
3372 4717 3569 4772 mode-

1978 4804 2156 4870 stiam,
2186 4805 2276 4860 ille
2305 4806 2375 4860 ad
2406 4806 2813 4878 benignitatem,
2846 4807 2935 4862 hic
2962 4807 3030 4861 ad
3071 4805 3563 4870 mansuetudinem,

1976 4890 2069 4947 ille
2098 4892 2168 4947 ad
2198 4891 2381 4960 ﬁdem,
2413 4893 2516 4949 iste
2543 4895 2611 4948 ad
2641 4910 2814 4965 spem,
2853 4910 3044 4950 omnes
3075 4909 3203 4950 vero
3226 4901 3277 4948 te
3300 4892 3565 4949 informa-

1977 4979 2109 5035 bunt
2154 4981 2223 5036 ad
2259 4982 2573 5038 charitatem
2597 4998 2609 5035 :
2635 4998 2736 5038 nec
2779 4989 2905 5038 ante
2926 4983 3241 5049 cessabunt,
3284 4981 3461 5037 donec
3492 4981 3569 5035 ita

1976 5076 2383 5124 consummatus
2416 5070 2727 5136 inveniaris,
2763 5070 2960 5142 Spiritu
2991 5077 3177 5127 sancto
3213 5070 3414 5141 ubique
3429 5084 3568 5140 ope-

1976 5165 2147 5227 rante,
2167 5157 2368 5229 ubique
2389 5157 2758 5229 dispensante,
2780 5167 2837 5214 ut
2853 5174 3104 5215 occurras
3124 5160 3181 5213 in
3200 5157 3375 5213 virum
3395 5157 3572 5229 perfe-

1976 5252 2141 5312 ctum,
2165 5246 2219 5300 in
2253 5261 2571 5301 mensuram
2606 5246 2777 5303 aetatis
2797 5246 3145 5318 plenitudinis
3185 5246 3405 5301 Christi.
3439 5246 3567 5301 Haec

1976 5333 2179 5405 gaudia
2198 5341 2252 5389 et
2270 5334 2579 5403 hujusmodi
2596 5334 3131 5405 dispensatChristus
3144 5334 3407 5390 militibus
3428 5334 3561 5400 suis,

1975 5420 2188 5477 interim
2217 5422 2345 5477 dum
2367 5421 2546 5478 differt
2566 5430 2788 5478 teterna.
2812 5423 2967 5479 Hanc
2985 5438 3230 5478 mensam
3250 5421 3330 5477 eis
3346 5420 3564 5477 interim

1975 5509 2226 5580 apposuit
2244 5509 2420 5566 donec
2430 5510 2716 5581 epulantur
2732 5519 2783 5566 et
2798 5510 3074 5566 exsultent
3089 5510 3143 5566 in
3156 5517 3451 5581 conspectu
3466 5509 3569 5564 Dei
