3972 6052
450 73 551 124 913

1725 64 2078 123 EPISTOLzE
2116 63 2451 136 QUINQUE.

3634 71 3736 125 914

459 192 1144 250 etdelectenturinlaetitia.
1169 194 1241 249 Iis
1255 194 1475 248 interim
1500 192 1717 265 gaudiis
1729 208 1824 247 eos
1841 191 2061 257 solatur,
2093 193 2149 251 Α
2173 203 2283 249 tem
2302 201 2581 257 aeternam,
2619 206 2737 263 que
2767 198 2850 245 est
2878 192 2934 245 in
2963 192 3193 248 Christo.
3229 196 3287 247 In
3334 194 3401 249 iis
3442 202 3624 249 autem
3648 210 3747 266 pe-

460 281 571 335 imo
604 282 721 337 haec
750 282 951 353 gaudia
972 282 1436 353 superabundanti
1462 282 1650 337 fenore
1699 288 2047 351 compensata

459 369 797 439 multiplicat,
829 387 930 441 pro
960 371 1177 443 gaudiis
1208 371 1329 427 vitae
1356 370 1661 441 praesentis,
1682 386 1801 440 quae
1818 368 2049 438 relique-

459 466 604 523 runt,
628 457 802 513 donec
833 458 1147 529 centuplum
1177 458 1445 529 accipiant
1473 465 1526 512 et
1564 458 1730 513 vitam
1789 464 2049 511 aeternam

463 544 802 616 possideant.
864 548 1045 602 Pauca
1093 546 1308 618 quidem
1363 554 1506 613 sunt,
1559 561 1679 617 quae
1719 545 1815 599 tibi
1866 545 2049 600 dicere

456 648 700 703 possum,
726 641 912 704 utpote
944 634 1099 689 miles
1130 636 1304 690 adhuc
1333 635 1401 688 ad
1421 649 1563 689 nova
1580 634 1726 688 bella
1746 633 1930 698 rudis;
1953 633 2049 686 sed

456 730 513 775 tu
542 737 711 792 pensa
741 737 944 793 magna
973 722 1041 777 de
1070 722 1327 790 minimis,
1362 722 1597 793 plurima
1617 723 1683 777 de
1714 721 1927 792 paucis.
1966 721 2048 776 Ab

458 809 525 863 iis
556 809 766 880 gaudiis
798 817 847 865 et
878 811 1065 865 tandiu
1094 810 1333 867 abfuisse
1362 827 1570 884 gemes,
1625 819 1677 865 et
1706 810 1854 865 dices
1889 826 1900 863 :
1934 812 2049 864 Heu

458 899 625 952 mihi!
656 900 795 970 quia
816 899 1103 956 incolatu:
1133 915 1288 955 mea:
1340 900 1711 971 prolongata:
1741 902 1824 954 est
1870 898 2045 963 (Psat.

457 999 612 1053 cxrx,
646 986 722 1055 5),
757 994 859 1042 etc.
892 987 977 1041 Ad
998 986 1215 1043 labores
1235 994 1288 1041 te
1317 988 1503 1042 vocari
1516 987 1801 1051 credebas,
1821 986 1890 1040 ad
1913 1001 2048 1058 gau~

458 1072 550 1127 dia
574 1080 628 1128 te
650 1073 834 1135 invito.
865 1074 1000 1131 Veni
1031 1090 1184 1147 ergo,
1217 1091 1286 1130 ne
1329 1074 1568 1140 differas,
1603 1082 1655 1130 et
1700 1090 1913 1130 mecum
1943 1075 2047 1129 ho-

456 1176 575 1215 rum
597 1161 922 1232 gaudiorum
970 1162 1192 1230 fructus,
1227 1169 1279 1218 et
1308 1162 1509 1233 pariter
1564 1162 1681 1233 spei
1721 1169 2048 1218 aeternorum

455 1263 619 1319 carpe
645 1249 925 1306 libamina.
958 1250 1087 1306 Haec
1118 1250 1321 1322 gaudia
1351 1267 1454 1306 nec
1494 1252 1767 1306 somniare
1822 1257 2049 1321 possunt

455 1337 547 1408 qui
576 1337 932 1393 saecularibus
961 1339 1144 1394 causis
1175 1347 1229 1395 et
1258 1339 1512 1411 negotiis,
1546 1348 1599 1394 et
1618 1338 1782 1394 variis
1802 1339 1925 1395 vita:
1951 1354 2047 1395 vo-

455 1425 747 1496 luptatibus
778 1434 828 1481 et
859 1426 1003 1482 curis
1048 1426 1373 1483 inserviunt.
1412 1426 1629 1482 Amisso
1660 1427 1801 1482 enim
1861 1443 2044 1495 sensu,

2153 283 2350 348 tendis,
2381 281 2545 335 modo
2574 280 2857 351 prolixius,
2889 280 3052 335 modo
3081 282 3521 351 compendiosius
3533 290 3617 339 est
3645 284 3746 338 im-

2150 370 2496 434 morandum,
2530 375 2690 438 prout
2710 384 2768 422 se
2799 368 2961 422 habet
2991 368 3076 423 vel
3107 371 3362 439 temporis
3420 372 3741 441 opportuni-

2151 468 2253 525 tas,
2278 458 2364 513 vel
2380 456 2682 512 devotionis
2711 454 2958 511 affectus.
2999 457 3127 510 Plus
3158 472 3284 512 vero
3328 475 3437 529 quo
3467 457 3663 515 affectu
3693 467 3746 515 et

2150 546 2442 609 desiderio,
2486 560 2647 615 quam
2677 544 2871 614 quibus
2904 544 3084 599 verbis
3113 545 3216 599 ista
3245 546 3481 615 petenda
3518 546 3626 601 sint
3654 562 3744 603 cu-

2150 652 2273 689 rare
2303 633 2585 688 debemus.
2629 634 2774 688 Deus
2797 632 2942 687 enim
2968 647 3075 686 non
3106 647 3332 688 necesse
3362 634 3525 689 habet
3556 642 3615 689 ut
3642 649 3743 690 nos

2150 724 2199 777 ei
2233 721 2633 787 necessitatem,
2666 719 2754 775 vel
2787 720 3114 775 voluntatem
3129 729 3373 776 nostram
3391 722 3571 777 verbis
3587 723 3745 793 quasi

2148 808 2580 873 manifestemus,
2615 807 2707 879 qui
2747 807 2906 878 (sicut
2961 806 3181 880 legitur)
3209 808 3312 865 scit
3368 808 3565 880 quibus
3602 825 3743 881 opus

2150 899 2220 953 sit
2248 898 2425 965 nobis,
2460 904 2754 968 antequam
2783 904 3033 967 petamus
3053 912 3176 952 eum
3202 916 3216 963 ;
3249 896 3347 953 sed
3368 913 3468 953 nos
3494 896 3741 954 ineffabi-

2149 986 2271 1041 liter
2298 984 2629 1058 indigemus,
2673 992 2728 1039 ut
2765 984 2883 1053 ejus
2914 982 3178 1040 beneﬁcia
3233 984 3441 1041 ardenti
3467 985 3741 1042 desiderio

2150 1074 2479 1145 flagitamus.
2511 1074 2625 1128 Hoc
2655 1078 2839 1127 autem
2895 1080 3043 1127 tanto
3082 1071 3353 1129 eﬂicacius
3399 1088 3691 1144 possumus
3727 1095 3740 1139 ;

2151 1168 2350 1233 quanto
2382 1160 2557 1233 gratia
2586 1159 2819 1231 Spiritus
2844 1159 3020 1215 sancti
3047 1160 3303 1228 adjuvare
3359 1161 3617 1233 dignatur
3644 1178 3743 1218 no-

2151 1256 2319 1304 stram
2350 1246 2736 1302 inﬁrmitatem.
2770 1246 2997 1303 Dicente
3023 1262 3257 1319 namque
3278 1249 3539 1320 Apostolo
3564 1266 3577 1303 :
3600 1250 3741 1317 Quid

2150 1352 2374 1392 oremus
2389 1337 2537 1391 sicut
2557 1339 2776 1407 oportet
2793 1337 3096 1400 nescimus,
3111 1336 3205 1391 sed
3218 1338 3336 1407 ipse
3351 1337 3602 1407 Spiritus
3615 1354 3742 1393 san-

2150 1430 2276 1480 ctus
2303 1424 2561 1495 postulat
2585 1438 2689 1496 pro
2718 1423 2876 1478 nobis
2929 1424 3228 1493 gemitibus
3257 1425 3737 1483 inenarrabilibus

454 1513 656 1584 stupidi
688 1514 874 1581 corde,
909 1522 964 1570 et
992 1515 1145 1585 quasi
1173 1515 1540 1570 febricitantes
1558 1523 1707 1570 sunt.
1738 1516 1886 1571 Licet
1915 1531 2046 1571 sua-
2068 1542 2120 1608 Β
2150 1515 2331 1583 (Rom.
2371 1527 2490 1578 vm,
2523 1513 2633 1581 26).
2668 1509 3096 1608 PostulatLdixit,
3124 1510 3179 1565 id
3200 1519 3281 1566 est
3301 1511 3579 1582 postulare
3594 1513 3739 1578 facit,

456 1600 563 1667 via,
596 1601 724 1656 licet
763 1601 946 1657 dulcia
982 1601 1207 1668 fercula,
1241 1612 1295 1656 et
1323 1602 1519 1673 pocula
1578 1602 1778 1658 offeras
1830 1602 2047 1659 febrici-

452 1688 606 1753 tanti,
636 1704 744 1744 non
775 1689 989 1760 sapiunt
1016 1689 1087 1755 ei,
1122 1690 1251 1761 quia
1282 1707 1502 1745 sensum
1533 1706 1641 1746 non
1664 1691 1845 1745 habet.
1865 1691 2047 1745 Multi-

452 1775 694 1831 tudinem
727 1777 929 1848 quippe
961 1777 1266 1833 dulcedinis
1306 1794 1417 1833 suae
1446 1778 1731 1834 abscondit
1785 1778 2048 1833 Dominus

453 1865 766 1920 timentibus
798 1882 877 1919 se.
910 1865 1022 1920 Illis
1054 1864 1262 1921 scilicet
1291 1866 1575 1922 abscondit
1602 1867 1671 1920 ab
1701 1865 1847 1932 aliis;
1890 1876 1945 1921 ut
1975 1866 2051 1921 illi

451 1952 701 2018 sentiant,
735 1952 825 2007 alii
854 1967 984 2009 non.
1032 1953 1187 2025 Rogo
1227 1961 1409 2008 autem
1440 1963 1495 2008 ut
1525 1970 1632 2009 non
1686 1954 2048 2025 prolixitatem

450 2041 747 2095 verborum
776 2056 976 2110 penses
1004 2042 1408 2098 multitudinem
1430 2041 1728 2098 charitatis.
1760 2043 2048 2114 Nunquam

455 2128 598 2183 enim
630 2127 761 2181 mihi
792 2128 925 2182 satis
957 2128 1179 2197 dixisse,
1207 2144 1486 2200 nunquam
1516 2129 1645 2184 satis
1675 2129 1871 2185 fecisse
1897 2131 2047 2185 vide-

454 2216 577 2281 bor,
610 2216 789 2272 donec
809 2216 1142 2273 voluntatem
1162 2217 1381 2285 Christi,
1414 2224 1465 2273 et
1497 2217 1830 2273 desiderium
1866 2234 2048 2273 meum

454 2303 789 2374 impleveris.
826 2304 979 2359 Vale.
1012 2304 1223 2360 Educet
1255 2312 1306 2359 te
1335 2306 1600 2361 Dominus
1631 2305 1698 2361 de
1728 2305 1848 2361 lacu
1879 2305 2046 2361 mise-

452 2390 547 2446 rias
575 2398 627 2447 et
656 2392 725 2447 de
740 2392 853 2446 luto
883 2391 1051 2459 faecis,
1087 2400 1140 2447 et
1169 2400 1372 2448 statuat
1420 2410 1581 2464 supra
1611 2401 1819 2464 petram
1879 2394 2048 2465 pedes

451 2486 593 2546 tuos,
618 2487 672 2534 et
701 2479 936 2553 dirigere
966 2480 1221 2551 dignetur
1248 2497 1476 2553 gressus
1505 2490 1643 2537 tuos.
1673 2482 1880 2553 Eripiat
1926 2482 2071 2536 ani-'

451 2581 598 2621 mam
627 2575 774 2622 tuam
803 2569 872 2623 de
901 2575 1098 2637 morte,
1132 2569 1324 2625 oculos
1351 2577 1473 2625 tuos
1504 2586 1534 2624 a
1564 2569 1841 2640 lacrymis,
1878 2571 2046 2642 pedes

451 2661 572 2710 tuos
598 2671 631 2710 a
660 2656 834 2727 lapsu.
884 2660 1079 2713 Amen.

960 2806 1376 2864 EPISTOLA
1449 2809 1535 2863 ΙΙ.

1038 2927 1111 2966 AD
1132 2927 1443 2969 ιΑτοιῡωι.

989 3019 1067 3074 De
1093 3020 1254 3075 modo
1283 3018 1502 3075 orandi.

520 3122 781 3179 Lucano
810 3122 966 3180 fratri
984 3124 1327 3189 charissimo,
1352 3124 1519 3179 frater
1573 3127 1845 3191 Joxms,
1900 3126 2043 3182 salu-

453 3217 562 3266 tem
573 3251 588 3266 .

518 3300 704 3370 Nuper
732 3314 855 3356 cum
885 3300 955 3356 de
979 3300 1144 3356 modo
1187 3300 1381 3356 orandi
1436 3301 1699 3372 quaerenti
1730 3302 1842 3370 tibi,
1898 3303 2043 3373 quod

447 3387 680 3444 Domino
700 3388 866 3443 dante
895 3388 1030 3442 mihi
1060 3388 1235 3445 visum
1286 3396 1369 3443 est
1401 3390 1831 3459 respondissem,
1888 3406 2041 3445 sum~

446 3490 671 3546 mopere
700 3475 1005 3546 postulasti,
1038 3484 1095 3530 ut
1124 3476 1329 3546 scripto
1348 3476 1443 3530 tibi
1465 3476 1759 3546 dirigerem
1807 3486 1917 3532 tres
1942 3494 2040 3549 pe-

446 3562 684 3630 titiones,
716 3564 772 3618 in
812 3564 1008 3635 quibus
1054 3579 1324 3619 summam
1362 3564 1688 3630 orationum,
1751 3581 1889 3637 quas
1942 3582 2043 3635 pro

448 3652 608 3706 nobis
627 3651 831 3721 singuli
858 3651 1106 3718 facimus,
1139 3652 1387 3707 dixeram
1413 3660 1663 3708 constare
1721 3653 1941 3709 debere.
1975 3654 2045 3708 Et

447 3740 574 3810 quia
601 3741 669 3795 ad
699 3740 1043 3796 excitandum
1074 3740 1377 3799 devotionis
1419 3740 1691 3806 affectum,
1737 3742 1841 3798 hoc
1870 3742 2042 3813 pluri-

448 3843 598 3882 mum
627 3828 811 3884 valere
867 3828 1135 3895 dixeram,
1182 3829 1227 3884 si
1283 3845 1393 3885 non
1452 3846 1667 3901 semper
1724 3830 2040 3886 eorumdem

448 3931 606 3970 usum
638 3916 931 3972 verborum
951 3933 1245 3989 sequamur
1275 3936 1289 3983 ;
1322 3918 1419 3973 sed
1438 3926 1595 3989 prout
1622 3916 1849 3974 affectus
1880 3918 2043 3974 dicta-

447 4003 604 4070 verit,
631 4003 799 4059 verba
827 4004 1122 4071 variantes,
1152 4004 1240 4061 vel
1268 4021 1334 4061 ex
1363 4005 1498 4077 ipsis
1546 4006 1900 4073 orationibus,
1934 4007 2044 4078 qui-

445 4091 546 4146 bus
576 4091 776 4147 utimur
799 4092 855 4146 in
880 4092 1150 4159 Ecclesia,
1183 4092 1270 4148 vel
1300 4109 1365 4148 ex
1394 4094 1577 4149 verbis
1597 4109 1878 4150 sacrarum
1908 4095 2044 4150 Scri-

445 4187 752 4250 pturarum,
783 4180 1074 4252 petitiones
1104 4188 1319 4235 nostras
1358 4181 1732 4249 informemus,
1765 4183 1869 4237 hoc
1898 4198 2038 4253 quo-

446 4283 553 4339 que
581 4268 933 4324 devotissime
981 4268 1206 4339 petiisti,
1238 4275 1297 4323 ut
1325 4269 1509 4341 aliqua
1536 4269 1634 4323 tibi
1661 4270 1717 4324 in
1744 4271 1886 4326 hunc
1914 4286 2032 4325 mo-

446 4356 577 4411 dum
606 4357 1052 4423 conscriberem;
1086 4356 1284 4428 quibus
1301 4357 1663 4412 commonitus
1692 4357 1830 4413 hanc
1851 4358 2043 4413 orandi

446 4443 677 4500 formam
707 4444 863 4516 sequi
883 4444 1117 4500 valeres.
1143 4445 1454 4515 Postposita
1482 4445 1649 4517 igitur
1669 4446 2036 4515 excusatione,

443 4546 513 4587 ne
542 4532 725 4603 potius
753 4533 1005 4588 charitati
1034 4531 1294 4598 defuisse,
1331 4547 1496 4603 quam
1547 4534 1694 4601 juste
1750 4549 2043 4589 excusasse

446 4619 685 4686 viderer,
716 4635 818 4690 pro
847 4620 1053 4676 viribus
1090 4636 1225 4691 quas
1255 4620 1519 4675 Dominus
1548 4620 1679 4676 dare
1708 4621 2039 4693 dignabitur,

445 4707 722 4764 desiderio
742 4716 833 4763 tuo
863 4708 1178 4765 satisfacere
1220 4708 1448 4763 curabo.
1487 4709 1629 4764 Malo
1674 4708 1817 4765 enim
1850 4718 1907 4765 ut
1957 4728 2045 4767 me

442 4795 715 4867 imperitia
743 4812 866 4852 mea
894 4803 1134 4864 accuset,
1167 4810 1330 4867 quam
1360 4811 1483 4867 quae
1504 4796 1573 4852 de
1624 4797 1792 4853 corde
1821 4805 1914 4853 tuo
1943 4801 2045 4854 hoc

429 4884 592 4953 jubet
619 4883 881 4953 cbaritas,
917 4891 1159 4939 accuset.

694 4991 793 5046 llic
848 4990 1114 5062 proponit
1139 4990 1255 5045 tria
1282 5006 1400 5047 esse
1435 4991 1802 5061 postulanda.

520 5112 687 5183 Igitur
718 5120 981 5185 quantum
1012 5113 1263 5183 parvitati
1291 5130 1430 5169 mete
1462 5115 1613 5169 dedit
1665 5115 1932 5170 Dominus
1963 5116 2045 5169 in-

448 5199 713 5271 telligere,
751 5201 855 5255 tria
886 5202 1148 5257 debemus
1180 5202 1379 5273 singuli
1410 5219 1507 5272 pro
1535 5203 1693 5258 nobis
1714 5204 1769 5257 in
1798 5204 2046 5260 oratione

448 5295 657 5359 petere.
693 5290 933 5344 Primum
964 5290 1182 5345 veniam
1213 5291 1553 5346 delictorum.
1580 5291 1791 5347 Deinde
1809 5292 2047 5366 agnitio-

450 5391 574 5433 nem
607 5384 659 5431 et
687 5378 1060 5449 Operationem
1090 5379 1288 5434 divine
1317 5377 1627 5434 voluntatis.
1663 5379 1842 5437 Tertio
1901 5380 2047 5437 salu-

2152 1600 2239 1656 vel
2269 1598 2577 1670 postulandi
2604 1605 2829 1669 praestat
2858 1596 3129 1654 affectum.
3163 1599 3319 1654 Nunc
3339 1599 3409 1653 ad
3439 1607 3546 1655 tres
3580 1616 3745 1672 supra

2150 1688 2355 1757 positas
2384 1686 2673 1758 petitiones
2693 1693 3053 1741 revertamur.
3079 1685 3319 1741 Primum
3348 1702 3482 1758 ergo
3510 1689 3746 1758 petenda

2150 1783 2232 1830 est
2261 1774 2601 1846 indulgentia
2629 1781 2999 1845 peccatorum,
3019 1790 3129 1829 non
3158 1790 3343 1829 eorum
3365 1782 3587 1845 tantum,
3612 1792 3748 1847 quo-

2150 1880 2272 1917 rum
2296 1863 2453 1917 nobis
2484 1862 2691 1918 conscii
2719 1879 2927 1932 sumus,
2961 1862 3015 1916 id
3043 1870 3146 1932 est,
3178 1862 3232 1917 in
3255 1863 3452 1934 quibus
3481 1878 3583 1919 nos
3610 1863 3747 1919 deli-

2151 1951 2333 2023 quisse
2351 1951 2727 2022 cognovimus,
2754 1950 2853 2006 sed
2885 1956 2936 2005 et
2962 1964 3148 2006 eorum
3184 1951 3237 2004 in
3274 1951 3469 2023 quibus
3484 1951 3742 2023 ignoran-

2150 2047 2230 2094 ter
2258 2038 2397 2109 lapsi
2454 2054 2660 2093 sumus.
2720 2038 2775 2093 Si
2825 2038 2967 2093 enim
3024 2037 3194 2109 culpae
3243 2054 3379 2110 quas
3430 2040 3745 2112 ignoranter

2150 2127 2521 2183 commisimus
2552 2141 2661 2182 non
2709 2134 2894 2181 essent
2942 2125 3214 2195 timendae,
3252 2144 3361 2182 non
3388 2127 3661 2184 diceretur
3688 2129 3743 2183 in

2150 2215 2363 2270 Psalmo
2379 2233 2392 2269 :
2409 2216 2770 2287 Ignorantia:
2781 2230 2939 2270 mea:
2956 2230 3028 2270 ne
3042 2216 3371 2272 memineris
3389 2214 3562 2286 (Psal.
3578 2230 3741 2282 xxw,

2149 2304 2224 2373 7).
2259 2305 2325 2357 Et
2354 2302 2647 2374 Apostolus
2669 2318 2791 2359 cum
2839 2302 3102 2358 dixisset:
3137 2304 3291 2359 Nihil
3317 2304 3461 2359 mihi
3488 2305 3745 2360 conscius

2149 2408 2295 2459 sum,
2325 2390 2582 2447 continuo
2599 2390 2807 2445 addidit
2840 2406 2851 2444 :
2887 2391 2984 2447 sed
3003 2406 3119 2446 non
3146 2392 3209 2447 in
3238 2392 3338 2448 hoc
3382 2391 3743 2462 justtﬁcatus

2149 2495 2273 2534 sum
2305 2479 2353 2545 (l
2383 2479 2503 2535 Cor.
2538 2494 2615 2543 ιν,
2653 2478 2706 2549 4)
2742 2493 2752 2531 :
2788 2478 3040 2534 videlicet
3072 2494 3131 2533 se
3171 2478 3225 2532 in
3256 2478 3438 2534 multis
3468 2495 3565 2549 per
3593 2478 3745 2551 igno-

2150 2566 2375 2622 rantiam
2400 2565 2719 2637 deliquisse,
2772 2566 2862 2622 vel
2890 2566 3213 2639 delinquere
3242 2566 3485 2638 potuisse
3531 2567 3746 2638 signifi-

2148 2655 2475 2709 cans.Juxta
2507 2654 2654 2725 quod
2684 2662 2734 2709 et
2764 2654 2901 2709 alius
2931 2655 3214 2725 apostolus
3242 2654 3375 2710 dixit
3407 2672 3420 2708 :
3454 2657 3520 2709 In
3545 2656 3745 2711 multis

2148 2744 2302 2797 enim
2332 2742 2669 2813 offendimus
2690 2757 2882 2798 omnes
2905 2744 3047 2812 (Jac.
3069 2756 3150 2810 ιιι,
3172 2743 3249 2813 2).
3270 2744 3329 2797 In
3352 2742 3593 2799 secunda
3611 2759 3743 2799 vero

2148 2830 2408 2900 petitione
2438 2830 2545 2885 duo
2564 2839 2827 2901 praeterea
2858 2831 2968 2885 dixi
2988 2846 3113 2886 esse
3169 2830 3509 2903 postulanda,
3554 2831 3609 2886 id
3638 2840 3739 2899 est,

2077 2894 2125 2955 Ο
2146 2934 2255 2973 non
2285 2918 2460 2974 solum
2492 2919 2885 2989 operationem,
2917 2919 3017 2974 sed
3047 2927 3100 2974 et
3128 2894 3498 2991 cognitionem
3544 2918 3743 2975 divinas

2145 3006 2473 3061 voluntatis:
2508 3005 2637 3076 quia
2683 3005 2840 3062 facile
2887 3014 3035 3062 errat
3067 3006 3188 3078 quis
3213 3007 3269 3061 in
3315 3023 3381 3063 eo
3434 3006 3575 3078 quod
3630 3023 3741 3062 non

2145 3093 2418 3165 intelligit,
2451 3102 2504 3148 et
2533 3101 2711 3164 potest
2740 3094 2920 3166 decipi
2948 3094 3133 3166 specie
3174 3094 3327 3161 recti,
3388 3102 3446 3149 ut
3496 3093 3741 3150 videatur

2146 3182 2214 3246 ei,
2250 3181 2395 3252 quod
2424 3182 2626 3237 bonum
2657 3190 2759 3245 est,
2794 3182 3017 3251 malum,
3041 3191 3097 3239 et
3127 3183 3273 3255 quod
3304 3181 3510 3238 malum
3527 3191 3628 3249 est,
3645 3183 3741 3239 bo-

2144 3285 2291 3323 num.
2328 3269 2480 3325 Unde
2510 3269 2775 3340 propheta
2801 3287 2813 3324 :
2842 3272 2923 3326 νω
2952 3271 3038 3327 hi:
3058 3273 3154 3344 qui
3184 3271 3385 3329 dicunt
3405 3272 3625 3327 malum
3653 3272 3741 3329 bo-

2144 3374 2305 3422 num,
2339 3363 2393 3413 et
2413 3356 2620 3413 bonum
2635 3359 2855 3413 malum
2878 3359 3007 3427 (Isa.
3042 3374 3097 3426 v,
3119 3361 3233 3430 20).
3258 3358 3416 3427 Quod
3435 3374 3505 3415 ne
3536 3373 3643 3415 nos
3663 3357 3739 3414 in-

2145 3460 2453 3511 curramus,
2477 3444 2734 3514 jubemur
2764 3444 2819 3498 in
2847 3445 3152 3517 Evangelio
3182 3461 3305 3502 cum
3318 3446 3583 3502 columba:
3602 3446 3738 3501 sim-

2143 3532 2404 3602 plicitate,
2449 3532 2794 3604 prudentiam
2853 3534 3120 3604 serpentis
3164 3534 3370 3589 habere
3420 3535 3639 3602 (Matth.
3674 3550 3733 3601 χ,

2147 3622 2257 3686 16>;
2292 3637 2450 3691 quam
2484 3620 2577 3693 qui
2605 3621 2827 3689 habent,
2858 3620 3011 3694 luget
3040 3637 3137 3676 eos
3187 3622 3468 3693 pr0pheta,
3502 3621 3689 3677 dicens
3721 3641 3733 3676 :

2147 3708 2415 3780 Ephraim
2436 3712 2629 3779 factus
2648 3714 2731 3765 est
2759 3710 2911 3767 sicut
2940 3710 3195 3767 columba
3227 3710 3478 3778 seducta,
3502 3726 3617 3767 non
3640 3709 3740 3765 ha-

2145 3796 2277 3851 bens
2288 3812 2384 3853 cor
2405 3796 2547 3864 (0:0.
2564 3811 2661 3865 vn,
2678 3801 2786 3867 11).
2812 3797 2956 3865 Quia
2971 3798 3189 3869 quidam
3207 3797 3452 3853 volentes
3468 3794 3737 3854 columba:

2144 3884 2543 3956 simplicitatem
2572 3886 2791 3951 sectari,
2824 3901 2891 3941 eo
2920 3886 3065 3960 quod
3107 3901 3222 3951 cor,
3286 3885 3340 3940 id
3371 3894 3472 3953 est,
3532 3885 3733 3941 intelli-

2144 3973 2383 4044 gentiam
2413 3974 2656 4029 veritatis
2686 3989 2792 4029 uon
2824 3974 3040 4041 habent,
3067 3974 3402 4030 seducuntur
3431 3983 3486 4030 et
3531 3983 3732 4029 errant.

2145 4061 2291 4131 Quas
2320 4062 2578 4117 tenebras
2611 4062 2808 4117 erroris
2838 4071 2890 4118 et
2917 4063 3241 4135 ignorantiae
3269 4079 3337 4117 ne
3366 4078 3466 4118 nos
3496 4063 3744 4118 incurra-

2143 4166 2284 4213 mus,
2318 4150 2465 4204 omni
2498 4150 2751 4205 instantia
2780 4157 2835 4205 et
2854 4150 3033 4205 studio
3062 4150 3331 4205 orandum
3364 4158 3464 4218 est,
3498 4157 3558 4205 ut
3585 4151 3738 4205 illum

2060 4242 2112 4301 D
2142 4236 2509 4292 sincerissima
2530 4244 2584 4292 et
2634 4237 3174 4313 perseverantissime
3226 4237 3528 4297 imitatione
3585 4239 3738 4309 sequi

2145 4340 2469 4390 mereamur,
2494 4324 2586 4395 qui
2608 4325 2738 4379 dicit
2772 4341 2784 4378 :
2824 4326 3195 4396 Quisequitur
3213 4341 3326 4393 me,
3354 4327 3736 4383 nonambulat

2142 4412 2206 4466 in
2237 4412 2502 4478 tenebris,
2537 4413 2633 4468 sed
2663 4412 2826 4468 habet
2862 4414 3055 4469 lumen
3089 4414 3220 4469 vitae
3253 4414 3435 4483 (Joan.
3469 4428 3590 4481 vm,
3624 4416 3734 4483 l2).

2146 4498 2404 4570 Operatio
2426 4516 2559 4556 vero
2580 4500 2777 4556 divinas
2820 4500 3108 4557 voluntatis
3146 4501 3199 4557 in
3229 4501 3336 4557 illis
3365 4501 3581 4558 duobus
3610 4516 3740 4558 con-

2145 4588 2303 4653 sistit,
2340 4604 2461 4659 quae
2492 4588 2731 4644 breviter
2753 4605 3012 4660 expressa
3057 4597 3200 4659 sunt,
3244 4590 3339 4644 ubi
3368 4590 3571 4645 dictum
3627 4597 3737 4645 est:

2145 4677 2378 4732 Declina
2410 4694 2445 4732 a
2472 4678 2623 4734 malo
2653 4681 2711 4732 et
2729 4680 2822 4747 fac
2853 4678 3251 4748 bonum(Psat.
3275 4676 3738 4746 xxxvr,27.Quae

2144 4766 2252 4819 duo
2273 4780 2437 4835 quam
2467 4764 2798 4835 generaliter
2826 4765 3292 4837 comprehendant
3322 4764 3586 4837 quidquid
3617 4764 3742 4818 ubi-

2147 4868 2253 4923 que
2274 4850 2326 4905 in
2358 4852 2651 4923 Scripturis
2679 4853 3009 4923 praecipitur,
3042 4852 3205 4909 facile
3242 4852 3467 4924 quilibet
3493 4852 3742 4907 animad-

2146 4940 2321 4995 vertit.
2356 4940 2535 4995 Tertio
2564 4940 2725 5010 (sicut
2773 4941 2905 5011 dixi)
2949 4941 3190 5012 petenda
3227 4948 3310 4997 est
3353 4940 3461 4995 vita
3515 4947 3738 5005 aeterna,

2148 5036 2204 5083 ut
2235 5028 2467 5099 simplici
2498 5028 2674 5095 oculo,
2707 5029 2760 5083 id
2809 5037 2911 5094 est,
2962 5029 3176 5085 sincera
3225 5028 3523 5085 intentione
3570 5029 3745 5084 Deum

2150 5132 2461 5187 quaeramus
2495 5135 2509 5184 ;
2542 5125 2595 5172 et
2647 5116 2703 5171 in
2736 5117 2988 5172 omnibus
3021 5132 3142 5188 quae
3195 5117 3429 5189 agimus,
3472 5133 3648 5188 neque
3677 5118 3746 5171 ad

2148 5204 2445 5275 appetitum
2463 5205 2641 5259 laudis
2672 5206 2940 5272 humanae,
2965 5206 3113 5276 quod
3156 5213 3239 5261 est
3252 5206 3611 5277 hypocrysis;
3644 5221 3746 5259 ne—

2152 5309 2256 5365 que
2273 5293 2339 5347 ad
2373 5292 2638 5364 quidlibet
2668 5293 2837 5360 aliud,
2870 5293 2976 5348 nisi
2997 5301 3203 5349 tantum
3226 5295 3295 5349 ad
3319 5295 3494 5348 Deum
3540 5292 3750 5349 haben-

2151 5382 2278 5439 dum
2294 5390 2480 5437 nostra
2501 5382 2750 5437 ﬂectatur
2778 5382 3025 5441 intentio.
3046 5384 3112 5438 In
3133 5382 3525 5452 simplicitate,
3550 5381 3743 5453 inquit,
