3972 6052
330 271 434 323 915

1288 273 1583 329 JOANNIS
1623 273 1867 329 CARTH.
1912 271 2291 331 PORTARUM
2328 276 2665 332 MONACHI.

3514 279 3620 331 916

332 393 517 449 cordis
542 371 1132 470 quwriteillum(Sap:
1164 415 1199 464 ι,
1240 399 1309 467 1).
1334 400 1402 453 Et
1424 401 1529 455 :Ne
1547 399 2001 458 accesserisadA
2032 407 2137 469 tur,
2172 403 2527 468 ostendimus,
2562 411 2741 474 potest
2771 403 2995 475 quilibet
3023 418 3130 458 una
3169 401 3329 457 simul
3371 401 3619 457 oratione

332 482 507 537 Deum
538 483 751 555 duplici
782 486 945 541 corde
978 486 1148 555 (Eccl.
1173 502 1211 552 ι,
1237 487 1347 558 36).

546 590 621 645 De
650 591 769 645 illis
810 609 931 663 quae
962 594 1341 649 inveniuntur
1373 597 1433 649 in
1456 594 1709 665 psalmis.

402 708 531 762 Haec
557 716 734 763 autem
766 709 886 774 tria,
921 711 1034 765 sive
1084 720 1316 781 quatuor
1346 728 1505 783 quam
1561 711 1928 782 multipliciter

332 802 387 849 et
405 795 551 849 varie
581 796 636 849 in
667 796 981 867 Scripturis,
1010 807 1059 852 et
1095 800 1328 854 maxime
1360 802 1413 853 in
1452 800 1675 870 psalmis
1732 808 1926 869 petan-

332 889 438 947 tur,
470 882 627 938 facile
658 892 835 953 potest
880 887 1186 949 advertere,
1223 888 1311 957 qui
1344 888 1659 959 diligentem
1690 889 1928 942 auditum

335 962 532 1024 divinis
561 971 791 1041 eloquiis
813 974 960 1027 novit
985 974 1265 1029 adhibere.
1294 977 1371 1029 Ex
1395 977 1586 1047 quibus
1612 978 1759 1044 juxta
1789 976 1930 1045 peti-

334 1058 533 1113 tionem
565 1066 714 1112 tuam
744 1060 925 1131 aliqua
955 1076 1173 1130 ponam,
1200 1072 1257 1117 ut
1278 1080 1343 1117 ex
1364 1064 1448 1117 his
1482 1072 1645 1134 prout
1676 1065 1769 1117 tibi
1804 1064 1930 1133 Spi-

336 1146 468 1200 ritus
498 1154 715 1201 sanctus
747 1147 1015 1217 inspirare
1054 1151 1385 1221 dignabitur)
1417 1160 1469 1205 et
1498 1152 1659 1206 verba
1691 1152 1745 1204 in
1802 1167 1932 1206 ora-

337 1233 483 1288 tione
504 1234 718 1290 variare
760 1236 960 1302 discas,
995 1239 1140 1308 quod
1184 1239 1251 1291 ad
1300 1239 1635 1294 excitandam
1685 1240 1935 1293 devotio-

337 1338 464 1377 nem
485 1323 673 1378 valere
701 1324 831 1392 dixi,
866 1332 917 1379 et
944 1325 1233 1395 petitiones
1264 1334 1385 1380 tuas
1415 1343 1584 1397 queas
1624 1326 1932 1382 informare.

482 1447 559 1501 De
578 1446 696 1501 illis
727 1464 848 1518 qua:
878 1449 1071 1503 valent
1103 1449 1174 1503 ad
1200 1451 1505 1521 petendam
1539 1452 1786 1507 veniam.

417 1567 499 1622 Ad
527 1569 819 1638 petendam
835 1569 1001 1640 igitur
1030 1570 1245 1625 veniam
1266 1572 1608 1641 delictorum,
1628 1579 1735 1628 ista
1763 1575 1945 1629 valent

350 1672 471 1725 qua:
498 1655 553 1709 in
570 1655 795 1725 psalmis
815 1658 989 1727 posita
1009 1667 1134 1713 sunt
1159 1675 1171 1713 :
1192 1661 1269 1715 Ab
1295 1663 1530 1717 occultis
1560 1665 1700 1717 meis
1727 1663 1945 1717 munda

2025 500 2231 561 petere,
2257 492 2330 546 ita
2360 492 2593 547 dicendo
2619 509 2630 545 :

2537 601 2725 655 Oratio
2748 599 2817 653 ad
2849 602 3096 654 Patrem.

2100 687 2327 740 Domine
2349 696 2535 742 sancte
2569 688 2748 753 Pater,
2783 686 2874 757 qui
2907 686 3143 741 viviticas
3165 694 3428 751 mortuos,
3464 696 3514 740 et
3530 702 3626 740 vo-

2030 790 2119 828 cas
2150 791 2212 827 ea
2235 792 2354 845 quae
2384 791 2491 829 non
2523 784 2645 829 sunt
2674 784 2931 846 tanquam
2962 790 3027 829 ea
3055 791 3174 845 quae
3197 784 3339 840 sunt,
3372 782 3623 844 peccato-

2032 879 2147 915 rem
2176 879 2262 916 me
2302 859 2521 918 servum‘
2539 872 2709 928 tuum,
2744 880 2906 933 quem
2950 864 3019 917 de
3044 872 3216 917 morte
3278 869 3625 932 peccatorum

2032 967 2277 1005 meorum
2308 953 2377 1005 ad
2407 959 2554 1006 tuam
2584 951 3011 1007 misericordiam
3042 967 3242 1006 vocare
3272 951 3525 1021 dignatus
3547 966 3625 1011 es,

2034 1040 2100 1091 ab
2121 1040 2372 1093 omnibus
2402 1040 2641 1094 rentibus
2672 1049 2725 1094 et
2766 1040 3003 1109 peccatis
3034 1039 3170 1094 meis
3209 1037 3632 1093 misericorditer

2036 1127 2257 1182 absolve
2291 1136 2383 1182 :et
2413 1129 2535 1181 data
2570 1128 2697 1181 mihi
2740 1126 3099 1199 intelligentia
3156 1143 3263 1198 qua
3292 1126 3527 1191 videam,
3580 1133 3635 1179 et

2038 1215 2302 1269 charitate
2333 1232 2441 1285 qua
2473 1216 2704 1271 serviam
2735 1216 2831 1269 tibi
2862 1224 2914 1271 et
2944 1216 3118 1271 servis
3145 1215 3271 1281 tuis,
3308 1213 3393 1268 fac
3421 1230 3510 1267 me
3558 1214 3634 1267 ita

2039 1318 2255 1373 semper
2285 1304 2341 1356 in
2370 1312 2461 1358 tuo
2480 1303 2743 1358 famulatu
2773 1305 2839 1357 ad
2887 1304 3115 1358 meliora
3157 1302 3442 1373 prolicere,
3496 1309 3550 1355 ut
3580 1300 3637 1353 in

2041 1406 2216 1462 regno
2246 1399 2335 1445 tuo
2366 1400 2600 1461 coeptum
2624 1390 3366 1461 opus‘misericordiaetuaein
3388 1405 3474 1443 me
3503 1403 3634 1458 per-

2042 1478 2216 1534 ﬁcias.
2259 1480 2363 1533 Per
2392 1480 2703 1545 Dominum,
2739 1487 2844 1535 etc.

2473 1586 2602 1641 Alia
2632 1586 2814 1642 oratio
2846 1586 2917 1640 ad
2956 1587 3205 1639 Patrem.

2117 1674 2347 1728 Domine
2378 1681 2564 1729 sancte
2592 1674 2770 1737 Pater,
2817 1673 2908 1744 qui
2939 1673 3085 1743 quod
3114 1672 3353 1742 perierat
3382 1671 3636 1742 requiris,

349 1759 459 1809 me,
494 1745 727 1801 Domine
753 1746 927 1815 (Psal.
947 1761 1107 1811 XVIII,
1132 1750 1240 1817 t3).
1260 1749 1356 1803 Et:
1392 1751 1609 1805 Delicta
1624 1747 2017 1819 iuventutisB
2048 1769 2101 1815 et
2130 1762 2277 1832 quod
2308 1762 2575 1830 abjectum
2623 1769 2740 1816 erat
2797 1760 3034 1828 reducis,
3066 1767 3119 1814 et
3174 1759 3321 1830 quod
3359 1759 3560 1829 pingue
3589 1767 3643 1813 et

349 1847 508 1901 meae,
554 1836 611 1887 et
639 1832 992 1904 ignorantia:
1038 1851 1194 1890 meas
1249 1853 1321 1891 ne
1386 1839 1717 1893 memineris
1757 1840 1939 1905 (Psal.

353 1934 513 1987 xxw,
535 1922 611 1989 '7).
635 1920 702 1975 Et
727 1924 995 1994 :Pr0pter
1011 1938 1218 1979 nomen
1240 1928 1405 1980 tuum
1420 1928 1836 1997 propitiaberis,
1854 1928 1949 1983 Do-

353 2009 529 2075 mine,
552 2013 784 2079 peccato
804 2026 944 2076 meo,
969 2013 1220 2067 multum
1249 2018 1333 2068 est
1353 2015 1675 2084 enim(ibid.
1694 2016 1802 2083 11).
1837 2016 1905 2068 Et
1936 2029 1948 2068 :

362 2096 486 2151 Vide
498 2098 886 2153 humilitatem
897 2114 1082 2154 meam
1099 2104 1155 2155 et
1169 2101 1412 2156 laborem
1430 2118 1640 2168 meum,
1656 2106 1711 2157 et
1724 2104 1951 2158 dimitte

357 2185 632 2239 universa
658 2185 866 2240 delicta
890 2202 1016 2241 mea
1044 2188 1222 2255 (ibid,
1250 2190 1359 2259 18).
1383 2189 1451 2243 Et
1483 2206 1494 2243 :
1528 2191 1604 2245 Ne
1625 2191 1953 2245 memineris

361 2272 735 2342 iniquitatum
773 2278 1103 2330 nostrarum
1143 2279 1534 2348 antiquarum,
1557 2279 1650 2332 sed
1672 2280 1955 2349 propitius

361 2362 477 2415 esto
523 2361 771 2431 peccatis
804 2362 1016 2417 nostris
1049 2368 1281 2435 propter
1326 2382 1533 2420 nomen
1581 2370 1744 2421 tuum
1778 2366 1950 2435 (Psal.

361 2460 598 2515 LXXVIII,
623 2449 756 2516 8,9).
781 2448 848 2503 Et
872 2462 885 2501 :
908 2449 1028 2507 Non
1059 2452 1241 2506 intres
1270 2452 1332 2507 in
1351 2453 1639 2521 judicium
1660 2470 1788 2508 cum
1801 2468 1955 2509 servo

364 2539 480 2603 tuo,
514 2536 767 2600 Domine,
800 2538 932 2608 quia
970 2555 1085 2593 non
1113 2540 1531 2608 justi/icabitur
1559 2544 1623 2595 in
1656 2546 1958 2613 conspectu

367 2626 465 2677 tuo
482 2624 667 2679 omnis
686 2625 874 2680 vivens
892 2626 1068 2695 (Psal.
1091 2641 1256 2691 CXLII,
1276 2628 1351 2697 2).
1374 2628 1442 2682 Et
1477 2646 1489 2683 :
1523 2630 1723 2684 Averte
1752 2630 1959 2699 faciem

368 2715 527 2766 tuam
574 2729 609 2765 a
634 2713 884 2782 peccatis
911 2714 1073 2778 meis,
1099 2719 1159 2769 et
1184 2730 1379 2770 omnes
1422 2717 1757 2787 iniquitates
1804 2734 1959 2772 meas

368 2799 489 2853 dele
511 2798 687 2867 (Psal.
707 2814 756 2865 L,
780 2800 887 2869 11),
905 2808 957 2855 et
978 2808 1191 2865 caetera,
1216 2818 1337 2873 quae
1354 2803 1409 2857 in
1430 2803 1644 2871 eodem,
1672 2813 1725 2858 et
1755 2804 1810 2859 in
1840 2805 1960 2860 aliis

370 2884 595 2956 psalmis
626 2886 825 2956 scripta
857 2895 1001 2942 sunt.
1034 2890 1166 2944 Item
1188 2889 1315 2944 alibi
1364 2908 1377 2944 :
1430 2892 1506 2947 Ne
1551 2893 1957 2958 reminiscaris,

372 2975 626 3040 Domine,
643 2974 852 3030 delicta
867 2992 1012 3043 mea,
1037 2978 1123 3033 vel
1150 2983 1457 3049 parentum
1477 2976 1752 3047 meorum,
1784 2997 1963 3054 neque

378 3063 689 3119 vindictam
719 3079 911 3119 sumas
938 3065 1004 3121 de
1031 3068 1281 3137 peccatis
1329 3070 1469 3125 meis
1499 3070 1643 3137 (Tob.
1696 3083 1776 3135 III,
1802 3071 1881 3139 3).

417 3187 623 3254 Quibus
645 3188 923 3243 utendum
943 3190 1020 3245 sit
1044 3191 1116 3245 ad
1133 3192 1436 3262 petendam
1456 3194 1923 3265 intelligentiam.

442 3311 526 3365 Ad
563 3312 852 3381 petendam
882 3328 1010 3369 vero
1030 3314 1443 3388 intelligentiam
1472 3317 1728 3386 veritatis,
1776 3318 1860 3374 his
1890 3320 1966 3374 uti

377 3413 687 3469 possumus,
722 3416 843 3471 quas
872 3402 940 3456 de
969 3403 1151 3458 multis
1176 3419 1353 3474 pauca
1382 3421 1791 3463 commemoro:
1822 3409 1965 3463 Illu-

377 3487 539 3542 mina
567 3489 756 3545 oculos
768 3504 937 3556 meos,
971 3508 1044 3547 ne
1062 3508 1314 3564 unquam
1343 3494 1683 3552 obdormiam
1704 3498 1765 3551 in
1787 3502 1967 3553 morte

378 3574 555 3645 (Psal.
588 3591 692 3643 xn,
728 3577 801 3647 ι).
836 3578 932 3632 Et:
971 3580 1245 3647 Quoniam
1260 3585 1323 3636 tu
1352 3583 1651 3640 illuminas
1675 3585 1968 3641 lucernam

375 3679 580 3731 meam,
600 3667 853 3732 Domine;
874 3667 1021 3723 Deus
1038 3684 1215 3739 meus,
1233 3670 1505 3727 illumina
1522 3673 1781 3728 tenebras
1790 3690 1965 3743 meas,

380 3752 554 3821 (Psal.
587 3767 727 3821 xvn,
754 3755 873 3826 29).
901 3756 1037 3811 Item
1061 3773 1075 3812 :
1096 3759 1218 3814 Vias
1258 3762 1404 3825 tuas,
1432 3761 1687 3828 Domine,
1736 3763 1969 3818 demon—

380 3843 502 3896 stra
529 3840 692 3907 mihi,
724 3847 781 3898 et
810 3845 1045 3900 semitas
1076 3849 1204 3901 tuas
1232 3848 1393 3902 edoce
1409 3848 1684 3918 me(Psal.
1715 3862 1871 3915 XXIV,
1892 3850 1966 3921 4).

378 3928 450 3982 Et
484 3942 497 3981 :
530 3929 731 3984 Notam
760 3933 853 4000 fac
882 3930 1026 3986 mihi
1051 3933 1202 3988 viam
1247 3934 1311 3989 in
1341 3951 1450 4005 qua
1482 3935 1764 3991 ambulem
1793 3937 1968 4004 (Psal.

380 4030 548 4083 CXLII,
570 4018 644 4086 8).
658 4017 724 4072 Et
740 4033 753 4072 :
773 4018 913 4074 Doce
930 4035 1018 4075 me
1037 4026 1225 4089 [acere
1240 4023 1595 4081 voluntatem
1610 4027 1770 4079 tuam
1791 4026 1942 4089 (ibid.
1953 4068 1967 4094 ,

382 4103 576 4174 ‘10).Et
599 4118 611 4158 :
634 4106 775 4161 Doce
803 4121 893 4162 me
921 4108 1365 4178 justiﬁcationes
1399 4114 1528 4167 tuas
1560 4112 1734 4181 (Psal.
1773 4128 1969 4181 cxvm,

380 4192 491 4260 26).
506 4192 601 4246 Et:
626 4195 708 4248 Da
720 4196 863 4249 mihi
878 4196 1330 4262 intellectum,ut
1344 4198 1559 4254 discam
1578 4201 1852 4256 mandata
1873 4207 1973 4257 tua

382 4278 562 4348 (ibid.,
592 4283 705 4351 73),
739 4290 843 4338 etc.
879 4281 983 4351 Qui
1012 4299 1143 4339 vero
1172 4284 1303 4341 dicit
1337 4301 1350 4339 :
1387 4288 1614 4344 Utinam
1646 4289 1975 4359 dirigantur

379 4368 484 4423 vite
512 4384 651 4425 mele
679 4371 750 4425 ad
778 4372 1175 4428 custodiendas
1197 4374 1642 4444 justiﬁcationes
1654 4381 1783 4433 tuas
1811 4378 1969 4448 (ibid.

380 4455 455 4525 5).
475 4455 544 4510 Et
567 4474 580 4510 :
600 4457 785 4513 Deduc
796 4475 885 4515 me
899 4461 965 4515 in
980 4462 1241 4517 semitam
1253 4465 1655 4521 mandatorum
1675 4466 1828 4535 (ibid.
1841 4469 1970 4537 ,35);

382 4552 474 4599 et:
511 4546 741 4602 Gressus
771 4564 923 4603 meos
953 4549 1127 4620 dirige
1156 4552 1465 4608 secundum
1500 4556 1781 4624 eloquium
1813 4559 1976 4610 tuum

381 4632 563 4704 (ibid.,
589 4635 713 4704 133)
738 4651 749 4690 :
774 4643 829 4691 et
856 4646 1056 4693 caetera
1086 4655 1207 4710 qua)
1227 4640 1280 4693 in
1309 4642 1414 4697 hoc
1443 4642 1716 4712 praecipue
1744 4643 1971 4720 psalmo,

385 4720 479 4792 qui
508 4736 624 4791 prie
645 4724 859 4779 caeteris
889 4726 1107 4781 moralis
1128 4735 1230 4792 est,
1281 4736 1441 4799 atque
1498 4731 1552 4783 in
1600 4730 1719 4785 aliis
1752 4731 1976 4800 psalmis

381 4808 436 4863 in
483 4809 629 4866 hunc
685 4813 909 4867 modum
962 4815 1155 4884 posita,
1214 4816 1444 4887 intelligi
1475 4817 1692 4888 quidem
1724 4827 1972 4889 possunt,

368 4898 479 4953 sed
508 4901 785 4956 numerari
817 4901 906 4956 vix
934 4912 1180 4972 possunt.
1242 4903 1347 4974 Qui
1377 4920 1512 4978 ergo
1566 4906 1682 4962 hzec
1712 4915 1761 4961 et
1794 4908 1975 4977 hujus-

379 4986 526 5042 modi
556 4987 703 5055 dicit,
741 4989 871 5060 quid
910 4990 1013 5044 nisi
1043 4992 1374 5047 voluntatem
1404 4993 1505 5049 Dei
1533 4993 1713 5050 facere
1744 4996 1931 5066 quaerit
1957 5017 1970 5064 ;

310 5106 317 5113 ο
382 5074 473 5145 qui
505 5082 689 5129 autem
718 5077 808 5147 pio
839 5078 1043 5149 gemitu
1070 5079 1199 5135 dicit
1224 5098 1236 5134 :
1267 5083 1382 5136 Heu
1405 5083 1579 5137 mihi!
1601 5086 1731 5154 quia
1759 5085 1974 5139 incola-

381 5167 472 5217 tus
501 5178 657 5219 meus
682 5167 1057 5237 prolongatus
1088 5173 1201 5223 est!
1225 5168 1396 5239 (Psal.
1431 5184 1587 5237 cxrx,
1608 5173 1686 5240 5.)
1715 5171 1818 5225 Et:
1853 5173 1974 5228 Non

378 5253 698 5322 confundas
734 5270 824 5311 me
855 5255 923 5310 ab
966 5256 1389 5327 exspectatione
1411 5274 1537 5313 mea
1564 5258 1738 5327 (Psal.
1776 5274 1968 5329 cxvnI,

382 5342 526 5410 116).
559 5341 627 5395 Et
659 5355 672 5394 :
708 5341 938 5407 Quando
967 5345 1191 5398 veniam
1214 5348 1272 5399 et
1297 5347 1569 5415 apparebo
1599 5352 1733 5402 ante
1764 5349 1972 5418 faciem

381 5428 483 5483 Dei
511 5429 686 5497 (Psal.
722 5443 839 5493 XLI,
873 5431 947 5500 3),
975 5438 1027 5485 et
1055 5438 1248 5486 caetera
1278 5432 1583 5501 hujusmodi
1616 5453 1630 5501 ;
1670 5436 1856 5507 utique
1887 5436 1971 5492 vi-

385 5511 593 5566 sionem
615 5514 734 5579 Dei,
768 5522 821 5569 et
846 5514 969 5570 vitae
999 5522 1217 5571 aeternae
1238 5517 1509 5586 promissa
1538 5519 1811 5575 desidera.
1847 5522 1973 5576 Haec

383 5605 564 5655 autem
595 5618 713 5671 quae
749 5603 1018 5674 quomodo
1076 5603 1349 5678 sigillatim
1376 5606 1429 5660 in
1461 5607 1748 5680 Scripturis
1778 5619 1972 5681 petan-

2051 1849 2186 1903 t’orte
2209 1850 2453 1904 custodis
2486 1868 2499 1914 ;
2529 1849 2739 1905 custodi
2772 1849 2916 1904 circa
2944 1863 3032 1902 me
3061 1863 3227 1917 Opera
3256 1845 3643 1901 misericordiae

2051 1944 2171 2003 tute,
2206 1954 2367 2008 quem
2396 1944 2664 1993 errantem
2697 1937 2996 2007 requirere,
3022 1943 3073 1990 et
3094 1936 3163 1989 ad
3192 1950 3324 1990 oves
3350 1942 3470 1987 tuas
3490 1933 3647 1987 redu-

2053 2039 2176 2079 cere
2207 2025 2463 2094 dignatus
2496 2042 2576 2091 es,
2609 2033 2661 2080 et
2691 2040 2954 2080 concessa
2982 2023 3114 2077 mihi
3143 2023 3302 2093 plena
3332 2022 3491 2076 venia
3519 2035 3643 2075 om-

2051 2113 2200 2166 nium
2232 2113 2556 2169 delictorum
2593 2128 2862 2175 meorum,
2895 2112 2966 2166 da
3004 2111 3135 2164 mihi
3179 2110 3253 2164 ita
3299 2108 3600 2180 intelligere
3627 2152 3639 2173 ,

2054 2208 2107 2254 et
2135 2217 2258 2255 cum
2291 2201 2474 2255 debita
2493 2199 2903 2271 perseverantia
2919 2199 3101 2255 facere
3122 2198 3450 2254 voluntatem
3471 2203 3639 2258 tuam,

2053 2296 2113 2343 ut
2140 2288 2514 2344 misericordia
2545 2289 2871 2359 sempiterna
2892 2287 3201 2343 miserearis
3227 2285 3356 2340 mei.
3388 2285 3493 2339 Per
3541 2284 3638 2337 Do-

2055 2377 2281 2445 minum,
2307 2385 2411 2432 etc.

2600 2446 2739 2503 Item
2769 2447 2887 2502 alia
2916 2448 3117 2503 oratio.

2129 2553 2360 2609 Domine
2386 2560 2569 2607 sancte
2592 2554 2768 2621 Pater,
2806 2552 2898 2623 qui
2927 2566 3035 2607 non
3082 2550 3165 2605 vis
3192 2557 3422 2605 mortem
3452 2563 3648 2619 pecca-

2058 2649 2258 2708 torum,
2289 2656 2391 2696 nec
2418 2641 2704 2696 delectaris
2734 2639 2789 2694 in
2818 2637 3213 2709 perditionibus
3268 2637 3492 2700 nostris,
3526 2635 3650 2689 dele

2058 2738 2115 2784 ut
2132 2730 2336 2785 nubem
2379 2729 2691 2799 iniquitates
2736 2743 2907 2793 meas,
2940 2735 2993 2782 ct
3022 2726 3175 2798 quasi
3231 2725 3483 2780 nebulam
3513 2738 3650 2794 pec-

2060 2826 2186 2873 cata
2211 2832 2354 2885 mea,
2390 2824 2442 2872 et
2479 2817 2533 2870 in
2590 2816 2867 2888 agnitione
2897 2822 2949 2869 et
2988 2814 3302 2885 operatione
3360 2810 3653 2868 voluntatis

2060 2914 2185 2971 tuae,
2220 2905 2307 2961 fac
2327 2920 2415 2960 me
2437 2904 2507 2959 ita
2558 2920 2683 2959 cum
2713 2903 2923 2959 sincera
2963 2901 3261 2957 humilitate
3290 2915 3655 2971 perseveran-

2059 3002 2169 3049 tem
2197 2994 2398 3049 habcre
2427 2992 2750 3063 profectum,
2783 3000 2841 3046 ut
2871 2991 3083 3045 salvum
3112 3005 3199 3045 me
3222 2988 3388 3044 facias
3408 2988 3460 3043 in
3484 3002 3655 3060 regno

1968 3092 2039 3157 ὀ
2060 3090 2152 3138 tuo
2177 3081 2405 3138 caelesti.
2459 3082 2563 3135 Per
2594 3081 2911 3136 Dominum.

2589 3186 2781 3242 Oratio
2808 3185 2879 3240 ad
2919 3185 3150 3241 Filium.

2136 3275 2365 3331 Domine
2393 3276 2525 3329 Jesu
2558 3274 2789 3338 Christe,
2826 3273 2919 3343 qui
2948 3270 3149 3328 venisti
3179 3285 3424 3342 quzerere
3458 3278 3511 3324 et
3544 3270 3659 3324 sal-

2067 3380 2193 3420 vum
2223 3363 2406 3419 facere
2444 3363 2591 3434 quod
2646 3362 2905 3433 perierat,
2938 3359 3153 3415 vivifica
3180 3375 3266 3414 me
3314 3366 3661 3429 peccatorem

2069 3469 2287 3509 servum
2336 3460 2503 3517 tuum,
2546 3467 2711 3523 quem
2763 3449 2971 3506 vocasti
3004 3455 3094 3505 :et
3120 3447 3258 3502 dans
3288 3446 3419 3500 mihi
3454 3445 3660 3500 intelli-

2068 3541 2307 3616 gentiam
2337 3547 2391 3597 et
2439 3538 2843 3595 observantiam
2878 3537 3263 3593 mandatorum
3300 3542 3533 3599 tuorum,
3567 3534 3663 3588 ubi

2069 3629 2361 3685 abundavit
2388 3635 2693 3699 peccatum,
2734 3627 2808 3682 ita
2838 3625 2922 3682 fac
2951 3625 3178 3697 gratiam
3196 3622 3660 3693 superabundare,

2071 3727 2129 3773 ut
2158 3716 2552 3788 redemptionis
2581 3725 2634 3772 et
2679 3714 3093 3771 resurrectionis
3147 3719 3253 3767 tuae
3308 3726 3429 3766 cum
3475 3710 3663 3765 electis

2070 3808 2177 3863 tuis
2231 3822 2320 3862 me
2360 3806 2529 3862 facias
2560 3804 2824 3860 veraciter
2868 3819 2991 3859 esse
3033 3800 3372 3873 participem.
3415 3798 3520 3867 Qui
3573 3797 3664 3852 vi-

2072 3897 2174 3963 vis,
2207 3903 2311 3951 etc.

2498 3966 2626 4021 Alia
2656 3964 2838 4021 oratio
2887 3963 2959 4018 ad
3003 3962 3233 4016 Filium.

2145 4072 2376 4128 Domine
2403 4073 2532 4126 Jesu
2556 4070 2788 4135 Christe,
2833 4067 2924 4141 qui
2964 4083 3024 4122 es
3068 4066 3157 4120 lux
3210 4080 3355 4131 vera,
3389 4082 3508 4136 quae
3534 4065 3663 4120 illu-

2074 4162 2250 4217 minas
2280 4175 2497 4215 omnem
2567 4158 2843 4214 hominem
2902 4155 3208 4211 venientem
3236 4153 3291 4207 in
3320 4154 3462 4209 hunc
3508 4170 3666 4208 mun-

2076 4250 2223 4315 dum,
2245 4248 2401 4303 aufer
2420 4248 2674 4302 tenebras
2705 4253 3051 4317 peccatorum
3072 4258 3340 4310 meorum,
3363 4250 3415 4297 et
3444 4241 3515 4297 da
3533 4242 3666 4297 mihi

2076 4337 2404 4393 illuminatos
2434 4336 2621 4391 oculos
2650 4334 2853 4400 cordis,
2913 4333 2984 4387 ad
3014 4329 3454 4402 cognoscendum
3478 4337 3549 4397 te,
3613 4339 3666 4385 et

1995 4449 2047 4508 D
2077 4427 2143 4481 ad
2204 4423 2611 4496 intelligendam
2661 4431 2714 4477 et
2771 4421 3073 4479 faciendam
3119 4419 3448 4508 voluntatem
3475 4426 3665 4508 tuam,

2076 4530 2179 4570 nec
2197 4530 2285 4567 me
2314 4512 2553 4567 dimittas
2580 4511 2973 4583 inperpetuum
3003 4524 3036 4563 a
3066 4516 3118 4562 te
3150 4505 3411 4577 separari.
3461 4505 3558 4574 Qui
3580 4506 3669 4560 vi-

2078 4603 2177 4672 vis,
2202 4610 2313 4658 etc.

2149 4692 2283 4746 Cum
2312 4690 2493 4761 itaque
2547 4689 2601 4743 in
2634 4689 2779 4743 hunc
2833 4687 3052 4742 modum
3095 4683 3251 4755 plura
3292 4680 3397 4737 dici
3434 4681 3667 4752 possint,

2075 4795 2175 4835 nos
2205 4780 2321 4835 haec
2350 4778 2600 4850 posuisse
2632 4775 2876 4831 sufﬁciat.

2544 4885 2619 4939 De
2652 4885 2907 4939 oratione
2937 4897 3176 4937 morosa.

2149 4990 2379 5060 Quidam
2397 4998 2577 5045 autem
2610 5004 2707 5059 pro
2763 4987 3101 5058 imploranda
3130 4989 3291 5045 venia
3329 4986 3670 5054 delictorum,

2076 5079 2345 5136 morosius
2395 5085 2448 5133 et
2489 5077 2781 5132 studiosius
2839 5083 2995 5131 orant
3030 5094 3043 5141 ;
3077 5085 3129 5131 et
3157 5084 3507 5147 peccatorum
3536 5089 3670 5128 suo-

2075 5184 2192 5223 ram
2222 5166 2648 5237 magnitudinem
2681 5165 2767 5220 vel
2806 5163 3203 5219 multitudinem
3234 5164 3490 5220 attentius
3532 5176 3661 5218 con-

2079 5256 2404 5319 siderantes,
2430 5270 2539 5309 non
2571 5262 2676 5308 tam
2708 5252 2908 5317 verbis,
2934 5269 3096 5323 quam
3127 5254 3351 5326 gemitu,
3402 5260 3455 5307 et
3485 5251 3668 5320 lacry-

2075 5344 2179 5399 mis
2232 5343 2413 5399 cordis
2470 5342 2682 5398 contriti
2733 5349 2786 5395 et
2844 5340 3110 5395 humiliati
3167 5340 3492 5397 sacrificium
3551 5338 3671 5392 Deo

2075 5433 2323 5497 olferunt,
2358 5447 2467 5487 non
2487 5439 2669 5485 tamen
2699 5430 2892 5485 eodem
2922 5428 3135 5485 fervore
3165 5445 3279 5499 prae
3310 5427 3518 5485 caeteris
3550 5442 3674 5497 qua:

2076 5537 2235 5592 supra
2260 5521 2437 5591 posita
2482 5528 2604 5573 sunt
2659 5534 2820 5573 orare
2862 5518 3124 5574 valentes.
3170 5520 3283 5574 Hoc
3313 5524 3495 5572 autem
3530 5514 3671 5571 inci-

2074 5608 2363 5681 pientibus,
2399 5608 2453 5663 id
2484 5616 2583 5676 est,
2608 5623 2780 5679 nuper
2812 5607 3113 5678 conversis,
3150 5607 3287 5663 solet
3328 5604 3668 5675 contingere,
