3972 6052
367 128 477 181 917

1674 122 2031 178 EPISTOLlE
2070 121 2411 191 QUINQUE.

3574 124 3676 177 9l8

371 250 622 321 qualibus
652 249 780 305 dicit
836 249 1116 320 apostolus
1171 250 1444 304 Jacobus:
1478 250 1666 305 Miseri
1687 254 1882 315 estote,
1916 252 2045 310 οιΑ
2072 248 2197 301 lutis
2228 255 2458 303 aeternae.
2486 247 2658 301 Aliter
2693 265 2704 301 :
2741 248 2847 301 Fac
2878 262 2992 312 eos,
3015 246 3264 316 Domine,
3296 247 3493 319 dignos
3549 262 3650 316 pro

379 340 583 410 lugete,
617 343 673 394 et
702 339 947 410 plorate.
981 340 1143 394 Risus
1188 342 1372 394 vester
1398 339 1462 393 in
1497 340 1714 393 luctum
1741 354 1974 393 conver-

372 431 553 493 tatur,
591 431 647 483 et
668 426 940 498 gaudium
962 426 1027 481 in
1052 442 1369 483 maerorem.
1404 427 1547 498 (Jac.
1582 442 1657 489 IV,
1691 429 1766 497 9).

764 535 839 588 De
872 534 1139 605 lacrymis
1166 536 1576 605 per/actorum.

440 638 545 693 Alii
576 653 725 704 vero,
759 652 882 694 cum
908 639 1023 706 jam
1051 638 1104 692 in
1139 639 1222 693 via
1257 639 1376 705 Dei,
1410 646 1463 694 et
1511 637 1889 711 intelligentia,
1923 646 1975 692 et

369 726 686 798 operatione
742 724 1011 797 proiicere
1066 728 1349 797 coeperint,
1408 727 1672 781 mirantur
1707 744 1767 782 se
1796 725 1974 780 nullas

371 822 466 869 aut
494 830 642 869 raras
670 830 772 885 pro
819 815 1061 884 peccatis
1092 814 1296 870 habere
1355 816 1648 887 lacrymas,
1684 816 1780 869 sed
1808 822 1977 869 tenta-

372 902 629 968 tionibus,
661 910 715 958 et
744 902 1052 957 inﬁrmitate
1102 904 1491 973 praepediente,
1525 913 1581 958 ut
1611 904 1788 957 minus
1840 919 1973 972 pos-

374 990 478 1044 sint
506 990 734 1061 implere
765 990 912 1061 quod
941 990 1265 1062 intelligunt,
1300 999 1488 1046 contra
1520 992 1744 1046 easdem
1773 978 1826 1045 et
1855 998 1975 1045 ten-

372 1079 607 1133 tationes
638 1084 691 1133 et
711 1077 1079 1133 inﬁrmitatem
1130 1095 1303 1143 suam,
1355 1080 1610 1133 attentius
1642 1088 1802 1150 atque
1858 1079 1971 1133 fer-

369 1165 581 1221 ventius
610 1174 789 1231 orant,
821 1173 881 1220 ut
909 1182 1010 1237 per
1067 1166 1327 1221 auxilium
1358 1167 1549 1239 gratim
1580 1168 1680 1222 Dei
1710 1175 1762 1221 et
1792 1173 1969 1221 tenta-

368 1254 573 1309 tionum
604 1253 888 1310 conﬂictus
928 1262 1237 1326 superetur,
1291 1263 1345 1309 et
1394 1254 1750 1327 intelligentia
1798 1255 1974 1327 magis

368 1357 431 1397 ac
469 1342 649 1414 magis
680 1341 1033 1409 illuminetur,
1069 1350 1122 1397 et
1138 1342 1421 1397 infirmitas
1443 1344 1743 1398 roboretur.
1776 1344 1856 1398 De
1888 1352 1971 1397 ta-

368 1430 509 1484 libus
541 1429 800 1500 scriptum
832 1439 916 1485 est
948 1449 961 1485 :
993 1432 1154 1487 Beati
1198 1433 1295 1503 qui
1352 1433 1620 1486 esuriunt
1674 1435 1732 1486 et
1760 1433 1973 1487 sitiunt

358 1519 675 1588 justitiam,
700 1519 968 1591 quoniam
998 1521 1108 1590 ipsi
1126 1519 1548 1574 saturabuntur
1567 1520 1788 1588 (Matth.
1816 1535 1871 1587 v,
1893 1522 1968 1589 6).

612 1624 687 1679 De
718 1624 807 1679 his
838 1624 933 1696 qui
960 1624 1203 1695 cupiunt
1246 1640 1366 1680 esse
1392 1640 1522 1679 cum
1558 1625 1795 1679 Christo.

437 1728 620 1800 Aliqui
650 1735 827 1783 autem
848 1729 961 1797 jam
994 1730 1262 1799 superatis
1318 1729 1728 1797 tentationibus,
1762 1731 1831 1785 ad
1861 1730 1967 1785 im-

367 1817 564 1888 plenda
597 1833 717 1888 quae
769 1816 1098 1889 intelligunt,
1132 1816 1406 1873 eﬂicacius
1462 1834 1562 1889 per
1602 1818 1703 1873 Dei
1736 1819 1969 1891 gratiam

368 1905 831 1972 convalescentes,
865 1920 1067 1977 magno
1124 1913 1261 1960 aestu
1317 1906 1557 1961 ardentis
1614 1907 1871 1961 desiderii
1900 1908 1968 1961 ad

368 2001 575 2049 aaterna
632 1993 944 2063 suspirant,
997 2000 1158 2064 atque
1206 1993 1506 2049 incolatum
1552 2011 1709 2049 suum
1766 1995 1968 2049 diutius

366 2081 679 2152 prolongari
737 2081 1185 2154 ingemiscentes,
1219 2080 1451 2137 dissolvi
1483 2082 1727 2153 cupiunt,
1762 2091 1813 2138 et
1843 2100 1966 2139 esse

368 2184 491 2225 cum
520 2169 754 2224 Christo.
788 2171 995 2224 Horum
1026 2185 1131 2226 vox
1182 2177 1264 2224 est
1300 2188 1313 2223 :
1353 2171 1833 2238 Quemadmodum
1864 2174 1966 2228 de-

364 2258 576 2313 siderat
624 2273 820 2313 cervus
869 2258 941 2313 ad
997 2260 1183 2328 fontes
1231 2275 1531 2330 aquarum,
1565 2260 1649 2313 ita
1682 2261 1965 2316 desiderat

368 2347 565 2401 anima
594 2361 719 2400 mea
750 2346 821 2400 ad
854 2349 908 2401 te
934 2347 1079 2401 Deus
1110 2347 1293 2416 (Psal.
1334 2360 1448 2412 xu,
1482 2347 1559 2417 2),
1583 2355 1655 2412 et,
1687 2349 1864 2415 Quam
1887 2348 1964 2403 di-

370 2434 516 2489 lecta
573 2434 945 2489 tabernacula
996 2438 1113 2498 tua,
1167 2434 1402 2489 Domine
1457 2435 1741 2490 virtutum
1785 2437 1959 2505 (Psal.

366 2535 604 2589 Lxxxm,
627 2523 704 2591 2),
737 2529 843 2576 etc.
876 2520 942 2574 Hi
971 2528 1095 2575 sunt
1140 2536 1275 2593 ergo
1306 2528 1415 2576 tres
1443 2521 1667 2594 gradus,
1703 2522 1965 2594 incipien-

366 2610 516 2675 tium,
569 2607 988 2680 proﬁcientium,
1028 2616 1081 2664 et
1108 2609 1498 2679 perfectorum.

737 2716 877 2771 Item
904 2716 1056 2771 alius
1084 2715 1281 2771 modus
1320 2716 1542 2773 orandi.

438 2820 747 2877 Invenimus
793 2830 973 2877 autem
1020 2822 1075 2875 in
1134 2822 1429 2893 Scripturis
1487 2830 1538 2878 et
1585 2823 1720 2877 alios
1772 2824 1967 2878 modos

366 2910 573 2977 orandi,
610 2910 806 2982 quibus
836 2911 937 2965 etsi
968 2925 1034 2965 ea
1055 2926 1175 2982 quae
1207 2926 1372 2980 supra
1392 2910 1567 2981 posita
1596 2920 1722 2965 sunt
1757 2927 1963 2983 nequa-

370 3014 531 3069 quam
562 2997 811 3053 distincte
838 3005 1110 3068 petantur,
1145 2998 1328 3052 omnia
1358 3006 1557 3065 tamen,
1592 3016 1714 3069 quae
1761 3000 1827 3053 ad
1868 3015 1960 3054 sa-

368 3086 537 3141 lutem
570 3085 884 3156 expediunt,
918 3086 1304 3156 compendiosa
1344 3086 1588 3141 oratione
1618 3087 1728 3157 peti
1758 3087 1962 3141 intelli-

332 3162 337 3167 ’
367 3182 589 3246 guntur,
615 3181 672 3227 ut
694 3181 776 3228 est
797 3173 929 3227 illud
964 3188 976 3226 :
997 3176 1125 3229 Fiat
1144 3174 1537 3230 misericordia
1557 3178 1678 3239 tua,
1704 3176 1960 3241 Domine,

368 3277 539 3334 super
564 3278 686 3331 nos,
720 3261 1191 3333 quemadmodum
1210 3264 1561 3335 speravimus
1592 3265 1656 3318 in
1698 3267 1750 3318 te
1783 3264 1960 3333 (Psal.

368 3364 566 3416 χχιιι,
610 3351 739 3419 22);
775 3357 827 3405 et
860 3365 872 3403 :
907 3351 1164 3407 Miserere
1190 3352 1303 3406 mei
1333 3351 1646 3406 secundum
1678 3353 1965 3423 eloquium

371 3443 531 3495 tuum
545 3438 720 3509 (Psal.
742 3452 935 3503 cxvm,
963 3440 1074 3509 58);
1092 3445 1143 3493 et
1169 3456 1182 3493 :
1203 3440 1307 3494 Fac
1328 3454 1457 3494 cum
1476 3454 1633 3494 servo
1654 3442 1750 3495 tuo
1770 3455 1964 3495 secun-

370 3526 504 3582 dum
524 3526 972 3582 misericordiam
994 3531 1150 3582 tuam
1166 3527 1321 3596 (ibid.
1333 3566 1347 3595 ,
1360 3527 1472 3597 2t);
1489 3534 1542 3581 et
1558 3541 1570 3579 :
1586 3527 1841 3583 Miserere
1855 3529 1966 3581 mei

370 3615 679 3670 secundum
682 3614 970 3684 judicium
981 3615 1346 3686 diligentiam
1367 3630 1573 3672 nomen
1600 3617 1765 3670 tuum
1778 3615 1962 3684 (ibid.,

372 3702 516 3771 132).
548 3702 703 3756 Juxta
748 3702 893 3757 hunc
921 3717 1056 3772 ergo
1112 3701 1335 3757 modum
1392 3718 1681 3772 possumus
1713 3718 1814 3773 pro
1846 3702 1966 3757 aliis

373 3789 699 3860 quibuslibet
742 3796 961 3845 orantes
990 3790 1064 3844 ita
1094 3790 1295 3845 dicere.
1329 3790 1434 3845 Fac
1463 3806 1578 3859 eos,
1612 3790 1861 3858 Domine,
1896 3791 1967 3845 ita

370 3876 427 3930 in
450 3877 659 3945 justitia
699 3891 966 3948 apparere
1023 3877 1343 3949 conSpectui
1376 3885 1487 3943 tuo,
1543 3886 1600 3932 ut
1627 3878 1815 3933 satiari
1845 3895 1963 3934 me-

371 3973 592 4020 reantur
622 3980 747 4020 cum
778 3965 1089 4037 apparuerit
1118 3965 1296 4038 gloria
1315 3974 1421 4021 tua.
1455 3965 1554 4021 Vel
1582 3965 1683 4022 ita.
1716 3966 1821 4022 Fac
1849 3982 1962 4033 eos,

378 4053 631 4120 Domine,
664 4053 955 4125 participes
995 4054 1239 4109 omnium
1270 4054 1568 4109 timentium
1598 4062 1669 4124 te,
1703 4062 1758 4109 et
1786 4064 1966 4111 custo-

372 4140 632 4196 dientium
664 4142 911 4196 mandata
932 4148 1042 4197 tua.
1064 4141 1162 4198 Vel
1190 4140 1285 4196 ita.
1310 4140 1415 4197 Fac
1436 4157 1559 4197 cum
1580 4142 1678 4211 eis,
1712 4142 1963 4211 Domine,

373 4230 672 4285 secundum
724 4229 1157 4285 misericordiam
1200 4237 1367 4295 tuam,
1421 4230 1558 4285 sicut
1579 4237 1636 4284 tu
1663 4239 1855 4299 potens
1906 4246 1965 4285 es

2077 334 2427 390 missionibus
2458 335 2581 391 vita:
2611 352 2733 407 quae
2764 351 2910 391 nunc
2939 344 3039 405 est,
3082 343 3134 390 et
3161 344 3399 391 mternae.
3440 335 3535 390 Vel
3557 335 3635 390 sic
3661 354 3673 389 :

2080 422 2185 478 Fac
2206 440 2301 478 eos
2324 424 2399 477 sic
2422 424 2653 478 transire
2670 440 2767 494 per
2786 423 2929 478 bona
2953 423 3294 494 temporalia,
3313 431 3370 477 ut
3390 438 3497 478 non
3525 423 3681 478 amit-

2076 518 2192 565 tant
2221 519 2425 566 aeterna
2450 531 2463 579 ;
2496 512 2641 583 quod
2672 512 2846 585 magis
2880 511 3093 567 videtur
3121 528 3222 583 pro
3250 512 3335 565 his
3357 527 3479 567 esse
3509 527 3673 567 oran-

2075 600 2225 665 dum,
2259 602 2348 671 qui
2379 601 2432 654 in
2482 600 2724 656 smculari
2765 602 2972 673 degunt
3001 601 3437 657 conversatione.
3490 603 3667 672 Atque

2075 687 2207 742 illud
2247 706 2260 742 :
2292 690 2399 743 Fac
2430 705 2545 755 eos,
2570 688 2820 756 Domine,
2850 691 2923 743 ita
2971 689 3379 755 misericordes,
3414 696 3473 743 ut
3501 688 3671 743 mise-

2075 776 2364 831 ricordiam
2410 785 2836 849 consequantur.
2890 779 2989 832 Pro
3054 778 3121 831 iis
3179 793 3312 832 vero
3362 777 3454 849 qui
3484 777 3671 849 perfe-

2074 865 2245 920 ctiora
2274 873 2570 930 sectantur,
2604 874 2663 920 ut
2692 866 2764 920 ita
2794 864 2925 920 fiant
2953 881 3224 937 pauperes
3255 866 3447 937 spiritu
3476 874 3673 939 quate-

2075 970 2175 1007 nus
2205 970 2436 1025 regnum
2466 953 2728 1009 coelorum
2756 954 3073 1025 possideant
3097 974 3111 1021 ;
3143 955 3224 1010 sic
3252 954 3432 1025 mites,
3469 963 3527 1010 ut
3555 963 3671 1011 ter-

2074 1058 2193 1095 ram
2223 1042 2519 1098 viventium
2557 1042 2843 1114 possidere
2902 1052 3246 1109 mereantur;
3280 1043 3360 1099 sic
3388 1044 3661 1116 lugentes,

2074 1138 2130 1184 ut
2160 1130 2590 1187 consolationem
2620 1140 2936 1186 mereantur
2980 1140 3240 1188 aeternam
3264 1152 3277 1199 ;
3311 1131 3389 1187 sic
3419 1132 3671 1187 esurien-

2074 1227 2156 1273 tes
2197 1226 2250 1272 et
2282 1219 2528 1275 sitientes
2551 1220 2832 1288 justitiam,
2864 1227 2919 1274 ut
2942 1220 3240 1275 satietatem
3283 1219 3669 1291 repromissam

2074 1306 2391 1372 obtineant;
2424 1308 2502 1363 sic
2556 1308 2717 1362 etiam
2745 1308 3151 1373 mundicordes,
3175 1317 3230 1363 ut
3259 1310 3433 1364 Deum
3464 1308 3667 1374 videre,

2074 1394 2153 1449 sic
2183 1394 2417 1465 pacifici,
2446 1404 2503 1449 ut
2523 1394 2620 1450 lilii
2649 1397 2748 1451 Dei
2771 1412 2893 1451 esse
2914 1406 3241 1453 mereantur.
3274 1397 3362 1452 Sic
3382 1398 3449 1451 de
3472 1397 3671 1452 virtute

2072 1481 2127 1535 in
2156 1483 2406 1538 virtutem
2436 1484 2765 1539 ambulando
2795 1484 3101 1555 proﬁciant,
3137 1493 3193 1539 ut
3249 1487 3318 1539 ad
3375 1486 3667 1540 videndum

1998 1604 2052 1663 B
2075 1572 2245 1626 Deum
2277 1571 2506 1627 deorum
2541 1573 2596 1626 in
2618 1573 2749 1629 Sion
2788 1573 3125 1645 perveniant.

2146 1677 2295 1745 Quod
2324 1680 2399 1734 sit
2430 1680 2704 1735 orandum
2732 1697 2835 1751 pro
2878 1681 3134 1751 praelatis
3166 1681 3554 1736 ecclesiarum.

2148 1783 2429 1840 Orandum
2460 1793 2542 1840 est
2570 1794 2749 1841 autem
2803 1802 2905 1856 pro
2948 1786 3219 1840 universis
3262 1786 3525 1841 Ecclesia:
3572 1802 3667 1841 re-

2070 1872 2331 1942 ctoribus,
2357 1882 2622 1945 quatenus
2650 1874 2729 1931 sic
2749 1882 2915 1946 agant
2944 1890 3135 1929 curam
3165 1875 3403 1946 suscepti
3435 1876 3665 1947 regimi-

2067 1962 2173 2028 nis,
2202 1971 2261 2016 ut
2282 1978 2457 2033 suam,
2483 1971 2534 2017 et
2556 1964 2893 2018 subditorum
2915 1964 3143 2019 salutem
3174 1970 3389 2034 operari
3409 1980 3664 2019 merean-

2068 2058 2170 2105 tur.
2196 2051 2299 2104 Pro
2330 2050 2653 2122 quibuslibet
2684 2052 2769 2106 vel
2828 2052 2881 2105 in
2931 2060 3117 2107 nostro
3161 2053 3461 2122 proposito,
3498 2054 3583 2107 vel
3612 2054 3667 2107 in

2068 2138 2311 2209 qualibet
2361 2147 2549 2195 sancta
2577 2140 2987 2195 conversatione
3016 2141 3357 2210 degentibus,
3386 2148 3444 2195 ut
3473 2141 3529 2195 in
3561 2156 3664 2197 vo-

2074 2226 2286 2281 catione
2317 2242 2425 2297 qua
2452 2226 2630 2282 vocati
2661 2235 2800 2293 sunt,
2836 2228 2999 2299 digne
3028 2228 3308 2283 ambulare
3339 2236 3664 2284 mereantur.

2069 2315 2171 2369 Pro
2200 2314 2471 2369 universis
2494 2314 2758 2370 Ecclesia:
2803 2316 3083 2387 gradibus,
3117 2324 3173 2370 ut
3204 2316 3256 2370 in
3289 2317 3368 2371 eis
3398 2317 3664 2372 Dominus

2067 2402 2293 2458 famulos
2324 2419 2452 2457 suos
2486 2412 2537 2459 et
2566 2420 2796 2458 numero
2826 2413 2880 2459 et
2908 2404 3099 2459 merito
3139 2420 3343 2475 augere
3390 2405 3662 2476 dignetur,

2068 2500 2229 2562 atque
2259 2499 2316 2544 ut
2344 2492 2643 2546 secundum
2676 2492 2891 2547 divitias
2921 2492 3112 2563 gratiae
3142 2509 3272 2558 sum,
3323 2494 3462 2548 bene
3495 2494 3550 2547 in
3584 2494 3664 2549 eis

2065 2579 2404 2634 ambulantes
2435 2580 2505 2634 ad
2556 2580 2779 2634 meliora
2830 2589 3182 2651 promoveat;
3218 2590 3463 2636 errantes
3506 2598 3656 2651 vero,

2064 2668 2133 2721 ad
2164 2668 2305 2721 viam
2336 2668 2575 2722 veritatis
2605 2668 2850 2724 reducat.
2894 2670 2996 2723 Pro
3044 2669 3128 2723 his
3159 2685 3287 2723 vero
3318 2670 3410 2741 qui
3440 2670 3496 2723 in
3526 2686 3663 2741 qua-

2064 2755 2215 2821 libet,
2250 2755 2336 2811 vel
2384 2756 2632 2827 spiritali,
2666 2757 2753 2812 vel
2797 2757 3070 2827 corporali
3128 2757 3471 2812 tribulatione
3500 2757 3661 2829 positi

2068 2851 2193 2897 sunt
2218 2862 2232 2907 ;
2263 2851 2320 2898 ut
2350 2860 2541 2898 omnes
2571 2844 2674 2898 sibi
2694 2843 2747 2897 in
2770 2844 3185 2900 necessitatibus
3209 2846 3320 2899 suis
3340 2845 3660 2901 misericor-

1990 2955 2036 3015 Ο
2068 2932 2211 2994 diam
2240 2932 2456 2986 Domini
2477 2932 2671 2987 adesse
2702 2933 2972 2999 sentiant;
3005 2934 3089 2988 vel
3118 2933 3194 2988 ita
3227 2951 3239 2988 :
3274 2935 3342 2989 Ut
3363 2935 3662 2990 secundum

2066 3020 2279 3074 divitias
2308 3020 2498 3091 gratim
2530 3036 2643 3075 sum
2680 3022 2946 3075 Dominus
2973 3021 3229 3077 universa
3257 3021 3338 3076 eis
3360 3023 3663 3077 adversan-

2066 3108 2135 3161 tia
2166 3108 2487 3178 propitiatus
2504 3107 2773 3175 excludat,
2797 3117 2850 3163 et
2866 3109 3044 3163 omnia
3068 3109 3351 3180 profutura
3373 3111 3657 3166 concedat.

2068 3196 2171 3249 Pro
2202 3196 2286 3249 his
2316 3195 2407 3266 qui
2428 3197 2483 3249 in
2510 3198 2751 3252 bmreses
2780 3197 2868 3252 vel
2898 3198 3190 3252 schismata
3254 3198 3390 3269 lapsi
3432 3206 3575 3265 sunt,
3600 3206 3658 3253 ut

2065 3283 2132 3337 ad
2164 3284 2304 3337 viam
2354 3284 2594 3339 veritatis
2656 3285 3004 3340 reducantur.
3068 3287 3170 3341 Pro
3210 3285 3540 3356 infidelibus,
3600 3295 3659 3341 ut

2066 3372 2133 3425 ad
2176 3379 2381 3426 sortem
2437 3378 2489 3426 et
2548 3371 2862 3427 societatem
2919 3373 3217 3429 electorum
3261 3375 3652 3445 perducantur.

2065 3459 2216 3515 Sicut
2256 3468 2438 3515 autem
2486 3476 2586 3531 pro
2617 3460 2984 3531 adipiscendis
3013 3461 3293 3518 beneﬁciis
3313 3463 3511 3518 divinis
3528 3478 3660 3518 ora-

2068 3548 2141 3601 tio
2173 3556 2254 3602 est
2298 3548 2591 3615 iundenda,
2649 3564 2748 3619 pro
2798 3549 3007 3620 adeptis
3056 3558 3137 3604 est
3165 3551 3462 3622 gratiarum
3520 3552 3661 3607 actio

2070 3635 2314 3691 facienda
2349 3654 2361 3690 :
2395 3637 2464 3691 de
2494 3654 2598 3708 qua
2627 3637 2911 3708 operosius
2943 3637 3262 3705 scriberem,
3286 3639 3390 3693 nisi
3421 3655 3542 3709 quae
3573 3656 3667 3694 su-

2068 3740 2165 3794 pra
2200 3724 2378 3795 posita
2407 3733 2531 3780 sunt
2576 3725 2797 3779 nimiam
2852 3725 3010 3781 etiam
3068 3726 3269 3781 habere
3297 3726 3659 3797 prolixitatem

2069 3813 2404 3868 viderentur.

2140 3902 2268 3957 Haec
2297 3909 2497 3972 autem,
2529 3918 2650 3974 qua:
2680 3902 2775 3957 tibi
2806 3918 3025 3974 quoquo
3052 3903 3214 3959 modo
3254 3918 3415 3958 manu
3446 3903 3661 3959 accele-

2068 3996 2217 4043 rante
2250 3989 2491 4055 exaravi,
2524 3998 2782 4062 quantum
2810 3991 2905 4045 tibi
2937 3990 3221 4061 profutura
3251 3991 3357 4045 sint
3386 3991 3659 4059 nesciens,

2069 4077 2173 4131 hoc
2203 4086 2351 4131 certe
2382 4078 2518 4145 scio,
2543 4085 2596 4133 et
2624 4085 2676 4133 te
2703 4079 3008 4134 certissime
3039 4080 3178 4135 scire
3194 4078 3339 4150 volo,
3372 4095 3460 4135 me
3491 4095 3665 4151 quan-

2070 4172 2183 4218 tum
2203 4165 2466 4219 Dominus
2495 4165 2663 4231 dedit,
2724 4167 2997 4222 desiderio
3052 4175 3147 4222 tuo
3197 4166 3515 4223 satisfacere
3564 4184 3664 4223 cu-

2071 4267 2247 4308 rasse.
2282 4252 2418 4321 Quae
2447 4254 2494 4308 si
2522 4254 2618 4308 tibi
2645 4255 2793 4309 utilia
2824 4272 2945 4310 esse
2976 4271 3313 4326 cognoscere
3334 4263 3545 4326 potero,
3580 4256 3664 4310 la-

370 4316 1128 4414 superabundanterfacereL
1142 4332 1305 4414 qnam
1333 4332 1432 4372 I108
1463 4325 1667 4388 petere,
1699 4325 1787 4414 ἔξω
1815 4318 1970 4414 ξηιίθ1⁶
1991 4306 2042 4364 D
2075 4339 2222 4395 boris
2248 4306 2357 4395 ηιἘὶ
2387 4343 2893 4412 compensationem
2919 4306 3362 4414 apudDChristun;
3402 4344 3508 4398 tuis
3534 4306 3663 4398 bra-

372 4404 567 4477 ligere.
594 4404 691 4460 Vel
713 4405 788 4460 ita
823 4421 835 4459 :
868 4407 945 4459 Da
969 4405 1068 4474 eis,
1090 4405 1338 4471 Domine,
1364 4421 1615 4477 regnum,
1641 4414 1693 4460 et
1709 4406 1969 4474 justitiam

374 4500 537 4547 tuam.
571 4493 670 4547 Vel
701 4493 773 4547 ita
811 4509 824 4547 :
868 4493 952 4548 Ea
981 4492 1312 4548 abundantia
1360 4492 1574 4563 pietatis
1619 4500 1751 4559 tuas,
1785 4510 1888 4565 qua
1919 4502 1974 4549 et

374 4581 569 4635 merita
614 4580 920 4652 supplicum
971 4580 1191 4636 excedis
1249 4588 1301 4636 et
1350 4589 1493 4646 vota,
1544 4581 1630 4637 fac
1658 4598 1753 4637 eos
1812 4582 1885 4637 ita
1915 4583 1971 4636 in

372 4668 716 4739 beneplacito
736 4677 829 4723 tuo
850 4669 1151 4734 ambulare,
1174 4676 1233 4723 ut
1255 4669 1350 4723 tibi
1379 4669 1631 4740 placeant
1661 4670 1716 4724 in
1744 4671 1972 4743 regione

372 4757 641 4812 vivorum.
677 4757 775 4812 Vel
805 4757 875 4812 ita
901 4775 914 4811 :
940 4757 1126 4827 Dirige
1157 4772 1252 4813 eos
1283 4757 1336 4811 in
1380 4758 1575 4813 semita
1613 4766 1779 4825 recta,
1814 4759 1884 4812 ita
1915 4767 1974 4813 ut

374 4853 685 4901 mereantur
716 4846 900 4901 videre
933 4846 1079 4901 bona
1130 4845 1345 4901 Domini
1376 4846 1431 4899 in
1479 4854 1623 4901 terra
1652 4847 1967 4902 viventium.

374 4932 473 4987 Vel
496 4933 575 4988 sic
610 4948 621 4985 :
654 4934 879 4988 lnstitue
912 4948 1027 4998 eos,
1061 4933 1312 4998 Domine,
1333 4934 1387 4987 in
1418 4950 1480 4988 ea
1510 4933 1777 4989 soliditate
1796 4935 1969 4991 dilec-

372 5020 535 5074 tionis
564 5028 689 5086 tuas,
731 5028 790 5075 ut
817 5037 994 5091 neque
1029 5036 1197 5087 mors,
1221 5037 1400 5093 neque
1431 5023 1557 5088 vita,
1592 5038 1770 5093 neque
1809 5039 1970 5078 crea-

375 5115 512 5175 tura,
538 5124 715 5179 neque
737 5109 957 5164 tentatio
977 5109 1161 5180 aliqua
1180 5110 1351 5180 possit
1373 5125 1466 5165 eos
1489 5126 1746 5181 separare
1770 5126 1803 5165 a
1824 5120 1893 5181 te,
1919 5120 1973 5165 et

375 5212 404 5250 a
426 5196 685 5251 charitate
716 5198 939 5266 tua.;Vel
970 5197 1073 5251 ita:
1107 5198 1187 5252 Da
1216 5198 1314 5263 eis,
1341 5199 1590 5265 Domine,
1609 5206 1666 5253 ut
1697 5206 1746 5254 et
1776 5208 1828 5253 te
1859 5208 1971 5255 toto

376 5284 544 5339 corde
574 5284 904 5355 perquirant,
952 5292 1005 5340 et
1051 5302 1173 5357 qua:
1204 5286 1301 5339 tibi
1349 5286 1541 5355 placita
1574 5294 1717 5351 sunt,
1749 5294 1856 5341 tota
1889 5288 1971 5342 di-

377 5372 608 5427 lectione
665 5372 969 5443 perﬁciant.
1032 5374 1130 5429 Vel
1180 5374 1304 5429 sic:
1338 5374 1522 5445 Dirige
1570 5391 1685 5441 eos,
1719 5374 1965 5443 Domine,

381 5461 682 5517 secundum
711 5462 1114 5535 beneplacitum
1149 5464 1440 5520 voluntatis
1470 5471 1590 5532 tuae,
1626 5464 1680 5518 in
1702 5464 1845 5521 viam
1875 5480 1970 5521 sa-

2072 4428 2307 4484 tionibus
2337 4446 2425 4484 me
2469 4438 2819 4501 recepturum
2852 4433 3082 4502 sperabo
3107 4452 3121 4499 ;
3174 4433 3267 4503 qui
3296 4449 3398 4503 per
3427 4433 3665 4503 Aposto-

2071 4518 2184 4572 lum
2214 4535 2372 4573 suum
2394 4519 2550 4587 jubet
2577 4526 2632 4573 ut
2659 4536 2763 4591 per
2801 4521 3142 4576 charitatem
3170 4524 3480 4576 serviamus
3510 4522 3666 4577 invi—

2072 4623 2191 4663 cem
2221 4606 2374 4677 (Gal.
2442 4622 2497 4673 v,
2555 4608 2674 4677 93).
2740 4607 2958 4662 Fratres
2989 4624 3180 4663 omnes
3237 4625 3337 4679 per
3366 4616 3418 4663 te
3448 4608 3661 4663 nomine

2072 4710 2195 4749 meo
2225 4694 2444 4748 salutari
2476 4695 2749 4764 desidero,
2781 4711 2889 4750 non
2911 4711 3101 4751 omnes
3132 4696 3311 4764 simul,
3347 4698 3445 4751 sed
3476 4697 3659 4751 nomi-

2073 4783 2229 4836 nibus
2251 4783 2364 4836 suis
2394 4782 2676 4855 singulos;
2710 4798 2938 4855 quorum
2968 4784 3300 4839 orationibus
3329 4793 3382 4839 et
3429 4784 3534 4839 tuis
3561 4786 3665 4839 ad-

2066 4871 2246 4937 juvari
2277 4879 2531 4942 quantum
2563 4872 2861 4944 indigeam,
2885 4888 2986 4927 nec
3017 4889 3262 4943 prmsens
3282 4874 3411 4927 satis
3429 4874 3667 4930 indicare

2071 4960 2240 5029 potui,
2275 4976 2375 5016 nec
2422 4960 2620 5015 absens
2650 4960 2899 5016 intimare
2929 4961 3167 5016 sufficio.

2576 5084 2994 5140 EPISTOLA
3032 5086 3155 5140 ΙΙΙ.

2691 5187 2763 5227 ΔΙ)
2802 5188 3092 5228 HUGONEM.

2073 5278 2147 5332 De
2167 5278 2326 5333 modo
2344 5279 2635 5343 orandi,ac
2654 5281 2972 5351 prtesertim
2989 5280 3055 5336 de
3074 5282 3394 5351 gratiarum
3416 5283 3661 5337 actione.

2142 5375 2508 5432 Dilectissimo
2553 5393 2652 5431 suo
2682 5376 2836 5433 fratri
2885 5379 3127 5445 HUGONI,
3179 5378 3342 5433 frater
3364 5377 3418 5432 in
3446 5378 3665 5435 domino

2073 5464 2322 5520 salutem.
