3972 6052
343 160 352 166 .
437 204 540 257 919

1385 195 1680 254 JOANNIS
1719 195 1966 252 CARTH.
2011 191 2389 254 PORTARUM
2428 194 2774 252 MONACHI.

3632 164 3739 255 9‘20

510 323 719 396 Scripsi
747 323 1039 396 aliquando
1068 322 1355 393 epistolam
1404 322 1472 377 de
1522 322 1687 376 modo
1716 320 1931 389 orandi,
1964 319 2031 373 ad
2059 320 2116 379 A
2207 319 2365 387 Quod
2393 335 2526 393 ergo
2554 320 2611 374 in
2639 320 2745 376 fine
2792 320 2937 376 illius
2968 321 3212 392 epistolas
3253 290 3382 389 dixi,
3414 323 3519 378 hoc
3546 322 3601 376 in
3630 323 3735 376 bu-

437 412 663 469 fratrem
691 412 994 479 Latoldum,
1029 427 1151 467 cum
1181 412 1284 465 hoc
1312 410 1403 464 ille
1459 424 1491 464 a
1546 426 1633 464 me
1683 407 2033 491 devotissime
2128 406 2216 475 jus
2245 407 2527 478 principiis
2547 417 2774 479 repeto;
2807 409 2936 480 quia
2965 408 3216 465 videlicet
3258 410 3397 465 sicut
3424 425 3524 481 pro
3552 410 3736 481 impe-

440 501 786 575 ﬂagitasset:
827 501 919 556 ubi
976 501 1263 569 cumjuxta
1317 499 1546 553 formam
1607 497 1802 553 orandi
1831 499 1897 552 de
1927 513 2035 568 qua
2132 496 2338 549 trandis
2368 496 2648 552 beneficiis
2694 497 2894 552 divinis
2938 513 3132 567 preces
3190 498 3482 565 fundimus,
3516 498 3588 552 ita
3628 514 3734 569 pro

443 591 694 663 agebam,
728 597 840 645 tres
870 590 937 643 ad
966 591 1197 653 Patrem,
1232 596 1284 642 et
1314 589 1450 641 duas
1483 589 1548 640 ad
1610 585 1801 641 Filium
1832 586 2033 640 oralio-

439 695 540 734 nes
583 679 816 748 exempli
846 679 1013 749 gratia
1037 677 1360 747 posuissem,
1397 677 1616 746 quando
1638 675 1781 731 venit
1805 674 2032 744 epistola

440 767 535 822 illa
563 766 619 821 in
647 783 839 821 manus
868 775 1007 831 tuas,
1060 765 1447 819 instantissime
1479 764 1779 833 postulasti,
1823 771 1877 816 ut
1928 763 2032 817 ali-

441 871 579 927 quas
608 855 769 910 etiam
799 855 1074 910 orationes
1103 854 1460 922 adjiceremus
1491 853 1557 906 ad
1585 867 1877 922 personam
1906 851 2031 921 Spi-

441 944 577 998 ritus
616 943 786 999 sancti
841 942 1146 1013 specialiter
1202 942 1557 1011 pertinentes.
1610 938 1868 1006 Quamvis
1899 955 2033 1010 ergo

438 1031 620 1097 Pater,
643 1038 697 1086 et
725 1030 893 1086 Filius
924 1037 976 1084 et
997 1029 1228 1100 Spiritus
1251 1036 1487 1094 sanctus,
1510 1029 1647 1083 sicut
1668 1034 1793 1089 sunt
1816 1027 2034 1096 insepa—

440 1118 661 1183 rabiles,
695 1117 770 1172 ita
799 1118 960 1173 etiam
982 1116 1416 1187 inseparabiliter
1437 1123 1746 1186 operentur,
1782 1123 1836 1170 et
1870 1114 2032 1185 quid—

439 1206 568 1277 quid
598 1206 691 1260 dat
719 1207 877 1261 Pater
903 1205 988 1261 vel
1018 1204 1201 1271 Filius,
1234 1205 1326 1259 det
1373 1220 1590 1275 quoque
1642 1203 1872 1273 Spiritus
1904 1218 2032 1256 san-

440 1301 579 1363 ctus,
632 1293 990 1364 acquiescens
1045 1302 1223 1347 tamen
1255 1292 1501 1363 petitioni
1551 1299 1687 1358 tuae,
1735 1290 2032 1360 praemissis

443 1381 778 1438 orationibus
845 1381 1053 1449 subjeci
1118 1381 1256 1435 duas
1322 1380 1389 1434 ad
1445 1379 1701 1449 Spiritum
1760 1386 2031 1447 sanctum,

442 1478 495 1526 et
550 1469 766 1525 tertiam
816 1469 887 1524 ad
944 1476 1187 1524 sanctam
1244 1468 1578 1523 Trinitatem.
1660 1467 1853 1522 Postea
1902 1482 2033 1521 vero

440 1574 565 1615 cum
595 1556 1076 1613 animadvertisses
1108 1556 1162 1610 in
1193 1556 1342 1612 calce
1373 1556 1615 1625 ejusdem
1645 1554 1888 1626 epistolae
1914 1570 2036 1626 gra-

2134 585 2340 653 arlwptis
2389 585 2677 655 gratiarum
2732 585 3068 656 agendarum
3101 586 3378 640 debitores
3428 602 3635 640 sumus.
3668 586 3728 639 Si

2134 674 2295 725 homo
2329 673 2554 742 quilibet
2581 674 2733 727 alteri
2780 673 2985 728 homini
3012 690 3042 727 a
3074 690 3181 744 quo
3231 673 3489 740 beneficia
3519 675 3729 739 habuit,

2135 761 2382 833 ingratus
2407 762 2620 828 existat,
2656 762 2775 833 quis
2805 779 2914 817 non
2944 764 3049 818 hoc
3067 762 3272 840 malum
3288 761 3510 831 judicet,
3544 771 3596 816 et
3628 763 3733 816 ini-

2136 866 2302 919 quum
2325 851 2352 903 ‘?
2383 849 2437 903 Si
2469 866 2603 920 ergo
2631 850 2835 904 malum
2887 860 2969 905 est
3013 851 3287 923 ingratum
3346 865 3468 905 esse
3498 851 3728 915 homini,

2136 945 2333 1008 quanto
2381 938 2558 1011 magis
2615 939 2778 994 Deo?
2808 938 3094 1007 Quomodo
3154 947 3332 993 autem
3366 938 3470 993 nisi
3526 939 3737 1011 gratias

2136 1026 2371 1095 agendo,
2394 1041 2493 1080 nos
2526 1026 2804 1081 beneﬁciis
2836 1028 2953 1095 ejus
2978 1027 3219 1099 ingratos
3247 1042 3355 1081 non
3388 1042 3509 1081 esse
3541 1034 3732 1082 osten-

2135 1114 2313 1168 dimus
2332 1114 2359 1167 ‘?
2390 1116 2640 1186 Ingratos
2670 1114 2836 1170 fuisse
2866 1115 2990 1171 illos
3011 1115 3188 1188 arguit
3207 1114 3500 1185 Scriptura,
3525 1116 3592 1170 de
3610 1115 3734 1186 qui-

2134 1202 2235 1256 bus
2268 1202 2395 1257 dicit
2430 1218 2440 1255 :
2473 1203 2542 1256 Et
2572 1203 2735 1259 obliti
2754 1209 2890 1259 sunt
2922 1205 3344 1276 benefactorum
3374 1206 3515 1274 ejus,
3548 1207 3603 1259 et
3620 1206 3729 1260 mi-

2134 1291 2403 1346 rabilium
2433 1292 2554 1361 ejus
2583 1308 2706 1363 quae
2734 1293 2984 1348 ostendit
3019 1294 3098 1347 eis
3154 1291 3328 1363 (Psal.
3361 1306 3577 1357 Lxxvn,
3612 1291 3725 1361 11).

2137 1377 2398 1433 Dominus
2430 1395 2648 1450 quoque
2677 1379 2733 1433 in
2764 1380 3087 1453 Evangelio,
3120 1394 3243 1435 cum
3264 1380 3455 1436 decem
3475 1379 3729 1449 leprosos

2135 1467 2472 1533 mundasset,
2508 1474 2559 1522 et
2591 1484 2730 1522 unus
2761 1475 2966 1523 tantum
2998 1467 3202 1540 gratias
3243 1476 3452 1538 ageret,
3486 1466 3728 1539 reliquos

2137 1569 2333 1609 novem
2367 1555 2609 1626 ingratos
2652 1556 2923 1611 exstitisse
2953 1563 3287 1628 conquestus
3334 1562 3437 1621 est,
3485 1555 3678 1612 dicens
3711 1573 3724 1608 :

439 1647 641 1701 tiarum
686 1645 1020 1718 agendarum
1050 1660 1138 1699 me
1167 1644 1236 1698 ita
1291 1643 1619 1703 mentionem
1651 1643 1863 1709 fecisse,
1901 1651 1959 1697 ut
1990 1643 2035 1697 si
2062 1668 2115 1728 Β
2138 1643 2336 1699 Nonne
2363 1645 2553 1700 decem
2586 1646 2872 1710 mandavi,
2907 1648 2965 1701 et
2994 1660 3190 1701 novem
3219 1645 3315 1700 ubi
3342 1648 3480 1700 sunt
3510 1648 3532 1699 .9
3562 1645 3723 1712 (Luc.

440 1735 595 1791 locus
624 1733 714 1789 vel
741 1740 952 1804 tempus
971 1732 1325 1804 permitteret,
1357 1732 1510 1803 plura
1540 1732 1665 1787 inde
1686 1732 1869 1787 dicere
1902 1747 2033 1802 pos-

443 1838 599 1888 sem;
632 1838 822 1876 rursus
848 1822 1113 1877 instanter
1159 1830 1211 1877 et
1240 1821 1460 1876 omnino
1498 1822 1807 1892 importune
1833 1820 2033 1891 petisti,

441 1917 502 1966 ut
525 1910 594 1967 de
620 1911 725 1966 hac
756 1927 838 1977 re,
871 1910 926 1964 id
955 1917 1057 1977 est,
1090 1910 1158 1964 de
1214 1910 1509 1982 gratiarum
1567 1909 1776 1964 actione
1833 1907 2037 1979 aliquid

442 1998 541 2053 tibi
568 1998 851 2070 operosius
881 1997 1206 2053 scriberem.
1248 1997 1332 2052 Ad
1361 1999 1464 2053 hoc
1494 1997 1676 2068 itaque
1708 1996 1853 2067 quod
1874 1996 2034 2068 petis,

442 2102 550 2158 ego
580 2086 798 2158 quidem
830 2085 1248 2141 insutiicientem
1278 2101 1366 2140 me
1386 2085 1621 2149 invenio,
1657 2086 1756 2139 sed
1777 2084 1885 2139 tuis
1912 2098 2037 2139 ora-

443 2174 682 2230 tionibus
709 2173 896 2239 fultus,
920 2173 990 2229 ab
1029 2173 1124 2228 illo
1152 2190 1185 2228 a
1222 2189 1327 2245 quo
1353 2183 1435 2228 est
1482 2189 1642 2229 omne
1673 2173 1859 2228 datum
1893 2172 2037 2243 opti-

443 2277 614 2328 mum,
637 2270 689 2318 et
716 2277 877 2317 omne
894 2262 1096 2317 donum
1114 2262 1433 2332 perfectum,
1458 2261 1831 2316 sufﬁcientiam
1855 2276 2035 2332 spero.

519 2368 1093 2454 (Hicntotam‘inserit
1111 2370 1408 2454 epistolam
1428 2373 1482 2434 2,
1515 2368 1913 2454 adLaioldum
1943 2367 2039 2454 da-

451 2443 592 2507 tam,
623 2442 700 2496 De
754 2439 916 2496 modo
944 2439 1189 2511 orandi;
1221 2442 1314 2496 cui
1370 2443 1666 2511 sequentes
1698 2443 1810 2511 tres
1837 2453 2040 2509 preca-

451 2511 746 2566 tiunculas
772 2511 982 2581 illigat,
1017 2510 1200 2566 medio
1232 2512 1347 2567 loco
1374 2510 1529 2565 inter
1572 2510 1880 2565 secundam
1908 2523 2040 2581 ora-5

450 2581 664 2638 tionem
674 2579 988 2648 adFilium,
1003 2585 1060 2637 et
1080 2582 1394 2637 articulum
1416 2581 1481 2636 de
1501 2582 1758 2637 oratione
1780 2579 2041 2649 morosa.)

785 2669 979 2726 Oratio
1008 2669 1082 2724 ad
1109 2670 1393 2743 Spiritum
1444 2673 1729 2725 sanctum.

522 2772 755 2844 Spiritus
775 2781 961 2829 sancte
981 2774 1148 2843 Deus,
1175 2774 1265 2845 qui
1288 2790 1377 2829 me
1395 2774 1600 2828 mundo
1624 2772 1909 2829 carnaliter
1936 2788 2041 2828 na-

376 2890 383 2899 ~
449 2869 586 2933 tum,
614 2861 673 2916 in
700 2877 858 2919 sacro
901 2861 1048 2918 fonte
1091 2862 1318 2933 spiritali
1374 2862 1650 2917 nativitate
1680 2861 2041 2932 regenerasti,

450 2949 521 3005 da
547 2932 681 3005 inihi
706 2950 925 3020 plenam
954 2932 1217 3016 omnium,
1250 2965 1370 3022 quae
1401 2965 1620 3022 quoquo
1659 2950 1823 3005 modo
1850 2957 2043 3020 postea

452 3038 700 3094 contraxi
744 3046 1098 3110 peccatorum
1171 3038 1585 3111 indulgentiam,
1620 3046 1672 3093 et
1736 3037 1820 3093 fac
1857 3055 1944 3093 me
1989 3038 2044 3093 in

444 3124 921 3196 justiﬁeationibus
948 3126 1054 3182 tuis
1074 3127 1151 3182 ita
1194 3126 1737 3198 perseverantissime
1759 3135 1811 3181 et
1838 3125 2042 3181 intelli-

451 3213 639 3288 gentia
665 3223 718 3271 et
746 3214 957 3272 actione
987 3213 1271 3287 proﬁcere,
1304 3222 1363 3270 ut
1409 3215 1481 3271 ad
1504 3223 1706 3271 sortem
1760 3222 1813 3270 et
1861 3214 2041 3271 socie-

431 3307 615 3360 ‘tatem
641 3302 940 3361 electorum
970 3311 1185 3359 tuorum
1215 3302 1434 3360 merear
1470 3304 1524 3358 in
1583 3311 1847 3360 aeternum
1880 3318 2043 3359 vera-

451 3388 590 3447 citer
616 3391 908 3462 pertinere.
949 3391 1056 3462 Qui
1084 3407 1205 3449 cum
1236 3393 1395 3448 Patre
1416 3400 1470 3449 et
1495 3391 1630 3447 Filio
1677 3392 1850 3447 habes
1880 3407 2043 3446 unam

451 3477 806 3549 divinitatem,
839 3487 892 3536 et
919 3481 1160 3551 ejusdem
1193 3480 1490 3551 majestatis
1546 3496 1610 3535 ac
1645 3479 1924 3551 potestatis
1954 3479 2042 3534 in-

450 3566 686 3625 divisam
716 3569 978 3625 unitatem
996 3586 1099 3642 per
1127 3569 1307 3626 omnia
1343 3568 1540 3625 saecula
1588 3569 1931 3624 saeculorum.

698 3669 826 3725 Alia
857 3669 1041 3725 oratio
1088 3668 1162 3725 ad
1196 3670 1478 3741 Spiritum
1507 3672 1791 3739 sanctum.

522 3764 751 3837 Spiritus
810 3774 1016 3834 sancte,
1053 3767 1146 3838 qui
1175 3782 1234 3822 es
1264 3774 1318 3823 et
1345 3767 1550 3823 donum
1595 3766 1717 3832 Dei,
1766 3773 1817 3821 ct
1856 3766 2038 3834 Deus;

440 3854 598 3910 "Deus
637 3854 783 3925 apud
808 3861 880 3923 te,
913 3855 1116 3909 donum
1142 3855 1283 3925 apud
1317 3870 1437 3920 nos,
1471 3855 1573 3921 fac,
1608 3870 1811 3926 quaeso,
1840 3869 1940 3926 per
1959 3855 2041 3910 in-

448 3940 801 3997 habitationis
830 3949 932 3996 tua:
960 3941 1211 4013 gratiam,
1261 3949 1501 3997 mentem
1529 3943 1688 4011 hujus
1724 3944 2040 4014 pauperculi

450 4027 599 4085 servi
631 4028 727 4099 tui,
759 4036 813 4084 et
840 4029 1081 4085 veritatis
1109 4028 1468 4102 intelligentia
1524 4029 1724 4096 lucere,
1773 4038 1826 4085 et
1855 4031 2039 4086 chari-

449 4115 577 4173 tatis
606 4115 735 4189 igne
772 4115 1026 4184 fervere;
1059 4118 1214 4187 ut_ab
1244 4117 1493 4181 omnibus
1511 4127 1853 4189 peccatorum
1883 4134 2038 4175 meo-

448 4220 574 4261 rum
602 4205 853 4272 maculis,
883 4204 1150 4261 beneﬁcio
1180 4205 1367 4279 gratiae
1394 4212 1501 4261 tuae
1529 4205 1822 4262 clementer
1850 4223 2039 4263 emun-

449 4292 627 4363 datus,
659 4292 717 4349 in
744 4308 974 4365 corpore
1002 4309 1239 4363 merear,
1272 4294 1426 4364 cujus
1465 4302 1627 4365 caput
1656 4294 1901 4349 Christus
1932 4306 2034 4362 est,

2066 3020 2113 3081 Ο

2136 1748 2275 1797 xvu,
2308 1734 2419 1802 l7.)
2443 1740 2547 1788 etc.
2580 1732 2991 1788 Animadvertat
3018 1733 3184 1805 igitur
3209 1732 3475 1788 discretus
3503 1739 3725 1786 sancta-

2136 1836 2258 1875 rum
2288 1820 2689 1891 Scripturarum
2716 1821 2908 1891 lector,
2940 1821 3054 1875 sive
3076 1820 3308 1890 auditor,
3331 1821 3478 1891 quod
3508 1820 3728 1891 quando

2136 1908 2357 1964 laudare
2415 1911 2609 1974 Deum,
2656 1909 2743 1964 vel
2800 1909 3142 1974 benedicere,
3200 1909 3287 1965 vel
3343 1907 3720 1981 magniﬁcare,

2137 1997 2395 2063 exaltare,
2418 1998 2505 2052 vel
2522 1997 2847 2069 gloriﬁcare,
2867 2006 2959 2053 aut
2977 2005 3197 2055 cantare
3217 1998 3287 2063 ei,
3320 2006 3410 2052 aut
3431 1996 3725 2061 exsultare,

2138 2084 2225 2140 vel
2236 2086 2485 2155 jubilare,
2518 2093 2607 2140 aut
2648 2087 2852 2158 gratias
2881 2102 3047 2159 agere
3078 2086 3352 2154 jubemnr,
3385 2085 3501 2140 sive
3527 2099 3726 2139 mone-

2138 2190 2279 2239 mur,
2305 2190 2395 2229 res
2428 2190 2568 2244 pene
2597 2174 2784 2229 eadem
2843 2174 3077 2230 diversis
3132 2173 3313 2229 verbis
3367 2170 3725 2244 signiﬁcatur.

2138 2262 2304 2318 Verbi
2332 2262 2511 2335 gratia
2547 2277 2559 2315 :
2589 2262 2928 2330 Benedicite,
2989 2267 3203 2335 gentes,
3251 2264 3429 2318 Deum
3464 2266 3729 2316 nostrum

2139 2351 2314 2423 (Psal.
2336 2365 2467 2418 va,
2501 2349 2573 2419 8),
2600 2359 2651 2405 et
2672 2365 2684 2403 :
2702 2351 3054 2421 Magniﬁcate
3075 2352 3375 2406 Dominum
3404 2365 3646 2415 mecum,
3674 2352 3735 2404 et

2140 2440 2398 2495 exaltate
2428 2455 2633 2495 nomen
2656 2442 2776 2512 ejus
2806 2441 2867 2495 in
2884 2442 3069 2511 ipsum
3097 2439 3274 2507 (Psal.
3299 2452 3507 2506 xxxiii,
3526 2438 3604 2508 4),
3637 2445 3727 2492 et:

2143 2527 2382 2583 Cantate
2413 2529 2464 2583 ei
2494 2532 2549 2583 et
2577 2529 2809 2599 psallite
2838 2528 2890 2582 ei
2928 2527 3105 2599 (Psal.
3138 2543 3247 2593 (τιν,
3270 2525 3345 2597 2),
3397 2534 3451 2581 et
3482 2542 3495 2579 :
3538 2526 3730 2582 Venite

2140 2617 2498 2673 exsultemus
2526 2617 2781 2681 Domino,
2795 2615 3229 2686 jubilcmusDeo
3255 2615 3503 2671 salutari
3530 2617 3729 2669 nostro

2140 2706 2317 2776 (Psal.
2348 2719 2499 2770 xcrv,
2523 2703 2599 2773 1).
2621 2703 2901 2759 Confessio
2931 2719 3148 2776 quoque
3178 2703 3235 2758 in
3265 2702 3553 2774 Scripturis
3582 2718 3730 2772 saepe

2140 2792 2358 2847 laudem
2419 2790 2707 2865 signiﬁcat,
2729 2799 2785 2847 ut
2811 2792 2885 2846 ibi
2921 2807 2933 2846 :
2969 2792 3280 2861 Conﬁtebor
3327 2791 3449 2859 tibi,
3494 2791 3733 2847 Domine

2141 2884 2287 2937 Deus
2304 2896 2482 2948 meus,
2498 2881 2562 2936 in
2583 2885 2698 2937 toto
2720 2881 2881 2936 corde
2901 2897 3024 2937 meo
3039 2880 3216 2951 (Psal.
3235 2895 3452 2948 Lxxxv,
3470 2881 3579 2949 12).
3592 2879 3733 2933 Nam

2143 2969 2299 3042 quasi
2320 2968 2641 3041 exponendo
2670 2968 2800 3040 quid
2828 2969 3042 3037 dixerit,
3075 2969 3294 3036 subdit;
3327 2972 3384 3023 et
3413 2967 3737 3039 gloriﬁcabo

2140 3074 2348 3115 nomen
2367 3063 2530 3114 tuum
2547 3059 2610 3112 in
2631 3062 2929 3113 aeternum.
2954 3058 3023 3112 Et
3042 3057 3373 3113 Dominusin
3387 3054 3692 3128 Evangelia
3719 3070 3734 3109 :

2146 3147 2424 3216 Conﬁteor
2452 3147 2570 3211 tibi,
2598 3147 2787 3212 Pater,
2811 3146 3047 3202 Domine
3076 3147 3203 3202 coeli
3221 3150 3280 3202 et
3303 3149 3472 3201 terra
3490 3144 3649 3214 (Luc.
3668 3157 3735 3209 ι,

2141 3236 2252 3305 21).
2278 3235 2400 3290 Non
2429 3234 2575 3289 enim
2602 3241 2826 3305 peccata
2856 3231 3236 3301 confitebatur,
3263 3233 3354 3306 qui
3371 3240 3598 3304 peccata
3623 3246 3739 3286 non

2144 3322 2284 3389 fecit,
2319 3323 2415 3379 sed
2437 3322 2584 3378 Patri
2614 3322 2821 3396 gratias
2854 3322 3068 3395 agebat.
3103 3322 3292 3378 Solent
3318 3321 3569 3377 homines
3598 3319 3739 3374 ami-

2145 3427 2353 3478 corum,
2386 3411 2473 3467 vel
2502 3410 2846 3467 dominorum
2876 3426 3098 3467 suorum
3128 3409 3393 3467 beneﬁcia
3423 3409 3493 3465 ad
3522 3424 3738 3465 memo-

2144 3500 2284 3554 riam
2343 3500 2605 3555 reducere
2628 3542 2643 3565 ,
2701 3506 2760 3554 ut
2830 3516 2897 3554 ex
2972 3498 3268 3571 quantitate
3343 3496 3736 3554 beneﬁciorum

2143 3588 2487 3659 perpendant
2512 3631 2525 3653 ,
2618 3595 2875 3659 quantum
2946 3587 3027 3643 eis
3089 3586 3328 3644 debeant
3406 3585 3736 3656 rependere,

2143 3692 2388 3733 amorem
2416 3721 2429 3743 ,
2486 3677 2574 3732 vel
2645 3675 2986 3747 obsequium.
3048 3676 3162 3732 Nos
3227 3691 3360 3748 ergo
3450 3673 3539 3730 vel
3621 3688 3737 3728 non

2146 3765 2325 3821 solum
2406 3765 2477 3820 ad
2522 3772 2762 3820 mentem
2827 3780 3082 3821 revocare
3106 3805 3119 3831 ,
3179 3763 3278 3819 sed
3336 3761 3740 3819 studiosissime

2146 3853 2458 3925 excogitare
2500 3862 2553 3908 et
2581 3853 2864 3924 exquirere
2890 3853 3173 3921 debemus,
3235 3867 3356 3924 quae
3422 3858 3476 3906 et
3531 3856 3736 3922 quanta

2145 3943 2305 3998 nobis
2340 3940 2623 4007 beneficia,
2659 3931 2729 3996 et“
2754 3941 2900 3996 dona
2949 3938 3208 3996 divinitus
3265 3939 3463 3995 collata
3506 3945 3650 4005 sunt,
3685 3946 3743 3993 et

2146 4029 2495 4088 devotissime
2526 4030 2730 4085 auctori
2759 4044 2949 4085 eorum
2977 4029 3166 4084 laudes
3183 4027 3414 4094 debitas,
3442 4034 3496 4082 et
3520 4026 3734 4099 gratia-

2146 4135 2268 4173 rum
2296 4118 2539 4173 actiones
2569 4116 2789 4173 referre.
2822 4118 2964 4172 Nam
2987 4118 3134 4173 dona
3152 4116 3401 4179 coelestia
3417 4114 3736 4180 recolendo,

2146 4221 2391 4262 amorem
2409 4205 2511 4261 Dei
2541 4206 2596 4260 in
2626 4206 2828 4261 nostris
2857 4205 3114 4261 cordibus
3170 4204 3487 4262 excitamus.
3521 4202 3736 4258 Gratias

2147 4310 2278 4351 vero
2306 4309 2407 4365 pro
2436 4294 2544 4349 illis
2572 4295 2809 4368 agendo,
2839 4303 2892 4350 et
2946 4311 3008 4350 ea
3036 4310 3157 4366 quae
3211 4293 3542 4364 accepimus,
3575 4291 3737 4347 nobis

449 4388 504 4436 et
530 4380 621 4437 hic
648 4381 808 4451 bene,
845 4390 900 4437 et
928 4382 984 4436 in
1011 4389 1280 4438 internum
1308 4383 1467 4438 beate
1499 4383 1715 4448 vivere;
1750 4398 1873 4439 cum
1911 4400 2039 4456 quo,
2064 4370 2117 4431 D
2144 4383 2478 4449 conservari,
2530 4391 2583 4439 et
2613 4399 2736 4455 quae
2790 4382 3031 4438 nondum
3076 4381 3389 4452 accepimus
3443 4379 3600 4435 nobis
3630 4395 3736 4434 au-

448 4477 505 4525 et
533 4483 658 4527 cum
684 4471 847 4526 Patre
871 4478 954 4526 est
983 4469 1080 4525 tibi
1123 4470 1303 4542 gloria
1352 4479 1405 4527 et
1433 4471 1608 4527 bonor
1647 4471 1957 4527 individuus
1986 4472 2041 4527 in

449 4557 653 4614 smcula
681 4558 1021 4615 saeculorum.
1063 4561 1236 4615 Amen
1247 4601 1259 4615 .

737 4647 928 4703 Oratio
974 4648 1046 4704 ad
1087 4652 1346 4704 sanctam
1396 4648 1751 4704 Trinitatem.

520 4734 726 4791 Sancta
752 4734 984 4792 Trinitas
1004 4752 1144 4792 unus
1160 4737 1329 4803 Deus,
1354 4736 1446 4809 qui
1466 4751 1674 4802 omnes,
1700 4752 1836 4808 quos
1866 4737 1920 4790 in
1942 4753 2040 4808 pa-

444 4822 553 4880 tria
580 4822 879 4890 beatificas,
911 4825 1063 4895 prius
1090 4825 1180 4881 via
1209 4823 1517 4897 adoptionis
1561 4823 1761 4893 Spiritu
1795 4824 2042 4897 signatos

443 4909 693 4968 viviﬁcas
724 4919 777 4967 et
795 4911 1124 4982 sanctiﬁcas,
1157 4913 1230 4968 da
1258 4912 1391 4968 mihi
1447 4911 1666 4968 servulo
1698 4919 1788 4967 tuo
1843 4914 2042 4987 pignus

442 4998 779 5055 hereditatis
839 5008 1039 5056 nostrae
1093 5000 1344 5056 eumdem
1418 5000 1674 5071 Spiritum
1744 5009 2037 5057 sanctum:

445 5094 505 5142 ut
538 5086 659 5158 ipso
687 5088 1025 5155 charitatem,
1069 5104 1190 5160 quae
1246 5087 1453 5159 operiat
1482 5088 1876 5145 multitudinem
1907 5105 2039 5161 pec-

455 5182 699 5232 catorum
725 5191 992 5240 meorum,
1028 5177 1082 5231 in
1138 5176 1305 5232 corde
1329 5192 1454 5233 meo
1503 5175 1870 5245 diffundente;
1904 5186 1958 5234 et
1986 5179 2041 5233 in

451 5263 599 5321 omni
628 5263 926 5332 intellectu,
968 5279 1239 5331 sermone,
1271 5272 1319 5320 et
1349 5280 1516 5337 opere
1546 5265 1690 5322 bono
1718 5282 1805 5322 me
1834 5265 2040 5323 conﬁr-

446 5359 651 5420 mante,
672 5366 998 5423 mecumque
1026 5351 1081 5407 in
1107 5359 1373 5409 aeternum
1393 5362 1668 5420 manente,
1688 5370 1812 5411 cum
1843 5355 1921 5410 eis
1948 5356 2040 5427 qui

440 5440 688 5497 habitant
714 5440 773 5496 in
801 5440 964 5496 domo
994 5448 1086 5496 tua
1118 5449 1171 5496 te
1218 5457 1436 5498 merear
1505 5442 1727 5498 laudare
1759 5442 1813 5498 in
1843 5443 2041 5498 saecula

445 5529 790 5585 saeculorum.
823 5531 1015 5585 Amen.

2141 4472 2262 4544 geri
2318 4487 2714 4542 promeremur.
2776 4470 2931 4526 Unde
2987 4470 3252 4525 Dominus
3290 4469 3365 4524 ait
3393 4468 3448 4523 in
3475 4469 3737 4541 Evange-

2143 4559 2216 4615 lio
2250 4575 2261 4612 :
2293 4560 2536 4617 Habenti
2566 4559 2813 4626 dabitur,
2845 4563 2903 4615 et
2936 4558 3285 4626 abundabit;
3317 4559 3370 4613 ei
3405 4561 3597 4613 autem
3634 4559 3736 4628 qui

2141 4663 2260 4704 non
2292 4648 2475 4717 habet,
2498 4653 2554 4704 et
2573 4648 2717 4720 quod
2737 4647 2964 4704 videtur
2984 4646 3208 4713 habere,
3242 4648 3542 4716 auferetur
3569 4644 3636 4700 ab
3667 4660 3731 4701 eo

2143 4737 2297 4809 (Luc.
2327 4752 2443 4803 XIX,
2472 4738 2584 4809 26).
2617 4736 2713 4792 llle
2744 4735 2890 4792 enim
2919 4736 3065 4791 dona
3110 4735 3213 4790 Dei
3240 4733 3505 4790 veraciter
3532 4733 3736 4788 habere

2141 4824 2404 4881 dicendus
2433 4832 2532 4890 est,
2567 4825 2659 4896 qui
2688 4824 2780 4895 pia
2807 4823 3110 4896 gratiarum
3129 4823 3340 4879 actione
3371 4822 3451 4877 eis
3483 4821 3554 4877 ad
3584 4821 3639 4875 id
3667 4820 3738 4875 ad

2143 4913 2290 4986 quod
2320 4913 2447 4968 data
2475 4920 2618 4981 sunt,
2652 4913 2709 4967 id
2738 4919 2841 4980 est,
2872 4912 2941 4967 ad
2971 4911 3325 4983 quaerendum
3352 4912 3528 4966 Deum
3547 4909 3733 4978 utitur,

2143 5009 2197 5057 et
2223 5008 2464 5056 meretur
2482 5000 2714 5073 gratiam
2736 5015 2837 5072 pro
2859 4999 3054 5079 gratia.
3076 4999 3180 5069 Qui
3193 5015 3325 5055 vero
3341 5000 3413 5054 ad
3432 4998 3577 5053 aliud
3598 5014 3740 5068 quae-

2144 5089 2373 5146 rendum
2394 5088 2474 5144 eis
2506 5088 2762 5154 abutitur,
2806 5096 2993 5160 utpote
3025 5087 3291 5159 ingratus,
3323 5087 3390 5142 iis
3419 5086 3582 5141 etiam
3610 5102 3737 5156 quae

2143 5178 2351 5250 accepit
2377 5177 2580 5248 privari
2638 5184 2898 5233 meretur.
2944 5177 3102 5231 Dona
3130 5183 3312 5232 autem
3354 5174 3453 5229 Dei
3484 5173 3737 5246 quazdam

2142 5266 2502 5323 communiter
2558 5266 2757 5321 dantur
2812 5264 2971 5320 bonis
3009 5272 3061 5319 et
3117 5263 3295 5329 malis,
3326 5263 3575 5334 quaedam
3603 5277 3735 5318 vero

2142 5354 2400 5426 specialia
2460 5362 2583 5409 sunt
2640 5354 2955 5410 electorum.
3004 5352 3145 5407 Nam
3202 5351 3503 5408 exteriores
3532 5349 3738 5406 divitiae

2141 5442 2260 5497 auri
2290 5450 2343 5497 et
2371 5441 2607 5515 argenti,
2642 5449 2696 5498 et
2725 5450 3074 5509 caeterorum,
3108 5440 3310 5495 sanitas
3341 5439 3503 5495 etiam
3534 5453 3738 5510 corpo-

2142 5531 2238 5596 ris,
2274 5539 2327 5585 et
2373 5530 2744 5587 membrorum
2791 5528 3372 5602 valitudo;ingenium
3431 5542 3648 5601 quoque
3686 5534 3741 5583 et
