3972 6052
277 196 374 249 921

1554 192 1909 250 EPISTOLE
1948 194 2287 264 QUINQUE.

3476 194 3580 249 922

281 319 559 385 memoria,
595 326 647 372 et
689 300 985 373 litterarum
1046 318 1289 383 scientia,
1326 326 1377 372 et
1433 325 1631 373 caetera
1684 319 1878 387 hujus-
1908 321 1961 380 Α
1986 321 2110 375 laus
2139 322 2259 391 ejus
2288 322 2351 376 in
2382 336 2476 376 ore
2504 336 2626 377 meo
2658 323 2837 391 (Psal.
2874 336 3081 387 χχχιιι,
3115 320 3191 389 2).
3226 318 3330 386 Qui
3350 317 3495 372 enim
3524 318 3579 371 in

283 408 466 471 modi,
521 407 770 477 reprobis
829 406 1039 476 pariter
1098 408 1292 461 dantur
1341 415 1392 461 et
1439 407 1644 461 electis.
1695 407 1882 461 Fidem

284 512 413 550 vero
444 513 564 566 quae
612 512 709 564 per
754 494 1101 549 dilectionem
1142 504 1413 565 operatur,
1448 496 1721 565 pietatem,
1757 497 1883 549 cha-

281 584 511 651 ritalem,
552 584 804 637 timorem
852 591 1094 636 sanctum
1143 591 1195 635 et
1227 592 1423 637 caetera
1456 600 1710 637 verarum
1740 584 1881 636 dona

280 672 557 739 virtutum,
606 671 735 725 solis
774 671 962 725 electis
1009 672 1126 724 dari
1165 671 1511 725 manifestum
1544 680 1641 726 est.
1678 672 1880 725 Audia-

282 777 403 814 mus
434 760 600 829 igitur
633 760 925 829 quemdam
954 760 1007 812 in
1025 760 1233 829 psalmo
1256 760 1439 813 divina
1461 760 1604 814 circa
1627 776 1685 813 se
1708 761 1878 814 bene—

278 847 401 903 ﬁcia
430 864 552 902 cum
609 848 965 925 exsultatione
1017 849 1363 903 recolentem.
1398 850 1766 920 Respectans,
1798 849 1879 901 in-

277 936 408 1007 quit,
438 938 759 1007 exspectan
774 938 1091 999 Dominum,
1108 942 1161 991 et
1182 938 1429 991 intendit
1445 938 1583 991 mihi
1600 956 1616 991 :
1631 941 1685 990 et
1708 954 1880 991 exau-

279 1024 419 1079 divit
438 1041 632 1096 preces
650 1042 823 1090 meas,
851 1029 904 1079 et
926 1026 1126 1079 eduxit
1140 1042 1226 1079 me
1245 1026 1310 1080 de
1328 1026 1727 1092 lacumiseriae,
1746 1026 1879 1079 etde

279 1114 399 1167 luto
418 1114 575 1183 fascis
600 1114 773 1171 (Psal.
800 1128 1008 1177 χχχιχ,
1044 1117 1095 1177 2,
1123 1112 1197 1181 3).
1222 1114 1334 1167 Huc
1359 1129 1530 1183 usque
1552 1112 1788 1167 ostendit
1810 1114 1878 1167 de

278 1217 385 1271 quo
412 1201 683 1271 profundo
711 1201 979 1255 malorum
1002 1217 1097 1270 per
1118 1201 1351 1271 gratiam
1380 1201 1477 1256 Dei
1504 1201 1765 1257 liberatus
1788 1202 1874 1254 sit.

279 1289 503 1342 Duobus
554 1305 681 1343 vero
714 1290 1066 1359 sequentibus
1116 1290 1359 1343 versibus
1392 1288 1873 1355 confirmationem,

280 1384 333 1431 et
395 1376 790 1443 directionem,
844 1384 895 1430 et
939 1376 1344 1431 innovationem
1395 1394 1544 1430 suam
1593 1376 1873 1443 describit,

277 1464 463 1518 dicens
499 1482 510 1516 :
548 1466 615 1518 Et
644 1465 850 1519 stat-uit
873 1481 1048 1535 supra
1066 1470 1289 1536 petram
1309 1465 1474 1536 pedes
1496 1481 1645 1519 meos
1669 1466 1873 1535 (ibid),

277 1560 331 1606 et
361 1552 585 1622 reliqua.
637 1552 739 1607 Ubi
789 1553 888 1606 etsi
931 1552 1063 1605 nihil
1120 1554 1353 1622 positum
1405 1554 1488 1617 sit,
1534 1554 1677 1624 quod
1710 1554 1875 1607 bene-

1986 410 2131 461 omni
2180 417 2424 478 tempore
2472 409 2761 474 benedicit,
2813 425 2921 465 non
2972 409 3147 463 solum
3200 408 3255 461 in
3302 405 3575 476 prosperis

1984 498 2080 551 sed
2108 506 2156 550 et
2187 498 2241 550 in
2271 498 2515 551 adversis
2560 498 2769 567 gratias
2817 498 2945 567 agit.
2993 498 3132 551 Nam
3182 504 3234 550 et
3281 494 3407 547 mali
3437 495 3575 547 inter

1982 601 2249 655 prospera
2297 586 2516 639 laudant
2566 587 2757 653 Deum,
2806 587 2943 640 sicut
2985 586 3244 654 scriptum
3276 592 3401 636 est:
3436 580 3574 634 Con—

1981 674 2234 741 ﬁtebitur
2269 676 2389 737 tibi,
2424 690 2554 729 eum
2585 675 2926 743 benefeeeris
2958 677 3009 729 ei
3037 674 3209 736 (Psal.
3230 686 3426 733 XLVIII,
3462 672 3569 738 19),

1981 761 2035 814 in
2082 763 2329 816 adversis
2369 771 2548 817 autem
2596 779 2929 817 murmurare
2976 763 3170 825 solent,
3213 768 3265 815 et
3318 758 3574 829 blasphe-

1980 866 2146 904 mare.

2622 942 2695 994 De
2722 940 2929 997 eodem.

2053 1044 2157 1111 Qui
2206 1051 2383 1099 autem
2415 1046 2467 1099 in
2511 1044 2812 1115 gratiarum
2860 1044 3069 1100 actione
3102 1042 3373 1097 studiosus
3405 1048 3486 1096 est
3518 1048 3572 1095 et.

1980 1132 2227 1197 devotus,
2262 1141 2383 1187 ante
2412 1135 2591 1188 omnia
2624 1135 2785 1189 debet
2825 1133 2954 1187 illud
2996 1132 3237 1187 omnium
3279 1129 3572 1184 beneﬁcio-

1980 1238 2093 1274 rum
2144 1220 2452 1275 divinorum
2501 1223 2795 1276 maximum
2841 1229 3004 1292 atque
3054 1217 3568 1275 excellentissimum

1979 1309 2245 1373 recolere,
2278 1317 2325 1363 et
2360 1318 2553 1380 quanta
2584 1318 2761 1380 potest
2791 1309 3078 1364 devotione
3111 1315 3161 1363 et
3179 1308 3375 1379 pietate
3392 1321 3489 1377 pro
3507 1321 3571 1359 eo

1978 1397 2181 1468 gratias
2246 1414 2429 1470 agere,
2500 1414 2606 1469 quo
2654 1415 2753 1468 per
2805 1404 3209 1453 sacrosanctum
3256 1394 3571 1466 mysterium

1972 1485 2363 1541 incarnationis
2412 1495 2463 1541 et
2503 1486 2775 1557 passionis
2823 1485 3041 1549 Christi,
3088 1500 3119 1539 a
3169 1491 3343 1538 morte
3372 1490 3569 1537 aeterna

1976 1574 2242 1645 redempti
2275 1582 2325 1629 et
2368 1576 2435 1629 ad
2485 1575 2646 1629 vitam
2690 1582 2951 1629 aeternam
2995 1588 3181 1627 sumus
3223 1570 3477 1641 reparati.
3512 1570 3571 1623 In

276 1640 606 1704 dictionem,
668 1640 753 1695 vel
798 1640 1096 1711 gratiarum
1139 1641 1406 1696 actionem
1456 1640 1739 1713 signiﬁcet,
1783 1642 1867 1711 pia

1978 1662 2193 1717 Christo
2223 1679 2458 1734 namque
2501 1664 2615 1733 ipsa
2647 1662 2794 1717 salus
2822 1662 2893 1717 ad
2921 1669 3176 1731 aegrotos,
3210 1660 3329 1730 ipsa
3359 1656 3570 1712 miseri-

275 1735 458 1783 tamen
489 1728 795 1784 divinorum
840 1728 1223 1784 beneﬁciorum
1263 1731 1584 1795 recordatio,
1618 1746 1715 1799 pro
1746 1745 1875 1802 gra-

285 1816 481 1871 tiarum
512 1818 722 1872 actione
753 1818 1000 1872 habetur.
1037 1819 1095 1871 In
1126 1818 1233 1872 alio
1262 1834 1477 1889 quoque
1507 1819 1720 1888 psalmo
1751 1818 1876 1890 glo-

283 1904 453 1960 rificat
486 1906 681 1971 Deum,
707 1906 939 1960 dicendo
965 1921 976 1959 :
1007 1906 1137 1973 Quis
1158 1909 1304 1961 Deus
1325 1912 1534 1978 praeter
1552 1908 1873 1971 Dominum,

281 1997 385 2048 aut
402 1996 523 2065 quis
539 1996 685 2049 Deus
703 1999 913 2066 praeter
928 1997 1103 2049 Deum
1121 2000 1381 2050 nostrum
1399 1996 1426 2049 ?
1443 1996 1619 2063 (Psal.
1638 1998 1874 2063 xvu,12)

278 2090 328 2136 et
370 2081 522 2152 quasi
563 2096 950 2153 qumreremus,
975 2082 1103 2153 quid
1124 2083 1219 2136 tibi
1252 2082 1413 2137 fecit?
1444 2100 1606 2154 quare
1652 2099 1776 2137 eum
1804 2082 1875 2138 ita

278 2169 598 2241 magniﬁcas
620 2178 672 2224 et
694 2170 922 2224 laudas?
953 2180 1233 2225 enumerat
1255 2171 1451 2225 multas
1472 2172 1660 2243 gratim
1677 2172 1873 2227 divina:

284 2258 424 2313 circa
448 2275 507 2312 se
530 2259 901 2328 operationes,
927 2267 978 2312 et
999 2260 1183 2313 subdit
1205 2276 1219 2312 :
1244 2261 1388 2315 Deus
1432 2261 1527 2331 qui
1562 2261 1874 2331 praeinxit

279 2362 366 2400 me
414 2348 665 2415 virtute,
712 2351 767 2401 et
793 2349 982 2417 posuit
1026 2349 1457 2402 immaculatam
1498 2350 1647 2403 viam
1686 2364 1872 2403 meam

279 2434 454 2499 (Psal.
498 2448 638 2502 xvii,
684 2438 791 2503 12),
828 2443 879 2488 et
906 2442 1101 2490 caetera
1132 2452 1304 2505 usque
1332 2436 1475 2499 illuc,
1503 2440 1557 2491 et
1588 2452 1703 2491 non
1735 2441 1870 2491 sunt

282 2522 583 2589 infirmata
622 2524 854 2592 vestigia
875 2539 998 2578 mea
1022 2524 1178 2593 (ibid.
1206 2539 1415 2590 xxxm,
1443 2526 1552 2591 37).
1578 2525 1871 2594 Apostolus

276 2618 475 2678 autem,
512 2610 755 2676 Gratias,
798 2611 990 2681 inquit,
1028 2628 1129 2683 ago
1166 2613 1237 2681 ei,
1262 2613 1357 2684 qui
1391 2628 1478 2667 me
1507 2614 1866 2684 eonfortavit,

275 2701 369 2771 qui
388 2700 610 2766 ﬁdelem
630 2716 719 2754 me
732 2701 1106 2767 existimavit,
1120 2717 1336 2772 ponens
1351 2717 1439 2756 me
1454 2703 1515 2755 in
1528 2704 1865 2758 ministerio.

275 2786 571 2841 Subdendo
591 2804 739 2851 vero,
766 2789 1031 2859 quiprius
1050 2790 1528 2860 fuiblasphemus,
1551 2794 1608 2845 et
1616 2807 1869 2861 perseeu-

275 2879 381 2944 tor,
406 2880 460 2929 et
479 2878 979 2945 eontumeliosus(l
1006 2878 1134 2932 Tim.
1160 2893 1219 2941 II,
1247 2881 1330 2946 l2,
1360 2880 1478 2947 l3);
1515 2886 1664 2933 tanto
1694 2879 1867 2947 majo-

273 2980 387 3017 rem
417 2963 565 3019 circa
596 2980 655 3017 se
680 2965 906 3033 gratiam
936 2964 1035 3019 Dei
1064 2965 1318 3033 ostendit,
1362 2974 1563 3037 quanto
1592 2967 1869 3037 indignior

274 3059 405 3117 erat,
439 3052 530 3122 qui
568 3068 690 3106 eam
736 3053 987 3123 accipere
1025 3062 1347 3108 mereretur.
1402 3054 1619 3109 Gratias
1651 3071 1867 3126 quoque

273 3140 387 3212 agit
425 3140 515 3193 ubi
563 3140 691 3195 dicit
725 3158 737 3193 :
772 3142 1105 3197 Benedictus
1147 3141 1316 3206 Deus,
1354 3146 1410 3197 et
1444 3146 1615 3197 Pater
1642 3144 1866 3199 Domini

270 3229 456 3283 nostri
485 3230 615 3285 Jesu
641 3218 874 3295 Christi,
900 3232 1075 3285 Pater
1102 3231 1710 3299 misericordiarum(ll
1738 3232 1858 3288 Cor.

270 3331 309 3383 ι,
342 3316 416 3383 3),
451 3325 555 3371 etc.

431 3440 764 3510 Di/ferentia
794 3441 947 3496 inter
972 3446 1230 3497 orantem
1260 3446 1314 3497 et
1339 3442 1690 3497 laudantem.

340 3562 455 3617 Hoc
496 3570 677 3618 autem
722 3563 862 3618 inter
908 3564 1159 3620 affectum
1215 3566 1421 3620 orantis
1468 3566 1649 3633 distat,
1698 3574 1862 3637 atque

266 3650 554 3718 laudantis,
588 3652 732 3723 quod
764 3653 932 3708 oratio
977 3654 1355 3709 contritionem
1395 3655 1578 3721 habet,
1613 3661 1665 3709 et
1695 3657 1864 3727 gemi-

264 3746 399 3805 tum,
434 3740 676 3795 maxime
706 3741 923 3812 quando
960 3750 1184 3812 peccata
1213 3742 1498 3807 deﬂentur,
1523 3752 1613 3797 aut
1644 3745 1861 3814 quando

262 3825 405 3881 inter
454 3828 796 3897 tentationes,
832 3837 884 3883 et
915 3830 1295 3886 tribulationes
1322 3831 1565 3885 divinum
1597 3832 1861 3887 auxilium

267 3915 603 3985 imploratur.
640 3916 742 3984 Qui
790 3934 922 3972 vero
962 3917 1165 3989 laudat,
1211 3928 1263 3973 et
1310 3920 1514 3989 gratias
1556 3920 1687 3992 agit,
1731 3938 1862 3993 gau-

266 4004 357 4059 dio
388 4012 438 4058 et
486 4003 669 4059 lzetitia
719 4006 986 4076 spirituali
1032 4006 1393 4077 perfunditur.
1433 4009 1583 4063 Unde
1610 4009 1735 4074 illis,
1769 4011 1860 4081 qui

260 4107 362 4164 pro
391 4093 629 4163 peccatis
652 4094 1001 4149 vehementer
1030 4104 1398 4162 conteruntur,
1434 4097 1689 4167 expedire
1710 4098 1861 4153 vide-
1894 4146 1897 4149 .

263 4188 370 4245 tur,
403 4188 458 4235 ut
496 4190 619 4252 post
662 4198 956 4237 maerorem
1007 4200 1109 4254 pro
1140 4185 1377 4253 peccatis
1408 4186 1668 4253 habitum,
1703 4203 1763 4241 se
1792 4187 1860 4242 ad

264 4268 555 4340 gratiarum
623 4271 892 4325 actionem
954 4280 1305 4338 convertant;
1359 4281 1415 4327 ut
1472 4273 1713 4347 animum
1761 4290 1858 4345 pro

262 4357 501 4427 peccatis
532 4368 872 4425 maerentem,
906 4360 1197 4431 gratiarum
1227 4362 1369 4416 actio
1397 4361 1710 4418 consoletur
1742 4380 1754 4416 :
1790 4380 1859 4419 ne
1879 4380 1931 4438 D

264 4444 406 4500 forte
436 4446 813 4502 abundantiori
842 4448 1059 4502 tristitia
1089 4450 1448 4505 absorbeatur
1478 4450 1569 4521 qui
1591 4451 1857 4519 ejusmodi

261 4541 380 4599 est;
415 4535 599 4605 sicque
638 4552 793 4589 mens
838 4553 938 4607 pro
960 4538 1208 4608 peccatis
1238 4537 1449 4608 afﬂicta,
1484 4539 1553 4594 de
1581 4539 1856 4610 perceptis

262 4620 540 4677 beneﬁciis
602 4624 807 4695 gratias
847 4624 1174 4695 referendo,
1225 4627 1296 4681 ad
1349 4644 1503 4698 spem
1552 4627 1726 4683 venias
1765 4644 1854 4684 re-

263 4718 493 4765 creetur.
556 4712 691 4766 Aliis
734 4729 948 4785 quoque
1003 4731 1035 4770 a
1091 4715 1386 4785 gratiarum
1447 4716 1659 4772 actione
1715 4716 1853 4773 inci-

256 4797 458 4867 pienda
491 4800 699 4854 videtur
746 4802 935 4869 oratio,
969 4810 1026 4856 ut
1055 4820 1209 4857 mens
1239 4804 1442 4858 orantis
1472 4804 1737 4875 spirituali
1761 4806 1853 4873 ju-

259 4886 535 4942 cunditate
603 4888 843 4958 perfusa,
896 4898 950 4944 et
997 4889 1194 4946 ﬁducia
1242 4892 1467 4962 repleta,
1506 4909 1570 4947 ex
1619 4894 1852 4964 quadam

259 4975 427 5029 animi
473 4976 807 5047 pinguedine
856 4985 1025 5032 totam
1074 4988 1390 5051 sequentem
1440 4980 1676 5036 effundat
1723 4998 1850 5037 ora-

258 5062 481 5119 tionem.

561 5156 790 5227 Semper
816 5155 1074 5212 debemus
1102 5160 1318 5228 gratias
1348 5175 1530 5229 agere.

326 5275 451 5328 Non
473 5276 649 5330 solum
676 5286 857 5333 autem
880 5278 934 5332 in
956 5280 1255 5350 prosperis,
1280 5282 1377 5335 sed
1400 5289 1452 5337 et
1474 5283 1612 5339 inter
1632 5284 1848 5356 ﬂagella

256 5362 519 5417 debemus
569 5367 776 5436 gratias
823 5382 989 5438 agere
1036 5369 1195 5435 Patri,
1251 5370 1339 5439 qui
1370 5370 1605 5440 ﬂagellat
1631 5388 1848 5427 omnem

258 5448 425 5503 ﬁlium
458 5468 619 5521 quem
665 5454 874 5523 recipit,
925 5456 1061 5510 sicut
1091 5456 1145 5509 in
1174 5473 1407 5526 persona
1433 5460 1562 5527 justi
1594 5461 1847 5530 scriptum

257 5545 339 5593 est
368 5554 380 5594 :
404 5540 735 5597 Benedicam
752 5544 1055 5600 Dominum
1080 5547 1141 5599 in
1163 5547 1318 5602 omni
1341 5551 1606 5620 tempore,
1633 5565 1849 5623 semper

1978 1751 2165 1806 cordia
2212 1752 2279 1805 ad
2326 1751 2573 1815 miseros,
2626 1752 2744 1822 ipsa
2792 1750 3058 1821 sapientia
3095 1750 3162 1803 ad
3208 1747 3400 1814 fatuos,
3453 1745 3569 1816 ipsa

1952 1840 2087 1907 ,vita
2118 1839 2187 1893 ad
2234 1848 2498 1905 mortuos,
2548 1840 2665 1910 ipsa
2712 1840 2794 1894 via
2825 1840 2894 1893 ad
2924 1845 3193 1902 errantes,
3222 1836 3342 1906 ipsa
3372 1833 3567 1889 veritas

1976 1928 2043 1981 ad
2073 1928 2383 1993 mendaces,
2412 1930 2528 1997 ipse
2560 1928 2889 1998 Redemptor
2908 1928 2975 1981 ad
2996 1926 3257 1995 captivos,
3282 1923 3398 1993 ipse
3420 1923 3568 1977 Deus

1976 2016 2045 2071 ad
2091 2016 2339 2070 homines
2386 2016 2550 2071 venit.
2600 2017 2697 2070 Illa
2736 2018 2992 2085 majestas
3031 2014 3228 2068 divinae
3268 2010 3562 2082 sapientiae,

1977 2120 2099 2175 qua:
2141 2112 2450 2169 coaeterna,
2505 2114 2556 2159 et
2605 2102 3101 2170 consubstantialis,
3151 2108 3203 2157 et
3249 2099 3567 2168 coomnipo-

1973 2201 2094 2247 tens
2128 2193 2293 2257 Patri,
2328 2202 2381 2247 et
2429 2193 2650 2263 Spiritui
2696 2199 2902 2256 sancto,
2956 2198 3137 2262 portat
3177 2188 3356 2245 omnia
3394 2186 3563 2242 verbo

1976 2283 2187 2338 virtutis
2212 2298 2341 2348 sure,
2390 2289 2440 2335 et
2470 2282 2740 2353 attingens
2767 2296 2797 2334 a
2823 2279 2928 2334 ﬁne
2959 2295 3131 2350 usque
3160 2278 3229 2332 ad
3256 2275 3417 2330 ﬁnem
3450 2274 3566 2330 for-

1973 2371 2114 2437 titer,
2148 2371 2386 2441 disponit
2405 2370 2589 2424 omnia
2610 2369 2862 2433 suaviter,
2889 2376 3033 2423 tanta
3054 2366 3405 2421 miseratione
3439 2370 3563 2418 tan-

1973 2467 2136 2530 taque
2167 2459 2500 2513 abundantia
2529 2458 2744 2528 pietatis
2775 2464 3127 2525 suae,nostras
3148 2453 3382 2508 miseriae
3398 2451 3567 2506 voluit

1973 2547 2283 2611 subvenire,
2335 2554 2392 2600 ut
2436 2562 2545 2601 non
2598 2546 2772 2601 solum
2818 2560 2992 2616 usque
3044 2544 3114 2599 ad
3163 2530 3563 2612 susceptionem

1970 2644 2174 2691 nostrae
2218 2642 2442 2699 naturae,
2510 2634 2607 2689 sed
2674 2634 2832 2689 etiam
2874 2649 3045 2704 usque
3094 2631 3163 2687 ad
3211 2628 3562 2687 contumelias

1972 2732 2023 2780 et
2054 2725 2123 2779 ad
2140 2731 2369 2778 mortem
2390 2723 2582 2787 crucis,
2607 2738 2705 2793 pro
2724 2730 2912 2777 nostra
2932 2719 3303 2790 redemptione
3320 2726 3373 2773 et
3390 2717 3564 2773 salute

1970 2830 2029 2868 se
2061 2812 2323 2867 inclinare
2364 2813 2702 2884 dignaretur.
2745 2810 3055 2866 Altissimus
3096 2809 3266 2863 Patris
3313 2806 3562 2862 altissimi

1968 2901 2300 2973 unigenitus,
2334 2901 2473 2957 sicut
2502 2916 2610 2955 non
2638 2900 2824 2955 habuit
2853 2915 2962 2971 quo
2990 2899 3130 2953 ultra
3152 2914 3211 2952 se
3230 2895 3562 2951 humiliando

1900 3024 1946 3085 Ο
1972 2990 2349 3056 descenderet,
2382 3004 2545 3060 quam
2573 2996 2630 3043 ut
2658 2989 2713 3042 in
2742 2988 2979 3054 homine,
3013 3002 3175 3058 quem
3198 2984 3300 3039 sibi
3320 2985 3375 3038 in
3394 2999 3559 3038 unam

1963 3094 2256 3149 personam
2284 3077 2469 3143 univit,
2523 3077 2681 3149 quasi
2728 3093 2874 3143 reus,
2928 3084 2980 3131 et
3006 3073 3353 3129 damnatitius
3385 3080 3559 3127 morte

1966 3166 2275 3237 turpissima
2305 3174 2650 3230 moreretur;
2684 3165 2763 3221 sic
2792 3171 2981 3219 nostra
3012 3170 3207 3217 natura
3232 3178 3341 3217 non
3372 3160 3560 3216 habuit

1966 3270 2072 3325 quo
2104 3254 2246 3309 ultra
2292 3262 2478 3323 posset
2525 3253 2824 3319 sublimari,
2858 3268 3020 3324 quam
3049 3260 3107 3306 ut
3132 3251 3187 3305 in
3218 3250 3433 3306 Christo
3463 3265 3557 3305 se-

1962 3342 2101 3397 dens
2145 3342 2212 3397 ad
2258 3342 2539 3397 dexteram
2590 3341 2778 3409 Patris,
2829 3341 3028 3395 habeat
3071 3356 3271 3395 nomen
3301 3338 3448 3411 quod
3478 3345 3561 3393 est

1964 3448 2130 3502 super
2174 3447 2333 3486 omne
2364 3446 2584 3495 nomen,
2617 3438 2671 3485 et
2700 3430 2943 3485 ﬂectatur
2969 3430 3019 3485 ei
3050 3445 3211 3484 omne
3240 3444 3405 3500 genu,
3440 3442 3557 3482 coe-

1961 3520 2195 3585 lestium,
2232 3518 2568 3574 terrestrium
2599 3527 2652 3573 et
2679 3518 3032 3573 infernorum.
3066 3516 3229 3586 Spem
3262 3523 3439 3570 autem
3461 3530 3559 3569 no-

1962 3608 2046 3663 bis
2077 3608 2439 3662 ﬁrmissimam
2479 3608 2646 3673 dedit,
2693 3622 2813 3672 nos,
2844 3606 2891 3661 si
2922 3606 2971 3661 ei
3001 3605 3234 3660 fideliter
3262 3602 3559 3659 adhmseri-

1960 3714 2101 3763 mus,
2127 3713 2231 3768 quo
2250 3696 2368 3766 ipse
2388 3696 2664 3766 przecessit
2685 3711 2809 3750 esse
2829 3702 3123 3749 secuturos.
3149 3696 3339 3759 Pater,
3363 3692 3555 3763 inquit,

1961 3802 2093 3858 quos
2132 3785 2337 3840 dedisti
2365 3785 2530 3850 mihi,
2570 3786 2688 3840 volo
2708 3788 2774 3839 ut
2811 3785 2905 3839 ubi
2939 3799 3032 3853 ego
3053 3798 3196 3848 sum,
3227 3786 3283 3837 et
3313 3781 3404 3836 illi
3438 3782 3555 3836 sint

1960 3891 2202 3935 meeum.
2244 3878 2309 3929 ut
2350 3874 2579 3929 videant
2621 3875 2947 3928 claritatem
2978 3888 3144 3944 quam
3185 3870 3392 3927 dedisti
3410 3871 3555 3925 mihi

1960 3962 2142 4034 (Joan.
2170 3978 2303 4027 xvn,
2332 3964 2446 4031 24).
2468 3961 2603 4030 Quis
2621 3969 2820 4016 tantam
2845 3960 3075 4031 gratiam
3097 3958 3262 4030 digne
3287 3958 3551 4031 cogitare,

1960 4051 2082 4122 quis
2112 4050 2342 4106 sufﬁciat
2370 4052 2534 4123 digne
2565 4066 2666 4121 pro
2695 4065 2761 4104 ea
2788 4049 2977 4103 laudes
3007 4056 3059 4103 et
3074 4048 3283 4119 gratias
3300 4046 3508 4102 referre
3528 4046 3557 4100 Ἰ

1959 4140 2064 4194 Sed
2094 4140 2192 4194 etsi
2226 4155 2331 4194 non
2362 4140 2604 4194 valemus
2631 4138 2828 4210 dignas
2858 4138 3047 4192 laudes
3078 4137 3409 4208 persolvere,
3443 4151 3551 4189 non

1957 4234 2138 4282 tamen
2167 4228 2428 4281 debemus
2460 4243 2492 4281 a
2520 4226 2819 4294 gratiarum
2852 4225 3066 4280 actione
3096 4240 3334 4289 cessare,
3372 4224 3549 4279 donec

1960 4316 2079 4385 ipso
2108 4316 2360 4379 ducente,
2404 4315 2533 4369 illuc
2580 4314 2982 4385 perveniamus,
3033 4313 3125 4366 ubi
3166 4314 3267 4368 hoc
3297 4313 3415 4367 sine
3443 4311 3550 4368 ﬁne

1960 4403 2240 4468 faciamus,
2271 4404 2409 4458 sicut
2438 4402 2696 4473 scriptum
2729 4409 2807 4458 est
2842 4419 2855 4455 :
2888 4403 3047 4457 Beati
3070 4402 3166 4474 qui
3195 4401 3457 4457 habitant
3488 4403 3551 4456 in

1960 4492 2117 4547 domo
2143 4497 2261 4559 tua,
2288 4494 2518 4547 Domine
2540 4511 2557 4557 ;
2580 4493 2641 4546 in
2656 4491 2865 4546 saecula
2884 4492 3221 4546 seculorum
3235 4489 3551 4545 laudabunt

1960 4584 2013 4635 te
2043 4582 2217 4651 (Psal.
2261 4595 2501 4643 Lxxxm,
2535 4582 2609 4649 5).
2644 4580 2800 4634 Nunc
2830 4579 2974 4633 enim
3008 4588 3219 4650 tempus
3250 4586 3331 4633 est
3359 4578 3549 4633 orandi

1957 4669 2175 4739 pariter,
2210 4676 2260 4722 et
2289 4668 2563 4733 laudandi,
2596 4676 2723 4723 tunc
2752 4668 2856 4723 erit
2876 4667 3250 4723 tantummodo
3271 4666 3545 4721 laudandi.

1955 4757 2105 4811 Tunc
2155 4756 2354 4827 quippe
2398 4756 2536 4811 sicut
2588 4756 2822 4811 miseriae
2869 4756 3164 4821 beatitudo,
3219 4756 3293 4809 ita
3317 4753 3549 4809 orationi

1956 4844 2209 4900 succedet
2231 4845 2488 4899 laudatio.
2515 4845 2754 4915 Impletis
2784 4862 3017 4916 namque
3034 4844 3285 4899 omnibus
3308 4842 3546 4913 promis-

1954 4932 2199 4988 sionibus
2249 4933 2369 4998 Dei,
2420 4933 2552 4987 nihil
2602 4934 2870 5003 supererit
2916 4932 3225 5003 petendum,
3260 4931 3399 4986 sicut
3426 4931 3545 5003 ipse

1954 5021 2082 5077 dicit
2115 5037 2125 5075 :
2158 5023 2225 5076 In
2258 5024 2357 5076 illo
2390 5022 2479 5077 die
2496 5038 2584 5076 me
2601 5039 2713 5078 non
2739 5022 3009 5092 rogabitis
3035 5021 3338 5093 quidquam
3359 5022 3541 5091 (Joan.

1952 5125 2071 5175 xvr,
2092 5112 2201 5180 23).
2238 5110 2412 5177 Quem
2444 5118 2644 5181 quanto
2673 5110 2904 5179 amplius
2926 5109 3223 5182 diligimus,
3257 5117 3405 5165 tanto
3435 5117 3547 5164 stu-

1951 5197 2159 5254 diosius
2206 5198 2504 5264 canonicis,
2557 5200 2661 5254 hoc
2704 5206 2805 5263 est,
2854 5198 3203 5268 pr0pheticis,
3246 5206 3299 5254 et
3328 5206 3544 5269 aposto-

1950 5286 2091 5351 licis,
2126 5303 2225 5341 nec
2253 5303 2361 5341 non
2393 5295 2444 5341 et
2472 5287 2593 5341 aliis
2626 5286 2921 5357 Scripturis
2969 5287 3253 5342 intendere
3282 5288 3544 5341 debemus

1951 5382 2004 5429 et
2033 5375 2447 5445 vigilantissime
2474 5375 2796 5441 auscultare,
2830 5375 2957 5446 quid
2996 5376 3065 5430 de
3096 5376 3187 5430 illo
3218 5374 3375 5430 nobis
3402 5374 3542 5429 insi-

1949 5472 2136 5529 nuent,
2170 5464 2256 5519 vel
2286 5464 2414 5535 quid
2444 5464 2559 5534 ipse
2590 5464 2747 5518 nobis
2777 5463 2832 5517 in
2863 5464 2943 5519 eis
2972 5465 3241 5535 loquatur.
3278 5463 3413 5531 Quis
3442 5479 3542 5518 au-

1950 5552 2105 5610 diens
2165 5552 2315 5608 illum
2373 5552 2639 5609 dicentem
2699 5569 2798 5622 per
2843 5554 3168 5626 prophetam
3200 5569 3214 5609 :
3246 5554 3323 5613 De
3364 5568 3540 5612 manu
