  <div class='ocr_page' id='page_1' title='image "/cluster/home/n/w/nwhite01/storage/ocr_20150623/153/hvd.32044054760111/467.png"; bbox 0 0 3972 6052; ppageno 0'>
   <div class='ocr_carea' id='block_1_1' title="bbox 518 164 625 219">
    <p class='ocr_par' dir='ltr' id='par_1_1' title="bbox 518 164 625 219">
     <span class='ocr_line' id='line_1_1' title="bbox 518 164 625 219; baseline 0.019 -3"><span class='ocrx_word' id='word_1_1' title='bbox 518 164 625 219; x_wconf 72' lang='lat'>923</span> 
     </span>
    </p>
   </div>
   <div class='ocr_carea' id='block_1_2' title="bbox 1493 164 2877 225">
    <p class='ocr_par' dir='ltr' id='par_1_2' title="bbox 1493 164 2877 225">
     <span class='ocr_line' id='line_1_2' title="bbox 1493 164 2877 225; baseline 0.003 -6"><span class='ocrx_word' id='word_1_2' title='bbox 1493 164 1799 221; x_wconf 78' lang='lat' dir='ltr'>JOANNIS</span> <span class='ocrx_word' id='word_1_3' title='bbox 1825 165 2074 221; x_wconf 79' lang='lat' dir='ltr'>CARTH.</span> <span class='ocrx_word' id='word_1_4' title='bbox 2117 164 2500 223; x_wconf 84' lang='lat' dir='ltr'>PORTARUM</span> <span class='ocrx_word' id='word_1_5' title='bbox 2536 167 2877 225; x_wconf 76' lang='lat' dir='ltr'>MONACHI.</span> 
     </span>
    </p>
   </div>
   <div class='ocr_carea' id='block_1_3' title="bbox 3715 174 3819 229">
    <p class='ocr_par' dir='ltr' id='par_1_3' title="bbox 3715 174 3819 229">
     <span class='ocr_line' id='line_1_3' title="bbox 3715 174 3819 229; baseline 0 -1"><span class='ocrx_word' id='word_1_6' title='bbox 3715 174 3819 229; x_wconf 68' lang='grc'>924</span> 
     </span>
    </p>
   </div>
   <div class='ocr_carea' id='block_1_4' title="bbox 514 286 3812 353">
    <p class='ocr_par' dir='ltr' id='par_1_4' title="bbox 514 286 3812 353">
     <span class='ocr_line' id='line_1_4' title="bbox 514 286 3812 353; baseline 0.003 -11"><span class='ocrx_word' id='word_1_7' title='bbox 514 287 713 342; x_wconf 88' lang='lat' dir='ltr'>mortis</span> <span class='ocrx_word' id='word_1_8' title='bbox 733 286 977 343; x_wconf 80' lang='lat' dir='ltr'>liberabo</span> <span class='ocrx_word' id='word_1_9' title='bbox 996 304 1101 353; x_wconf 81' lang='lat' dir='ltr'>eos,</span> <span class='ocrx_word' id='word_1_10' title='bbox 1128 289 1194 345; x_wconf 89' lang='lat' dir='ltr'>de</span> <span class='ocrx_word' id='word_1_11' title='bbox 1214 295 1394 347; x_wconf 88' lang='lat' dir='ltr'>morte</span> <span class='ocrx_word' id='word_1_12' title='bbox 1412 291 1688 347; x_wconf 83' lang='lat' dir='ltr'>redimam</span> <span class='ocrx_word' id='word_1_13' title='bbox 1709 308 1798 347; x_wconf 89' lang='lat' dir='ltr'>eos</span> <span class='ocrx_word' id='word_1_14' title='bbox 1819 308 1832 344; x_wconf 88' lang='lat'><strong>:</strong></span> <span class='ocrx_word' id='word_1_15' title='bbox 1852 307 1944 347; x_wconf 90' lang='lat' dir='ltr'>ero</span> <span class='ocrx_word' id='word_1_16' title='bbox 1965 306 2110 346; x_wconf 90' lang='lat' dir='ltr'>mors</span> <span class='ocrx_word' id='word_1_17' title='bbox 2134 292 2185 353; x_wconf 72' lang='grc' dir='ltr'>Α</span> <span class='ocrx_word' id='word_1_18' title='bbox 2215 289 2314 345; x_wconf 82' lang='lat' dir='ltr'>ris!</span> <span class='ocrx_word' id='word_1_19' title='bbox 2350 291 2605 347; x_wconf 78' lang='lat' dir='ltr'>Fructum</span> <span class='ocrx_word' id='word_1_20' title='bbox 2634 300 2818 349; x_wconf 88' lang='lat' dir='ltr'>autem</span> <span class='ocrx_word' id='word_1_21' title='bbox 2856 292 3059 348; x_wconf 88' lang='lat' dir='ltr'>laboris</span> <span class='ocrx_word' id='word_1_22' title='bbox 3089 293 3195 348; x_wconf 88' lang='lat' dir='ltr'>mei</span> <span class='ocrx_word' id='word_1_23' title='bbox 3224 308 3256 348; x_wconf 93' lang='lat' dir='ltr'>a</span> <span class='ocrx_word' id='word_1_24' title='bbox 3288 293 3518 351; x_wconf 89' lang='lat' dir='ltr'>Domino</span> <span class='ocrx_word' id='word_1_25' title='bbox 3542 295 3647 350; x_wconf 91' lang='lat' dir='ltr'>tuis</span> <span class='ocrx_word' id='word_1_26' title='bbox 3678 312 3812 351; x_wconf 89' lang='lat' dir='ltr'>ora-</span> 
     </span>
    </p>
   </div>
   <div class='ocr_carea' id='block_1_5' title="bbox 518 379 2113 450">
    <p class='ocr_par' dir='ltr' id='par_1_5' title="bbox 518 379 2113 450">
     <span class='ocr_line' id='line_1_5' title="bbox 518 379 2113 450; baseline 0.003 -21"><span class='ocrx_word' id='word_1_27' title='bbox 518 379 635 441; x_wconf 89' lang='lat' dir='ltr'>tua,</span> <span class='ocrx_word' id='word_1_28' title='bbox 659 391 689 430; x_wconf 94' lang='lat' dir='ltr'>o</span> <span class='ocrx_word' id='word_1_29' title='bbox 704 391 873 443; x_wconf 86' lang='lat' dir='ltr'>mors,</span> <span class='ocrx_word' id='word_1_30' title='bbox 892 392 1110 432; x_wconf 83' lang='lat' dir='ltr'>morsus</span> <span class='ocrx_word' id='word_1_31' title='bbox 1130 381 1263 434; x_wconf 90' lang='lat' dir='ltr'>tuus</span> <span class='ocrx_word' id='word_1_32' title='bbox 1283 395 1375 435; x_wconf 89' lang='lat' dir='ltr'>ero</span> <span class='ocrx_word' id='word_1_33' title='bbox 1401 381 1625 450; x_wconf 81' lang='lat' dir='ltr'>inferne</span> <span class='ocrx_word' id='word_1_34' title='bbox 1648 380 1825 450; x_wconf 88' lang='lat' dir='ltr'>(Osee.</span> <span class='ocrx_word' id='word_1_35' title='bbox 1850 394 1973 445; x_wconf 81' lang='lat' dir='ltr'>xm,</span> <span class='ocrx_word' id='word_1_36' title='bbox 2006 380 2113 448; x_wconf 76' lang='grc'>14),</span> 
     </span>
    </p>
   </div>
   <div class='ocr_carea' id='block_1_6' title="bbox 515 465 2112 536">
    <p class='ocr_par' dir='ltr' id='par_1_6' title="bbox 515 465 2112 536">
     <span class='ocr_line' id='line_1_6' title="bbox 515 465 2112 536; baseline 0.003 -20"><span class='ocrx_word' id='word_1_37' title='bbox 515 480 625 519; x_wconf 91' lang='lat' dir='ltr'>non</span> <span class='ocrx_word' id='word_1_38' title='bbox 658 472 910 535; x_wconf 76' lang='lat' dir='ltr'>erumpat</span> <span class='ocrx_word' id='word_1_39' title='bbox 938 465 994 519; x_wconf 91' lang='lat' dir='ltr'>in</span> <span class='ocrx_word' id='word_1_40' title='bbox 1030 467 1170 521; x_wconf 88' lang='lat' dir='ltr'>hanc</span> <span class='ocrx_word' id='word_1_41' title='bbox 1219 482 1408 523; x_wconf 91' lang='lat' dir='ltr'>vocem</span> <span class='ocrx_word' id='word_1_42' title='bbox 1451 468 1803 536; x_wconf 90' lang='lat' dir='ltr'>jucunditatis</span> <span class='ocrx_word' id='word_1_43' title='bbox 1834 474 1886 523; x_wconf 91' lang='lat' dir='ltr'>et</span> <span class='ocrx_word' id='word_1_44' title='bbox 1914 468 2112 534; x_wconf 84' lang='lat' dir='ltr'>laudis,</span> 
     </span>
    </p>
   </div>
   <div class='ocr_carea' id='block_1_7' title="bbox 516 552 2114 628">
    <p class='ocr_par' dir='ltr' id='par_1_7' title="bbox 516 552 2114 628">
     <span class='ocr_line' id='line_1_7' title="bbox 516 552 2114 628; baseline 0.003 -21"><span class='ocrx_word' id='word_1_45' title='bbox 516 559 574 607; x_wconf 88' lang='lat' dir='ltr'>ut</span> <span class='ocrx_word' id='word_1_46' title='bbox 602 552 745 608; x_wconf 90' lang='lat' dir='ltr'>dicat</span> <span class='ocrx_word' id='word_1_47' title='bbox 777 570 789 606; x_wconf 89' lang='lat'><strong>:</strong></span> <span class='ocrx_word' id='word_1_48' title='bbox 825 552 1065 621; x_wconf 83' lang='lat' dir='ltr'>Gratias,</span> <span class='ocrx_word' id='word_1_49' title='bbox 1100 556 1349 622; x_wconf 86' lang='lat' dir='ltr'>Domine,</span> <span class='ocrx_word' id='word_1_50' title='bbox 1384 564 1548 611; x_wconf 68' lang='lat' dir='ltr'>tanta:</span> <span class='ocrx_word' id='word_1_51' title='bbox 1580 556 1784 626; x_wconf 80' lang='lat' dir='ltr'>pietati,</span> <span class='ocrx_word' id='word_1_52' title='bbox 1820 573 1977 628; x_wconf 88' lang='lat' dir='ltr'>quam</span> <span class='ocrx_word' id='word_1_53' title='bbox 2010 572 2114 611; x_wconf 91' lang='lat' dir='ltr'>no-</span> 
     </span>
    </p>
   </div>
   <div class='ocr_carea' id='block_1_8' title="bbox 514 641 2115 716">
    <p class='ocr_par' dir='ltr' id='par_1_8' title="bbox 514 641 2115 716">
     <span class='ocr_line' id='line_1_8' title="bbox 514 641 2115 716; baseline 0.003 -21"><span class='ocrx_word' id='word_1_54' title='bbox 514 648 641 696; x_wconf 70' lang='lat' dir='ltr'>stra:</span> <span class='ocrx_word' id='word_1_55' title='bbox 671 641 1033 712; x_wconf 86' lang='lat' dir='ltr'>redemptioni</span> <span class='ocrx_word' id='word_1_56' title='bbox 1061 642 1379 713; x_wconf 87' lang='lat' dir='ltr'>impendere</span> <span class='ocrx_word' id='word_1_57' title='bbox 1410 645 1663 716; x_wconf 86' lang='lat' dir='ltr'>dignatus</span> <span class='ocrx_word' id='word_1_58' title='bbox 1695 662 1755 699; x_wconf 90' lang='lat' dir='ltr'>es</span> <span class='ocrx_word' id='word_1_59' title='bbox 1788 663 1801 698; x_wconf 91' lang='lat'><strong>:</strong></span> <span class='ocrx_word' id='word_1_60' title='bbox 1835 654 1887 699; x_wconf 90' lang='lat' dir='ltr'>et</span> <span class='ocrx_word' id='word_1_61' title='bbox 1918 660 2115 715; x_wconf 82' lang='lat' dir='ltr'>precor</span> 
     </span>
    </p>
   </div>
   <div class='ocr_carea' id='block_1_9' title="bbox 520 729 2111 804">
    <p class='ocr_par' dir='ltr' id='par_1_9' title="bbox 520 729 2111 804">
     <span class='ocr_line' id='line_1_9' title="bbox 520 729 2111 804; baseline 0.002 -21"><span class='ocrx_word' id='word_1_62' title='bbox 520 736 576 783; x_wconf 92' lang='lat' dir='ltr'>ut</span> <span class='ocrx_word' id='word_1_63' title='bbox 604 729 847 798; x_wconf 88' lang='lat' dir='ltr'>ejusdem</span> <span class='ocrx_word' id='word_1_64' title='bbox 879 731 1289 800; x_wconf 78' lang='lat' dir='ltr'>redemptionis,</span> <span class='ocrx_word' id='word_1_65' title='bbox 1336 741 1388 787; x_wconf 89' lang='lat' dir='ltr'>et</span> <span class='ocrx_word' id='word_1_66' title='bbox 1418 733 1604 787; x_wconf 88' lang='lat' dir='ltr'>salutis</span> <span class='ocrx_word' id='word_1_67' title='bbox 1633 741 1848 788; x_wconf 70' lang='lat' dir='ltr'>aeterna:</span> <span class='ocrx_word' id='word_1_68' title='bbox 1880 750 2001 804; x_wconf 62' lang='lat' dir='ltr'>quas</span> <span class='ocrx_word' id='word_1_69' title='bbox 2032 741 2111 787; x_wconf 90' lang='lat' dir='ltr'>est</span> 
     </span>
    </p>
   </div>
   <div class='ocr_carea' id='block_1_10' title="bbox 510 806 2112 895">
    <p class='ocr_par' dir='ltr' id='par_1_10' title="bbox 510 806 2112 895">
     <span class='ocr_line' id='line_1_10' title="bbox 510 806 2112 895; baseline 0.004 -25"><span class='ocrx_word' id='word_1_70' title='bbox 510 817 565 870; x_wconf 91' lang='lat' dir='ltr'>in</span> <span class='ocrx_word' id='word_1_71' title='bbox 589 824 658 883; x_wconf 90' lang='lat' dir='ltr'>te,</span> <span class='ocrx_word' id='word_1_72' title='bbox 682 834 790 872; x_wconf 90' lang='lat' dir='ltr'>non</span> <span class='ocrx_word' id='word_1_73' title='bbox 812 806 979 873; x_wconf 79' lang='lat' dir='ltr'>facias</span> <span class='ocrx_word' id='word_1_74' title='bbox 1001 818 1056 872; x_wconf 91' lang='lat' dir='ltr'>in</span> <span class='ocrx_word' id='word_1_75' title='bbox 1076 827 1340 874; x_wconf 54' lang='lat' dir='ltr'>aeternum</span> <span class='ocrx_word' id='word_1_76' title='bbox 1363 822 1633 876; x_wconf 83' lang='lat' dir='ltr'>veraciter</span> <span class='ocrx_word' id='word_1_77' title='bbox 1645 838 1766 875; x_wconf 87' lang='lat' dir='ltr'>esse</span> <span class='ocrx_word' id='word_1_78' title='bbox 1780 821 2071 895; x_wconf 82' lang='lat' dir='ltr'>participes</span> <span class='ocrx_word' id='word_1_79' title='bbox 2085 822 2112 876; x_wconf 83' lang='lat'><strong><em>?</em></strong></span> 
     </span>
    </p>
   </div>
   <div class='ocr_carea' id='block_1_11' title="bbox 512 904 2108 978">
    <p class='ocr_par' dir='ltr' id='par_1_11' title="bbox 512 904 2108 978">
     <span class='ocr_line' id='line_1_11' title="bbox 512 904 2108 978; baseline 0.004 -20"><span class='ocrx_word' id='word_1_80' title='bbox 512 904 645 973; x_wconf 83' lang='lat' dir='ltr'>Quis</span> <span class='ocrx_word' id='word_1_81' title='bbox 693 906 932 961; x_wconf 89' lang='lat' dir='ltr'>audiens-</span> <span class='ocrx_word' id='word_1_82' title='bbox 962 907 1283 977; x_wconf 86' lang='lat' dir='ltr'>Apostolum</span> <span class='ocrx_word' id='word_1_83' title='bbox 1326 909 1595 964; x_wconf 81' lang='lat' dir='ltr'>dicentem</span> <span class='ocrx_word' id='word_1_84' title='bbox 1630 910 1866 965; x_wconf 84' lang='lat' dir='ltr'>:Fidelis</span> <span class='ocrx_word' id='word_1_85' title='bbox 1906 927 2108 978; x_wconf 83' lang='lat' dir='ltr'>sermo,</span> 
     </span>
    </p>
   </div>
   <div class='ocr_carea' id='block_1_12' title="bbox 513 995 2110 1069">
    <p class='ocr_par' dir='ltr' id='par_1_12' title="bbox 513 995 2110 1069">
     <span class='ocr_line' id='line_1_12' title="bbox 513 995 2110 1069; baseline 0.001 -20"><span class='ocrx_word' id='word_1_86' title='bbox 513 996 645 1065; x_wconf 85' lang='lat' dir='ltr'>quia</span> <span class='ocrx_word' id='word_1_87' title='bbox 669 995 925 1050; x_wconf 78' lang='lat' dir='ltr'>Christus</span> <span class='ocrx_word' id='word_1_88' title='bbox 948 998 1107 1051; x_wconf 86' lang='lat' dir='ltr'>Jesus</span> <span class='ocrx_word' id='word_1_89' title='bbox 1130 999 1283 1052; x_wconf 88' lang='lat' dir='ltr'>venit</span> <span class='ocrx_word' id='word_1_90' title='bbox 1302 998 1366 1053; x_wconf 87' lang='lat' dir='ltr'>in</span> <span class='ocrx_word' id='word_1_91' title='bbox 1386 998 1537 1053; x_wconf 89' lang='lat' dir='ltr'>hunc</span> <span class='ocrx_word' id='word_1_92' title='bbox 1561 998 1837 1053; x_wconf 86' lang='lat' dir='ltr'>mundum</span> <span class='ocrx_word' id='word_1_93' title='bbox 1854 1003 2110 1069; x_wconf 81' lang='lat' dir='ltr'>peccato-</span> 
     </span>
    </p>
   </div>
   <div class='ocr_carea' id='block_1_13' title="bbox 512 1084 2109 1155">
    <p class='ocr_par' dir='ltr' id='par_1_13' title="bbox 512 1084 2109 1155">
     <span class='ocr_line' id='line_1_13' title="bbox 512 1084 2109 1155; baseline 0.003 -19"><span class='ocrx_word' id='word_1_94' title='bbox 512 1098 601 1137; x_wconf 88' lang='lat' dir='ltr'>res</span> <span class='ocrx_word' id='word_1_95' title='bbox 630 1084 812 1138; x_wconf 87' lang='lat' dir='ltr'>salvos</span> <span class='ocrx_word' id='word_1_96' title='bbox 832 1086 1021 1155; x_wconf 80' lang='lat' dir='ltr'>facere</span> <span class='ocrx_word' id='word_1_97' title='bbox 1040 1085 1093 1154; x_wconf 88' lang='lat' dir='ltr'>(I</span> <span class='ocrx_word' id='word_1_98' title='bbox 1116 1086 1251 1139; x_wconf 88' lang='lat' dir='ltr'>Tim.</span> <span class='ocrx_word' id='word_1_99' title='bbox 1276 1101 1312 1153; x_wconf 92' lang='grc' dir='ltr'>ι,</span> <span class='ocrx_word' id='word_1_100' title='bbox 1341 1089 1427 1155; x_wconf 83' lang='grc'>15)</span> <span class='ocrx_word' id='word_1_101' title='bbox 1455 1104 1467 1151; x_wconf 91' lang='grc'>;</span> <span class='ocrx_word' id='word_1_102' title='bbox 1502 1102 1610 1141; x_wconf 89' lang='lat' dir='ltr'>non</span> <span class='ocrx_word' id='word_1_103' title='bbox 1633 1085 1871 1140; x_wconf 79' lang='lat' dir='ltr'>effundat</span> <span class='ocrx_word' id='word_1_104' title='bbox 1896 1086 2109 1141; x_wconf 87' lang='lat' dir='ltr'>laudem</span> 
     </span>
    </p>
   </div>
   <div class='ocr_carea' id='block_1_14' title="bbox 510 1170 2110 1242">
    <p class='ocr_par' dir='ltr' id='par_1_14' title="bbox 510 1170 2110 1242">
     <span class='ocr_line' id='line_1_14' title="bbox 510 1170 2110 1242; baseline 0.003 -17"><span class='ocrx_word' id='word_1_105' title='bbox 510 1170 719 1240; x_wconf 87' lang='lat' dir='ltr'>pariter</span> <span class='ocrx_word' id='word_1_106' title='bbox 747 1180 799 1226; x_wconf 91' lang='lat' dir='ltr'>et</span> <span class='ocrx_word' id='word_1_107' title='bbox 825 1188 1062 1242; x_wconf 87' lang='lat' dir='ltr'>precem,</span> <span class='ocrx_word' id='word_1_108' title='bbox 1097 1180 1150 1228; x_wconf 90' lang='lat' dir='ltr'>et</span> <span class='ocrx_word' id='word_1_109' title='bbox 1178 1173 1321 1228; x_wconf 83' lang='lat' dir='ltr'>dicat</span> <span class='ocrx_word' id='word_1_110' title='bbox 1356 1190 1367 1227; x_wconf 91' lang='lat'><strong>:</strong></span> <span class='ocrx_word' id='word_1_111' title='bbox 1402 1174 1540 1240; x_wconf 90' lang='lat' dir='ltr'>Tibi,</span> <span class='ocrx_word' id='word_1_112' title='bbox 1577 1174 1827 1240; x_wconf 87' lang='lat' dir='ltr'>Domine,</span> <span class='ocrx_word' id='word_1_113' title='bbox 1851 1175 1986 1241; x_wconf 89' lang='lat' dir='ltr'>laus,</span> <span class='ocrx_word' id='word_1_114' title='bbox 2015 1174 2110 1229; x_wconf 88' lang='lat' dir='ltr'>tibi</span> 
     </span>
    </p>
   </div>
   <div class='ocr_carea' id='block_1_15' title="bbox 508 1259 2107 1334">
    <p class='ocr_par' dir='ltr' id='par_1_15' title="bbox 508 1259 2107 1334">
     <span class='ocr_line' id='line_1_15' title="bbox 508 1259 2107 1334; baseline 0.003 -22"><span class='ocrx_word' id='word_1_115' title='bbox 508 1259 799 1331; x_wconf 81' lang='lat' dir='ltr'>gratiarum</span> <span class='ocrx_word' id='word_1_116' title='bbox 831 1260 990 1325; x_wconf 91' lang='lat' dir='ltr'>actio,</span> <span class='ocrx_word' id='word_1_117' title='bbox 1026 1261 1115 1331; x_wconf 91' lang='lat' dir='ltr'>qui</span> <span class='ocrx_word' id='word_1_118' title='bbox 1142 1270 1290 1315; x_wconf 91' lang='lat' dir='ltr'>tanta</span> <span class='ocrx_word' id='word_1_119' title='bbox 1321 1261 1667 1317; x_wconf 88' lang='lat' dir='ltr'>miseratione</span> <span class='ocrx_word' id='word_1_120' title='bbox 1690 1263 1856 1317; x_wconf 90' lang='lat' dir='ltr'>vitam</span> <span class='ocrx_word' id='word_1_121' title='bbox 1878 1279 2107 1334; x_wconf 86' lang='lat' dir='ltr'>peccca-</span> 
     </span>
    </p>
   </div>
   <div class='ocr_carea' id='block_1_16' title="bbox 508 1348 2107 1420">
    <p class='ocr_par' dir='ltr' id='par_1_16' title="bbox 508 1348 2107 1420">
     <span class='ocr_line' id='line_1_16' title="bbox 508 1348 2107 1420; baseline 0.003 -20"><span class='ocrx_word' id='word_1_122' title='bbox 508 1355 706 1415; x_wconf 91' lang='lat' dir='ltr'>torum,</span> <span class='ocrx_word' id='word_1_123' title='bbox 739 1363 847 1402; x_wconf 91' lang='lat' dir='ltr'>non</span> <span class='ocrx_word' id='word_1_124' title='bbox 870 1357 1101 1403; x_wconf 89' lang='lat' dir='ltr'>mortem</span> <span class='ocrx_word' id='word_1_125' title='bbox 1121 1348 1369 1420; x_wconf 90' lang='lat' dir='ltr'>inquiris.</span> <span class='ocrx_word' id='word_1_126' title='bbox 1394 1351 1609 1406; x_wconf 86' lang='lat' dir='ltr'>Placeat</span> <span class='ocrx_word' id='word_1_127' title='bbox 1631 1351 1745 1416; x_wconf 84' lang='lat' dir='ltr'>tibi,</span> <span class='ocrx_word' id='word_1_128' title='bbox 1775 1352 2025 1419; x_wconf 88' lang='lat' dir='ltr'>Domine,</span> <span class='ocrx_word' id='word_1_129' title='bbox 2051 1360 2107 1406; x_wconf 89' lang='lat' dir='ltr'>ut</span> 
     </span>
    </p>
   </div>
   <div class='ocr_carea' id='block_1_17' title="bbox 505 1435 2105 1507">
    <p class='ocr_par' dir='ltr' id='par_1_17' title="bbox 505 1435 2105 1507">
     <span class='ocr_line' id='line_1_17' title="bbox 505 1435 2105 1507; baseline 0.003 -18"><span class='ocrx_word' id='word_1_130' title='bbox 505 1435 805 1505; x_wconf 85' lang='lat' dir='ltr'>justificare</span> <span class='ocrx_word' id='word_1_131' title='bbox 854 1453 957 1491; x_wconf 87' lang='lat' dir='ltr'>nos</span> <span class='ocrx_word' id='word_1_132' title='bbox 986 1452 1017 1490; x_wconf 91' lang='lat' dir='ltr'>a</span> <span class='ocrx_word' id='word_1_133' title='bbox 1046 1438 1308 1507; x_wconf 89' lang='lat' dir='ltr'>peccatis,</span> <span class='ocrx_word' id='word_1_134' title='bbox 1363 1447 1413 1492; x_wconf 91' lang='lat' dir='ltr'>et</span> <span class='ocrx_word' id='word_1_135' title='bbox 1462 1439 1634 1494; x_wconf 89' lang='lat' dir='ltr'>salute</span> <span class='ocrx_word' id='word_1_136' title='bbox 1679 1448 1886 1495; x_wconf 67' lang='lat' dir='ltr'>aeterna</span> <span class='ocrx_word' id='word_1_137' title='bbox 1924 1440 2105 1497; x_wconf 88' lang='lat' dir='ltr'>salvos</span> 
     </span>
    </p>
   </div>
   <div class='ocr_carea' id='block_1_18' title="bbox 508 1524 2105 1601">
    <p class='ocr_par' dir='ltr' id='par_1_18' title="bbox 508 1524 2105 1601">
     <span class='ocr_line' id='line_1_18' title="bbox 508 1524 2105 1601; baseline 0.003 -23"><span class='ocrx_word' id='word_1_138' title='bbox 508 1539 610 1579; x_wconf 88' lang='lat' dir='ltr'>nos</span> <span class='ocrx_word' id='word_1_139' title='bbox 640 1524 819 1580; x_wconf 88' lang='lat' dir='ltr'>facere</span> <span class='ocrx_word' id='word_1_140' title='bbox 849 1524 1112 1595; x_wconf 79' lang='lat' dir='ltr'>digneris.</span> <span class='ocrx_word' id='word_1_141' title='bbox 1146 1526 1441 1582; x_wconf 83' lang='lat' dir='ltr'>Audientes</span> <span class='ocrx_word' id='word_1_142' title='bbox 1471 1544 1606 1599; x_wconf 84' lang='lat' dir='ltr'>ergo</span> <span class='ocrx_word' id='word_1_143' title='bbox 1638 1528 1874 1599; x_wconf 91' lang='lat' dir='ltr'>eloquia,</span> <span class='ocrx_word' id='word_1_144' title='bbox 1908 1530 2105 1601; x_wconf 84' lang='lat' dir='ltr'>quibus</span> 
     </span>
    </p>
   </div>
   <div class='ocr_carea' id='block_1_19' title="bbox 2221 378 2841 451">
    <p class='ocr_par' dir='ltr' id='par_1_19' title="bbox 2221 378 2841 451">
     <span class='ocr_line' id='line_1_19' title="bbox 2221 378 2841 451; baseline 0.005 -19"><span class='ocrx_word' id='word_1_145' title='bbox 2221 378 2455 435; x_wconf 89' lang='lat' dir='ltr'>tionibus</span> <span class='ocrx_word' id='word_1_146' title='bbox 2486 381 2816 451; x_wconf 85' lang='lat' dir='ltr'>exspectabo</span> <span class='ocrx_word' id='word_1_147' title='bbox 2829 423 2841 435; x_wconf 92' lang='lat'>.</span> 
     </span>
    </p>
   </div>
   <div class='ocr_carea' id='block_1_20' title="bbox 2714 540 3309 596">
    <p class='ocr_par' dir='ltr' id='par_1_20' title="bbox 2714 540 3309 596">
     <span class='ocr_line' id='line_1_20' title="bbox 2714 540 3309 596; baseline 0.002 -1"><span class='ocrx_word' id='word_1_148' title='bbox 2714 540 3150 596; x_wconf 79' lang='lat' dir='ltr'>EPISTULA</span> <span class='ocrx_word' id='word_1_149' title='bbox 3200 542 3309 596; x_wconf 81' lang='lat' dir='ltr'>IV.</span> 
     </span>
    </p>
   </div>
   <div class='ocr_carea' id='block_1_21' title="bbox 2794 679 3211 720">
    <p class='ocr_par' dir='ltr' id='par_1_21' title="bbox 2794 679 3211 720">
     <span class='ocr_line' id='line_1_21' title="bbox 2794 679 3211 720; baseline 0.007 -3"><span class='ocrx_word' id='word_1_150' title='bbox 2794 679 2866 718; x_wconf 81' lang='lat' dir='ltr'>AD</span> <span class='ocrx_word' id='word_1_151' title='bbox 2895 680 3211 720; x_wconf 69' lang='lat' dir='ltr'>BEBARDUM.</span> 
     </span>
    </p>
   </div>
   <div class='ocr_carea' id='block_1_22' title="bbox 2712 787 3305 845">
    <p class='ocr_par' dir='ltr' id='par_1_22' title="bbox 2712 787 3305 845">
     <span class='ocr_line' id='line_1_22' title="bbox 2712 787 3305 845; baseline -0.002 -3"><span class='ocrx_word' id='word_1_152' title='bbox 2712 789 2788 842; x_wconf 91' lang='lat' dir='ltr'>De</span> <span class='ocrx_word' id='word_1_153' title='bbox 2817 789 3071 845; x_wconf 87' lang='lat' dir='ltr'>custodia</span> <span class='ocrx_word' id='word_1_154' title='bbox 3101 787 3305 844; x_wconf 84' lang='lat' dir='ltr'>cordis.</span> 
     </span>
    </p>
   </div>
   <div class='ocr_carea' id='block_1_23' title="bbox 2284 910 3812 979">
    <p class='ocr_par' dir='ltr' id='par_1_23' title="bbox 2284 910 3812 979">
     <span class='ocr_line' id='line_1_23' title="bbox 2284 910 3812 979; baseline 0.004 -15"><span class='ocrx_word' id='word_1_155' title='bbox 2284 910 2651 965; x_wconf 85' lang='lat' dir='ltr'>Dilectissimo</span> <span class='ocrx_word' id='word_1_156' title='bbox 2729 910 2881 965; x_wconf 83' lang='lat' dir='ltr'>fratri</span> <span class='ocrx_word' id='word_1_157' title='bbox 2946 913 3248 979; x_wconf 67' lang='lat' dir='ltr'>Bananno,</span> <span class='ocrx_word' id='word_1_158' title='bbox 3302 912 3473 968; x_wconf 79' lang='lat' dir='ltr'>frater</span> <span class='ocrx_word' id='word_1_159' title='bbox 3551 915 3812 970; x_wconf 73' lang='lat' dir='ltr'>JOANNI-zs</span> 
     </span>
    </p>
   </div>
   <div class='ocr_carea' id='block_1_24' title="bbox 2214 999 2464 1053">
    <p class='ocr_par' dir='ltr' id='par_1_24' title="bbox 2214 999 2464 1053">
     <span class='ocr_line' id='line_1_24' title="bbox 2214 999 2464 1053; baseline 0.004 -1"><span class='ocrx_word' id='word_1_160' title='bbox 2214 999 2464 1053; x_wconf 87' lang='lat' dir='ltr'>salutem.</span> 
     </span>
    </p>
   </div>
   <div class='ocr_carea' id='block_1_25' title="bbox 2282 1087 3808 1159">
    <p class='ocr_par' dir='ltr' id='par_1_25' title="bbox 2282 1087 3808 1159">
     <span class='ocr_line' id='line_1_25' title="bbox 2282 1087 3808 1159; baseline 0.003 -19"><span class='ocrx_word' id='word_1_161' title='bbox 2282 1087 2558 1141; x_wconf 87' lang='lat' dir='ltr'>Pctitionis</span> <span class='ocrx_word' id='word_1_162' title='bbox 2590 1097 2693 1142; x_wconf 68' lang='lat' dir='ltr'>ture</span> <span class='ocrx_word' id='word_1_163' title='bbox 2723 1095 2925 1152; x_wconf 91' lang='lat' dir='ltr'>votum,</span> <span class='ocrx_word' id='word_1_164' title='bbox 2961 1095 3013 1143; x_wconf 88' lang='lat' dir='ltr'>et</span> <span class='ocrx_word' id='word_1_165' title='bbox 3032 1088 3411 1159; x_wconf 89' lang='lat' dir='ltr'>promissionis</span> <span class='ocrx_word' id='word_1_166' title='bbox 3433 1098 3538 1145; x_wconf 85' lang='lat' dir='ltr'>tuae</span> <span class='ocrx_word' id='word_1_167' title='bbox 3559 1091 3808 1145; x_wconf 86' lang='lat' dir='ltr'>debitum</span> 
     </span>
    </p>
   </div>
   <div class='ocr_carea' id='block_1_26' title="bbox 2208 1176 3809 1246">
    <p class='ocr_par' dir='ltr' id='par_1_26' title="bbox 2208 1176 3809 1246">
     <span class='ocr_line' id='line_1_26' title="bbox 2208 1176 3809 1246; baseline 0.002 -18"><span class='ocrx_word' id='word_1_168' title='bbox 2208 1176 2460 1245; x_wconf 68' lang='lat' dir='ltr'>praesenti</span> <span class='ocrx_word' id='word_1_169' title='bbox 2479 1176 2739 1231; x_wconf 89' lang='lat' dir='ltr'>schedula</span> <span class='ocrx_word' id='word_1_170' title='bbox 2756 1176 3031 1246; x_wconf 88' lang='lat' dir='ltr'>persolvo.</span> <span class='ocrx_word' id='word_1_171' title='bbox 3054 1177 3193 1230; x_wconf 90' lang='lat' dir='ltr'>Nam</span> <span class='ocrx_word' id='word_1_172' title='bbox 3211 1193 3331 1231; x_wconf 91' lang='lat' dir='ltr'>cum</span> <span class='ocrx_word' id='word_1_173' title='bbox 3355 1178 3446 1232; x_wconf 88' lang='lat' dir='ltr'>tibi</span> <span class='ocrx_word' id='word_1_174' title='bbox 3470 1188 3521 1232; x_wconf 90' lang='lat' dir='ltr'>et</span> <span class='ocrx_word' id='word_1_175' title='bbox 3543 1178 3809 1233; x_wconf 87' lang='lat' dir='ltr'>fratribus</span> 
     </span>
    </p>
   </div>
   <div class='ocr_carea' id='block_1_27' title="bbox 2208 1264 3810 1335">
    <p class='ocr_par' dir='ltr' id='par_1_27' title="bbox 2208 1264 3810 1335">
     <span class='ocr_line' id='line_1_27' title="bbox 2208 1264 3810 1335; baseline 0.003 -19"><span class='ocrx_word' id='word_1_176' title='bbox 2208 1264 2297 1335; x_wconf 88' lang='lat' dir='ltr'>qui</span> <span class='ocrx_word' id='word_1_177' title='bbox 2330 1272 2506 1319; x_wconf 90' lang='lat' dir='ltr'>tecum</span> <span class='ocrx_word' id='word_1_178' title='bbox 2556 1265 2625 1318; x_wconf 91' lang='lat' dir='ltr'>ad</span> <span class='ocrx_word' id='word_1_179' title='bbox 2676 1280 2776 1318; x_wconf 91' lang='lat' dir='ltr'>nos</span> <span class='ocrx_word' id='word_1_180' title='bbox 2806 1273 3087 1329; x_wconf 86' lang='lat' dir='ltr'>venerant,</span> <span class='ocrx_word' id='word_1_181' title='bbox 3121 1265 3189 1319; x_wconf 92' lang='lat' dir='ltr'>de</span> <span class='ocrx_word' id='word_1_182' title='bbox 3220 1265 3467 1320; x_wconf 89' lang='lat' dir='ltr'>custodia</span> <span class='ocrx_word' id='word_1_183' title='bbox 3497 1266 3677 1321; x_wconf 89' lang='lat' dir='ltr'>cordis</span> <span class='ocrx_word' id='word_1_184' title='bbox 3710 1284 3810 1321; x_wconf 80' lang='lat' dir='ltr'>ex-</span> 
     </span>
    </p>
   </div>
   <div class='ocr_carea' id='block_1_28' title="bbox 2207 1350 3809 1423">
    <p class='ocr_par' dir='ltr' id='par_1_28' title="bbox 2207 1350 3809 1423">
     <span class='ocr_line' id='line_1_28' title="bbox 2207 1350 3809 1423; baseline 0.002 -18"><span class='ocrx_word' id='word_1_185' title='bbox 2207 1351 2570 1406; x_wconf 85' lang='lat' dir='ltr'>hortationem</span> <span class='ocrx_word' id='word_1_186' title='bbox 2616 1350 2900 1417; x_wconf 88' lang='lat' dir='ltr'>fecissem;</span> <span class='ocrx_word' id='word_1_187' title='bbox 2932 1360 2985 1406; x_wconf 89' lang='lat' dir='ltr'>et</span> <span class='ocrx_word' id='word_1_188' title='bbox 3024 1353 3297 1423; x_wconf 90' lang='lat' dir='ltr'>quomodo</span> <span class='ocrx_word' id='word_1_189' title='bbox 3344 1354 3523 1408; x_wconf 91' lang='lat' dir='ltr'>anima</span> <span class='ocrx_word' id='word_1_190' title='bbox 3553 1353 3640 1409; x_wconf 87' lang='lat' dir='ltr'>vel</span> <span class='ocrx_word' id='word_1_191' title='bbox 3674 1370 3809 1409; x_wconf 87' lang='lat' dir='ltr'>caro</span> 
     </span>
    </p>
   </div>
   <div class='ocr_carea' id='block_1_29' title="bbox 2208 1439 3812 1510">
    <p class='ocr_par' dir='ltr' id='par_1_29' title="bbox 2208 1439 3812 1510">
     <span class='ocr_line' id='line_1_29' title="bbox 2208 1439 3812 1510; baseline 0.001 -15"><span class='ocrx_word' id='word_1_192' title='bbox 2208 1439 2591 1510; x_wconf 88' lang='lat' dir='ltr'>obtemperare</span> <span class='ocrx_word' id='word_1_193' title='bbox 2620 1440 2818 1495; x_wconf 88' lang='lat' dir='ltr'>debeat</span> <span class='ocrx_word' id='word_1_194' title='bbox 2846 1440 3061 1505; x_wconf 86' lang='lat' dir='ltr'>rationi,</span> <span class='ocrx_word' id='word_1_195' title='bbox 3087 1441 3468 1508; x_wconf 86' lang='lat' dir='ltr'>ostendissem,</span> <span class='ocrx_word' id='word_1_196' title='bbox 3494 1442 3692 1497; x_wconf 81' lang='lat' dir='ltr'>obnixe</span> <span class='ocrx_word' id='word_1_197' title='bbox 3718 1458 3812 1497; x_wconf 83' lang='lat' dir='ltr'>ro-</span> 
     </span>
    </p>
   </div>
   <div class='ocr_carea' id='block_1_30' title="bbox 2204 1527 3810 1601">
    <p class='ocr_par' dir='ltr' id='par_1_30' title="bbox 2204 1527 3810 1601">
     <span class='ocr_line' id='line_1_30' title="bbox 2204 1527 3810 1601; baseline 0.001 -20"><span class='ocrx_word' id='word_1_198' title='bbox 2204 1527 2345 1600; x_wconf 89' lang='lat' dir='ltr'>gasti</span> <span class='ocrx_word' id='word_1_199' title='bbox 2375 1536 2430 1581; x_wconf 90' lang='lat' dir='ltr'>ut</span> <span class='ocrx_word' id='word_1_200' title='bbox 2462 1544 2523 1582; x_wconf 91' lang='lat' dir='ltr'>ea</span> <span class='ocrx_word' id='word_1_201' title='bbox 2552 1544 2674 1599; x_wconf 71' lang='lat' dir='ltr'>quae</span> <span class='ocrx_word' id='word_1_202' title='bbox 2703 1529 2887 1584; x_wconf 84' lang='lat' dir='ltr'>verbis</span> <span class='ocrx_word' id='word_1_203' title='bbox 2916 1545 3316 1600; x_wconf 87' lang='lat' dir='ltr'>expresseram,</span> <span class='ocrx_word' id='word_1_204' title='bbox 3340 1530 3541 1601; x_wconf 89' lang='lat' dir='ltr'>scripto</span> <span class='ocrx_word' id='word_1_205' title='bbox 3556 1530 3653 1585; x_wconf 90' lang='lat' dir='ltr'>tibi</span> <span class='ocrx_word' id='word_1_206' title='bbox 3673 1531 3810 1586; x_wconf 87' lang='lat' dir='ltr'>diri-</span> 
     </span>
    </p>
   </div>
   <div class='ocr_carea' id='block_1_31' title="bbox 509 1610 3809 1702">
    <p class='ocr_par' dir='ltr' id='par_1_31' title="bbox 509 1610 3809 1702">
     <span class='ocr_line' id='line_1_31' title="bbox 509 1610 3809 1702; baseline 0.002 -37"><span class='ocrx_word' id='word_1_207' title='bbox 509 1610 772 1668; x_wconf 83' lang='lat' dir='ltr'>beneﬁcia</span> <span class='ocrx_word' id='word_1_208' title='bbox 800 1613 917 1681; x_wconf 88' lang='lat' dir='ltr'>ejus</span> <span class='ocrx_word' id='word_1_209' title='bbox 950 1614 1036 1670; x_wconf 91' lang='lat' dir='ltr'>vel</span> <span class='ocrx_word' id='word_1_210' title='bbox 1072 1614 1393 1682; x_wconf 87' lang='lat' dir='ltr'>referuntur,</span> <span class='ocrx_word' id='word_1_211' title='bbox 1422 1616 1516 1671; x_wconf 77' lang='lat' dir='ltr'>vel</span> <span class='ocrx_word' id='word_1_212' title='bbox 1550 1616 1958 1686; x_wconf 89' lang='lat' dir='ltr'>promittuntur,</span> <span class='ocrx_word' id='word_1_213' title='bbox 2000 1618 2102 1671; x_wconf 90' lang='lat' dir='ltr'>de-</span> <span class='ocrx_word' id='word_1_214' title='bbox 2123 1644 2176 1702; x_wconf 85' lang='lat' dir='ltr'><strong>B</strong></span> <span class='ocrx_word' id='word_1_215' title='bbox 2205 1632 2481 1688; x_wconf 84' lang='lat' dir='ltr'>geremus.</span> <span class='ocrx_word' id='word_1_216' title='bbox 2514 1617 2897 1671; x_wconf 84' lang='lat' dir='ltr'>Animadverte</span> <span class='ocrx_word' id='word_1_217' title='bbox 2926 1617 3090 1687; x_wconf 80' lang='lat' dir='ltr'>igitur</span> <span class='ocrx_word' id='word_1_218' title='bbox 3104 1618 3211 1672; x_wconf 91' lang='lat' dir='ltr'>duo</span> <span class='ocrx_word' id='word_1_219' title='bbox 3228 1632 3370 1687; x_wconf 91' lang='lat' dir='ltr'>esse,</span> <span class='ocrx_word' id='word_1_220' title='bbox 3395 1635 3459 1673; x_wconf 90' lang='lat' dir='ltr'>ex</span> <span class='ocrx_word' id='word_1_221' title='bbox 3482 1618 3678 1689; x_wconf 88' lang='lat' dir='ltr'>quibus</span> <span class='ocrx_word' id='word_1_222' title='bbox 3700 1619 3809 1673; x_wconf 90' lang='lat' dir='ltr'>ho-</span> 
     </span>
    </p>
   </div>
   <div class='ocr_carea' id='block_1_32' title="bbox 508 1700 2105 1777">
    <p class='ocr_par' dir='ltr' id='par_1_32' title="bbox 508 1700 2105 1777">
     <span class='ocr_line' id='line_1_32' title="bbox 508 1700 2105 1777; baseline 0.004 -22"><span class='ocrx_word' id='word_1_223' title='bbox 508 1700 699 1755; x_wconf 91' lang='lat' dir='ltr'>bemus</span> <span class='ocrx_word' id='word_1_224' title='bbox 722 1702 883 1771; x_wconf 90' lang='lat' dir='ltr'>(sicut</span> <span class='ocrx_word' id='word_1_225' title='bbox 896 1703 1190 1773; x_wconf 86' lang='lat' dir='ltr'>Apostolus</span> <span class='ocrx_word' id='word_1_226' title='bbox 1213 1704 1391 1773; x_wconf 89' lang='lat' dir='ltr'>docet)</span> <span class='ocrx_word' id='word_1_227' title='bbox 1407 1705 1767 1760; x_wconf 86' lang='lat' dir='ltr'>abundarein</span> <span class='ocrx_word' id='word_1_228' title='bbox 1784 1704 1882 1761; x_wconf 87' lang='lat' dir='ltr'>illo</span> <span class='ocrx_word' id='word_1_229' title='bbox 1902 1708 1966 1761; x_wconf 76' lang='lat' dir='ltr'>in</span> <span class='ocrx_word' id='word_1_230' title='bbox 1984 1723 2105 1777; x_wconf 89' lang='lat' dir='ltr'>gra-</span> 
     </span>
    </p>
   </div>
   <div class='ocr_carea' id='block_1_33' title="bbox 511 1791 2106 1862">
    <p class='ocr_par' dir='ltr' id='par_1_33' title="bbox 511 1791 2106 1862">
     <span class='ocr_line' id='line_1_33' title="bbox 511 1791 2106 1862; baseline 0.004 -19"><span class='ocrx_word' id='word_1_231' title='bbox 511 1791 726 1846; x_wconf 87' lang='lat' dir='ltr'>tiarum</span> <span class='ocrx_word' id='word_1_232' title='bbox 743 1791 968 1847; x_wconf 78' lang='lat' dir='ltr'>actione</span> <span class='ocrx_word' id='word_1_233' title='bbox 988 1792 1188 1861; x_wconf 80' lang='lat' dir='ltr'>(Colos.</span> <span class='ocrx_word' id='word_1_234' title='bbox 1215 1807 1273 1857; x_wconf 91' lang='grc' dir='ltr'>ιι,</span> <span class='ocrx_word' id='word_1_235' title='bbox 1300 1795 1373 1862; x_wconf 85' lang='grc'>7).</span> <span class='ocrx_word' id='word_1_236' title='bbox 1410 1793 1519 1847; x_wconf 91' lang='lat' dir='ltr'>Sed</span> <span class='ocrx_word' id='word_1_237' title='bbox 1549 1794 1762 1847; x_wconf 90' lang='lat' dir='ltr'>animus</span> <span class='ocrx_word' id='word_1_238' title='bbox 1794 1795 2025 1849; x_wconf 83' lang='lat' dir='ltr'>amantis</span> <span class='ocrx_word' id='word_1_239' title='bbox 2054 1804 2106 1850; x_wconf 88' lang='lat' dir='ltr'>et</span> 
     </span>
    </p>
   </div>
   <div class='ocr_carea' id='block_1_34' title="bbox 506 1877 2105 1952">
    <p class='ocr_par' dir='ltr' id='par_1_34' title="bbox 506 1877 2105 1952">
     <span class='ocr_line' id='line_1_34' title="bbox 506 1877 2105 1952; baseline 0.004 -20"><span class='ocrx_word' id='word_1_240' title='bbox 506 1877 892 1945; x_wconf 87' lang='lat' dir='ltr'>desiderantis,</span> <span class='ocrx_word' id='word_1_241' title='bbox 962 1880 1241 1950; x_wconf 72' lang='lat' dir='ltr'>praemissa</span> <span class='ocrx_word' id='word_1_242' title='bbox 1297 1882 1589 1952; x_wconf 80' lang='lat' dir='ltr'>gratiarum</span> <span class='ocrx_word' id='word_1_243' title='bbox 1651 1883 1893 1950; x_wconf 88' lang='lat' dir='ltr'>actione,</span> <span class='ocrx_word' id='word_1_244' title='bbox 1944 1884 2105 1938; x_wconf 83' lang='lat' dir='ltr'>debet</span> 
     </span>
    </p>
   </div>
   <div class='ocr_carea' id='block_1_35' title="bbox 507 1966 2102 2042">
    <p class='ocr_par' dir='ltr' id='par_1_35' title="bbox 507 1966 2102 2042">
     <span class='ocr_line' id='line_1_35' title="bbox 507 1966 2102 2042; baseline 0.003 -22"><span class='ocrx_word' id='word_1_245' title='bbox 507 1966 665 2020; x_wconf 90' lang='lat' dir='ltr'>etiam</span> <span class='ocrx_word' id='word_1_246' title='bbox 696 1983 893 2038; x_wconf 90' lang='lat' dir='ltr'>preces</span> <span class='ocrx_word' id='word_1_247' title='bbox 923 1969 1179 2035; x_wconf 88' lang='lat' dir='ltr'>subdere,</span> <span class='ocrx_word' id='word_1_248' title='bbox 1212 1976 1270 2023; x_wconf 88' lang='lat' dir='ltr'>ut</span> <span class='ocrx_word' id='word_1_249' title='bbox 1291 1970 1747 2040; x_wconf 88' lang='lat' dir='ltr'>promissionibus</span> <span class='ocrx_word' id='word_1_250' title='bbox 1764 1971 1881 2039; x_wconf 88' lang='lat' dir='ltr'>ejus</span> <span class='ocrx_word' id='word_1_251' title='bbox 1902 1971 2102 2042; x_wconf 90' lang='lat' dir='ltr'>dignus</span> 
     </span>
    </p>
   </div>
   <div class='ocr_carea' id='block_1_36' title="bbox 509 2054 2102 2130">
    <p class='ocr_par' dir='ltr' id='par_1_36' title="bbox 509 2054 2102 2130">
     <span class='ocr_line' id='line_1_36' title="bbox 509 2054 2102 2130; baseline 0.002 -20"><span class='ocrx_word' id='word_1_252' title='bbox 509 2054 799 2111; x_wconf 77' lang='lat' dir='ltr'>efﬁciatur.</span> <span class='ocrx_word' id='word_1_253' title='bbox 855 2056 959 2125; x_wconf 87' lang='lat' dir='ltr'>Qui</span> <span class='ocrx_word' id='word_1_254' title='bbox 1003 2057 1147 2112; x_wconf 90' lang='lat' dir='ltr'>enim</span> <span class='ocrx_word' id='word_1_255' title='bbox 1199 2058 1472 2113; x_wconf 88' lang='lat' dir='ltr'>audiendo</span> <span class='ocrx_word' id='word_1_256' title='bbox 1521 2059 1732 2130; x_wconf 89' lang='lat' dir='ltr'>eloquia</span> <span class='ocrx_word' id='word_1_257' title='bbox 1780 2059 1983 2128; x_wconf 84' lang='lat' dir='ltr'>divina,</span> <span class='ocrx_word' id='word_1_258' title='bbox 2035 2060 2102 2115; x_wconf 90' lang='lat' dir='ltr'>ad</span> 
     </span>
    </p>
   </div>
   <div class='ocr_carea' id='block_1_37' title="bbox 506 2144 2102 2212">
    <p class='ocr_par' dir='ltr' id='par_1_37' title="bbox 506 2144 2102 2212">
     <span class='ocr_line' id='line_1_37' title="bbox 506 2144 2102 2212; baseline 0.002 -14"><span class='ocrx_word' id='word_1_259' title='bbox 506 2144 793 2210; x_wconf 89' lang='lat' dir='ltr'>orandum,</span> <span class='ocrx_word' id='word_1_260' title='bbox 830 2145 917 2201; x_wconf 88' lang='lat' dir='ltr'>vel</span> <span class='ocrx_word' id='word_1_261' title='bbox 962 2145 1314 2212; x_wconf 88' lang='lat' dir='ltr'>laudandum,</span> <span class='ocrx_word' id='word_1_262' title='bbox 1366 2147 1452 2201; x_wconf 91' lang='lat' dir='ltr'>vel</span> <span class='ocrx_word' id='word_1_263' title='bbox 1482 2148 1775 2202; x_wconf 87' lang='lat' dir='ltr'>amandum</span> <span class='ocrx_word' id='word_1_264' title='bbox 1813 2149 1986 2203; x_wconf 90' lang='lat' dir='ltr'>Deum</span> <span class='ocrx_word' id='word_1_265' title='bbox 2014 2148 2102 2201; x_wconf 86' lang='lat' dir='ltr'>in-</span> 
     </span>
    </p>
   </div>
   <div class='ocr_carea' id='block_1_38' title="bbox 509 2232 2103 2306">
    <p class='ocr_par' dir='ltr' id='par_1_38' title="bbox 509 2232 2103 2306">
     <span class='ocr_line' id='line_1_38' title="bbox 509 2232 2103 2306; baseline 0.004 -21"><span class='ocrx_word' id='word_1_266' title='bbox 509 2232 835 2300; x_wconf 88' lang='lat' dir='ltr'>ﬂammatur,</span> <span class='ocrx_word' id='word_1_267' title='bbox 894 2234 1165 2289; x_wconf 88' lang='lat' dir='ltr'>veraciter</span> <span class='ocrx_word' id='word_1_268' title='bbox 1189 2242 1368 2304; x_wconf 88' lang='lat' dir='ltr'>potest</span> <span class='ocrx_word' id='word_1_269' title='bbox 1409 2235 1591 2290; x_wconf 89' lang='lat' dir='ltr'>dicere</span> <span class='ocrx_word' id='word_1_270' title='bbox 1620 2237 1766 2306; x_wconf 91' lang='lat' dir='ltr'>quod</span> <span class='ocrx_word' id='word_1_271' title='bbox 1795 2236 1848 2290; x_wconf 90' lang='lat' dir='ltr'>in</span> <span class='ocrx_word' id='word_1_272' title='bbox 1880 2236 2103 2292; x_wconf 89' lang='lat' dir='ltr'>Cantico</span> 
     </span>
    </p>
   </div>
   <div class='ocr_carea' id='block_1_39' title="bbox 508 2320 2103 2396">
    <p class='ocr_par' dir='ltr' id='par_1_39' title="bbox 508 2320 2103 2396">
     <span class='ocr_line' id='line_1_39' title="bbox 508 2320 2103 2396; baseline 0.004 -21"><span class='ocrx_word' id='word_1_273' title='bbox 508 2320 845 2376; x_wconf 89' lang='lat' dir='ltr'>canticorum</span> <span class='ocrx_word' id='word_1_274' title='bbox 877 2322 1137 2392; x_wconf 91' lang='lat' dir='ltr'>scriptum</span> <span class='ocrx_word' id='word_1_275' title='bbox 1159 2332 1240 2377; x_wconf 90' lang='lat' dir='ltr'>est</span> <span class='ocrx_word' id='word_1_276' title='bbox 1274 2338 1286 2376; x_wconf 92' lang='lat'>:</span> <span class='ocrx_word' id='word_1_277' title='bbox 1320 2324 1528 2378; x_wconf 83' lang='lat' dir='ltr'>Anima</span> <span class='ocrx_word' id='word_1_278' title='bbox 1550 2341 1674 2379; x_wconf 75' lang='lat' dir='ltr'>mea</span> <span class='ocrx_word' id='word_1_279' title='bbox 1692 2326 1998 2396; x_wconf 84' lang='lat' dir='ltr'>lique/acta</span> <span class='ocrx_word' id='word_1_280' title='bbox 2020 2330 2103 2381; x_wconf 86' lang='lat' dir='ltr'>est</span> 
     </span>
    </p>
   </div>
   <div class='ocr_carea' id='block_1_40' title="bbox 506 2408 2100 2482">
    <p class='ocr_par' dir='ltr' id='par_1_40' title="bbox 506 2408 2100 2482">
     <span class='ocr_line' id='line_1_40' title="bbox 506 2408 2100 2482; baseline 0.004 -20"><span class='ocrx_word' id='word_1_281' title='bbox 506 2408 697 2478; x_wconf 87' lang='lat' dir='ltr'>(Cant.</span> <span class='ocrx_word' id='word_1_282' title='bbox 732 2425 791 2477; x_wconf 87' lang='lat' dir='ltr'>v,</span> <span class='ocrx_word' id='word_1_283' title='bbox 823 2412 899 2480; x_wconf 86' lang='lat'>6),</span> <span class='ocrx_word' id='word_1_284' title='bbox 932 2410 986 2464; x_wconf 92' lang='lat' dir='ltr'>id</span> <span class='ocrx_word' id='word_1_285' title='bbox 1018 2419 1119 2477; x_wconf 90' lang='lat' dir='ltr'>est,</span> <span class='ocrx_word' id='word_1_286' title='bbox 1141 2411 1485 2482; x_wconf 80' lang='lat' dir='ltr'>inlacrymas</span> <span class='ocrx_word' id='word_1_287' title='bbox 1507 2412 1711 2467; x_wconf 90' lang='lat' dir='ltr'>amoris</span> <span class='ocrx_word' id='word_1_288' title='bbox 1736 2413 1972 2468; x_wconf 88' lang='lat' dir='ltr'>resoluta</span> <span class='ocrx_word' id='word_1_289' title='bbox 1996 2422 2100 2469; x_wconf 89' lang='lat' dir='ltr'>est.</span> 
     </span>
    </p>
   </div>
   <div class='ocr_carea' id='block_1_41' title="bbox 504 2497 2101 2574">
    <p class='ocr_par' dir='ltr' id='par_1_41' title="bbox 504 2497 2101 2574">
     <span class='ocr_line' id='line_1_41' title="bbox 504 2497 2101 2574; baseline 0.003 -21"><span class='ocrx_word' id='word_1_290' title='bbox 504 2497 627 2553; x_wconf 93' lang='lat' dir='ltr'>Scio</span> <span class='ocrx_word' id='word_1_291' title='bbox 655 2514 760 2568; x_wconf 88' lang='lat' dir='ltr'>ego</span> <span class='ocrx_word' id='word_1_292' title='bbox 811 2499 1133 2569; x_wconf 86' lang='lat' dir='ltr'>prudentem</span> <span class='ocrx_word' id='word_1_293' title='bbox 1165 2501 1472 2570; x_wconf 89' lang='lat' dir='ltr'>quemdam,</span> <span class='ocrx_word' id='word_1_294' title='bbox 1500 2508 1553 2556; x_wconf 88' lang='lat' dir='ltr'>et</span> <span class='ocrx_word' id='word_1_295' title='bbox 1582 2501 1897 2574; x_wconf 88' lang='lat' dir='ltr'>religiosum</span> <span class='ocrx_word' id='word_1_296' title='bbox 1927 2502 2101 2558; x_wconf 88' lang='lat' dir='ltr'>virum</span> 
     </span>
    </p>
   </div>
   <div class='ocr_carea' id='block_1_42' title="bbox 504 2585 2102 2662">
    <p class='ocr_par' dir='ltr' id='par_1_42' title="bbox 504 2585 2102 2662">
     <span class='ocr_line' id='line_1_42' title="bbox 504 2585 2102 2662; baseline 0.004 -23"><span class='ocrx_word' id='word_1_297' title='bbox 504 2585 707 2642; x_wconf 83' lang='lat' dir='ltr'>dixisse</span> <span class='ocrx_word' id='word_1_298' title='bbox 742 2605 755 2641; x_wconf 89' lang='lat'><strong>:</strong></span> <span class='ocrx_word' id='word_1_299' title='bbox 789 2586 1049 2651; x_wconf 84' lang='lat' dir='ltr'>Spiritum</span> <span class='ocrx_word' id='word_1_300' title='bbox 1098 2588 1296 2644; x_wconf 87' lang='lat' dir='ltr'>Christi</span> <span class='ocrx_word' id='word_1_301' title='bbox 1343 2606 1449 2644; x_wconf 90' lang='lat' dir='ltr'>non</span> <span class='ocrx_word' id='word_1_302' title='bbox 1494 2590 1674 2657; x_wconf 90' lang='lat' dir='ltr'>habet,</span> <span class='ocrx_word' id='word_1_303' title='bbox 1707 2591 1799 2662; x_wconf 86' lang='lat' dir='ltr'>qui</span> <span class='ocrx_word' id='word_1_304' title='bbox 1828 2590 2102 2646; x_wconf 89' lang='lat' dir='ltr'>audiendo</span> 
     </span>
    </p>
   </div>
   <div class='ocr_carea' id='block_1_43' title="bbox 503 2676 2103 2751">
    <p class='ocr_par' dir='ltr' id='par_1_43' title="bbox 503 2676 2103 2751">
     <span class='ocr_line' id='line_1_43' title="bbox 503 2676 2103 2751; baseline 0.004 -22"><span class='ocrx_word' id='word_1_305' title='bbox 503 2676 668 2730; x_wconf 87' lang='lat' dir='ltr'>verba</span> <span class='ocrx_word' id='word_1_306' title='bbox 699 2676 918 2739; x_wconf 87' lang='lat' dir='ltr'>Christi,</span> <span class='ocrx_word' id='word_1_307' title='bbox 966 2694 1075 2732; x_wconf 90' lang='lat' dir='ltr'>non</span> <span class='ocrx_word' id='word_1_308' title='bbox 1105 2679 1280 2733; x_wconf 88' lang='lat' dir='ltr'>ardet.</span> <span class='ocrx_word' id='word_1_309' title='bbox 1316 2679 1421 2733; x_wconf 88' lang='lat' dir='ltr'>Sed</span> <span class='ocrx_word' id='word_1_310' title='bbox 1454 2679 1544 2751; x_wconf 93' lang='lat' dir='ltr'>qui</span> <span class='ocrx_word' id='word_1_311' title='bbox 1573 2681 1678 2734; x_wconf 93' lang='lat' dir='ltr'>hoc</span> <span class='ocrx_word' id='word_1_312' title='bbox 1703 2680 1854 2745; x_wconf 88' lang='lat' dir='ltr'>dixit,</span> <span class='ocrx_word' id='word_1_313' title='bbox 1888 2680 2103 2736; x_wconf 90' lang='lat' dir='ltr'>videtur</span> 
     </span>
    </p>
   </div>
   <div class='ocr_carea' id='block_1_44' title="bbox 500 2763 2096 2835">
    <p class='ocr_par' dir='ltr' id='par_1_44' title="bbox 500 2763 2096 2835">
     <span class='ocr_line' id='line_1_44' title="bbox 500 2763 2096 2835; baseline 0.004 -19"><span class='ocrx_word' id='word_1_314' title='bbox 500 2763 633 2817; x_wconf 88' lang='lat' dir='ltr'>mihi</span> <span class='ocrx_word' id='word_1_315' title='bbox 661 2765 766 2819; x_wconf 91' lang='lat' dir='ltr'>hoc</span> <span class='ocrx_word' id='word_1_316' title='bbox 796 2766 940 2835; x_wconf 91' lang='lat' dir='ltr'>quod</span> <span class='ocrx_word' id='word_1_317' title='bbox 970 2766 1025 2820; x_wconf 91' lang='lat' dir='ltr'>in</span> <span class='ocrx_word' id='word_1_318' title='bbox 1054 2783 1115 2822; x_wconf 92' lang='lat' dir='ltr'>se</span> <span class='ocrx_word' id='word_1_319' title='bbox 1146 2766 1431 2833; x_wconf 86' lang='lat' dir='ltr'>sentiebat,</span> <span class='ocrx_word' id='word_1_320' title='bbox 1454 2767 1752 2822; x_wconf 65' lang='lat' dir='ltr'>aestimasse</span> <span class='ocrx_word' id='word_1_321' title='bbox 1775 2769 1842 2823; x_wconf 91' lang='lat' dir='ltr'>de</span> <span class='ocrx_word' id='word_1_322' title='bbox 1864 2769 2096 2835; x_wconf 76' lang='lat' dir='ltr'>caeteris,</span> 
     </span>
    </p>
   </div>
   <div class='ocr_carea' id='block_1_45' title="bbox 503 2852 2095 2926">
    <p class='ocr_par' dir='ltr' id='par_1_45' title="bbox 503 2852 2095 2926">
     <span class='ocr_line' id='line_1_45' title="bbox 503 2852 2095 2926; baseline 0.003 -20"><span class='ocrx_word' id='word_1_323' title='bbox 503 2852 648 2923; x_wconf 90' lang='lat' dir='ltr'>quod</span> <span class='ocrx_word' id='word_1_324' title='bbox 696 2853 975 2923; x_wconf 88' lang='lat' dir='ltr'>proprium</span> <span class='ocrx_word' id='word_1_325' title='bbox 1019 2861 1102 2908; x_wconf 89' lang='lat' dir='ltr'>est</span> <span class='ocrx_word' id='word_1_326' title='bbox 1147 2855 1425 2910; x_wconf 89' lang='lat' dir='ltr'>hominum</span> <span class='ocrx_word' id='word_1_327' title='bbox 1455 2855 1689 2911; x_wconf 85' lang='lat' dir='ltr'>maxime</span> <span class='ocrx_word' id='word_1_328' title='bbox 1720 2856 2095 2926; x_wconf 90' lang='lat' dir='ltr'>plurimorum.</span> 
     </span>
    </p>
   </div>
   <div class='ocr_carea' id='block_1_46' title="bbox 501 2942 2098 3013">
    <p class='ocr_par' dir='ltr' id='par_1_46' title="bbox 501 2942 2098 3013">
     <span class='ocr_line' id='line_1_46' title="bbox 501 2942 2098 3013; baseline 0.003 -17"><span class='ocrx_word' id='word_1_329' title='bbox 501 2942 623 3013; x_wconf 87' lang='lat' dir='ltr'>Ego</span> <span class='ocrx_word' id='word_1_330' title='bbox 672 2956 803 2997; x_wconf 88' lang='lat' dir='ltr'>vero</span> <span class='ocrx_word' id='word_1_331' title='bbox 849 2942 1027 2997; x_wconf 90' lang='lat' dir='ltr'>sciens</span> <span class='ocrx_word' id='word_1_332' title='bbox 1062 2943 1263 2997; x_wconf 91' lang='lat' dir='ltr'>multos</span> <span class='ocrx_word' id='word_1_333' title='bbox 1293 2944 1455 2999; x_wconf 90' lang='lat' dir='ltr'>etiam</span> <span class='ocrx_word' id='word_1_334' title='bbox 1483 2944 1658 2998; x_wconf 90' lang='lat' dir='ltr'>bonos</span> <span class='ocrx_word' id='word_1_335' title='bbox 1689 2953 1743 2999; x_wconf 89' lang='lat' dir='ltr'>et</span> <span class='ocrx_word' id='word_1_336' title='bbox 1764 2945 1942 3013; x_wconf 91' lang='lat' dir='ltr'>justos</span> <span class='ocrx_word' id='word_1_337' title='bbox 1972 2946 2098 3000; x_wconf 91' lang='lat' dir='ltr'>nul-</span> 
     </span>
    </p>
   </div>
   <div class='ocr_carea' id='block_1_47' title="bbox 501 3030 2101 3103">
    <p class='ocr_par' dir='ltr' id='par_1_47' title="bbox 501 3030 2101 3103">
     <span class='ocr_line' id='line_1_47' title="bbox 501 3030 2101 3103; baseline 0.004 -19"><span class='ocrx_word' id='word_1_338' title='bbox 501 3030 609 3084; x_wconf 88' lang='lat' dir='ltr'>lam</span> <span class='ocrx_word' id='word_1_339' title='bbox 638 3030 843 3085; x_wconf 89' lang='lat' dir='ltr'>habere</span> <span class='ocrx_word' id='word_1_340' title='bbox 876 3032 960 3085; x_wconf 90' lang='lat' dir='ltr'>vel</span> <span class='ocrx_word' id='word_1_341' title='bbox 1008 3047 1187 3086; x_wconf 88' lang='lat' dir='ltr'>raram</span> <span class='ocrx_word' id='word_1_342' title='bbox 1234 3032 1467 3103; x_wconf 83' lang='lat' dir='ltr'>gratiam</span> <span class='ocrx_word' id='word_1_343' title='bbox 1496 3032 1885 3103; x_wconf 81' lang='lat' dir='ltr'>lacrymarum,</span> <span class='ocrx_word' id='word_1_344' title='bbox 1917 3035 1985 3090; x_wconf 91' lang='lat' dir='ltr'>ad</span> <span class='ocrx_word' id='word_1_345' title='bbox 2016 3042 2101 3089; x_wconf 89' lang='lat' dir='ltr'>ta-</span> 
     </span>
    </p>
   </div>
   <div class='ocr_carea' id='block_1_48' title="bbox 498 3118 2105 3193">
    <p class='ocr_par' dir='ltr' id='par_1_48' title="bbox 498 3118 2105 3193">
     <span class='ocr_line' id='line_1_48' title="bbox 498 3118 2105 3193; baseline 0.002 -19"><span class='ocrx_word' id='word_1_346' title='bbox 498 3118 630 3174; x_wconf 90' lang='lat' dir='ltr'>lium</span> <span class='ocrx_word' id='word_1_347' title='bbox 658 3118 1089 3174; x_wconf 86' lang='lat' dir='ltr'>consolationem</span> <span class='ocrx_word' id='word_1_348' title='bbox 1117 3120 1259 3175; x_wconf 90' lang='lat' dir='ltr'>dico.</span> <span class='ocrx_word' id='word_1_349' title='bbox 1285 3119 1518 3188; x_wconf 88' lang='lat' dir='ltr'>Quidam</span> <span class='ocrx_word' id='word_1_350' title='bbox 1541 3121 1686 3175; x_wconf 91' lang='lat' dir='ltr'>enim</span> <span class='ocrx_word' id='word_1_351' title='bbox 1703 3122 1935 3193; x_wconf 90' lang='lat' dir='ltr'>diligunt</span> <span class='ocrx_word' id='word_1_352' title='bbox 1954 3123 2105 3178; x_wconf 86' lang='lat' dir='ltr'>Chri-</span> 
     </span>
    </p>
   </div>
   <div class='ocr_carea' id='block_1_49' title="bbox 500 3207 2100 3281">
    <p class='ocr_par' dir='ltr' id='par_1_49' title="bbox 500 3207 2100 3281">
     <span class='ocr_line' id='line_1_49' title="bbox 500 3207 2100 3281; baseline 0.003 -20"><span class='ocrx_word' id='word_1_353' title='bbox 500 3214 644 3261; x_wconf 86' lang='lat' dir='ltr'>stum</span> <span class='ocrx_word' id='word_1_354' title='bbox 686 3207 899 3262; x_wconf 89' lang='lat' dir='ltr'>ardenti</span> <span class='ocrx_word' id='word_1_355' title='bbox 945 3208 1222 3263; x_wconf 87' lang='lat' dir='ltr'>charitatis</span> <span class='ocrx_word' id='word_1_356' title='bbox 1272 3207 1467 3265; x_wconf 78' lang='lat' dir='ltr'>affectu</span> <span class='ocrx_word' id='word_1_357' title='bbox 1501 3228 1513 3263; x_wconf 91' lang='lat'>:</span> <span class='ocrx_word' id='word_1_358' title='bbox 1547 3209 1768 3281; x_wconf 89' lang='lat' dir='ltr'>quidam</span> <span class='ocrx_word' id='word_1_359' title='bbox 1811 3228 1921 3265; x_wconf 90' lang='lat' dir='ltr'>non</span> <span class='ocrx_word' id='word_1_360' title='bbox 1970 3228 2100 3266; x_wconf 89' lang='lat' dir='ltr'>sen—</span> 
     </span>
    </p>
   </div>
   <div class='ocr_carea' id='block_1_50' title="bbox 502 3296 2102 3368">
    <p class='ocr_par' dir='ltr' id='par_1_50' title="bbox 502 3296 2102 3368">
     <span class='ocr_line' id='line_1_50' title="bbox 502 3296 2102 3368; baseline 0.003 -18"><span class='ocrx_word' id='word_1_361' title='bbox 502 3296 639 3351; x_wconf 88' lang='lat' dir='ltr'>tiunt</span> <span class='ocrx_word' id='word_1_362' title='bbox 681 3296 901 3367; x_wconf 88' lang='lat' dir='ltr'>quidem</span> <span class='ocrx_word' id='word_1_363' title='bbox 929 3312 1185 3366; x_wconf 90' lang='lat' dir='ltr'>magnum</span> <span class='ocrx_word' id='word_1_364' title='bbox 1215 3296 1467 3353; x_wconf 74' lang='lat' dir='ltr'>affectum</span> <span class='ocrx_word' id='word_1_365' title='bbox 1493 3297 1801 3354; x_wconf 90' lang='lat' dir='ltr'>dilectionis</span> <span class='ocrx_word' id='word_1_366' title='bbox 1833 3300 1971 3368; x_wconf 84' lang='lat' dir='ltr'>ejus,</span> <span class='ocrx_word' id='word_1_367' title='bbox 2002 3300 2102 3354; x_wconf 90' lang='lat' dir='ltr'>sed</span> 
     </span>
    </p>
   </div>
   <div class='ocr_carea' id='block_1_51' title="bbox 500 3385 2097 3458">
    <p class='ocr_par' dir='ltr' id='par_1_51' title="bbox 500 3385 2097 3458">
     <span class='ocr_line' id='line_1_51' title="bbox 500 3385 2097 3458; baseline 0.001 -17"><span class='ocrx_word' id='word_1_368' title='bbox 500 3385 794 3441; x_wconf 89' lang='lat' dir='ltr'>ostendunt</span> <span class='ocrx_word' id='word_1_369' title='bbox 841 3400 960 3440; x_wconf 90' lang='lat' dir='ltr'>eam</span> <span class='ocrx_word' id='word_1_370' title='bbox 1006 3385 1063 3439; x_wconf 91' lang='lat' dir='ltr'>in</span> <span class='ocrx_word' id='word_1_371' title='bbox 1105 3386 1287 3457; x_wconf 89' lang='lat' dir='ltr'>operis</span> <span class='ocrx_word' id='word_1_372' title='bbox 1316 3386 1532 3442; x_wconf 74' lang='lat' dir='ltr'>effectu.</span> <span class='ocrx_word' id='word_1_373' title='bbox 1568 3388 1648 3441; x_wconf 91' lang='lat' dir='ltr'>De</span> <span class='ocrx_word' id='word_1_374' title='bbox 1677 3387 1743 3441; x_wconf 92' lang='lat' dir='ltr'>iis</span> <span class='ocrx_word' id='word_1_375' title='bbox 1773 3388 1890 3458; x_wconf 90' lang='lat' dir='ltr'>ipse</span> <span class='ocrx_word' id='word_1_376' title='bbox 1920 3387 2051 3443; x_wconf 91' lang='lat' dir='ltr'>dicit</span> <span class='ocrx_word' id='word_1_377' title='bbox 2084 3406 2097 3442; x_wconf 91' lang='lat'><strong>:</strong></span> 
     </span>
    </p>
   </div>
   <div class='ocr_carea' id='block_1_52' title="bbox 502 3472 2100 3548">
    <p class='ocr_par' dir='ltr' id='par_1_52' title="bbox 502 3472 2100 3548">
     <span class='ocr_line' id='line_1_52' title="bbox 502 3472 2100 3548; baseline 0.003 -21"><span class='ocrx_word' id='word_1_378' title='bbox 502 3473 607 3539; x_wconf 82' lang='lat' dir='ltr'>Qui</span> <span class='ocrx_word' id='word_1_379' title='bbox 628 3472 792 3528; x_wconf 84' lang='lat' dir='ltr'>habet</span> <span class='ocrx_word' id='word_1_380' title='bbox 812 3473 1087 3529; x_wconf 87' lang='lat' dir='ltr'>mandata</span> <span class='ocrx_word' id='word_1_381' title='bbox 1109 3489 1255 3540; x_wconf 90' lang='lat' dir='ltr'>mea,</span> <span class='ocrx_word' id='word_1_382' title='bbox 1281 3479 1338 3529; x_wconf 87' lang='lat' dir='ltr'>et</span> <span class='ocrx_word' id='word_1_383' title='bbox 1352 3479 1541 3530; x_wconf 84' lang='lat' dir='ltr'>servat</span> <span class='ocrx_word' id='word_1_384' title='bbox 1560 3491 1644 3541; x_wconf 86' lang='lat' dir='ltr'>ea,</span> <span class='ocrx_word' id='word_1_385' title='bbox 1670 3474 1759 3530; x_wconf 89' lang='lat' dir='ltr'>hic</span> <span class='ocrx_word' id='word_1_386' title='bbox 1787 3479 1873 3531; x_wconf 86' lang='lat' dir='ltr'>est</span> <span class='ocrx_word' id='word_1_387' title='bbox 1896 3478 1991 3548; x_wconf 87' lang='lat' dir='ltr'>qui</span> <span class='ocrx_word' id='word_1_388' title='bbox 2010 3476 2100 3531; x_wconf 92' lang='lat' dir='ltr'>di-</span> 
     </span>
    </p>
   </div>
   <div class='ocr_carea' id='block_1_53' title="bbox 504 3562 2102 3636">
    <p class='ocr_par' dir='ltr' id='par_1_53' title="bbox 504 3562 2102 3636">
     <span class='ocr_line' id='line_1_53' title="bbox 504 3562 2102 3636; baseline 0.002 -20"><span class='ocrx_word' id='word_1_389' title='bbox 504 3562 635 3631; x_wconf 87' lang='lat' dir='ltr'>ligit</span> <span class='ocrx_word' id='word_1_390' title='bbox 654 3577 744 3617; x_wconf 88' lang='lat' dir='ltr'>me</span> <span class='ocrx_word' id='word_1_391' title='bbox 783 3562 966 3631; x_wconf 84' lang='lat' dir='ltr'>(Joan.</span> <span class='ocrx_word' id='word_1_392' title='bbox 999 3577 1110 3627; x_wconf 80' lang='lat' dir='ltr'>xw,</span> <span class='ocrx_word' id='word_1_393' title='bbox 1136 3564 1248 3632; x_wconf 76' lang='grc'>21).</span> <span class='ocrx_word' id='word_1_394' title='bbox 1280 3563 1349 3616; x_wconf 87' lang='grc' dir='ltr'>Ει</span> <span class='ocrx_word' id='word_1_395' title='bbox 1380 3563 1573 3617; x_wconf 89' lang='lat' dir='ltr'>iterum</span> <span class='ocrx_word' id='word_1_396' title='bbox 1606 3580 1618 3618; x_wconf 94' lang='lat'>:</span> <span class='ocrx_word' id='word_1_397' title='bbox 1654 3565 1713 3620; x_wconf 88' lang='lat' dir='ltr'>Si</span> <span class='ocrx_word' id='word_1_398' title='bbox 1746 3565 1869 3635; x_wconf 82' lang='lat' dir='ltr'>quis</span> <span class='ocrx_word' id='word_1_399' title='bbox 1912 3564 2102 3636; x_wconf 83' lang='lat' dir='ltr'>diligit</span> 
     </span>
    </p>
   </div>
   <div class='ocr_carea' id='block_1_54' title="bbox 500 3652 2100 3721">
    <p class='ocr_par' dir='ltr' id='par_1_54' title="bbox 500 3652 2100 3721">
     <span class='ocr_line' id='line_1_54' title="bbox 500 3652 2100 3721; baseline 0.001 -16"><span class='ocrx_word' id='word_1_400' title='bbox 500 3667 610 3716; x_wconf 89' lang='lat' dir='ltr'>me,</span> <span class='ocrx_word' id='word_1_401' title='bbox 644 3666 961 3707; x_wconf 78' lang='lat' dir='ltr'>sermonem</span> <span class='ocrx_word' id='word_1_402' title='bbox 982 3667 1173 3706; x_wconf 87' lang='lat' dir='ltr'>meum</span> <span class='ocrx_word' id='word_1_403' title='bbox 1193 3652 1439 3707; x_wconf 81' lang='lat' dir='ltr'>servabit</span> <span class='ocrx_word' id='word_1_404' title='bbox 1458 3652 1639 3720; x_wconf 84' lang='lat' dir='ltr'>(ibid.,</span> <span class='ocrx_word' id='word_1_405' title='bbox 1657 3654 1769 3721; x_wconf 74' lang='lat'>23);</span> <span class='ocrx_word' id='word_1_406' title='bbox 1792 3653 1937 3706; x_wconf 89' lang='lat' dir='ltr'>unde</span> <span class='ocrx_word' id='word_1_407' title='bbox 1963 3652 2100 3707; x_wconf 89' lang='lat' dir='ltr'>Gre-</span> 
     </span>
    </p>
   </div>
   <div class='ocr_carea' id='block_1_55' title="bbox 500 3738 2095 3810">
    <p class='ocr_par' dir='ltr' id='par_1_55' title="bbox 500 3738 2095 3810">
     <span class='ocr_line' id='line_1_55' title="bbox 500 3738 2095 3810; baseline 0.001 -17"><span class='ocrx_word' id='word_1_408' title='bbox 500 3738 688 3809; x_wconf 88' lang='lat' dir='ltr'>gorius</span> <span class='ocrx_word' id='word_1_409' title='bbox 722 3756 735 3792; x_wconf 92' lang='lat'>:</span> <span class='ocrx_word' id='word_1_410' title='bbox 772 3761 793 3785; x_wconf 76' lang='grc' dir='ltr'><strong><em>α</em></strong></span> <span class='ocrx_word' id='word_1_411' title='bbox 822 3739 1077 3794; x_wconf 88' lang='lat' dir='ltr'>Probatio</span> <span class='ocrx_word' id='word_1_412' title='bbox 1105 3738 1428 3805; x_wconf 87' lang='lat' dir='ltr'>dilectionis,</span> <span class='ocrx_word' id='word_1_413' title='bbox 1458 3739 1715 3795; x_wconf 82' lang='lat' dir='ltr'>exhibitio</span> <span class='ocrx_word' id='word_1_414' title='bbox 1738 3748 1819 3795; x_wconf 90' lang='lat' dir='ltr'>est</span> <span class='ocrx_word' id='word_1_415' title='bbox 1846 3740 2044 3810; x_wconf 92' lang='lat' dir='ltr'>operis.</span> <span class='ocrx_word' id='word_1_416' title='bbox 2074 3764 2095 3788; x_wconf 75' lang='grc' dir='ltr'><strong><em>υ</em></strong></span> 
     </span>
    </p>
   </div>
   <div class='ocr_carea' id='block_1_56' title="bbox 499 3827 2100 3898">
    <p class='ocr_par' dir='ltr' id='par_1_56' title="bbox 499 3827 2100 3898">
     <span class='ocr_line' id='line_1_56' title="bbox 499 3827 2100 3898; baseline 0.001 -17"><span class='ocrx_word' id='word_1_417' title='bbox 499 3828 558 3881; x_wconf 88' lang='lat' dir='ltr'>In</span> <span class='ocrx_word' id='word_1_418' title='bbox 588 3836 827 3897; x_wconf 83' lang='lat' dir='ltr'>persona</span> <span class='ocrx_word' id='word_1_419' title='bbox 877 3842 1095 3898; x_wconf 90' lang='lat' dir='ltr'>quoque</span> <span class='ocrx_word' id='word_1_420' title='bbox 1137 3827 1371 3896; x_wconf 87' lang='lat' dir='ltr'>illorum,</span> <span class='ocrx_word' id='word_1_421' title='bbox 1424 3828 1516 3898; x_wconf 84' lang='lat' dir='ltr'>qui</span> <span class='ocrx_word' id='word_1_422' title='bbox 1565 3828 1836 3882; x_wconf 90' lang='lat' dir='ltr'>Christum</span> <span class='ocrx_word' id='word_1_423' title='bbox 1886 3827 2100 3883; x_wconf 88' lang='lat' dir='ltr'>ardenti</span> 
     </span>
    </p>
   </div>
   <div class='ocr_carea' id='block_1_57' title="bbox 497 3914 2100 3985">
    <p class='ocr_par' dir='ltr' id='par_1_57' title="bbox 497 3914 2100 3985">
     <span class='ocr_line' id='line_1_57' title="bbox 497 3914 2100 3985; baseline 0.002 -17"><span class='ocrx_word' id='word_1_424' title='bbox 497 3914 694 3970; x_wconf 75' lang='lat' dir='ltr'>ati&#39;ectu</span> <span class='ocrx_word' id='word_1_425' title='bbox 723 3915 974 3985; x_wconf 88' lang='lat' dir='ltr'>diligunt,</span> <span class='ocrx_word' id='word_1_426' title='bbox 1001 3915 1204 3969; x_wconf 90' lang='lat' dir='ltr'>dictum</span> <span class='ocrx_word' id='word_1_427' title='bbox 1230 3922 1313 3970; x_wconf 91' lang='lat' dir='ltr'>est</span> <span class='ocrx_word' id='word_1_428' title='bbox 1346 3931 1358 3969; x_wconf 87' lang='lat'>:</span> <span class='ocrx_word' id='word_1_429' title='bbox 1395 3916 1873 3983; x_wconf 84' lang='lat' dir='ltr'>Quemadmodum</span> <span class='ocrx_word' id='word_1_430' title='bbox 1894 3916 2100 3971; x_wconf 84' lang='lat' dir='ltr'>deside-</span> 
     </span>
    </p>
   </div>
   <div class='ocr_carea' id='block_1_58' title="bbox 497 4002 2098 4075">
    <p class='ocr_par' dir='ltr' id='par_1_58' title="bbox 497 4002 2098 4075">
     <span class='ocr_line' id='line_1_58' title="bbox 497 4002 2098 4075; baseline 0.001 -17"><span class='ocrx_word' id='word_1_431' title='bbox 497 4008 591 4059; x_wconf 89' lang='lat' dir='ltr'>rat</span> <span class='ocrx_word' id='word_1_432' title='bbox 612 4018 807 4059; x_wconf 86' lang='lat' dir='ltr'>cervus</span> <span class='ocrx_word' id='word_1_433' title='bbox 825 4002 897 4057; x_wconf 89' lang='lat' dir='ltr'>ad</span> <span class='ocrx_word' id='word_1_434' title='bbox 908 4006 1100 4074; x_wconf 83' lang='lat' dir='ltr'>fontes</span> <span class='ocrx_word' id='word_1_435' title='bbox 1123 4020 1399 4075; x_wconf 84' lang='lat' dir='ltr'>aquarum</span> <span class='ocrx_word' id='word_1_436' title='bbox 1423 4006 1599 4073; x_wconf 87' lang='lat' dir='ltr'>(Psal.</span> <span class='ocrx_word' id='word_1_437' title='bbox 1630 4019 1745 4074; x_wconf 74' lang='lat' dir='ltr'>XLI,</span> <span class='ocrx_word' id='word_1_438' title='bbox 1772 4004 1846 4075; x_wconf 88' lang='lat'>8),</span> <span class='ocrx_word' id='word_1_439' title='bbox 1870 4012 1973 4060; x_wconf 90' lang='lat' dir='ltr'>etc.</span> <span class='ocrx_word' id='word_1_440' title='bbox 2000 4006 2098 4059; x_wconf 90' lang='lat' dir='ltr'>De-</span> 
     </span>
    </p>
   </div>
   <div class='ocr_carea' id='block_1_59' title="bbox 498 4091 2100 4164">
    <p class='ocr_par' dir='ltr' id='par_1_59' title="bbox 498 4091 2100 4164">
     <span class='ocr_line' id='line_1_59' title="bbox 498 4091 2100 4164; baseline 0.001 -18"><span class='ocrx_word' id='word_1_441' title='bbox 498 4092 663 4163; x_wconf 88' lang='lat' dir='ltr'>nique</span> <span class='ocrx_word' id='word_1_442' title='bbox 690 4091 835 4161; x_wconf 89' lang='lat' dir='ltr'>dico,</span> <span class='ocrx_word' id='word_1_443' title='bbox 887 4091 1014 4163; x_wconf 88' lang='lat' dir='ltr'>quia</span> <span class='ocrx_word' id='word_1_444' title='bbox 1061 4098 1211 4147; x_wconf 89' lang='lat' dir='ltr'>tanto</span> <span class='ocrx_word' id='word_1_445' title='bbox 1251 4092 1482 4164; x_wconf 91' lang='lat' dir='ltr'>quisque</span> <span class='ocrx_word' id='word_1_446' title='bbox 1530 4092 1725 4148; x_wconf 89' lang='lat' dir='ltr'>melior</span> <span class='ocrx_word' id='word_1_447' title='bbox 1754 4102 1856 4163; x_wconf 91' lang='lat' dir='ltr'>est,</span> <span class='ocrx_word' id='word_1_448' title='bbox 1882 4102 1935 4149; x_wconf 92' lang='lat' dir='ltr'>et</span> <span class='ocrx_word' id='word_1_449' title='bbox 1966 4109 2100 4148; x_wconf 89' lang='lat' dir='ltr'>san—</span> 
     </span>
    </p>
   </div>
   <div class='ocr_carea' id='block_1_60' title="bbox 496 4180 2098 4253">
    <p class='ocr_par' dir='ltr' id='par_1_60' title="bbox 496 4180 2098 4253">
     <span class='ocr_line' id='line_1_60' title="bbox 496 4180 2098 4253; baseline 0.002 -18"><span class='ocrx_word' id='word_1_450' title='bbox 496 4181 654 4247; x_wconf 89' lang='lat' dir='ltr'>ctior,</span> <span class='ocrx_word' id='word_1_451' title='bbox 690 4188 890 4251; x_wconf 88' lang='lat' dir='ltr'>quanto</span> <span class='ocrx_word' id='word_1_452' title='bbox 909 4180 979 4235; x_wconf 88' lang='lat' dir='ltr'>ad</span> <span class='ocrx_word' id='word_1_453' title='bbox 1000 4180 1313 4248; x_wconf 90' lang='lat' dir='ltr'>amandum,</span> <span class='ocrx_word' id='word_1_454' title='bbox 1349 4190 1402 4237; x_wconf 90' lang='lat' dir='ltr'>et</span> <span class='ocrx_word' id='word_1_455' title='bbox 1424 4181 1779 4253; x_wconf 76' lang='lat' dir='ltr'>quaerendum</span> <span class='ocrx_word' id='word_1_456' title='bbox 1800 4184 1974 4238; x_wconf 90' lang='lat' dir='ltr'>Deum</span> <span class='ocrx_word' id='word_1_457' title='bbox 1997 4183 2098 4238; x_wconf 88' lang='lat' dir='ltr'>de-</span> 
     </span>
    </p>
   </div>
   <div class='ocr_carea' id='block_1_61' title="bbox 499 4268 2097 4340">
    <p class='ocr_par' dir='ltr' id='par_1_61' title="bbox 499 4268 2097 4340">
     <span class='ocr_line' id='line_1_61' title="bbox 499 4268 2097 4340; baseline 0.001 -18"><span class='ocrx_word' id='word_1_458' title='bbox 499 4268 674 4323; x_wconf 92' lang='lat' dir='ltr'>votior</span> <span class='ocrx_word' id='word_1_459' title='bbox 702 4276 785 4323; x_wconf 91' lang='lat' dir='ltr'>est</span> <span class='ocrx_word' id='word_1_460' title='bbox 814 4276 976 4340; x_wconf 87' lang='lat' dir='ltr'>atque</span> <span class='ocrx_word' id='word_1_461' title='bbox 1007 4268 1319 4323; x_wconf 84' lang='lat' dir='ltr'>ferventior.</span> <span class='ocrx_word' id='word_1_462' title='bbox 1352 4270 1492 4325; x_wconf 89' lang='lat' dir='ltr'>Nam</span> <span class='ocrx_word' id='word_1_463' title='bbox 1522 4270 1661 4325; x_wconf 85' lang='lat' dir='ltr'>sicut</span> <span class='ocrx_word' id='word_1_464' title='bbox 1692 4271 1965 4327; x_wconf 87' lang='lat' dir='ltr'>orationes</span> <span class='ocrx_word' id='word_1_465' title='bbox 1993 4271 2097 4324; x_wconf 91' lang='lat' dir='ltr'>ali-</span> 
     </span>
    </p>
   </div>
   <div class='ocr_carea' id='block_1_62' title="bbox 2207 1705 3805 1776">
    <p class='ocr_par' dir='ltr' id='par_1_62' title="bbox 2207 1705 3805 1776">
     <span class='ocr_line' id='line_1_62' title="bbox 2207 1705 3805 1776; baseline 0.002 -19"><span class='ocrx_word' id='word_1_466' title='bbox 2207 1720 2296 1759; x_wconf 92' lang='lat' dir='ltr'>mo</span> <span class='ocrx_word' id='word_1_467' title='bbox 2328 1712 2557 1772; x_wconf 89' lang='lat' dir='ltr'>constat,</span> <span class='ocrx_word' id='word_1_468' title='bbox 2610 1705 2819 1760; x_wconf 88' lang='lat' dir='ltr'>scilicet</span> <span class='ocrx_word' id='word_1_469' title='bbox 2858 1705 3097 1759; x_wconf 88' lang='lat' dir='ltr'>animam</span> <span class='ocrx_word' id='word_1_470' title='bbox 3134 1713 3186 1759; x_wconf 89' lang='lat' dir='ltr'>et</span> <span class='ocrx_word' id='word_1_471' title='bbox 3216 1720 3435 1776; x_wconf 91' lang='lat' dir='ltr'>corpus.</span> <span class='ocrx_word' id='word_1_472' title='bbox 3471 1706 3577 1760; x_wconf 90' lang='lat' dir='ltr'>Sed</span> <span class='ocrx_word' id='word_1_473' title='bbox 3607 1722 3805 1760; x_wconf 89' lang='lat' dir='ltr'>rursus</span> 
     </span>
    </p>
   </div>
   <div class='ocr_carea' id='block_1_63' title="bbox 2207 1792 3806 1867">
    <p class='ocr_par' dir='ltr' id='par_1_63' title="bbox 2207 1792 3806 1867">
     <span class='ocr_line' id='line_1_63' title="bbox 2207 1792 3806 1867; baseline 0.002 -22"><span class='ocrx_word' id='word_1_474' title='bbox 2207 1792 2405 1858; x_wconf 87' lang='lat' dir='ltr'>anima,</span> <span class='ocrx_word' id='word_1_475' title='bbox 2439 1808 2547 1847; x_wconf 90' lang='lat' dir='ltr'>non</span> <span class='ocrx_word' id='word_1_476' title='bbox 2589 1793 2807 1863; x_wconf 88' lang='lat' dir='ltr'>quidem</span> <span class='ocrx_word' id='word_1_477' title='bbox 2843 1792 3119 1859; x_wconf 88' lang='lat' dir='ltr'>dividitur,</span> <span class='ocrx_word' id='word_1_478' title='bbox 3156 1794 3253 1848; x_wconf 91' lang='lat' dir='ltr'>sed</span> <span class='ocrx_word' id='word_1_479' title='bbox 3281 1793 3336 1848; x_wconf 89' lang='lat' dir='ltr'>in</span> <span class='ocrx_word' id='word_1_480' title='bbox 3366 1794 3474 1849; x_wconf 90' lang='lat' dir='ltr'>duo</span> <span class='ocrx_word' id='word_1_481' title='bbox 3505 1794 3806 1867; x_wconf 85' lang='lat' dir='ltr'>distingui-</span> 
     </span>
    </p>
   </div>
   <div class='ocr_carea' id='block_1_64' title="bbox 2215 1880 3808 1954">
    <p class='ocr_par' dir='ltr' id='par_1_64' title="bbox 2215 1880 3808 1954">
     <span class='ocr_line' id='line_1_64' title="bbox 2215 1880 3808 1954; baseline 0.003 -21"><span class='ocrx_word' id='word_1_482' title='bbox 2215 1888 2319 1946; x_wconf 91' lang='lat' dir='ltr'>tur,</span> <span class='ocrx_word' id='word_1_483' title='bbox 2356 1880 2411 1934; x_wconf 91' lang='lat' dir='ltr'>id</span> <span class='ocrx_word' id='word_1_484' title='bbox 2461 1888 2543 1935; x_wconf 90' lang='lat' dir='ltr'>est</span> <span class='ocrx_word' id='word_1_485' title='bbox 2573 1880 2626 1934; x_wconf 88' lang='lat' dir='ltr'>in</span> <span class='ocrx_word' id='word_1_486' title='bbox 2664 1880 2895 1934; x_wconf 88' lang='lat' dir='ltr'>animam</span> <span class='ocrx_word' id='word_1_487' title='bbox 2927 1888 2978 1936; x_wconf 91' lang='lat' dir='ltr'>et</span> <span class='ocrx_word' id='word_1_488' title='bbox 3008 1881 3276 1952; x_wconf 87' lang='lat' dir='ltr'>spiritum.</span> <span class='ocrx_word' id='word_1_489' title='bbox 3308 1882 3405 1936; x_wconf 92' lang='lat' dir='ltr'>Est</span> <span class='ocrx_word' id='word_1_490' title='bbox 3436 1890 3617 1937; x_wconf 88' lang='lat' dir='ltr'>autem</span> <span class='ocrx_word' id='word_1_491' title='bbox 3650 1899 3808 1954; x_wconf 70' lang='lat' dir='ltr'>quae-</span> 
     </span>
    </p>
   </div>
   <div class='ocr_carea' id='block_1_65' title="bbox 2206 1968 3812 2041">
    <p class='ocr_par' dir='ltr' id='par_1_65' title="bbox 2206 1968 3812 2041">
     <span class='ocr_line' id='line_1_65' title="bbox 2206 1968 3812 2041; baseline 0.002 -19"><span class='ocrx_word' id='word_1_492' title='bbox 2206 1968 2331 2022; x_wconf 90' lang='lat' dir='ltr'>dam</span> <span class='ocrx_word' id='word_1_493' title='bbox 2362 1968 2445 2023; x_wconf 90' lang='lat' dir='ltr'>vis</span> <span class='ocrx_word' id='word_1_494' title='bbox 2473 1968 2665 2023; x_wconf 70' lang='lat' dir='ltr'>animae</span> <span class='ocrx_word' id='word_1_495' title='bbox 2694 1968 2939 2035; x_wconf 86' lang='lat' dir='ltr'>inferior,</span> <span class='ocrx_word' id='word_1_496' title='bbox 2973 1986 3093 2041; x_wconf 76' lang='lat' dir='ltr'>quae</span> <span class='ocrx_word' id='word_1_497' title='bbox 3120 1969 3351 2025; x_wconf 84' lang='lat' dir='ltr'>vivificat</span> <span class='ocrx_word' id='word_1_498' title='bbox 3372 1979 3423 2025; x_wconf 89' lang='lat' dir='ltr'>et</span> <span class='ocrx_word' id='word_1_499' title='bbox 3446 1979 3663 2041; x_wconf 84' lang='lat' dir='ltr'>vegetat</span> <span class='ocrx_word' id='word_1_500' title='bbox 3685 1987 3812 2026; x_wconf 91' lang='lat' dir='ltr'>cor-</span> 
     </span>
    </p>
   </div>
   <div class='ocr_carea' id='block_1_66' title="bbox 2204 2057 3807 2129">
    <p class='ocr_par' dir='ltr' id='par_1_66' title="bbox 2204 2057 3807 2129">
     <span class='ocr_line' id='line_1_66' title="bbox 2204 2057 3807 2129; baseline 0.003 -20"><span class='ocrx_word' id='word_1_501' title='bbox 2204 2073 2327 2127; x_wconf 91' lang='lat' dir='ltr'>pus,</span> <span class='ocrx_word' id='word_1_502' title='bbox 2364 2064 2416 2112; x_wconf 88' lang='lat' dir='ltr'>et</span> <span class='ocrx_word' id='word_1_503' title='bbox 2448 2057 2629 2112; x_wconf 87' lang='lat' dir='ltr'>carnis</span> <span class='ocrx_word' id='word_1_504' title='bbox 2670 2058 2922 2112; x_wconf 85' lang='lat' dir='ltr'>sensibus</span> <span class='ocrx_word' id='word_1_505' title='bbox 2956 2057 3141 2113; x_wconf 81' lang='lat' dir='ltr'>favens</span> <span class='ocrx_word' id='word_1_506' title='bbox 3171 2075 3271 2129; x_wconf 91' lang='lat' dir='ltr'>per</span> <span class='ocrx_word' id='word_1_507' title='bbox 3302 2059 3550 2114; x_wconf 89' lang='lat' dir='ltr'>carnales</span> <span class='ocrx_word' id='word_1_508' title='bbox 3579 2060 3807 2115; x_wconf 87' lang='lat' dir='ltr'>delicias</span> 
     </span>
    </p>
   </div>
   <div class='ocr_carea' id='block_1_67' title="bbox 2206 2144 3810 2218">
    <p class='ocr_par' dir='ltr' id='par_1_67' title="bbox 2206 2144 3810 2218">
     <span class='ocr_line' id='line_1_67' title="bbox 2206 2144 3810 2218; baseline 0.002 -21"><span class='ocrx_word' id='word_1_509' title='bbox 2206 2144 2561 2200; x_wconf 88' lang='lat' dir='ltr'>immoderate</span> <span class='ocrx_word' id='word_1_510' title='bbox 2603 2145 2843 2201; x_wconf 87' lang='lat' dir='ltr'>deﬂuere</span> <span class='ocrx_word' id='word_1_511' title='bbox 2873 2146 3035 2216; x_wconf 88' lang='lat' dir='ltr'>gestit</span> <span class='ocrx_word' id='word_1_512' title='bbox 3070 2164 3082 2200; x_wconf 92' lang='lat'>:</span> <span class='ocrx_word' id='word_1_513' title='bbox 3117 2163 3238 2218; x_wconf 71' lang='lat' dir='ltr'>qua:</span> <span class='ocrx_word' id='word_1_514' title='bbox 3270 2147 3323 2201; x_wconf 90' lang='lat' dir='ltr'>in</span> <span class='ocrx_word' id='word_1_515' title='bbox 3355 2146 3652 2217; x_wconf 83' lang='lat' dir='ltr'>Scripturis</span> <span class='ocrx_word' id='word_1_516' title='bbox 3682 2148 3810 2201; x_wconf 86' lang='lat' dir='ltr'>ani-</span> 
     </span>
    </p>
   </div>
   <div class='ocr_carea' id='block_1_68' title="bbox 2205 2234 3809 2305">
    <p class='ocr_par' dir='ltr' id='par_1_68' title="bbox 2205 2234 3809 2305">
     <span class='ocr_line' id='line_1_68' title="bbox 2205 2234 3809 2305; baseline 0.003 -19"><span class='ocrx_word' id='word_1_517' title='bbox 2205 2249 2291 2286; x_wconf 85' lang='lat' dir='ltr'>ma</span> <span class='ocrx_word' id='word_1_518' title='bbox 2320 2242 2681 2303; x_wconf 88' lang='lat' dir='ltr'>nuncupatur,</span> <span class='ocrx_word' id='word_1_519' title='bbox 2719 2250 2783 2289; x_wconf 89' lang='lat' dir='ltr'>eo</span> <span class='ocrx_word' id='word_1_520' title='bbox 2812 2235 2959 2305; x_wconf 93' lang='lat' dir='ltr'>quod</span> <span class='ocrx_word' id='word_1_521' title='bbox 2983 2234 3200 2300; x_wconf 88' lang='lat' dir='ltr'>animet,</span> <span class='ocrx_word' id='word_1_522' title='bbox 3228 2235 3281 2289; x_wconf 94' lang='lat' dir='ltr'>id</span> <span class='ocrx_word' id='word_1_523' title='bbox 3303 2243 3403 2302; x_wconf 89' lang='lat' dir='ltr'>est,</span> <span class='ocrx_word' id='word_1_524' title='bbox 3425 2234 3658 2291; x_wconf 82' lang='lat' dir='ltr'>viviﬁcet</span> <span class='ocrx_word' id='word_1_525' title='bbox 3682 2252 3809 2291; x_wconf 90' lang='lat' dir='ltr'>cor-</span> 
     </span>
    </p>
   </div>
   <div class='ocr_carea' id='block_1_69' title="bbox 2204 2321 3809 2393">
    <p class='ocr_par' dir='ltr' id='par_1_69' title="bbox 2204 2321 3809 2393">
     <span class='ocr_line' id='line_1_69' title="bbox 2204 2321 3809 2393; baseline 0.002 -18"><span class='ocrx_word' id='word_1_526' title='bbox 2204 2337 2327 2392; x_wconf 87' lang='lat' dir='ltr'>pus.</span> <span class='ocrx_word' id='word_1_527' title='bbox 2382 2321 2717 2389; x_wconf 90' lang='lat' dir='ltr'>Quibusdam</span> <span class='ocrx_word' id='word_1_528' title='bbox 2747 2330 2927 2377; x_wconf 90' lang='lat' dir='ltr'>autem</span> <span class='ocrx_word' id='word_1_529' title='bbox 2959 2323 3176 2393; x_wconf 90' lang='lat' dir='ltr'>placuit,</span> <span class='ocrx_word' id='word_1_530' title='bbox 3212 2332 3269 2377; x_wconf 92' lang='lat' dir='ltr'>ut</span> <span class='ocrx_word' id='word_1_531' title='bbox 3300 2341 3436 2389; x_wconf 90' lang='lat' dir='ltr'>eam,</span> <span class='ocrx_word' id='word_1_532' title='bbox 3471 2325 3809 2379; x_wconf 86' lang='lat' dir='ltr'>sensualita-</span> 
     </span>
    </p>
   </div>
   <div class='ocr_carea' id='block_1_70' title="bbox 2205 2410 3810 2480">
    <p class='ocr_par' dir='ltr' id='par_1_70' title="bbox 2205 2410 3810 2480">
     <span class='ocr_line' id='line_1_70' title="bbox 2205 2410 3810 2480; baseline 0.002 -17"><span class='ocrx_word' id='word_1_533' title='bbox 2205 2417 2311 2464; x_wconf 92' lang='lat' dir='ltr'>tem</span> <span class='ocrx_word' id='word_1_534' title='bbox 2345 2410 2702 2480; x_wconf 88' lang='lat' dir='ltr'>appellarent.</span> <span class='ocrx_word' id='word_1_535' title='bbox 2735 2411 2802 2465; x_wconf 90' lang='lat' dir='ltr'>Et</span> <span class='ocrx_word' id='word_1_536' title='bbox 2833 2411 3128 2465; x_wconf 89' lang='lat' dir='ltr'>secundum</span> <span class='ocrx_word' id='word_1_537' title='bbox 3158 2412 3300 2466; x_wconf 89' lang='lat' dir='ltr'>hanc</span> <span class='ocrx_word' id='word_1_538' title='bbox 3331 2427 3438 2466; x_wconf 91' lang='lat' dir='ltr'>non</span> <span class='ocrx_word' id='word_1_539' title='bbox 3478 2412 3747 2467; x_wconf 87' lang='lat' dir='ltr'>distamus</span> <span class='ocrx_word' id='word_1_540' title='bbox 3777 2429 3810 2466; x_wconf 89' lang='lat' dir='ltr'>a</span> 
     </span>
    </p>
   </div>
   <div class='ocr_carea' id='block_1_71' title="bbox 2206 2499 3803 2572">
    <p class='ocr_par' dir='ltr' id='par_1_71' title="bbox 2206 2499 3803 2572">
     <span class='ocr_line' id='line_1_71' title="bbox 2206 2499 3803 2572; baseline 0.003 -20"><span class='ocrx_word' id='word_1_541' title='bbox 2206 2499 2513 2568; x_wconf 90' lang='lat' dir='ltr'>pecoribus,</span> <span class='ocrx_word' id='word_1_542' title='bbox 2547 2499 2668 2570; x_wconf 89' lang='lat' dir='ltr'>quia</span> <span class='ocrx_word' id='word_1_543' title='bbox 2700 2507 2753 2553; x_wconf 90' lang='lat' dir='ltr'>et</span> <span class='ocrx_word' id='word_1_544' title='bbox 2779 2515 2979 2569; x_wconf 90' lang='lat' dir='ltr'>pecora</span> <span class='ocrx_word' id='word_1_545' title='bbox 3010 2500 3243 2553; x_wconf 89' lang='lat' dir='ltr'>animam</span> <span class='ocrx_word' id='word_1_546' title='bbox 3275 2500 3497 2568; x_wconf 87' lang='lat' dir='ltr'>habent,</span> <span class='ocrx_word' id='word_1_547' title='bbox 3529 2517 3650 2572; x_wconf 58' lang='lat' dir='ltr'>quae</span> <span class='ocrx_word' id='word_1_548' title='bbox 3682 2500 3803 2556; x_wconf 77' lang='lat' dir='ltr'>mb-</span> 
     </span>
    </p>
   </div>
   <div class='ocr_carea' id='block_1_72' title="bbox 2205 2586 3806 2659">
    <p class='ocr_par' dir='ltr' id='par_1_72' title="bbox 2205 2586 3806 2659">
     <span class='ocr_line' id='line_1_72' title="bbox 2205 2586 3806 2659; baseline 0.002 -19"><span class='ocrx_word' id='word_1_549' title='bbox 2205 2595 2291 2641; x_wconf 90' lang='lat' dir='ltr'>vet</span> <span class='ocrx_word' id='word_1_550' title='bbox 2321 2595 2370 2641; x_wconf 90' lang='lat' dir='ltr'>et</span> <span class='ocrx_word' id='word_1_551' title='bbox 2402 2586 2634 2642; x_wconf 88' lang='lat' dir='ltr'>vivificat</span> <span class='ocrx_word' id='word_1_552' title='bbox 2665 2603 2885 2658; x_wconf 91' lang='lat' dir='ltr'>corpus,</span> <span class='ocrx_word' id='word_1_553' title='bbox 2920 2595 2973 2642; x_wconf 92' lang='lat' dir='ltr'>et</span> <span class='ocrx_word' id='word_1_554' title='bbox 3003 2588 3604 2659; x_wconf 88' lang='lat' dir='ltr'>appetitconducibilia,</span> <span class='ocrx_word' id='word_1_555' title='bbox 3631 2597 3686 2643; x_wconf 90' lang='lat' dir='ltr'>et</span> <span class='ocrx_word' id='word_1_556' title='bbox 3704 2606 3806 2644; x_wconf 87' lang='lat' dir='ltr'>no-</span> 
     </span>
    </p>
   </div>
   <div class='ocr_carea' id='block_1_73' title="bbox 2203 2674 3807 2749">
    <p class='ocr_par' dir='ltr' id='par_1_73' title="bbox 2203 2674 3807 2749">
     <span class='ocr_line' id='line_1_73' title="bbox 2203 2674 3807 2749; baseline 0.003 -21"><span class='ocrx_word' id='word_1_557' title='bbox 2203 2674 2288 2729; x_wconf 87' lang='lat' dir='ltr'>xia</span> <span class='ocrx_word' id='word_1_558' title='bbox 2318 2675 2473 2745; x_wconf 85' lang='lat' dir='ltr'>fugit.</span> <span class='ocrx_word' id='word_1_559' title='bbox 2510 2676 2610 2730; x_wconf 89' lang='lat' dir='ltr'>Est</span> <span class='ocrx_word' id='word_1_560' title='bbox 2648 2684 2829 2731; x_wconf 90' lang='lat' dir='ltr'>autem</span> <span class='ocrx_word' id='word_1_561' title='bbox 2860 2676 3105 2748; x_wconf 69' lang='lat' dir='ltr'>quaedam</span> <span class='ocrx_word' id='word_1_562' title='bbox 3138 2677 3218 2732; x_wconf 90' lang='lat' dir='ltr'>vis</span> <span class='ocrx_word' id='word_1_563' title='bbox 3235 2676 3406 2748; x_wconf 90' lang='lat' dir='ltr'>ipsius</span> <span class='ocrx_word' id='word_1_564' title='bbox 3425 2677 3616 2731; x_wconf 56' lang='lat' dir='ltr'>anima).</span> <span class='ocrx_word' id='word_1_565' title='bbox 3639 2694 3807 2749; x_wconf 86' lang='lat' dir='ltr'>supe-</span> 
     </span>
    </p>
   </div>
   <div class='ocr_carea' id='block_1_74' title="bbox 2203 2763 3807 2836">
    <p class='ocr_par' dir='ltr' id='par_1_74' title="bbox 2203 2763 3807 2836">
     <span class='ocr_line' id='line_1_74' title="bbox 2203 2763 3807 2836; baseline 0.003 -20"><span class='ocrx_word' id='word_1_566' title='bbox 2203 2763 2335 2829; x_wconf 91' lang='lat' dir='ltr'>rior,</span> <span class='ocrx_word' id='word_1_567' title='bbox 2370 2780 2489 2834; x_wconf 67' lang='lat' dir='ltr'>quae</span> <span class='ocrx_word' id='word_1_568' title='bbox 2517 2764 2739 2835; x_wconf 89' lang='lat' dir='ltr'>spiritus</span> <span class='ocrx_word' id='word_1_569' title='bbox 2770 2764 2858 2820; x_wconf 91' lang='lat' dir='ltr'>vel</span> <span class='ocrx_word' id='word_1_570' title='bbox 2888 2765 3025 2819; x_wconf 90' lang='lat' dir='ltr'>ratio</span> <span class='ocrx_word' id='word_1_571' title='bbox 3054 2764 3271 2830; x_wconf 91' lang='lat' dir='ltr'>dicitur,</span> <span class='ocrx_word' id='word_1_572' title='bbox 3303 2782 3403 2836; x_wconf 90' lang='lat' dir='ltr'>per</span> <span class='ocrx_word' id='word_1_573' title='bbox 3433 2781 3597 2835; x_wconf 90' lang='lat' dir='ltr'>quam</span> <span class='ocrx_word' id='word_1_574' title='bbox 3626 2765 3807 2821; x_wconf 83' lang='lat' dir='ltr'>dista-</span> 
     </span>
    </p>
   </div>
   <div class='ocr_carea' id='block_1_75' title="bbox 2203 2853 3802 2924">
    <p class='ocr_par' dir='ltr' id='par_1_75' title="bbox 2203 2853 3802 2924">
     <span class='ocr_line' id='line_1_75' title="bbox 2203 2853 3802 2924; baseline 0.003 -20"><span class='ocrx_word' id='word_1_575' title='bbox 2203 2868 2323 2905; x_wconf 91' lang='lat' dir='ltr'>mus</span> <span class='ocrx_word' id='word_1_576' title='bbox 2352 2867 2384 2907; x_wconf 88' lang='lat' dir='ltr'>a</span> <span class='ocrx_word' id='word_1_577' title='bbox 2412 2853 2700 2922; x_wconf 88' lang='lat' dir='ltr'>pecoribus</span> <span class='ocrx_word' id='word_1_578' title='bbox 2737 2869 2749 2908; x_wconf 76' lang='grc' dir='ltr'>ε</span> <span class='ocrx_word' id='word_1_579' title='bbox 2783 2854 3083 2909; x_wconf 89' lang='lat' dir='ltr'>secundum</span> <span class='ocrx_word' id='word_1_580' title='bbox 3115 2870 3275 2924; x_wconf 90' lang='lat' dir='ltr'>quam</span> <span class='ocrx_word' id='word_1_581' title='bbox 3306 2854 3510 2909; x_wconf 90' lang='lat' dir='ltr'>scilicet</span> <span class='ocrx_word' id='word_1_582' title='bbox 3539 2854 3607 2908; x_wconf 87' lang='lat' dir='ltr'>ad</span> <span class='ocrx_word' id='word_1_583' title='bbox 3656 2854 3802 2909; x_wconf 90' lang='lat' dir='ltr'>ima-</span> 
     </span>
    </p>
   </div>
   <div class='ocr_carea' id='block_1_76' title="bbox 2203 2940 3807 3013">
    <p class='ocr_par' dir='ltr' id='par_1_76' title="bbox 2203 2940 3807 3013">
     <span class='ocr_line' id='line_1_76' title="bbox 2203 2940 3807 3013; baseline 0.003 -20"><span class='ocrx_word' id='word_1_584' title='bbox 2203 2940 2387 3011; x_wconf 83' lang='lat' dir='ltr'>ginem</span> <span class='ocrx_word' id='word_1_585' title='bbox 2417 2941 2517 2996; x_wconf 89' lang='lat' dir='ltr'>Dei</span> <span class='ocrx_word' id='word_1_586' title='bbox 2561 2940 2685 2998; x_wconf 85' lang='lat' dir='ltr'>facti</span> <span class='ocrx_word' id='word_1_587' title='bbox 2735 2959 2943 3008; x_wconf 90' lang='lat' dir='ltr'>sumus,</span> <span class='ocrx_word' id='word_1_588' title='bbox 2976 2941 3101 3013; x_wconf 89' lang='lat' dir='ltr'>quia</span> <span class='ocrx_word' id='word_1_589' title='bbox 3131 2959 3231 3013; x_wconf 90' lang='lat' dir='ltr'>per</span> <span class='ocrx_word' id='word_1_590' title='bbox 3258 2943 3401 2998; x_wconf 87' lang='lat' dir='ltr'>hanc</span> <span class='ocrx_word' id='word_1_591' title='bbox 3431 2942 3569 2997; x_wconf 89' lang='lat' dir='ltr'>inter</span> <span class='ocrx_word' id='word_1_592' title='bbox 3598 2943 3807 2998; x_wconf 87' lang='lat' dir='ltr'>bonum</span> 
     </span>
    </p>
   </div>
   <div class='ocr_carea' id='block_1_77' title="bbox 2201 3031 3805 3102">
    <p class='ocr_par' dir='ltr' id='par_1_77' title="bbox 2201 3031 3805 3102">
     <span class='ocr_line' id='line_1_77' title="bbox 2201 3031 3805 3102; baseline 0 -16"><span class='ocrx_word' id='word_1_593' title='bbox 2201 3040 2254 3087; x_wconf 93' lang='lat' dir='ltr'>et</span> <span class='ocrx_word' id='word_1_594' title='bbox 2284 3031 2509 3097; x_wconf 88' lang='lat' dir='ltr'>malum,</span> <span class='ocrx_word' id='word_1_595' title='bbox 2543 3040 2596 3086; x_wconf 91' lang='lat' dir='ltr'>et</span> <span class='ocrx_word' id='word_1_596' title='bbox 2626 3032 2764 3086; x_wconf 87' lang='lat' dir='ltr'>inter</span> <span class='ocrx_word' id='word_1_597' title='bbox 2802 3031 3116 3085; x_wconf 85' lang='lat' dir='ltr'>Creatorem</span> <span class='ocrx_word' id='word_1_598' title='bbox 3144 3038 3554 3102; x_wconf 88' lang='lat' dir='ltr'>creaturamque</span> <span class='ocrx_word' id='word_1_599' title='bbox 3585 3031 3805 3086; x_wconf 88' lang='lat' dir='ltr'>discer-</span> 
     </span>
    </p>
   </div>
   <div class='ocr_carea' id='block_1_78' title="bbox 2202 3118 3804 3191">
    <p class='ocr_par' dir='ltr' id='par_1_78' title="bbox 2202 3118 3804 3191">
     <span class='ocr_line' id='line_1_78' title="bbox 2202 3118 3804 3191; baseline -0.001 -18"><span class='ocrx_word' id='word_1_600' title='bbox 2202 3120 2403 3175; x_wconf 90' lang='lat' dir='ltr'>nimus.</span> <span class='ocrx_word' id='word_1_601' title='bbox 2461 3120 2589 3174; x_wconf 63' lang='lat' dir='ltr'>Hmc</span> <span class='ocrx_word' id='word_1_602' title='bbox 2647 3119 2766 3183; x_wconf 87' lang='lat' dir='ltr'>tria,</span> <span class='ocrx_word' id='word_1_603' title='bbox 2826 3118 3032 3174; x_wconf 87' lang='lat' dir='ltr'>scilicet</span> <span class='ocrx_word' id='word_1_604' title='bbox 3090 3118 3337 3188; x_wconf 89' lang='lat' dir='ltr'>spiritum</span> <span class='ocrx_word' id='word_1_605' title='bbox 3391 3118 3481 3189; x_wconf 91' lang='lat' dir='ltr'>qui</span> <span class='ocrx_word' id='word_1_606' title='bbox 3527 3118 3804 3191; x_wconf 84' lang='lat' dir='ltr'>intelligit,</span> 
     </span>
    </p>
   </div>
   <div class='ocr_carea' id='block_1_79' title="bbox 2202 3205 3807 3278">
    <p class='ocr_par' dir='ltr' id='par_1_79' title="bbox 2202 3205 3807 3278">
     <span class='ocr_line' id='line_1_79' title="bbox 2202 3205 3807 3278; baseline -0.001 -16"><span class='ocrx_word' id='word_1_607' title='bbox 2202 3209 2437 3263; x_wconf 88' lang='lat' dir='ltr'>animam</span> <span class='ocrx_word' id='word_1_608' title='bbox 2484 3224 2605 3278; x_wconf 80' lang='lat' dir='ltr'>quae</span> <span class='ocrx_word' id='word_1_609' title='bbox 2649 3205 2897 3273; x_wconf 85' lang='lat' dir='ltr'>vivificat,</span> <span class='ocrx_word' id='word_1_610' title='bbox 2947 3222 3144 3278; x_wconf 88' lang='lat' dir='ltr'>corpus</span> <span class='ocrx_word' id='word_1_611' title='bbox 3195 3206 3341 3277; x_wconf 92' lang='lat' dir='ltr'>quod</span> <span class='ocrx_word' id='word_1_612' title='bbox 3372 3205 3702 3274; x_wconf 78' lang='lat' dir='ltr'>viviﬁcatur,</span> <span class='ocrx_word' id='word_1_613' title='bbox 3733 3209 3807 3261; x_wconf 87' lang='lat' dir='ltr'>ita</span> 
     </span>
    </p>
   </div>
   <div class='ocr_carea' id='block_1_80' title="bbox 2201 3295 3807 3367">
    <p class='ocr_par' dir='ltr' id='par_1_80' title="bbox 2201 3295 3807 3367">
     <span class='ocr_line' id='line_1_80' title="bbox 2201 3295 3807 3367; baseline 0 -16"><span class='ocrx_word' id='word_1_614' title='bbox 2201 3313 2307 3352; x_wconf 91' lang='lat' dir='ltr'>uno</span> <span class='ocrx_word' id='word_1_615' title='bbox 2321 3296 2442 3351; x_wconf 91' lang='lat' dir='ltr'>loco</span> <span class='ocrx_word' id='word_1_616' title='bbox 2463 3295 2745 3366; x_wconf 87' lang='lat' dir='ltr'>distinguit</span> <span class='ocrx_word' id='word_1_617' title='bbox 2755 3295 3069 3366; x_wconf 85' lang='lat' dir='ltr'>Apostolus,</span> <span class='ocrx_word' id='word_1_618' title='bbox 3086 3295 3274 3351; x_wconf 89' lang='lat' dir='ltr'>dicens</span> <span class='ocrx_word' id='word_1_619' title='bbox 3294 3312 3307 3349; x_wconf 89' lang='lat'>:</span> <span class='ocrx_word' id='word_1_620' title='bbox 3323 3295 3547 3365; x_wconf 88' lang='lat' dir='ltr'>Integer</span> <span class='ocrx_word' id='word_1_621' title='bbox 3562 3298 3807 3367; x_wconf 81' lang='lat' dir='ltr'>spiritus</span> 
     </span>
    </p>
   </div>
   <div class='ocr_carea' id='block_1_81' title="bbox 2202 3383 3807 3455">
    <p class='ocr_par' dir='ltr' id='par_1_81' title="bbox 2202 3383 3807 3455">
     <span class='ocr_line' id='line_1_81' title="bbox 2202 3383 3807 3455; baseline -0.001 -15"><span class='ocrx_word' id='word_1_622' title='bbox 2202 3389 2401 3449; x_wconf 88' lang='lat' dir='ltr'>vester,</span> <span class='ocrx_word' id='word_1_623' title='bbox 2437 3389 2491 3440; x_wconf 88' lang='lat' dir='ltr'>et</span> <span class='ocrx_word' id='word_1_624' title='bbox 2512 3386 2727 3449; x_wconf 87' lang='lat' dir='ltr'>anima,</span> <span class='ocrx_word' id='word_1_625' title='bbox 2753 3388 2808 3439; x_wconf 88' lang='lat' dir='ltr'>et</span> <span class='ocrx_word' id='word_1_626' title='bbox 2828 3401 3028 3455; x_wconf 85' lang='lat' dir='ltr'>corpus</span> <span class='ocrx_word' id='word_1_627' title='bbox 3049 3384 3172 3439; x_wconf 86' lang='lat' dir='ltr'>sine</span> <span class='ocrx_word' id='word_1_628' title='bbox 3195 3384 3441 3454; x_wconf 84' lang='lat' dir='ltr'>querela,</span> <span class='ocrx_word' id='word_1_629' title='bbox 3466 3383 3528 3437; x_wconf 87' lang='lat' dir='ltr'>in</span> <span class='ocrx_word' id='word_1_630' title='bbox 3551 3385 3807 3439; x_wconf 85' lang='lat' dir='ltr'>adventu</span> 
     </span>
    </p>
   </div>
   <div class='ocr_carea' id='block_1_82' title="bbox 2201 3471 3803 3542">
    <p class='ocr_par' dir='ltr' id='par_1_82' title="bbox 2201 3471 3803 3542">
     <span class='ocr_line' id='line_1_82' title="bbox 2201 3471 3803 3542; baseline 0 -15"><span class='ocrx_word' id='word_1_631' title='bbox 2201 3474 2426 3529; x_wconf 82' lang='lat' dir='ltr'>Domini</span> <span class='ocrx_word' id='word_1_632' title='bbox 2447 3473 2629 3528; x_wconf 82' lang='lat' dir='ltr'>nostri</span> <span class='ocrx_word' id='word_1_633' title='bbox 2648 3475 2778 3527; x_wconf 88' lang='lat' dir='ltr'>Jesu</span> <span class='ocrx_word' id='word_1_634' title='bbox 2801 3471 3009 3527; x_wconf 86' lang='lat' dir='ltr'>Christi</span> <span class='ocrx_word' id='word_1_635' title='bbox 3029 3476 3283 3527; x_wconf 79' lang='lat' dir='ltr'>servetur</span> <span class='ocrx_word' id='word_1_636' title='bbox 3304 3472 3354 3542; x_wconf 91' lang='lat' dir='ltr'>(I</span> <span class='ocrx_word' id='word_1_637' title='bbox 3386 3472 3568 3528; x_wconf 85' lang='lat' dir='ltr'>Thess.</span> <span class='ocrx_word' id='word_1_638' title='bbox 3602 3487 3659 3538; x_wconf 88' lang='lat' dir='ltr'>v,</span> <span class='ocrx_word' id='word_1_639' title='bbox 3684 3475 3803 3541; x_wconf 73' lang='lat'>23).</span> 
     </span>
    </p>
   </div>
   <div class='ocr_carea' id='block_1_83' title="bbox 2200 3560 3803 3631">
    <p class='ocr_par' dir='ltr' id='par_1_83' title="bbox 2200 3560 3803 3631">
     <span class='ocr_line' id='line_1_83' title="bbox 2200 3560 3803 3631; baseline -0.001 -15"><span class='ocrx_word' id='word_1_640' title='bbox 2200 3560 2504 3631; x_wconf 89' lang='lat' dir='ltr'>Principale</span> <span class='ocrx_word' id='word_1_641' title='bbox 2533 3560 2712 3630; x_wconf 88' lang='lat' dir='ltr'>itaque</span> <span class='ocrx_word' id='word_1_642' title='bbox 2744 3567 3008 3627; x_wconf 91' lang='lat' dir='ltr'>nostrum,</span> <span class='ocrx_word' id='word_1_643' title='bbox 3044 3560 3265 3630; x_wconf 89' lang='lat' dir='ltr'>spiritus</span> <span class='ocrx_word' id='word_1_644' title='bbox 3296 3567 3397 3629; x_wconf 90' lang='lat' dir='ltr'>est,</span> <span class='ocrx_word' id='word_1_645' title='bbox 3418 3560 3508 3631; x_wconf 88' lang='lat' dir='ltr'>qui</span> <span class='ocrx_word' id='word_1_646' title='bbox 3537 3566 3591 3615; x_wconf 88' lang='lat' dir='ltr'>et</span> <span class='ocrx_word' id='word_1_647' title='bbox 3620 3576 3803 3624; x_wconf 89' lang='lat' dir='ltr'>mens,</span> 
     </span>
    </p>
   </div>
   <div class='ocr_carea' id='block_1_84' title="bbox 2202 3647 3806 3719">
    <p class='ocr_par' dir='ltr' id='par_1_84' title="bbox 2202 3647 3806 3719">
     <span class='ocr_line' id='line_1_84' title="bbox 2202 3647 3806 3719; baseline -0.001 -15"><span class='ocrx_word' id='word_1_648' title='bbox 2202 3658 2255 3705; x_wconf 90' lang='lat' dir='ltr'>et</span> <span class='ocrx_word' id='word_1_649' title='bbox 2283 3649 2442 3713; x_wconf 88' lang='lat' dir='ltr'>ratio,</span> <span class='ocrx_word' id='word_1_650' title='bbox 2477 3656 2529 3703; x_wconf 91' lang='lat' dir='ltr'>et</span> <span class='ocrx_word' id='word_1_651' title='bbox 2557 3648 2770 3703; x_wconf 90' lang='lat' dir='ltr'>animus</span> <span class='ocrx_word' id='word_1_652' title='bbox 2810 3648 3004 3703; x_wconf 89' lang='lat' dir='ltr'>dicitur</span> <span class='ocrx_word' id='word_1_653' title='bbox 3039 3663 3050 3701; x_wconf 89' lang='lat'>:</span> <span class='ocrx_word' id='word_1_654' title='bbox 3081 3664 3183 3702; x_wconf 91' lang='lat' dir='ltr'>nec</span> <span class='ocrx_word' id='word_1_655' title='bbox 3211 3655 3292 3702; x_wconf 91' lang='lat' dir='ltr'>est</span> <span class='ocrx_word' id='word_1_656' title='bbox 3340 3647 3545 3719; x_wconf 91' lang='lat' dir='ltr'>aliquid</span> <span class='ocrx_word' id='word_1_657' title='bbox 3575 3648 3647 3703; x_wconf 88' lang='lat' dir='ltr'>ab</span> <span class='ocrx_word' id='word_1_658' title='bbox 3679 3648 3806 3718; x_wconf 87' lang='lat' dir='ltr'>ipsa</span> 
     </span>
    </p>
   </div>
   <div class='ocr_carea' id='block_1_85' title="bbox 2202 3736 3806 3808">
    <p class='ocr_par' dir='ltr' id='par_1_85' title="bbox 2202 3736 3806 3808">
     <span class='ocr_line' id='line_1_85' title="bbox 2202 3736 3806 3808; baseline 0.001 -17"><span class='ocrx_word' id='word_1_659' title='bbox 2202 3737 2381 3791; x_wconf 89' lang='lat' dir='ltr'>anima</span> <span class='ocrx_word' id='word_1_660' title='bbox 2429 3737 2723 3802; x_wconf 87' lang='lat' dir='ltr'>diversum,</span> <span class='ocrx_word' id='word_1_661' title='bbox 2767 3737 2866 3792; x_wconf 91' lang='lat' dir='ltr'>sed</span> <span class='ocrx_word' id='word_1_662' title='bbox 2914 3736 3176 3808; x_wconf 89' lang='lat' dir='ltr'>quiddam</span> <span class='ocrx_word' id='word_1_663' title='bbox 3223 3736 3392 3807; x_wconf 90' lang='lat' dir='ltr'>ipsius</span> <span class='ocrx_word' id='word_1_664' title='bbox 3422 3736 3617 3792; x_wconf 60' lang='lat' dir='ltr'>anima</span> <span class='ocrx_word' id='word_1_665' title='bbox 3648 3737 3806 3808; x_wconf 89' lang='lat' dir='ltr'>quod</span> 
     </span>
    </p>
   </div>
   <div class='ocr_carea' id='block_1_86' title="bbox 2201 3825 3804 3897">
    <p class='ocr_par' dir='ltr' id='par_1_86' title="bbox 2201 3825 3804 3897">
     <span class='ocr_line' id='line_1_86' title="bbox 2201 3825 3804 3897; baseline 0 -17"><span class='ocrx_word' id='word_1_666' title='bbox 2201 3826 2365 3881; x_wconf 86' lang='lat' dir='ltr'>debet</span> <span class='ocrx_word' id='word_1_667' title='bbox 2404 3825 2724 3897; x_wconf 62' lang='lat' dir='ltr'>praesidere.</span> <span class='ocrx_word' id='word_1_668' title='bbox 2774 3825 3005 3880; x_wconf 81' lang='lat' dir='ltr'>Inferius</span> <span class='ocrx_word' id='word_1_669' title='bbox 3046 3834 3226 3880; x_wconf 88' lang='lat' dir='ltr'>autem</span> <span class='ocrx_word' id='word_1_670' title='bbox 3272 3833 3516 3879; x_wconf 90' lang='lat' dir='ltr'>nostrum</span> <span class='ocrx_word' id='word_1_671' title='bbox 3544 3833 3646 3894; x_wconf 90' lang='lat' dir='ltr'>est,</span> <span class='ocrx_word' id='word_1_672' title='bbox 3678 3825 3804 3896; x_wconf 89' lang='lat' dir='ltr'>ipsa</span> 
     </span>
    </p>
   </div>
   <div class='ocr_carea' id='block_1_87' title="bbox 2200 3912 3802 3985">
    <p class='ocr_par' dir='ltr' id='par_1_87' title="bbox 2200 3912 3802 3985">
     <span class='ocr_line' id='line_1_87' title="bbox 2200 3912 3802 3985; baseline -0.001 -16"><span class='ocrx_word' id='word_1_673' title='bbox 2200 3914 2311 3969; x_wconf 91' lang='lat' dir='ltr'>vita</span> <span class='ocrx_word' id='word_1_674' title='bbox 2340 3913 2609 3984; x_wconf 90' lang='lat' dir='ltr'>corporis,</span> <span class='ocrx_word' id='word_1_675' title='bbox 2642 3913 2699 3969; x_wconf 92' lang='lat' dir='ltr'>id</span> <span class='ocrx_word' id='word_1_676' title='bbox 2724 3923 2806 3969; x_wconf 90' lang='lat' dir='ltr'>est</span> <span class='ocrx_word' id='word_1_677' title='bbox 2832 3914 3028 3979; x_wconf 88' lang='lat' dir='ltr'>anima,</span> <span class='ocrx_word' id='word_1_678' title='bbox 3064 3931 3183 3985; x_wconf 68' lang='lat' dir='ltr'>quae</span> <span class='ocrx_word' id='word_1_679' title='bbox 3212 3912 3373 3968; x_wconf 90' lang='lat' dir='ltr'>etiam</span> <span class='ocrx_word' id='word_1_680' title='bbox 3405 3914 3528 3984; x_wconf 88' lang='lat' dir='ltr'>quia</span> <span class='ocrx_word' id='word_1_681' title='bbox 3556 3914 3802 3969; x_wconf 85' lang='lat' dir='ltr'>carnalia</span> 
     </span>
    </p>
   </div>
   <div class='ocr_carea' id='block_1_88' title="bbox 2201 4001 3804 4073">
    <p class='ocr_par' dir='ltr' id='par_1_88' title="bbox 2201 4001 3804 4073">
     <span class='ocr_line' id='line_1_88' title="bbox 2201 4001 3804 4073; baseline 0.001 -16"><span class='ocrx_word' id='word_1_682' title='bbox 2201 4002 2439 4073; x_wconf 90' lang='lat' dir='ltr'>appetit,</span> <span class='ocrx_word' id='word_1_683' title='bbox 2491 4017 2620 4056; x_wconf 89' lang='lat' dir='ltr'>caro</span> <span class='ocrx_word' id='word_1_684' title='bbox 2660 4002 2989 4057; x_wconf 86' lang='lat' dir='ltr'>nominatur.</span> <span class='ocrx_word' id='word_1_685' title='bbox 3039 4003 3193 4058; x_wconf 88' lang='lat' dir='ltr'>Unde</span> <span class='ocrx_word' id='word_1_686' title='bbox 3241 4001 3534 4073; x_wconf 83' lang='lat' dir='ltr'>Apostolus</span> <span class='ocrx_word' id='word_1_687' title='bbox 3566 4018 3580 4055; x_wconf 90' lang='lat'>:</span> <span class='ocrx_word' id='word_1_688' title='bbox 3612 4002 3804 4058; x_wconf 80' lang='lat' dir='ltr'>Mente</span> 
     </span>
    </p>
   </div>
   <div class='ocr_carea' id='block_1_89' title="bbox 2198 4090 3798 4163">
    <p class='ocr_par' dir='ltr' id='par_1_89' title="bbox 2198 4090 3798 4163">
     <span class='ocr_line' id='line_1_89' title="bbox 2198 4090 3798 4163; baseline -0.001 -17"><span class='ocrx_word' id='word_1_689' title='bbox 2198 4093 2376 4146; x_wconf 86' lang='lat' dir='ltr'>servio</span> <span class='ocrx_word' id='word_1_690' title='bbox 2411 4091 2519 4160; x_wconf 88' lang='lat' dir='ltr'>legi</span> <span class='ocrx_word' id='word_1_691' title='bbox 2547 4093 2667 4156; x_wconf 87' lang='lat' dir='ltr'>Dei,</span> <span class='ocrx_word' id='word_1_692' title='bbox 2690 4107 2862 4146; x_wconf 87' lang='lat' dir='ltr'>carne</span> <span class='ocrx_word' id='word_1_693' title='bbox 2884 4095 3097 4157; x_wconf 88' lang='lat' dir='ltr'>autem,</span> <span class='ocrx_word' id='word_1_694' title='bbox 3129 4092 3234 4162; x_wconf 88' lang='lat' dir='ltr'>legi</span> <span class='ocrx_word' id='word_1_695' title='bbox 3247 4092 3467 4163; x_wconf 86' lang='lat' dir='ltr'>peccati</span> <span class='ocrx_word' id='word_1_696' title='bbox 3489 4090 3665 4159; x_wconf 82' lang='lat' dir='ltr'>(Rom.</span> <span class='ocrx_word' id='word_1_697' title='bbox 3695 4106 3798 4155; x_wconf 81' lang='lat' dir='ltr'>vn,</span> 
     </span>
    </p>
   </div>
   <div class='ocr_carea' id='block_1_90' title="bbox 2197 4178 3795 4251">
    <p class='ocr_par' dir='ltr' id='par_1_90' title="bbox 2197 4178 3795 4251">
     <span class='ocr_line' id='line_1_90' title="bbox 2197 4178 3795 4251; baseline -0.003 -14"><span class='ocrx_word' id='word_1_698' title='bbox 2197 4178 2311 4249; x_wconf 77' lang='lat'>25).</span> <span class='ocrx_word' id='word_1_699' title='bbox 2337 4180 2404 4234; x_wconf 87' lang='lat' dir='ltr'>Et</span> <span class='ocrx_word' id='word_1_700' title='bbox 2423 4178 2615 4234; x_wconf 90' lang='lat' dir='ltr'>iterum</span> <span class='ocrx_word' id='word_1_701' title='bbox 2642 4197 2654 4233; x_wconf 95' lang='lat'>:</span> <span class='ocrx_word' id='word_1_702' title='bbox 2683 4180 2822 4236; x_wconf 92' lang='lat' dir='ltr'>Caro</span> <span class='ocrx_word' id='word_1_703' title='bbox 2844 4180 3195 4251; x_wconf 81' lang='lat' dir='ltr'>concupiscit</span> <span class='ocrx_word' id='word_1_704' title='bbox 3215 4180 3478 4236; x_wconf 82' lang='lat' dir='ltr'>adversus</span> <span class='ocrx_word' id='word_1_705' title='bbox 3501 4180 3795 4251; x_wconf 84' lang='lat' dir='ltr'>spiritum,</span> 
     </span>
    </p>
   </div>
   <div class='ocr_carea' id='block_1_91' title="bbox 2201 4266 3799 4340">
    <p class='ocr_par' dir='ltr' id='par_1_91' title="bbox 2201 4266 3799 4340">
     <span class='ocr_line' id='line_1_91' title="bbox 2201 4266 3799 4340; baseline -0.001 -17"><span class='ocrx_word' id='word_1_706' title='bbox 2201 4272 2254 4324; x_wconf 89' lang='lat' dir='ltr'>et</span> <span class='ocrx_word' id='word_1_707' title='bbox 2276 4269 2516 4340; x_wconf 87' lang='lat' dir='ltr'>spiritus</span> <span class='ocrx_word' id='word_1_708' title='bbox 2537 4269 2802 4323; x_wconf 85' lang='lat' dir='ltr'>adversus</span> <span class='ocrx_word' id='word_1_709' title='bbox 2822 4284 3053 4323; x_wconf 89' lang='lat' dir='ltr'>carnem</span> <span class='ocrx_word' id='word_1_710' title='bbox 3083 4268 3228 4337; x_wconf 81' lang='lat' dir='ltr'>(Cal.</span> <span class='ocrx_word' id='word_1_711' title='bbox 3265 4284 3317 4334; x_wconf 88' lang='lat' dir='ltr'>v,</span> <span class='ocrx_word' id='word_1_712' title='bbox 3352 4269 3467 4337; x_wconf 82' lang='lat' dir='ltr'>t7).</span> <span class='ocrx_word' id='word_1_713' title='bbox 3499 4266 3639 4321; x_wconf 89' lang='lat' dir='ltr'>Caro</span> <span class='ocrx_word' id='word_1_714' title='bbox 3660 4283 3799 4321; x_wconf 90' lang='lat' dir='ltr'>vero</span> 
     </span>
    </p>
   </div>
   <div class='ocr_carea' id='block_1_92' title="bbox 498 4352 3797 4429">
    <p class='ocr_par' dir='ltr' id='par_1_92' title="bbox 498 4352 3797 4429">
     <span class='ocr_line' id='line_1_92' title="bbox 498 4352 3797 4429; baseline -0.001 -18"><span class='ocrx_word' id='word_1_715' title='bbox 498 4358 717 4428; x_wconf 89' lang='lat' dir='ltr'>quando</span> <span class='ocrx_word' id='word_1_716' title='bbox 768 4357 930 4423; x_wconf 88' lang='lat' dir='ltr'>Patri,</span> <span class='ocrx_word' id='word_1_717' title='bbox 971 4357 1259 4429; x_wconf 88' lang='lat' dir='ltr'>aliquando</span> <span class='ocrx_word' id='word_1_718' title='bbox 1306 4357 1588 4413; x_wconf 76' lang='lat' dir='ltr'>oﬂ‘erimus</span> <span class='ocrx_word' id='word_1_719' title='bbox 1631 4359 1855 4429; x_wconf 87' lang='lat' dir='ltr'>Spiritui</span> <span class='ocrx_word' id='word_1_720' title='bbox 1884 4368 2093 4423; x_wconf 88' lang='lat' dir='ltr'>sancto.</span> <span class='ocrx_word' id='word_1_721' title='bbox 2120 4352 2169 4411; x_wconf 93' lang='lat' dir='ltr'>D</span> <span class='ocrx_word' id='word_1_722' title='bbox 2199 4358 2331 4411; x_wconf 87' lang='lat' dir='ltr'>nihil</span> <span class='ocrx_word' id='word_1_723' title='bbox 2361 4357 2478 4412; x_wconf 90' lang='lat' dir='ltr'>sine</span> <span class='ocrx_word' id='word_1_724' title='bbox 2508 4357 2686 4411; x_wconf 89' lang='lat' dir='ltr'>anima</span> <span class='ocrx_word' id='word_1_725' title='bbox 2716 4357 3068 4426; x_wconf 89' lang='lat' dir='ltr'>concupiscit.</span> <span class='ocrx_word' id='word_1_726' title='bbox 3102 4356 3359 4411; x_wconf 89' lang='lat' dir='ltr'>Ultimum</span> <span class='ocrx_word' id='word_1_727' title='bbox 3389 4372 3520 4410; x_wconf 88' lang='lat' dir='ltr'>vero</span> <span class='ocrx_word' id='word_1_728' title='bbox 3549 4363 3797 4410; x_wconf 89' lang='lat' dir='ltr'>nostrum</span> 
     </span>
    </p>
   </div>
   <div class='ocr_carea' id='block_1_93' title="bbox 498 4443 2096 4518">
    <p class='ocr_par' dir='ltr' id='par_1_93' title="bbox 498 4443 2096 4518">
     <span class='ocr_line' id='line_1_93' title="bbox 498 4443 2096 4518; baseline 0.003 -20"><span class='ocrx_word' id='word_1_729' title='bbox 498 4444 597 4499; x_wconf 90' lang='lat' dir='ltr'>sed</span> <span class='ocrx_word' id='word_1_730' title='bbox 628 4443 979 4515; x_wconf 86' lang='lat' dir='ltr'>frequentiori</span> <span class='ocrx_word' id='word_1_731' title='bbox 1010 4462 1112 4501; x_wconf 88' lang='lat' dir='ltr'>usu</span> <span class='ocrx_word' id='word_1_732' title='bbox 1150 4445 1454 4501; x_wconf 71' lang='lat' dir='ltr'>offeruntur</span> <span class='ocrx_word' id='word_1_733' title='bbox 1485 4448 1651 4514; x_wconf 88' lang='lat' dir='ltr'>Patri,</span> <span class='ocrx_word' id='word_1_734' title='bbox 1676 4463 1775 4518; x_wconf 90' lang='lat' dir='ltr'>per</span> <span class='ocrx_word' id='word_1_735' title='bbox 1795 4449 2007 4513; x_wconf 88' lang='lat' dir='ltr'>Filium,</span> <span class='ocrx_word' id='word_1_736' title='bbox 2041 4448 2096 4501; x_wconf 89' lang='lat' dir='ltr'>in</span> 
     </span>
    </p>
   </div>
   <div class='ocr_carea' id='block_1_94' title="bbox 496 4532 2094 4607">
    <p class='ocr_par' dir='ltr' id='par_1_94' title="bbox 496 4532 2094 4607">
     <span class='ocr_line' id='line_1_94' title="bbox 496 4532 2094 4607; baseline 0.001 -19"><span class='ocrx_word' id='word_1_737' title='bbox 496 4532 696 4604; x_wconf 89' lang='lat' dir='ltr'>Spiritu</span> <span class='ocrx_word' id='word_1_738' title='bbox 724 4542 934 4600; x_wconf 87' lang='lat' dir='ltr'>sancto,</span> <span class='ocrx_word' id='word_1_739' title='bbox 969 4534 1045 4588; x_wconf 87' lang='lat' dir='ltr'>ita</span> <span class='ocrx_word' id='word_1_740' title='bbox 1070 4543 1122 4589; x_wconf 90' lang='lat' dir='ltr'>et</span> <span class='ocrx_word' id='word_1_741' title='bbox 1141 4536 1209 4590; x_wconf 92' lang='lat' dir='ltr'>de</span> <span class='ocrx_word' id='word_1_742' title='bbox 1232 4536 1535 4607; x_wconf 84' lang='lat' dir='ltr'>gratiarum</span> <span class='ocrx_word' id='word_1_743' title='bbox 1557 4537 1769 4591; x_wconf 91' lang='lat' dir='ltr'>actione</span> <span class='ocrx_word' id='word_1_744' title='bbox 1791 4535 2094 4592; x_wconf 88' lang='lat' dir='ltr'>faciendum</span> 
     </span>
    </p>
   </div>
   <div class='ocr_carea' id='block_1_95' title="bbox 499 4618 2093 4691">
    <p class='ocr_par' dir='ltr' id='par_1_95' title="bbox 499 4618 2093 4691">
     <span class='ocr_line' id='line_1_95' title="bbox 499 4618 2093 4691; baseline 0.001 -17"><span class='ocrx_word' id='word_1_745' title='bbox 499 4627 602 4684; x_wconf 89' lang='lat' dir='ltr'>est,</span> <span class='ocrx_word' id='word_1_746' title='bbox 636 4618 852 4674; x_wconf 88' lang='lat' dir='ltr'>dicente</span> <span class='ocrx_word' id='word_1_747' title='bbox 893 4619 1156 4689; x_wconf 77' lang='lat' dir='ltr'>Apostolo</span> <span class='ocrx_word' id='word_1_748' title='bbox 1192 4636 1203 4675; x_wconf 91' lang='lat'>:</span> <span class='ocrx_word' id='word_1_749' title='bbox 1244 4621 1467 4676; x_wconf 84' lang='lat' dir='ltr'>Gratias</span> <span class='ocrx_word' id='word_1_750' title='bbox 1502 4625 1730 4691; x_wconf 82' lang='lat' dir='ltr'>agentes</span> <span class='ocrx_word' id='word_1_751' title='bbox 1774 4622 1883 4676; x_wconf 90' lang='lat' dir='ltr'>Deo</span> <span class='ocrx_word' id='word_1_752' title='bbox 1912 4624 2093 4685; x_wconf 83' lang='lat' dir='ltr'>Patri,</span> 
     </span>
    </p>
   </div>
   <div class='ocr_carea' id='block_1_96' title="bbox 497 4707 2097 4780">
    <p class='ocr_par' dir='ltr' id='par_1_96' title="bbox 497 4707 2097 4780">
     <span class='ocr_line' id='line_1_96' title="bbox 497 4707 2097 4780; baseline 0 -17"><span class='ocrx_word' id='word_1_753' title='bbox 497 4724 599 4779; x_wconf 80' lang='lat' dir='ltr'>per</span> <span class='ocrx_word' id='word_1_754' title='bbox 620 4709 807 4780; x_wconf 84' lang='lat' dir='ltr'>ipsum</span> <span class='ocrx_word' id='word_1_755' title='bbox 838 4707 977 4775; x_wconf 90' lang='lat' dir='ltr'>(Col.</span> <span class='ocrx_word' id='word_1_756' title='bbox 1012 4724 1093 4773; x_wconf 90' lang='grc' dir='ltr'>ιιι,</span> <span class='ocrx_word' id='word_1_757' title='bbox 1132 4711 1240 4777; x_wconf 83' lang='grc'>17),</span> <span class='ocrx_word' id='word_1_758' title='bbox 1274 4708 1328 4762; x_wconf 92' lang='lat' dir='ltr'>id</span> <span class='ocrx_word' id='word_1_759' title='bbox 1359 4716 1460 4777; x_wconf 91' lang='lat' dir='ltr'>est,</span> <span class='ocrx_word' id='word_1_760' title='bbox 1484 4724 1584 4778; x_wconf 91' lang='lat' dir='ltr'>per</span> <span class='ocrx_word' id='word_1_761' title='bbox 1605 4708 1893 4763; x_wconf 90' lang='lat' dir='ltr'>Christum.</span> <span class='ocrx_word' id='word_1_762' title='bbox 1920 4708 2097 4777; x_wconf 87' lang='lat' dir='ltr'>Quan-</span> 
     </span>
    </p>
   </div>
   <div class='ocr_carea' id='block_1_97' title="bbox 500 4796 2096 4868">
    <p class='ocr_par' dir='ltr' id='par_1_97' title="bbox 500 4796 2096 4868">
     <span class='ocr_line' id='line_1_97' title="bbox 500 4796 2096 4868; baseline 0.002 -19"><span class='ocrx_word' id='word_1_763' title='bbox 500 4803 613 4850; x_wconf 89' lang='lat' dir='ltr'>tum</span> <span class='ocrx_word' id='word_1_764' title='bbox 644 4812 777 4852; x_wconf 89' lang='lat' dir='ltr'>vero</span> <span class='ocrx_word' id='word_1_765' title='bbox 806 4796 957 4867; x_wconf 91' lang='lat' dir='ltr'>potui</span> <span class='ocrx_word' id='word_1_766' title='bbox 986 4796 1222 4867; x_wconf 84' lang='lat' dir='ltr'>experiri</span> <span class='ocrx_word' id='word_1_767' title='bbox 1252 4804 1541 4867; x_wconf 89' lang='lat' dir='ltr'>utrumque</span> <span class='ocrx_word' id='word_1_768' title='bbox 1570 4797 1868 4868; x_wconf 89' lang='lat' dir='ltr'>negotium,</span> <span class='ocrx_word' id='word_1_769' title='bbox 1904 4797 2096 4852; x_wconf 89' lang='lat' dir='ltr'>orandi</span> 
     </span>
    </p>
   </div>
   <div class='ocr_carea' id='block_1_98' title="bbox 499 4884 2092 4957">
    <p class='ocr_par' dir='ltr' id='par_1_98' title="bbox 499 4884 2092 4957">
     <span class='ocr_line' id='line_1_98' title="bbox 499 4884 2092 4957; baseline -0.001 -18"><span class='ocrx_word' id='word_1_770' title='bbox 499 4884 707 4940; x_wconf 87' lang='lat' dir='ltr'>scilicet</span> <span class='ocrx_word' id='word_1_771' title='bbox 745 4892 797 4940; x_wconf 93' lang='lat' dir='ltr'>et</span> <span class='ocrx_word' id='word_1_772' title='bbox 826 4884 1030 4957; x_wconf 85' lang='lat' dir='ltr'>gratias</span> <span class='ocrx_word' id='word_1_773' title='bbox 1068 4884 1287 4955; x_wconf 84' lang='lat' dir='ltr'>agendi,</span> <span class='ocrx_word' id='word_1_774' title='bbox 1339 4885 1534 4940; x_wconf 91' lang='lat' dir='ltr'>melius</span> <span class='ocrx_word' id='word_1_775' title='bbox 1561 4886 1672 4957; x_wconf 88' lang='lat' dir='ltr'>agit</span> <span class='ocrx_word' id='word_1_776' title='bbox 1701 4886 1932 4957; x_wconf 91' lang='lat' dir='ltr'>quisque</span> <span class='ocrx_word' id='word_1_777' title='bbox 1959 4886 2092 4954; x_wconf 91' lang='lat' dir='ltr'>suis,</span> 
     </span>
    </p>
   </div>
   <div class='ocr_carea' id='block_1_99' title="bbox 496 4973 2095 5045">
    <p class='ocr_par' dir='ltr' id='par_1_99' title="bbox 496 4973 2095 5045">
     <span class='ocr_line' id='line_1_99' title="bbox 496 4973 2095 5045; baseline 0.001 -17"><span class='ocrx_word' id='word_1_778' title='bbox 496 4974 553 5028; x_wconf 88' lang='lat' dir='ltr'>id</span> <span class='ocrx_word' id='word_1_779' title='bbox 583 4982 685 5039; x_wconf 89' lang='lat' dir='ltr'>est,</span> <span class='ocrx_word' id='word_1_780' title='bbox 720 4974 789 5028; x_wconf 90' lang='lat' dir='ltr'>de</span> <span class='ocrx_word' id='word_1_781' title='bbox 817 4973 1005 5028; x_wconf 90' lang='lat' dir='ltr'>intimo</span> <span class='ocrx_word' id='word_1_782' title='bbox 1036 4974 1201 5029; x_wconf 87' lang='lat' dir='ltr'>corde</span> <span class='ocrx_word' id='word_1_783' title='bbox 1242 4973 1487 5043; x_wconf 88' lang='lat' dir='ltr'>prolatis,</span> <span class='ocrx_word' id='word_1_784' title='bbox 1522 4990 1682 5045; x_wconf 89' lang='lat' dir='ltr'>quam</span> <span class='ocrx_word' id='word_1_785' title='bbox 1712 4975 1941 5029; x_wconf 90' lang='lat' dir='ltr'>aliorum</span> <span class='ocrx_word' id='word_1_786' title='bbox 1970 4992 2095 5031; x_wconf 90' lang='lat' dir='ltr'>ver-</span> 
     </span>
    </p>
   </div>
   <div class='ocr_carea' id='block_1_100' title="bbox 500 5061 2095 5133">
    <p class='ocr_par' dir='ltr' id='par_1_100' title="bbox 500 5061 2095 5133">
     <span class='ocr_line' id='line_1_100' title="bbox 500 5061 2095 5133; baseline 0.001 -18"><span class='ocrx_word' id='word_1_787' title='bbox 500 5061 603 5117; x_wconf 90' lang='lat' dir='ltr'>bis.</span> <span class='ocrx_word' id='word_1_788' title='bbox 655 5062 795 5115; x_wconf 90' lang='lat' dir='ltr'>Nam</span> <span class='ocrx_word' id='word_1_789' title='bbox 837 5078 1014 5132; x_wconf 88' lang='lat' dir='ltr'>neque</span> <span class='ocrx_word' id='word_1_790' title='bbox 1065 5062 1120 5115; x_wconf 88' lang='lat' dir='ltr'>in</span> <span class='ocrx_word' id='word_1_791' title='bbox 1169 5062 1447 5126; x_wconf 89' lang='lat' dir='ltr'>oratione,</span> <span class='ocrx_word' id='word_1_792' title='bbox 1477 5078 1656 5133; x_wconf 87' lang='lat' dir='ltr'>neque</span> <span class='ocrx_word' id='word_1_793' title='bbox 1699 5063 1755 5117; x_wconf 92' lang='lat' dir='ltr'>in</span> <span class='ocrx_word' id='word_1_794' title='bbox 1795 5063 2095 5133; x_wconf 88' lang='lat' dir='ltr'>gratiarum</span> 
     </span>
    </p>
   </div>
   <div class='ocr_carea' id='block_1_101' title="bbox 498 5149 2099 5220">
    <p class='ocr_par' dir='ltr' id='par_1_101' title="bbox 498 5149 2099 5220">
     <span class='ocr_line' id='line_1_101' title="bbox 498 5149 2099 5220; baseline 0.001 -16"><span class='ocrx_word' id='word_1_795' title='bbox 498 5149 711 5205; x_wconf 89' lang='lat' dir='ltr'>actione</span> <span class='ocrx_word' id='word_1_796' title='bbox 738 5151 999 5220; x_wconf 65' lang='lat' dir='ltr'>quaeritur</span> <span class='ocrx_word' id='word_1_797' title='bbox 1026 5151 1317 5205; x_wconf 87' lang='lat' dir='ltr'>verborum</span> <span class='ocrx_word' id='word_1_798' title='bbox 1348 5158 1588 5219; x_wconf 87' lang='lat' dir='ltr'>ornatus,</span> <span class='ocrx_word' id='word_1_799' title='bbox 1622 5152 1719 5206; x_wconf 92' lang='lat' dir='ltr'>sed</span> <span class='ocrx_word' id='word_1_800' title='bbox 1750 5152 1945 5207; x_wconf 88' lang='lat' dir='ltr'>mentis</span> <span class='ocrx_word' id='word_1_801' title='bbox 1974 5150 2099 5206; x_wconf 76' lang='lat' dir='ltr'>affe-</span> 
     </span>
    </p>
   </div>
   <div class='ocr_carea' id='block_1_102' title="bbox 499 5238 2093 5311">
    <p class='ocr_par' dir='ltr' id='par_1_102' title="bbox 499 5238 2093 5311">
     <span class='ocr_line' id='line_1_102' title="bbox 499 5238 2093 5311; baseline 0 -17"><span class='ocrx_word' id='word_1_802' title='bbox 499 5246 638 5295; x_wconf 90' lang='lat' dir='ltr'>ctus.</span> <span class='ocrx_word' id='word_1_803' title='bbox 673 5238 772 5294; x_wconf 89' lang='lat' dir='ltr'>Cui</span> <span class='ocrx_word' id='word_1_804' title='bbox 818 5247 998 5295; x_wconf 89' lang='lat' dir='ltr'>autem</span> <span class='ocrx_word' id='word_1_805' title='bbox 1049 5256 1146 5294; x_wconf 89' lang='lat' dir='ltr'>sua</span> <span class='ocrx_word' id='word_1_806' title='bbox 1176 5239 1340 5294; x_wconf 87' lang='lat' dir='ltr'>verba</span> <span class='ocrx_word' id='word_1_807' title='bbox 1368 5255 1479 5293; x_wconf 89' lang='lat' dir='ltr'>non</span> <span class='ocrx_word' id='word_1_808' title='bbox 1506 5248 1815 5310; x_wconf 87' lang='lat' dir='ltr'>suppetunt,</span> <span class='ocrx_word' id='word_1_809' title='bbox 1849 5241 2093 5311; x_wconf 90' lang='lat' dir='ltr'>psalmis,</span> 
     </span>
    </p>
   </div>
   <div class='ocr_carea' id='block_1_103' title="bbox 502 5328 2096 5401">
    <p class='ocr_par' dir='ltr' id='par_1_103' title="bbox 502 5328 2096 5401">
     <span class='ocr_line' id='line_1_103' title="bbox 502 5328 2096 5401; baseline 0.001 -18"><span class='ocrx_word' id='word_1_810' title='bbox 502 5336 552 5383; x_wconf 85' lang='lat' dir='ltr'>et</span> <span class='ocrx_word' id='word_1_811' title='bbox 579 5328 701 5382; x_wconf 83' lang='lat' dir='ltr'>aliis</span> <span class='ocrx_word' id='word_1_812' title='bbox 729 5328 925 5399; x_wconf 90' lang='lat' dir='ltr'>quibus</span> <span class='ocrx_word' id='word_1_813' title='bbox 946 5335 1124 5399; x_wconf 91' lang='lat' dir='ltr'>potest</span> <span class='ocrx_word' id='word_1_814' title='bbox 1146 5328 1321 5382; x_wconf 92' lang='lat' dir='ltr'>modis</span> <span class='ocrx_word' id='word_1_815' title='bbox 1342 5336 1480 5393; x_wconf 90' lang='lat' dir='ltr'>oret,</span> <span class='ocrx_word' id='word_1_816' title='bbox 1501 5337 1553 5382; x_wconf 90' lang='lat' dir='ltr'>et</span> <span class='ocrx_word' id='word_1_817' title='bbox 1573 5329 1775 5399; x_wconf 86' lang='lat' dir='ltr'>gratias</span> <span class='ocrx_word' id='word_1_818' title='bbox 1792 5338 1937 5401; x_wconf 85' lang='lat' dir='ltr'>agat.</span> <span class='ocrx_word' id='word_1_819' title='bbox 1972 5330 2096 5385; x_wconf 89' lang='lat' dir='ltr'>Feci</span> 
     </span>
    </p>
   </div>
   <div class='ocr_carea' id='block_1_104' title="bbox 508 5415 2098 5487">
    <p class='ocr_par' dir='ltr' id='par_1_104' title="bbox 508 5415 2098 5487">
     <span class='ocr_line' id='line_1_104' title="bbox 508 5415 2098 5487; baseline 0.002 -17"><span class='ocrx_word' id='word_1_820' title='bbox 508 5416 776 5487; x_wconf 90' lang='lat' dir='ltr'>siquidem</span> <span class='ocrx_word' id='word_1_821' title='bbox 807 5417 951 5487; x_wconf 91' lang='lat' dir='ltr'>quod</span> <span class='ocrx_word' id='word_1_822' title='bbox 986 5415 1152 5486; x_wconf 90' lang='lat' dir='ltr'>potui,</span> <span class='ocrx_word' id='word_1_823' title='bbox 1188 5416 1326 5471; x_wconf 88' lang='lat' dir='ltr'>sicut</span> <span class='ocrx_word' id='word_1_824' title='bbox 1355 5416 1558 5487; x_wconf 90' lang='lat' dir='ltr'>petisti.</span> <span class='ocrx_word' id='word_1_825' title='bbox 1581 5416 1861 5472; x_wconf 86' lang='lat' dir='ltr'>Violentus</span> <span class='ocrx_word' id='word_1_826' title='bbox 1883 5433 1960 5473; x_wconf 90' lang='lat' dir='ltr'>es.</span> <span class='ocrx_word' id='word_1_827' title='bbox 1986 5419 2098 5474; x_wconf 90' lang='lat' dir='ltr'>Uti-</span> 
     </span>
    </p>
   </div>
   <div class='ocr_carea' id='block_1_105' title="bbox 506 5504 2096 5579">
    <p class='ocr_par' dir='ltr' id='par_1_105' title="bbox 506 5504 2096 5579">
     <span class='ocr_line' id='line_1_105' title="bbox 506 5504 2096 5579; baseline -0.001 -16"><span class='ocrx_word' id='word_1_828' title='bbox 506 5521 630 5569; x_wconf 84' lang='lat' dir='ltr'>nam</span> <span class='ocrx_word' id='word_1_829' title='bbox 658 5506 762 5561; x_wconf 83' lang='lat' dir='ltr'>hac</span> <span class='ocrx_word' id='word_1_830' title='bbox 789 5504 1046 5561; x_wconf 85' lang='lat' dir='ltr'>violentia</span> <span class='ocrx_word' id='word_1_831' title='bbox 1075 5519 1302 5577; x_wconf 78' lang='lat' dir='ltr'>regnum</span> <span class='ocrx_word' id='word_1_832' title='bbox 1331 5505 1594 5562; x_wconf 73' lang='lat' dir='ltr'>ccelorum</span> <span class='ocrx_word' id='word_1_833' title='bbox 1623 5505 1858 5579; x_wconf 90' lang='lat' dir='ltr'>diripere</span> <span class='ocrx_word' id='word_1_834' title='bbox 1886 5522 2096 5575; x_wconf 80' lang='lat' dir='ltr'>merea-</span> 
     </span>
    </p>
   </div>
   <div class='ocr_carea' id='block_1_106' title="bbox 2198 4444 3799 4517">
    <p class='ocr_par' dir='ltr' id='par_1_106' title="bbox 2198 4444 3799 4517">
     <span class='ocr_line' id='line_1_106' title="bbox 2198 4444 3799 4517; baseline -0.002 -16"><span class='ocrx_word' id='word_1_835' title='bbox 2198 4454 2279 4501; x_wconf 91' lang='lat' dir='ltr'>est</span> <span class='ocrx_word' id='word_1_836' title='bbox 2309 4461 2525 4516; x_wconf 89' lang='lat' dir='ltr'>corpus,</span> <span class='ocrx_word' id='word_1_837' title='bbox 2559 4445 2705 4517; x_wconf 91' lang='lat' dir='ltr'>quod</span> <span class='ocrx_word' id='word_1_838' title='bbox 2754 4453 2837 4500; x_wconf 90' lang='lat' dir='ltr'>est</span> <span class='ocrx_word' id='word_1_839' title='bbox 2884 4445 3047 4499; x_wconf 89' lang='lat' dir='ltr'>etiam</span> <span class='ocrx_word' id='word_1_840' title='bbox 3092 4444 3322 4499; x_wconf 89' lang='lat' dir='ltr'>visibile.</span> <span class='ocrx_word' id='word_1_841' title='bbox 3361 4444 3516 4514; x_wconf 72' lang='lat' dir='ltr'>Saepe</span> <span class='ocrx_word' id='word_1_842' title='bbox 3561 4460 3696 4498; x_wconf 92' lang='lat' dir='ltr'>vero</span> <span class='ocrx_word' id='word_1_843' title='bbox 3726 4445 3799 4498; x_wconf 90' lang='lat' dir='ltr'>ita</span> 
     </span>
    </p>
   </div>
   <div class='ocr_carea' id='block_1_107' title="bbox 2196 4532 3797 4605">
    <p class='ocr_par' dir='ltr' id='par_1_107' title="bbox 2196 4532 3797 4605">
     <span class='ocr_line' id='line_1_107' title="bbox 2196 4532 3797 4605; baseline -0.001 -16"><span class='ocrx_word' id='word_1_844' title='bbox 2196 4535 2488 4605; x_wconf 89' lang='lat' dir='ltr'>loquuntur</span> <span class='ocrx_word' id='word_1_845' title='bbox 2527 4534 2837 4604; x_wconf 59' lang='lat' dir='ltr'>Scriptura,</span> <span class='ocrx_word' id='word_1_846' title='bbox 2868 4541 2925 4588; x_wconf 92' lang='lat' dir='ltr'>ut</span> <span class='ocrx_word' id='word_1_847' title='bbox 2953 4534 3057 4589; x_wconf 88' lang='lat' dir='ltr'>hac</span> <span class='ocrx_word' id='word_1_848' title='bbox 3084 4532 3429 4588; x_wconf 89' lang='lat' dir='ltr'>distinctione</span> <span class='ocrx_word' id='word_1_849' title='bbox 3460 4548 3568 4587; x_wconf 89' lang='lat' dir='ltr'>non</span> <span class='ocrx_word' id='word_1_850' title='bbox 3598 4533 3797 4588; x_wconf 87' lang='lat' dir='ltr'>obser-</span> 
     </span>
    </p>
   </div>
   <div class='ocr_carea' id='block_1_108' title="bbox 2197 4621 3793 4691">
    <p class='ocr_par' dir='ltr' id='par_1_108' title="bbox 2197 4621 3793 4691">
     <span class='ocr_line' id='line_1_108' title="bbox 2197 4621 3793 4691; baseline -0.001 -14"><span class='ocrx_word' id='word_1_851' title='bbox 2197 4631 2340 4688; x_wconf 87' lang='lat' dir='ltr'>vata,</span> <span class='ocrx_word' id='word_1_852' title='bbox 2374 4630 2425 4677; x_wconf 88' lang='lat' dir='ltr'>et</span> <span class='ocrx_word' id='word_1_853' title='bbox 2455 4621 2572 4677; x_wconf 93' lang='lat' dir='ltr'>solo</span> <span class='ocrx_word' id='word_1_854' title='bbox 2601 4622 2820 4677; x_wconf 89' lang='lat' dir='ltr'>nomine</span> <span class='ocrx_word' id='word_1_855' title='bbox 2849 4621 3062 4685; x_wconf 61' lang='lat' dir='ltr'>animas,</span> <span class='ocrx_word' id='word_1_856' title='bbox 3097 4630 3149 4676; x_wconf 91' lang='lat' dir='ltr'>et</span> <span class='ocrx_word' id='word_1_857' title='bbox 3166 4622 3286 4676; x_wconf 90' lang='lat' dir='ltr'>solo</span> <span class='ocrx_word' id='word_1_858' title='bbox 3304 4621 3523 4676; x_wconf 89' lang='lat' dir='ltr'>nomine</span> <span class='ocrx_word' id='word_1_859' title='bbox 3544 4621 3793 4691; x_wconf 90' lang='lat' dir='ltr'>spiritus,</span> 
     </span>
    </p>
   </div>
   <div class='ocr_carea' id='block_1_109' title="bbox 2198 4708 3795 4783">
    <p class='ocr_par' dir='ltr' id='par_1_109' title="bbox 2198 4708 3795 4783">
     <span class='ocr_line' id='line_1_109' title="bbox 2198 4708 3795 4783; baseline 0 -18"><span class='ocrx_word' id='word_1_860' title='bbox 2198 4719 2484 4783; x_wconf 89' lang='lat' dir='ltr'>utrumque</span> <span class='ocrx_word' id='word_1_861' title='bbox 2514 4710 2675 4765; x_wconf 91' lang='lat' dir='ltr'>simul</span> <span class='ocrx_word' id='word_1_862' title='bbox 2702 4709 3055 4780; x_wconf 79' lang='lat' dir='ltr'>significetur.</span> <span class='ocrx_word' id='word_1_863' title='bbox 3089 4710 3355 4765; x_wconf 91' lang='lat' dir='ltr'>Dominus</span> <span class='ocrx_word' id='word_1_864' title='bbox 3384 4709 3529 4763; x_wconf 90' lang='lat' dir='ltr'>enim</span> <span class='ocrx_word' id='word_1_865' title='bbox 3556 4708 3795 4765; x_wconf 86' lang='lat' dir='ltr'>dicendo</span> 
     </span>
    </p>
   </div>
   <div class='ocr_carea' id='block_1_110' title="bbox 2198 4798 3798 4870">
    <p class='ocr_par' dir='ltr' id='par_1_110' title="bbox 2198 4798 3798 4870">
     <span class='ocr_line' id='line_1_110' title="bbox 2198 4798 3798 4870; baseline 0.001 -18"><span class='ocrx_word' id='word_1_866' title='bbox 2198 4798 2252 4852; x_wconf 90' lang='lat' dir='ltr'>in</span> <span class='ocrx_word' id='word_1_867' title='bbox 2281 4799 2581 4870; x_wconf 88' lang='lat' dir='ltr'>Evangelio</span> <span class='ocrx_word' id='word_1_868' title='bbox 2616 4813 2627 4853; x_wconf 92' lang='lat'>:</span> <span class='ocrx_word' id='word_1_869' title='bbox 2660 4799 2925 4854; x_wconf 86' lang='lat' dir='ltr'>Animam</span> <span class='ocrx_word' id='word_1_870' title='bbox 2954 4815 3141 4853; x_wconf 90' lang='lat' dir='ltr'>meam</span> <span class='ocrx_word' id='word_1_871' title='bbox 3151 4815 3299 4869; x_wconf 84' lang='lat' dir='ltr'>pono</span> <span class='ocrx_word' id='word_1_872' title='bbox 3320 4815 3419 4869; x_wconf 84' lang='lat' dir='ltr'>pro</span> <span class='ocrx_word' id='word_1_873' title='bbox 3443 4798 3633 4853; x_wconf 79' lang='lat' dir='ltr'>ovibus</span> <span class='ocrx_word' id='word_1_874' title='bbox 3652 4800 3798 4854; x_wconf 81' lang='lat' dir='ltr'>meis</span> 
     </span>
    </p>
   </div>
   <div class='ocr_carea' id='block_1_111' title="bbox 2198 4886 3801 4957">
    <p class='ocr_par' dir='ltr' id='par_1_111' title="bbox 2198 4886 3801 4957">
     <span class='ocr_line' id='line_1_111' title="bbox 2198 4886 3801 4957; baseline -0.002 -13"><span class='ocrx_word' id='word_1_875' title='bbox 2198 4888 2379 4957; x_wconf 86' lang='lat' dir='ltr'>(Joan.</span> <span class='ocrx_word' id='word_1_876' title='bbox 2404 4902 2463 4956; x_wconf 72' lang='grc' dir='ltr'>ι,</span> <span class='ocrx_word' id='word_1_877' title='bbox 2487 4890 2595 4957; x_wconf 85' lang='grc'>15),</span> <span class='ocrx_word' id='word_1_878' title='bbox 2616 4903 2723 4941; x_wconf 91' lang='lat' dir='ltr'>uno</span> <span class='ocrx_word' id='word_1_879' title='bbox 2743 4888 2960 4942; x_wconf 90' lang='lat' dir='ltr'>nomine</span> <span class='ocrx_word' id='word_1_880' title='bbox 2981 4887 3193 4945; x_wconf 65' lang='lat' dir='ltr'>animae.</span> <span class='ocrx_word' id='word_1_881' title='bbox 3210 4887 3340 4940; x_wconf 92' lang='lat' dir='ltr'>illud</span> <span class='ocrx_word' id='word_1_882' title='bbox 3355 4893 3526 4940; x_wconf 89' lang='lat' dir='ltr'>totum</span> <span class='ocrx_word' id='word_1_883' title='bbox 3546 4886 3692 4957; x_wconf 90' lang='lat' dir='ltr'>quod</span> <span class='ocrx_word' id='word_1_884' title='bbox 3717 4896 3801 4941; x_wconf 88' lang='lat' dir='ltr'>est</span> 
     </span>
    </p>
   </div>
   <div class='ocr_carea' id='block_1_112' title="bbox 2196 4975 3800 5050">
    <p class='ocr_par' dir='ltr' id='par_1_112' title="bbox 2196 4975 3800 5050">
     <span class='ocr_line' id='line_1_112' title="bbox 2196 4975 3800 5050; baseline 0 -20"><span class='ocrx_word' id='word_1_885' title='bbox 2196 4976 2377 5030; x_wconf 86' lang='lat' dir='ltr'>anima</span> <span class='ocrx_word' id='word_1_886' title='bbox 2397 4984 2449 5030; x_wconf 89' lang='lat' dir='ltr'>et</span> <span class='ocrx_word' id='word_1_887' title='bbox 2466 4975 2687 5047; x_wconf 88' lang='lat' dir='ltr'>spiritus</span> <span class='ocrx_word' id='word_1_888' title='bbox 2708 4975 3033 5050; x_wconf 81' lang='lat' dir='ltr'>designavit.</span> <span class='ocrx_word' id='word_1_889' title='bbox 3060 4975 3306 5030; x_wconf 90' lang='lat' dir='ltr'>Dicendo</span> <span class='ocrx_word' id='word_1_890' title='bbox 3324 4990 3541 5046; x_wconf 89' lang='lat' dir='ltr'>quoque</span> <span class='ocrx_word' id='word_1_891' title='bbox 3561 4992 3572 5028; x_wconf 95' lang='lat'>:</span> <span class='ocrx_word' id='word_1_892' title='bbox 3594 4975 3657 5029; x_wconf 86' lang='lat' dir='ltr'>In</span> <span class='ocrx_word' id='word_1_893' title='bbox 3680 4993 3800 5030; x_wconf 88' lang='lat' dir='ltr'>ma-</span> 
     </span>
    </p>
   </div>
   <div class='ocr_carea' id='block_1_113' title="bbox 2198 5064 3795 5136">
    <p class='ocr_par' dir='ltr' id='par_1_113' title="bbox 2198 5064 3795 5136">
     <span class='ocr_line' id='line_1_113' title="bbox 2198 5064 3795 5136; baseline -0.003 -16"><span class='ocrx_word' id='word_1_894' title='bbox 2198 5081 2306 5120; x_wconf 87' lang='lat' dir='ltr'>nus</span> <span class='ocrx_word' id='word_1_895' title='bbox 2330 5068 2458 5119; x_wconf 88' lang='lat' dir='ltr'>tuas</span> <span class='ocrx_word' id='word_1_896' title='bbox 2480 5065 2804 5119; x_wconf 86' lang='lat' dir='ltr'>commendo</span> <span class='ocrx_word' id='word_1_897' title='bbox 2822 5066 3089 5136; x_wconf 86' lang='lat' dir='ltr'>spiritum</span> <span class='ocrx_word' id='word_1_898' title='bbox 3106 5079 3297 5119; x_wconf 87' lang='lat' dir='ltr'>meum</span> <span class='ocrx_word' id='word_1_899' title='bbox 3318 5064 3473 5131; x_wconf 87' lang='lat' dir='ltr'>(Luc.</span> <span class='ocrx_word' id='word_1_900' title='bbox 3498 5077 3664 5129; x_wconf 67' lang='grc' dir='ltr'>χχιιι,</span> <span class='ocrx_word' id='word_1_901' title='bbox 3681 5064 3795 5129; x_wconf 74' lang='grc'>46),</span> 
     </span>
    </p>
   </div>
   <div class='ocr_carea' id='block_1_114' title="bbox 2197 5150 3803 5224">
    <p class='ocr_par' dir='ltr' id='par_1_114' title="bbox 2197 5150 3803 5224">
     <span class='ocr_line' id='line_1_114' title="bbox 2197 5150 3803 5224; baseline -0.001 -17"><span class='ocrx_word' id='word_1_902' title='bbox 2197 5169 2306 5207; x_wconf 89' lang='lat' dir='ltr'>non</span> <span class='ocrx_word' id='word_1_903' title='bbox 2323 5152 2563 5223; x_wconf 89' lang='lat' dir='ltr'>spiritum</span> <span class='ocrx_word' id='word_1_904' title='bbox 2583 5153 2652 5206; x_wconf 89' lang='lat' dir='ltr'>ab</span> <span class='ocrx_word' id='word_1_905' title='bbox 2673 5151 2854 5207; x_wconf 90' lang='lat' dir='ltr'>anima</span> <span class='ocrx_word' id='word_1_906' title='bbox 2870 5151 3208 5224; x_wconf 90' lang='lat' dir='ltr'>distinguere</span> <span class='ocrx_word' id='word_1_907' title='bbox 3231 5150 3416 5215; x_wconf 89' lang='lat' dir='ltr'>voluit,</span> <span class='ocrx_word' id='word_1_908' title='bbox 3444 5151 3541 5205; x_wconf 92' lang='lat' dir='ltr'>sed</span> <span class='ocrx_word' id='word_1_909' title='bbox 3564 5166 3670 5205; x_wconf 92' lang='lat' dir='ltr'>uno</span> <span class='ocrx_word' id='word_1_910' title='bbox 3694 5152 3803 5221; x_wconf 87' lang='lat' dir='ltr'>spi-</span> 
     </span>
    </p>
   </div>
   <div class='ocr_carea' id='block_1_115' title="bbox 2198 5239 3801 5312">
    <p class='ocr_par' dir='ltr' id='par_1_115' title="bbox 2198 5239 3801 5312">
     <span class='ocr_line' id='line_1_115' title="bbox 2198 5239 3801 5312; baseline -0.001 -17"><span class='ocrx_word' id='word_1_911' title='bbox 2198 5241 2329 5296; x_wconf 92' lang='lat' dir='ltr'>ritus</span> <span class='ocrx_word' id='word_1_912' title='bbox 2357 5241 2576 5297; x_wconf 89' lang='lat' dir='ltr'>nomine</span> <span class='ocrx_word' id='word_1_913' title='bbox 2598 5248 2887 5312; x_wconf 86' lang='lat' dir='ltr'>utrumque</span> <span class='ocrx_word' id='word_1_914' title='bbox 2912 5240 3195 5310; x_wconf 90' lang='lat' dir='ltr'>expressit.</span> <span class='ocrx_word' id='word_1_915' title='bbox 3236 5240 3405 5310; x_wconf 89' lang='lat' dir='ltr'>Igitur</span> <span class='ocrx_word' id='word_1_916' title='bbox 3427 5239 3647 5309; x_wconf 90' lang='lat' dir='ltr'>quando</span> <span class='ocrx_word' id='word_1_917' title='bbox 3668 5239 3801 5293; x_wconf 82' lang='lat' dir='ltr'>vivit</span> 
     </span>
    </p>
   </div>
   <div class='ocr_carea' id='block_1_116' title="bbox 2199 5326 3799 5399">
    <p class='ocr_par' dir='ltr' id='par_1_116' title="bbox 2199 5326 3799 5399">
     <span class='ocr_line' id='line_1_116' title="bbox 2199 5326 3799 5399; baseline -0.001 -16"><span class='ocrx_word' id='word_1_918' title='bbox 2199 5331 2359 5385; x_wconf 93' lang='lat' dir='ltr'>homo</span> <span class='ocrx_word' id='word_1_919' title='bbox 2388 5330 2689 5386; x_wconf 90' lang='lat' dir='ltr'>secundum</span> <span class='ocrx_word' id='word_1_920' title='bbox 2718 5344 2948 5399; x_wconf 89' lang='lat' dir='ltr'>corpus,</span> <span class='ocrx_word' id='word_1_921' title='bbox 2982 5328 3217 5383; x_wconf 86' lang='lat' dir='ltr'>carnalis</span> <span class='ocrx_word' id='word_1_922' title='bbox 3248 5327 3332 5383; x_wconf 86' lang='lat' dir='ltr'>vel</span> <span class='ocrx_word' id='word_1_923' title='bbox 3360 5326 3606 5381; x_wconf 86' lang='lat' dir='ltr'>animalis</span> <span class='ocrx_word' id='word_1_924' title='bbox 3630 5344 3799 5382; x_wconf 76' lang='lat' dir='ltr'>voca-</span> 
     </span>
    </p>
   </div>
   <div class='ocr_carea' id='block_1_117' title="bbox 2199 5414 3799 5489">
    <p class='ocr_par' dir='ltr' id='par_1_117' title="bbox 2199 5414 3799 5489">
     <span class='ocr_line' id='line_1_117' title="bbox 2199 5414 3799 5489; baseline -0.001 -17"><span class='ocrx_word' id='word_1_925' title='bbox 2199 5427 2302 5472; x_wconf 92' lang='lat' dir='ltr'>tur.</span> <span class='ocrx_word' id='word_1_926' title='bbox 2340 5418 2602 5485; x_wconf 88' lang='lat' dir='ltr'>Carnalis,</span> <span class='ocrx_word' id='word_1_927' title='bbox 2636 5418 2762 5489; x_wconf 89' lang='lat' dir='ltr'>quia</span> <span class='ocrx_word' id='word_1_928' title='bbox 2792 5416 3031 5473; x_wconf 88' lang='lat' dir='ltr'>carnalia</span> <span class='ocrx_word' id='word_1_929' title='bbox 3061 5423 3331 5483; x_wconf 89' lang='lat' dir='ltr'>sectatur;</span> <span class='ocrx_word' id='word_1_930' title='bbox 3365 5414 3613 5469; x_wconf 85' lang='lat' dir='ltr'>animalis</span> <span class='ocrx_word' id='word_1_931' title='bbox 3643 5431 3799 5480; x_wconf 90' lang='lat' dir='ltr'>vero,</span> 
     </span>
    </p>
   </div>
   <div class='ocr_carea' id='block_1_118' title="bbox 2199 5505 3801 5579">
    <p class='ocr_par' dir='ltr' id='par_1_118' title="bbox 2199 5505 3801 5579">
     <span class='ocr_line' id='line_1_118' title="bbox 2199 5505 3801 5579; baseline -0.002 -18"><span class='ocrx_word' id='word_1_932' title='bbox 2199 5507 2323 5579; x_wconf 89' lang='lat' dir='ltr'>quia</span> <span class='ocrx_word' id='word_1_933' title='bbox 2354 5507 2526 5564; x_wconf 88' lang='lat' dir='ltr'>fertur</span> <span class='ocrx_word' id='word_1_934' title='bbox 2556 5507 2817 5563; x_wconf 89' lang='lat' dir='ltr'>dissoluta</span> <span class='ocrx_word' id='word_1_935' title='bbox 2847 5505 3063 5563; x_wconf 89' lang='lat' dir='ltr'>licentia</span> <span class='ocrx_word' id='word_1_936' title='bbox 3103 5505 3299 5561; x_wconf 78' lang='lat' dir='ltr'>anima:</span> <span class='ocrx_word' id='word_1_937' title='bbox 3328 5520 3459 5571; x_wconf 81' lang='lat' dir='ltr'>suae,</span> <span class='ocrx_word' id='word_1_938' title='bbox 3492 5519 3661 5574; x_wconf 90' lang='lat' dir='ltr'>quam</span> <span class='ocrx_word' id='word_1_939' title='bbox 3690 5519 3801 5559; x_wconf 90' lang='lat' dir='ltr'>non</span> 
     </span>
    </p>
   </div>
  </div>
