3972 6052
204 159 326 213 9‘25

1508 150 1862 210 EPISTOLIE
1901 151 2240 224 QUINQUE.

3434 163 3537 217 926

215 281 369 353 regit
400 280 640 351 spiritus,
673 280 794 351 quia
815 294 918 335 nec
946 279 1063 350 ipse
1084 279 1263 334 subdit
1289 295 1348 335 se
1368 279 1671 352 regendum
1690 279 1826 333 Deo.
1850 279 1906 338 Α
1934 277 2076 335 Dicit
2104 279 2249 334 enim
2267 280 2551 351 Scriptura
2574 296 2585 334 :
2609 281 2774 337 Omni
2790 283 3046 339 custodia
3067 298 3223 339 serva
3239 299 3334 339 cor
3353 288 3533 351 tuum,

216 371 358 425 Haec
386 377 467 424 est
497 369 603 423 vita
632 368 866 423 hominis
896 368 1221 435 inordinata,
1258 376 1310 423 et
1339 367 1631 440 perditioni
1663 367 1834 421 obno-

217 459 333 511 xia.
369 457 473 525 Qui
502 465 681 513 autem
712 457 905 527 spiritu
937 456 1172 511 animam
1195 458 1356 529 regit,
1391 464 1444 512 et
1473 474 1571 527 per
1599 456 1831 509 animam

218 561 432 616 corpus
461 562 676 619 quoque
707 554 923 601 coercet
952 544 1096 600 intra
1126 555 1301 601 metas
1333 546 1593 601 naturalis
1623 544 1832 600 ordinis

221 636 402 705 (quod
431 652 541 690 non
570 643 749 706 potest
778 634 979 701 facere,
1030 634 1133 688 nisi
1177 636 1351 689 Deum
1400 635 1599 691 habeat
1634 644 1682 689 et
1716 634 1832 703 ipse

219 724 522 791 rectorem)
567 733 789 779 vocatur
845 723 1125 793 spiritalis.
1172 725 1299 779 Hmc
1366 732 1447 779 est
1509 724 1684 795 itaque
1725 722 1833 776 vita

221 812 500 878 ordinata,
533 821 591 866 ut
621 812 841 883 spiritus
874 812 1108 867 hominis
1141 813 1378 883 seipsum
1409 814 1525 868 Deo
1555 812 1827 881 subjiciat,

219 900 282 953 id
315 909 417 967 est,
448 909 698 971 paratum
730 917 789 955 se
820 902 885 955 ad
909 901 1007 955 Dei
1029 901 1361 956 voluntatem
1394 900 1699 956 faciendam
1730 919 1829 957 ex-

220 988 435 1054 hibeat,
468 995 521 1043 et
550 996 678 1044 tunc
705 1005 929 1044 munere
976 989 1159 1044 divino
1206 989 1429 1044 habebit
1460 998 1512 1043 et
1558 989 1674 1060 ipse
1700 1006 1829 1045 car-

220 1093 372 1142 nem,
408 1077 754 1148 animamque
784 1077 1104 1147 subjectam,
1139 1078 1193 1132 id
1234 1086 1336 1147 est,
1386 1078 1583 1132 rationi
1616 1079 1829 1133 obtem-

219 1172 532 1235 perantem.
568 1166 778 1220 Primus
811 1165 1077 1236 siquidem
1125 1166 1288 1220 homo
1337 1167 1572 1237 quandiu
1615 1182 1827 1237 praece-

217 1262 377 1323 ptum
409 1253 734 1308 obedientiae
757 1254 812 1307 in
839 1254 1091 1324 paradiso
1129 1255 1385 1320 servavit,
1422 1255 1679 1325 spiritalis
1709 1255 1825 1310 fuit.

218 1342 517 1413 Postquam
549 1357 680 1397 vero
710 1343 971 1412 peccavit,
997 1342 1255 1398 dimissus
1273 1344 1340 1398 de
1370 1344 1644 1414 paradiso,
1679 1344 1733 1397 in
1764 1359 1829 1399 eo

215 1430 487 1484 remansit
516 1438 572 1484 ut
602 1439 746 1485 esset
776 1431 1045 1486 animalis.
1080 1432 1147 1486 Et
1167 1431 1290 1486 ideo
1310 1432 1586 1487 hominem
1616 1432 1827 1486 anima-

216 1517 332 1573 lem
362 1518 513 1589 prius
543 1519 756 1589 agimus
787 1535 999 1585 omnes,
1043 1520 1135 1591 qui
1181 1521 1248 1575 de
1286 1520 1379 1575 illo
1424 1537 1520 1591 per
1547 1528 1828 1591 peccatum

1933 369 2199 439 quoniam
2220 385 2293 423 ex
2316 371 2435 439 ipso
2457 370 2573 424 vita
2588 370 2844 441 procedit
2865 372 3047 439 (Prov.
3069 386 3145 440 1v,
3169 370 3281 441 23).
3308 371 3413 425 Cor
3434 387 3535 425 au-

1934 462 2043 509 tem
2099 456 2246 511 nullo
2295 456 2399 511 alio
2460 458 2623 512 modo
2671 459 2866 513 melius
2911 460 3224 528 custoditur,
3275 475 3440 530 quam
3479 467 3538 514 ut

1935 560 2152 615 semper
2183 546 2383 600 sanctis
2412 542 2832 618 cogitationibus
2862 549 3147 618 (quantum
3179 564 3276 618 per
3305 549 3535 621 gratiam

1935 633 2033 687 Dei
2064 632 2178 688 ﬁeri
2210 635 2406 705 potest)
2438 644 2760 705 occupatum
2799 644 3062 702 teneatur,
3116 637 3253 692 sicut
3284 637 3482 710 legitur
3516 653 3527 691 :

1935 721 2211 791 Cogitatio
2242 728 2444 778 sancta
2475 725 2715 780 servabit
2751 729 2800 780 te
2834 727 3014 791 (Prov.
3049 742 3108 791 ιι,
3143 728 3255 796 ll).
3297 725 3456 794 Quod
3486 725 3532 780 si

1933 810 2335 865 studiosissime
2367 811 2617 875 facimus,
2646 829 2789 867 nunc
2806 830 2905 883 per
2925 813 3228 878 lectionem,
3263 829 3407 868 nunc
3436 830 3535 884 per

1932 898 2255 965 orationem,
2306 899 2597 970 aliquando
2646 917 2743 970 per
2796 901 3157 971 psalmodiam
3207 902 3535 973 quandoque

1932 1003 2032 1057 per
2062 995 2308 1043 sanctam
2353 988 2758 1043 meditationem
2793 1007 2805 1043 :
2841 989 3179 1060 impossibile
3224 997 3404 1043 tamen
3453 998 3536 1043 est

1931 1083 1988 1128 ut
2015 1075 2199 1146 pravis
2231 1076 2451 1130 omnino
2481 1076 2898 1145 cogitationibus
2931 1092 3233 1132 careamus.
3270 1077 3376 1131 Sed
3407 1077 3532 1131 nul-

1929 1163 2041 1217 lum
2069 1172 2152 1218 est
2179 1164 2499 1234 periculum,
2532 1165 2739 1219 nullum
2768 1173 2850 1219 est
2899 1164 3119 1220 omnino
3150 1172 3455 1236 peccatum,
3488 1164 3535 1219 si

1929 1268 2021 1306 eas
2052 1252 2296 1323 improbe
2327 1253 2598 1307 irruentes
2644 1253 3033 1308 instantissime
3081 1254 3264 1321 abigat
3293 1254 3530 1324 spiritus,

1928 1340 2043 1395 sive
2075 1340 2211 1395 ratio
2242 1341 2658 1412 vigilantissime
2688 1358 2907 1412 semper
2952 1341 3206 1397 excubias
3257 1358 3450 1412 agens,
3481 1349 3535 1396 et

1927 1436 2113 1484 contra
2145 1429 2499 1485 illecebrosos
2529 1446 2592 1486 ac
2623 1430 2814 1485 noxios
2845 1430 3113 1503 cogitatus
3141 1438 3376 1497 nostros,
3410 1444 3537 1484 ora-

1926 1517 2089 1572 tionis
2139 1519 2409 1590 clypeum,
2461 1527 2512 1574 et
2567 1527 2875 1575 sanctarum
2919 1517 3306 1592 cogitationum
3350 1516 3533 1572 muni-

218 1607 522 1673 nascimur,
549 1608 724 1663 donec
744 1608 1091 1681 pergratiam
1108 1609 1207 1663 Dei
1230 1609 1499 1679 spiritales
1511 1608 1823 1665 efficiamur.
1846 1632 1899 1692 B
1928 1614 2112 1661 menta
2142 1623 2444 1677 opponens.
2479 1607 2535 1662 Si
2564 1624 2696 1664 vero
2743 1608 2877 1663 ratio
2922 1608 3196 1673 dormitat,
3231 1615 3283 1662 et
3327 1606 3534 1677 passim

225 1695 387 1751 Unde
419 1696 712 1766 Apostolus
748 1712 759 1749 :
794 1698 913 1752 Non
941 1697 1102 1767 prius
1132 1698 1274 1766 quod
1302 1700 1563 1769 spiritale
1593 1702 1699 1766 est,
1731 1700 1827 1755 sed

218 1785 366 1854 quod
388 1786 641 1840 animale
666 1803 680 1849 ;
705 1785 904 1839 deinde
925 1785 1067 1855 quod
1087 1787 1350 1857 spiritale
1371 1785 1421 1857 (Ι
1432 1787 1558 1841 Cor.
1589 1803 1687 1853 xv,
1714 1788 1823 1857 46).

221 1872 405 1927 Etiam
434 1888 580 1927 nunc
607 1872 662 1926 in
693 1888 1020 1944 unoquoque
1062 1873 1281 1929 homine
1312 1874 1445 1928 nihil
1475 1875 1620 1930 aliud
1650 1876 1829 1948 agitur

220 1975 350 2015 cum
380 1961 450 2014 ad
480 1968 760 2032 peccatum
788 1961 1064 2028 dilabitur,
1100 1978 1265 2033 quam
1298 1970 1423 2018 tunc
1455 1972 1633 2019 actum
1666 1973 1745 2019 est
1772 1965 1828 2019 in

221 2049 481 2119 paradiso
510 2050 564 2103 in
592 2050 700 2103 illis
741 2049 930 2115 tribus,
987 2051 1210 2119 scilicet,
1259 2060 1532 2122 serpente,
1578 2052 1824 2122 muliere,

224 2147 280 2193 et
311 2137 447 2193 viro.
489 2139 629 2192 Nam
678 2138 856 2208 primo
907 2137 966 2192 fit
995 2154 1028 2193 a
1057 2148 1311 2210 serpente
1372 2142 1673 2213 suggestio,
1715 2143 1831 2198 sive

219 2242 322 2296 per
350 2226 756 2296 cogitationem,
793 2226 907 2282 sive
938 2244 1036 2298 per
1064 2245 1259 2283 sensus
1311 2230 1577 2300 corporis,
1634 2231 1720 2286 vel
1751 2231 1831 2286 vi-

219 2315 423 2383 dendo,
463 2316 548 2370 vel
598 2316 891 2385 tangendo,
943 2316 1029 2371 vel
1071 2317 1361 2385 audiendo,
1407 2318 1492 2373 vel
1536 2320 1827 2391 gustando,

223 2403 313 2458 vel
371 2402 699 2459 olfaciendo.
732 2404 866 2473 Quae
902 2406 1187 2476 suggestio
1217 2422 1339 2460 cum
1388 2406 1523 2461 facta
1554 2407 1734 2474 fuerit,
1787 2409 1832 2463 si

220 2492 660 2561 concupiscentia
694 2508 801 2547 non
832 2501 1119 2549 moveatur
1136 2494 1202 2548 ad
1223 2496 1833 2564 peccandum,excludi-

218 2588 308 2634 tur
355 2580 625 2651 serpentis
674 2581 887 2635 astutia.
942 2582 999 2637 Si
1048 2591 1225 2637 autem
1258 2592 1401 2638 mota
1448 2583 1630 2651 fuerit,
1680 2582 1834 2656 quasi

215 2669 330 2735 jam
393 2668 607 2723 mulieri
654 2686 975 2740 persuasum
1023 2670 1141 2725 erit.
1195 2672 1306 2726 Sed
1354 2671 1649 2743 aliquando
1694 2673 1833 2729 ratio

220 2756 382 2810 etiam
416 2765 740 2813 commotam
784 2759 1135 2829 cupiditatem
1182 2759 1408 2815 viriliter
1460 2760 1699 2816 refrenat
1748 2770 1833 2817 at-

222 2861 329 2914 que
360 2846 674 2916 compescit.
714 2846 874 2915 Quod
916 2864 1038 2903 cum
1079 2847 1156 2915 fit,
1203 2865 1313 2905 non
1361 2850 1556 2906 labitur
1587 2855 1748 2909 homo
1780 2854 1835 2908 in

216 2942 520 3002 peccatum,
569 2935 665 2989 sed
697 2952 821 2991 cum
853 2936 1038 3009 aliqua
1083 2938 1371 2994 luctatione
1419 2949 1720 2997 coronatur.
1774 2945 1830 2999 Si

218 3029 402 3076 autem
433 3023 571 3077 ratio
602 3024 923 3091 consentiat,
956 3034 1009 3080 et
1057 3027 1201 3097 quod
1247 3027 1415 3083 libido
1444 3032 1816 3098 commoverit,

219 3109 527 3166 faciendum
558 3128 680 3167 esse
712 3114 1006 3182 decernat;
1040 3117 1111 3169 ab
1162 3116 1309 3170 omni
1337 3116 1499 3172 beata
1547 3120 1651 3173 vita
1696 3128 1822 3174 tan-

221 3214 385 3269 quam
415 3200 483 3253 de
510 3201 764 3270 paradiso
786 3202 1073 3272 expellitur
1088 3205 1275 3259 homo.
1314 3207 1431 3259 lam
1451 3207 1592 3261 enim
1623 3223 1822 3279 pecca-

219 3294 331 3341 tum
398 3287 705 3358 imputatur,
766 3290 1132 3347 etiamsinon
1197 3293 1559 3365 subsequatur
1600 3296 1819 3366 factum,

221 3375 473 3445 quoniam
503 3394 595 3431 rea
626 3385 839 3433 tenetur
885 3378 942 3433 in
992 3396 1156 3435 sensu
1185 3382 1534 3439 conscientia.
1583 3386 1656 3440 Iis
1687 3403 1823 3459 ergo

220 3464 391 3518 tribus
445 3466 620 3519 modis
658 3475 1003 3537 perpetretur
1058 3479 1388 3539 peccatum:
1442 3476 1817 3547 suggestione,

218 3568 338 3622 quae
368 3551 425 3607 fit
454 3570 553 3623 per
588 3554 901 3621 diabolum;
953 3558 1393 3629 concupiscentia
1441 3562 1554 3618 sive
1584 3563 1820 3619 delecta-

218 3639 381 3706 tione,
415 3658 535 3711 quae
564 3640 620 3695 ﬁt
648 3659 748 3712 per
776 3658 1018 3713 carnem,
1051 3654 1105 3701 et
1151 3648 1406 3717 animam,
1440 3658 1491 3705 et
1521 3667 1811 3721 consensu,

217 3726 310 3797 qui
338 3726 391 3780 ﬁt
421 3745 518 3798 per
558 3730 823 3800 spiritum.
879 3733 988 3788 Scit
1027 3750 1260 3806 namque
1302 3740 1677 3807 pcrversitatis
1725 3742 1816 3798 ille

218 3830 533 3886 persuasor,
579 3819 841 3874 rationem
872 3822 939 3875 ad
988 3824 1197 3893 peccati
1245 3840 1571 3882 consensum
1619 3830 1817 3887 deduci

217 3919 324 3957 non
354 3920 536 3974 posse,
570 3906 672 3960 nisi
707 3908 856 3977 prius
888 3910 1195 3978 delectatio,
1231 3914 1344 3969 sive
1375 3918 1817 3988 concupiscentia

218 3999 358 4045 mota
387 3992 547 4047 fuerit
575 3994 631 4048 in
662 4011 726 4050 ea
755 4004 904 4067 parte
935 4000 1150 4067 animas,
1186 4019 1307 4072 quae
1344 4003 1507 4060 debet
1536 4007 1816 4079 obtempe-

218 4096 342 4134 rare
372 4081 587 4149 rationi,
622 4091 877 4157 tanquam
937 4087 1051 4143 viro
1106 4091 1337 4161 regenti.
1390 4094 1458 4147 Et
1497 4094 1621 4151 ideo
1664 4097 1816 4152 miris

216 4168 389 4223 modis
422 4186 530 4224 non
567 4182 741 4227 cessat
774 4191 1077 4247 suggerere
1108 4194 1208 4247 per
1237 4180 1623 4250 cogitationem
1654 4186 1815 4256 quid-

221 4257 347 4326 quid
374 4266 569 4327 potest,
604 4268 655 4315 et
685 4262 810 4331 (nisi
851 4265 1098 4333 repulsus
1129 4265 1310 4337 fuerit)
1343 4278 1466 4338 post
1496 4275 1811 4345 suggestio-

1930 1695 2200 1767 quaslibet
2229 1696 2538 1750 immundas
2569 1704 2621 1751 et
2648 1697 2837 1751 noxias
2888 1696 3268 1769 cogitationes,
3300 1711 3408 1751 non
3440 1709 3535 1750 so-

1930 1783 2041 1837 lum
2066 1783 2304 1854 ingredi,
2340 1785 2439 1838 sed
2470 1784 2635 1839 etiam
2663 1800 2873 1840 moram
2903 1784 2958 1838 in
2987 1786 3165 1839 animo
3192 1783 3373 1839 facere
3401 1800 3533 1854 per-

1927 1871 2112 1939 mittit,
2151 1872 2396 1943 increpat
2423 1889 2524 1928 nos
2572 1890 2669 1944 per
2713 1875 3037 1944 prophetam
3068 1889 3249 1928 sermo
3295 1871 3529 1941 divinus,

1929 1960 2115 2015 dicens
2152 1976 2163 2014 :
2203 1963 2482 2034 Usquequo
2500 1964 2876 2018 morabuntur
2896 1965 2958 2017 in
2982 1966 3035 2017 te
3051 1963 3417 2033 cogitationes
3430 1976 3531 2016 no-

1929 2049 2044 2103 xia:
2070 2053 2092 2104 ?
2123 2051 2357 2118 (Jerem.
2399 2065 2473 2115 ιν,
2509 2050 2619 2120 14.)
2653 2050 2708 2104 Si
2732 2058 2909 2105 autem
2933 2058 3054 2121 post
3073 2065 3298 2121 pravam
3329 2064 3531 2121 sugge-

1928 2137 2178 2204 stionem,
2211 2154 2311 2208 per
2338 2138 2563 2193 nimiam
2616 2138 3026 2211 negligentiam,
3078 2138 3237 2193 etiam
3266 2136 3531 2207 concupi-

1930 2225 2133 2281 scentia
2163 2234 2310 2282 mota
2339 2226 2497 2282 fuerit
2530 2245 2542 2281 :
2575 2234 2705 2282 tunc
2732 2227 2923 2282 saltem
2970 2227 3131 2281 debet
3177 2226 3387 2280 animus
3418 2225 3530 2280 evi-

1930 2313 2139 2385 gilare;
2173 2322 2222 2370 et
2254 2316 2604 2388 exstinguens
2636 2316 2817 2387 ignem
2866 2315 3173 2382 excitatum,
3206 2316 3390 2369 hostes
3413 2314 3527 2382 jam

1930 2403 2066 2457 intra
2089 2404 2310 2472 januam
2332 2404 2618 2469 admissos,
2645 2404 2854 2459 fortiter
2881 2404 3184 2460 resistendo
3214 2402 3523 2469 excludere,

1932 2509 1999 2547 ne
2022 2499 2074 2547 et
2098 2492 2215 2563 ipse
2237 2493 2402 2564 (quod
2426 2494 2587 2561 absit)
2599 2501 2826 2564 peccato
2847 2494 3190 2559 consentiens
3206 2490 3520 2563 perimatur.

1933 2581 2061 2635 Haec
2089 2580 2185 2634 tibi
2218 2581 2458 2636 breviter
2487 2582 2698 2652 scripsi,
2731 2581 2975 2652 petitioni
3000 2588 3104 2635 tuae
3147 2580 3307 2651 (sicut
3348 2578 3522 2649 potui)

1936 2668 2247 2723 satisfacere
2277 2686 2474 2725 curans
2507 2688 2519 2723 :
2572 2686 2692 2741 quae
2722 2670 2767 2724 si
2814 2670 2908 2724 tibi
2932 2677 3082 2743 grata
3112 2685 3234 2725 esse
3260 2666 3500 2724 didicero

1934 2757 2245 2814 mercedem
2274 2757 2377 2813 tuis
2406 2757 2741 2815 orationibus
2770 2758 3161 2832 compensabo.

2510 2916 2846 2973 EPISTOLA
2874 2917 2940 2972 V.

1924 3061 1998 3102 AD
2022 3062 2362 3103 BERNARDUM
2392 3063 2656 3103 NEPOTEM
2687 3063 2852 3118 SUUI,
2886 3064 2983 3112 QUI
3015 3064 3086 3103 DE
3121 3061 3522 3104 CARTHUSIENSI

2099 3151 2170 3190 AD
2200 3151 2368 3193 ALIUM
2397 3152 2650 3192 ORDINBM
2678 3152 2952 3194 TRANSIRB
2980 3152 3305 3193 COGITABAT.

1860 2993 1906 3052 Ο

2295 3273 2370 3328 De
2399 3274 2731 3329 constantia
2760 3275 2823 3329 in
2850 3277 3151 3348 preposito.

1995 3394 2178 3450 Frater
2221 3395 2507 3462 JOANNES,
2559 3396 2752 3452 domus
2799 3398 3085 3453 Portarum
3134 3398 3521 3471 qualiscunque

1924 3485 2242 3551 monachus,
2269 3485 2572 3539 BERNARDO
2585 3485 2937 3543 dilectissimo
2950 3487 3250 3543 secundum
3271 3487 3521 3558 spiritum

1922 3570 2050 3640 filio,
2083 3580 2135 3628 et
2166 3574 2465 3629 secundum
2494 3590 2712 3629 carnem
2742 3576 2944 3647 nepoti,
2969 3575 3202 3631 debitam
3253 3575 3308 3630 in
3336 3576 3520 3633 divino

1925 3659 2187 3715 famulatu
2218 3663 2687 3733 perseverantiam
2717 3671 2770 3718 et
2796 3664 3121 3735 profectum.

1992 3750 2188 3805 Audivi
2219 3751 2362 3823 quod
2393 3766 2425 3806 a
2453 3752 2727 3823 proposito
2749 3754 2819 3808 ad
2839 3754 2983 3826 quod
3014 3762 3082 3821 te,
3120 3754 3318 3810 Christi
3347 3753 3519 3828 gratia

1920 3847 2223 3906 vocaverat,
2257 3840 2339 3895 vis
2369 3841 2647 3907 recedere,
2699 3849 2751 3896 et
2797 3843 2867 3897 ad
2913 3843 3077 3898 alium
3129 3844 3376 3900 Ordinem
3417 3844 3519 3900 mi-

1916 3942 2101 4000 grare.
2136 3929 2263 3984 Hac
2294 3930 2575 3999 persuasio
2605 3946 2713 3986 non
2742 3939 2823 3987 est
2866 3947 2931 3987 ex
2970 3948 3035 3987 eo
3082 3933 3174 4005 qui
3206 3940 3257 3989 te
3286 3933 3514 4001 vocavit,

1917 4016 2014 4071 sed
2046 4032 2289 4087 serpens,
2324 4017 2414 4089 qui
2445 4019 2656 4091 seduxit
2686 4021 2852 4075 Evam
2881 4020 3080 4077 astutia
3121 4036 3240 4089 sua,
3289 4030 3343 4078 te
3371 4039 3513 4094 quo-

1916 4121 2021 4175 que
2050 4104 2162 4160 vult
2192 4106 2475 4176 seducere,
2508 4116 2559 4162 et
2591 4108 2659 4162 ab
2698 4116 2929 4181 angusta
2975 4107 3084 4171 via,
3118 4125 3237 4180 quae
3268 4111 3415 4166 ducit
3444 4109 3515 4166 ad

1914 4192 2098 4259 vitam,
2132 4209 2232 4264 per
2261 4210 2422 4264 quam
2451 4211 2696 4266 coeperas
2738 4198 3037 4264 ambulare,
3088 4205 3141 4253 te
3168 4195 3313 4268 cupit
3340 4197 3409 4252 ad
3437 4196 3517 4254 la-

1914 4288 2019 4335 tam
2043 4290 2092 4336 et
2124 4281 2417 4352 spatiosam
2465 4284 2626 4350 viam,
2676 4302 2795 4356 quae
2837 4286 2981 4341 ducit
3011 4286 3081 4341 ad
3131 4286 3510 4358 perditionem,

218 4360 340 4444 139m
371 4347 571 4444 carnis;
596 4351 1089 4421 concupiscentiam
1120 4354 1553 4427 inﬂammarc,ut
1582 4369 1813 4431 postmo-
1835 4354 1886 4412 D
1915 4347 2196 4425 reducere.
2250 4370 2392 4425 Audi
2458 4387 2589 4444 ergo
2629 4347 2807 4444 potius
2854 4347 3148 4430 Christum.
3191 4376 3462 4432 dicentem
3495 4395 3510 4432 :

218 4431 342 4485 dum
374 4436 647 4504 captivum
685 4438 923 4494 animum
953 4442 1019 4495 ad
1066 4444 1278 4511 peccati
1321 4462 1650 4503 consensum
1680 4469 1812 4522 per-

215 4521 428 4576 trahere
457 4524 654 4579 valeat.
696 4527 857 4581 Novit
905 4536 1079 4584 autem
1108 4531 1197 4587 ille
1224 4534 1309 4588 cui
1357 4535 1584 4607 inspiret
1627 4521 1811 4597 tumo-

217 4624 326 4662 rem
359 4612 644 4682 superbiaz,
679 4614 763 4669 cui
796 4626 1057 4689 suggerat
1077 4622 1375 4690 appetitum
1393 4624 1566 4680 inanis
1597 4628 1804 4700 gloriaa,

215 4696 302 4749 cui
331 4698 479 4753 virus
500 4702 752 4771 propinet
774 4704 1006 4775 invidiae,
1032 4725 1194 4779 quem
1217 4711 1579 4769 adlibidinem
1602 4696 1812 4773 inflam-

214 4792 339 4850 met,
373 4804 532 4856 quem
564 4790 631 4843 ad
660 4791 994 4849 iracundiam
1039 4797 1229 4868 irritet,
1272 4817 1433 4871 quem
1465 4803 1691 4860 aliorum
1721 4816 1795 4862 at-

216 4888 317 4941 que
346 4874 573 4929 aliorum
604 4879 856 4935 vitiorum
899 4892 1049 4951 peste
1098 4888 1427 4945 contaminet
1461 4909 1473 4945 :
1506 4902 1666 4963 prout
1713 4896 1807 4951 de-

216 4962 551 5049 prehendere
580 4974 757 5035 potest
788 4970 1127 5027 diversorum
1158 4975 1494 5049 affectiones,
1516 4962 1804 5039 variorum

218 5046 459 5103 vitiorum
493 5050 735 5109 fomitem
766 5058 1033 5129 recipere.
1068 5064 1188 5133 Ipse
1216 5064 1399 5136 itaque
1448 5070 1465 5137 (
1470 5046 1607 5125 sicut
1638 5073 1703 5127 de
1736 5090 1801 5129 eo

216 5136 472 5206 soriptum
502 5141 603 5209 est)
634 5145 917 5212 calcaneo,
953 5148 1124 5216 idest,
1148 5152 1325 5222 lapsui
1358 5165 1545 5212 nostro
1572 5162 1803 5217 insidia-

216 5228 307 5319 tar
344 5228 502 5319 (Gen.
538 5244 615 5294 ιιι,
651 5232 757 5301 lii).
793 5235 906 5289 Nos
932 5245 1109 5291 autem
1149 5240 1413 5297 debemus
1456 5256 1615 5316 caput
1661 5251 1796 5319 ejus,

210 5310 260 5365 id
290 5321 387 5378 est,
423 5315 631 5372 initium
661 5336 838 5389 pravae
883 5327 1251 5396 suggestionis
1300 5340 1601 5401 conterere,
1635 5310 1796 5393 exer-

212 5408 311 5453 tum
337 5418 555 5474 semper
586 5414 831 5464 tenentes
876 5412 1114 5481 gladium
1164 5418 1404 5488 spiritus,
1440 5430 1493 5476 et
1531 5424 1691 5479 aliam
1728 5428 1796 5483 de

210 5505 305 5558 qua
331 5506 430 5547 nos
460 5495 749 5568 Apostolus
806 5498 1022 5557 instruit
1059 5514 1385 5567 armaturam
1436 5511 1655 5593 (Ep/tes.
1690 5519 1790 5588 vr).

1915 4458 2247 4515 Contendite
2260 4462 2480 4515 intrare
2486 4466 2904 4533 perangustum
2912 4469 3156 4536 portam,
3177 4467 3307 4538 quia
3336 4466 3514 4523 multi

1912 4547 2053 4615 (dico
2072 4548 2242 4617 vobis)
2264 4554 2518 4621 quierant
2548 4552 2791 4618 intrare,
2812 4557 2869 4608 et
2906 4569 3021 4609 non
3040 4558 3309 4625 poterunt
3350 4556 3502 4624 (Luc.

1909 4650 2028 4704 xm,
2062 4638 2172 4708 34).
2207 4639 2329 4693 Non
2358 4639 2429 4693 ait
2460 4641 2850 4709 tantummodo,
2886 4643 3120 4709 intrate,
3155 4644 3251 4697 sed
3282 4648 3515 4699 conten-

1910 4724 2026 4781 dite
2070 4727 2313 4797 intrare,
2350 4728 2478 4800 quia
2523 4729 2770 4800 profecto
2819 4746 3022 4802 magna
3068 4731 3411 4787 contentione
3452 4740 3505 4787 et

1906 4830 2112 4886 pugna,
2145 4832 2346 4890 magno
2374 4818 2659 4875 conamine
2692 4826 2743 4875 et
2773 4818 3029 4875 conﬂictu
3070 4836 3208 4890 opus
3238 4828 3339 4886 est,
3373 4835 3505 4875 con-

1905 4910 1989 4957 tra
2012 4902 2374 4961 infirmitatem
2407 4915 2460 4961 et
2488 4908 2683 4963 mentis
2713 4917 2764 4963 et
2797 4909 3063 4979 corporis,
3102 4916 3293 4963 contra
3338 4908 3503 4963 innu-

1903 4993 2191 5048 merabiles
2222 5011 2343 5065 qua:
2374 5005 2663 5052 occurrunt
2712 4997 3069 5065 infirmitates,
3119 5004 3171 5052 et
3219 4996 3501 5052 difficulta-

1902 5088 2005 5145 tes,
2048 5090 2101 5136 et
2130 5082 2535 5153 impedimenta,
2559 5096 2748 5143 contra
2773 5088 2951 5159 jacula
2974 5088 3281 5161 linguarum
3302 5093 3353 5145 et
3383 5101 3509 5142 con-

1902 5170 2170 5241 tumelias,
2203 5179 2255 5226 et
2284 5173 2645 5230 detractiones
2690 5177 3098 5249 obloquentium
3126 5198 3138 5245 ;
3174 5189 3361 5236 contra
3390 5192 3504 5238 cara

1900 5257 2051 5313 nales
2100 5268 2149 5313 et
2214 5268 2457 5318 terrenas
2510 5264 2869 5336 cupiditates,
2940 5277 3124 5326 contra
3191 5268 3503 5325 innumeras

1899 5347 2224 5403 tentationcs
2256 5360 2307 5404 et
2326 5351 2503 5420 dolos,
2529 5361 2691 5425 atque
2712 5354 2936 5417 insidias
2965 5356 3251 5416 invisibilis
3274 5357 3496 5416 inimici.

1897 5434 2042 5490 Sicut
2072 5437 2216 5492 enim
2245 5439 2320 5492 ait
2349 5441 2585 5513 quidam.
2610 5430 2783 5498 ‘Novit
2814 5445 2966 5503 exsul
3015 5445 3157 5511 coeli,
3202 5445 3331 5516 quid
3362 5463 3497 5518 aga-

1894 5530 1980 5585 tur
2009 5524 2063 5588 in
2091 5527 2268 5599 coelo;
2302 5536 2354 5589 et
2396 5528 2645 5588 invidens
2694 5534 2850 5592 nobis
2899 5533 3283 5597 beatitudinem
3332 5552 3495 5614 quam
