3972 6052
607 128 712 183 927

1538 133 1831 191 JOANNIS
1870 135 2119 192 CARTH.
2165 136 2544 195 PORTARUM
2583 138 2921 196 MONACHI.

3819 149 3917 199 928

602 252 721 325 ipse
749 254 1003 325 perdidit,
1038 271 1146 311 non
1177 264 1357 313 cessat
1393 259 1872 328 (tentamentorum
1901 261 2201 318 innumeris
2222 266 2275 325 Α
2305 263 2400 318 tibi
2431 264 2588 320 dulce
2620 280 2741 321 esse
2772 265 2952 331 debet,
2986 265 3110 337 quia
3147 265 3337 336 recipit
3370 280 3382 320 :
3416 273 3468 322 et
3491 267 3707 337 gratias
3742 282 3914 338 agere

602 342 802 412 modis)
834 359 933 413 per
962 360 1041 411 se,
1074 354 1127 399 et
1156 362 1257 416 per
1301 347 1563 403 satellites
1607 364 1735 403 suos
1787 350 2095 417 elaborare,
2147 360 2201 407 ut

602 430 743 484 sicut
770 440 1027 500 parentes
1058 442 1275 488 nostros
1306 435 1372 489 de
1400 436 1654 505 paradiso
1686 437 1996 493 seducendo
2025 440 2198 508 ejecit,

602 518 678 572 ita
707 519 916 589 aliquos
948 520 1084 575 bene
1117 522 1411 577 viventium
1459 525 1824 596 illaqueando,
1856 527 1924 580 de
1953 529 2202 596 paradiso

604 605 698 661 illo
717 609 967 662 excludat
1001 626 1013 662 :
1048 610 1116 663 de
1140 626 1246 681 quo
1276 612 1405 666 dicit
1428 613 1669 667 Christus
1690 614 1742 666 in
1766 614 2003 669 Canticis
2031 634 2042 669 :
2067 618 2202 671 Πον-

613 700 706 750 tus
734 698 1228 763 ronclusus,soror
1254 716 1382 754 mea
1412 718 1633 771 sponsa,
1652 701 1849 758 hortus
1880 705 2199 759 conclusus.

608 784 893 837 Paradisus
921 802 1153 857 namque
1184 787 1372 842 hortus
1402 788 1803 859 interpretatur.
1838 792 2038 846 Hortus
2070 809 2203 863 ergo

605 870 825 939 Christi,
884 881 963 926 est
992 882 1177 928 sancta
1218 875 1511 931 electorum
1556 878 1611 931 in
1658 879 1909 947 praesenti
1954 880 2205 934 Ecclesia

605 960 963 1014 conversatio.
1018 961 1338 1033 Conclusus,
1388 964 1444 1019 id
1491 972 1590 1029 est,
1644 967 1977 1035 protectione
2022 968 2204 1022 divina

604 1047 859 1102 munitus.
927 1049 984 1101 In
1034 1049 1134 1105 hoc
1198 1052 1354 1105 horto
1414 1053 1717 1124 germinant
1763 1054 1871 1107 lilia
1922 1056 2200 1125 castitatis,

602 1134 873 1205 hyssOpus
904 1137 1238 1207 humilitatis,
1288 1156 1427 1195 rosae
1475 1142 1765 1211 patientim,
1813 1144 2019 1199 abietes
2068 1160 2202 1199 con-

606 1224 973 1293 templationis
1008 1244 1021 1279 :
1054 1225 1263 1298 fragrat
1292 1230 1452 1283 etiam
1500 1230 1718 1301 myrrha
1749 1232 2089 1286 abstinentize
2118 1233 2203 1288 vel

604 1312 932 1377 sobrietatis,
980 1322 1033 1367 et
1081 1315 1205 1368 thus
1253 1317 1535 1383 orationis,
1595 1327 1901 1391 caeteraque
1951 1320 2203 1375 virtutum

605 1409 942 1463 ornamenta,
978 1418 1097 1472 quae
1123 1403 1355 1458 diversis
1394 1414 1716 1472 aromatum,
1767 1408 1854 1462 vel
1884 1410 2205 1464 aromatica-

602 1504 721 1541 rum
752 1488 1005 1543 arborum
1037 1490 1151 1545 sive
1182 1492 1477 1547 herbarum
1520 1495 1801 1549 vocabulis
1832 1496 1883 1549 in
1916 1497 2205 1568 Scripturis

603 1574 995 1648 signiﬁcantur.
1034 1579 1092 1631 In
1123 1580 1226 1635 hoc
1268 1582 1428 1635 horto
1477 1583 1618 1637 servi
1647 1583 1766 1650 Dei,
1801 1594 1999 1655 quanto
2029 1586 2204 1658 magis

604 1664 868 1734 proficere
896 1675 1186 1732 merentur,
1223 1676 1371 1723 tanto
1412 1671 1630 1725 suavius
1677 1678 1730 1725 et
1778 1672 2049 1728 eﬂicacius
2078 1689 2202 1729 car-

602 1760 737 1823 punt
761 1752 884 1807 illos
915 1752 1118 1809 fructus
1148 1756 1399 1826 Spiritus,
1436 1774 1572 1829 quos
1593 1769 1869 1815 enumerat
1890 1763 2202 1832 Apostolus,

605 1840 793 1895 dicens
828 1857 840 1895 :
876 1843 1116 1898 Fructus
1139 1848 1334 1899 autem
1354 1846 1602 1916 Spiritus
1632 1852 1739 1913 est,
1760 1850 2031 1917 charitas,
2067 1867 2205 1920 gau-

604 1930 781 1995 dium,
807 1946 943 1999 pax,
966 1934 1253 2002 patientia
1273 1933 1421 2004 (Gal.
1449 1950 1504 2000 v,
1524 1936 1635 2005 22),
1672 1944 1774 1991 etc.
1814 1938 2015 1991 Horum
2057 1937 2204 1993 fruc-

604 2024 752 2072 tuum
778 2018 913 2073 adeo
936 2028 1117 2073 amant
1138 2021 1501 2091 dulcedinem,
1520 2031 1577 2076 ut
1598 2024 1809 2078 etiamsi
1833 2025 1981 2080 nulla
2010 2042 2206 2097 seque-

604 2114 759 2160 retur
779 2106 973 2161 futurae
1004 2108 1128 2162 vita:
1160 2109 1455 2176 beatitudo,
1475 2127 1750 2184 magnam,
1776 2113 1884 2168 imo
1922 2114 2206 2184 multiplici

530 2254 535 2261 ,
604 2192 794 2249 fenore
824 2195 1208 2263 abundantem,
1245 2213 1304 2251 se
1330 2200 1443 2265 jam
1466 2199 1745 2269 accepisse
1775 2216 1807 2255 a
1838 2202 1954 2256 Deo
1985 2218 2203 2257 recom-

602 2281 976 2352 pensationem
1006 2282 1327 2349 faterentur,
1362 2301 1458 2355 pro
1481 2287 1699 2352 divitiis,
1736 2296 1788 2341 et
1820 2286 2201 2359 voluptatibus,

603 2377 657 2425 et
706 2371 893 2425 mundi
940 2372 1185 2443 gaudiis,
1246 2374 1441 2443 quibus
1490 2375 2021 2431 abrenuntiaverunt.
2065 2380 2205 2432 Nam

601 2458 848 2529 profecto
878 2475 1075 2532 magna
1124 2462 1316 2531 portio,
1352 2471 1403 2516 et
1453 2464 1698 2535 quaedam
1746 2465 1970 2520 imitatio
2016 2466 2204 2521 futurae

602 2547 947 2602 beatitudinis
978 2556 1078 2617 est,
1112 2549 1255 2603 nulla
1289 2552 1541 2621 superbia
1574 2553 1771 2618 inﬂari,
1824 2554 1973 2608 nulla
2003 2555 2206 2609 invidia

601 2636 862 2702 morderi,
894 2635 1123 2690 liberum
1154 2654 1275 2693 esse
1307 2654 1339 2692 a
1360 2640 1614 2694 servitute
1636 2642 1845 2710 peccati
1880 2657 1891 2695 :
1922 2642 2068 2697 nulla
2090 2659 2204 2697 am-

602 2723 824 2789 bitione,
860 2723 1010 2777 nulla
1039 2725 1284 2790 avaritia,
1317 2727 1478 2780 nullis
1527 2729 1648 2781 aliis
1701 2729 2086 2799 cupiditatibus
2116 2747 2206 2786 ra-

600 2812 737 2883 ptari
761 2831 774 2877 ;
799 2813 1076 2882 prosperis
1093 2828 1201 2867 non
1216 2814 1424 2879 extolli;
1442 2815 1604 2869 nullis
1621 2816 2041 2872 adversitatibus
2054 2818 2204 2874 fran-

602 2899 676 2971 gi,
711 2900 845 2954 nulli
876 2915 1092 2968 nocere,
1118 2901 1368 2955 omnibus
1390 2903 1527 2957 velle
1544 2904 1809 2973 prodesse
1838 2923 1851 2971 ;
1887 2906 2102 2961 laedenti
2118 2908 2204 2962 vel

603 2988 900 3061 quamlibet
940 2988 1189 3057 injuriam
1240 2988 1510 3057 inferenti,
1542 3007 1649 3046 non
1701 2994 1875 3047 solum
1924 2969 2275 3050 lzesionemG

601 3077 689 3133 vel
717 3077 968 3146 injuriam
996 3093 1106 3132 non
1144 3077 1377 3144 referre,
1430 3080 1523 3133 sed
1578 3080 1802 3152 insuper
1854 3082 2056 3137 bonum
2104 3100 2203 3154 pro

600 3165 746 3221 malo
766 3165 997 3221 reddere
1013 3183 1027 3231 ;
1042 3166 1295 3221 omnibus
1306 3165 1558 3223 affectum
1570 3169 1845 3223 charitatis
1857 3170 2196 3241 impendere,

602 3254 1001 3324 Scripturarum
1021 3262 1329 3310 sanctarum
1361 3256 1534 3325 epulis
1556 3258 1726 3327 pasci,
1763 3258 1997 3329 Spiritus
2027 3261 2199 3316 sancti

601 3342 1061 3397 consolationibus
1083 3341 1287 3413 perfrui
1312 3362 1326 3409 ;
1351 3344 1549 3399 exitum
1572 3346 1640 3400 de
1658 3346 1759 3401 hac
1772 3347 1877 3401 vita
1898 3363 2007 3401 non
2026 3348 2203 3403 solum

600 3444 711 3485 non
732 3430 944 3499 timere,
967 3430 1065 3485 sed
1082 3430 1246 3485 etiam
1260 3447 1326 3486 ex
1339 3432 1647 3487 testimonio
1666 3434 1823 3490 bonae
1834 3435 2199 3505 conscientiae,

599 3534 724 3573 cum
753 3517 1026 3573 desiderio
1039 3527 1381 3589 exspectare.
1414 3521 1543 3576 Haec
1563 3530 1616 3576 et
1636 3521 1742 3576 alia
1761 3524 2067 3592 hujusmodi
2081 3525 2204 3579 ideo

598 3608 833 3679 appellat
854 3607 1150 3677 Apostolus
1173 3607 1379 3663 fructus
1392 3610 1643 3680 Spiritus,
1668 3611 1795 3681 quia
1816 3628 1976 3667 nemo
1993 3613 2095 3666 nisi
2109 3630 2206 3683 per

599 3696 832 3770 gratiam
854 3696 1084 3767 Spiritus
1105 3698 1274 3752 sancti
1298 3698 1420 3752 talis
1437 3715 1560 3753 esse
1582 3706 1780 3769 potest.
1806 3700 1981 3769 Quem
2004 3711 2203 3773 quanto

599 3784 965 3840 abundantius
995 3785 1225 3857 quisque
1256 3786 1469 3856 recipit,
1505 3794 1657 3842 tanto
1701 3788 1913 3843 facilius
1944 3797 1995 3844 et
2024 3790 2206 3845 eﬂica-

600 3872 715 3927 cius
742 3874 859 3928 haec
888 3880 941 3926 et
971 3872 1076 3926 alia
1104 3889 1223 3944 quae
1256 3874 1546 3944 Scriptura:
1590 3884 1789 3931 sancta:
1834 3877 2062 3943 docent,
2097 3879 2203 3932 im-

599 3960 752 4031 plere
800 3968 1056 4015 meretur.
1130 3960 1390 4017 Diabolus
1457 3979 1593 4035 ergo
1668 3964 1879 4018 duobus
1935 3967 2205 4037 praecipue

601 4055 1057 4104 tentamentorum
1110 4048 1288 4103 modis
1316 4049 1551 4121 insurgit
1596 4050 1856 4106 adversus
1903 4069 2018 4119 eos,
2071 4071 2206 4126 quos

602 4137 671 4192 de
703 4135 958 4207 paradiso
986 4137 1274 4207 praesentis
1320 4137 1587 4194 Ecclesiae
1616 4140 1835 4210 ejicere,
1870 4142 1974 4198 hoc
2002 4150 2104 4209 est,
2138 4144 2206 4198 de

602 4233 794 4281 sancta
824 4225 1260 4291 conversatione,
1314 4227 1384 4281 ad
1432 4228 1600 4284 vitam
1649 4230 1934 4299 reprobam
1987 4233 2207 4288 trahere

2302 353 2490 418 debes,
2526 353 2570 407 si
2601 361 2853 425 tanquam
2895 352 3036 408 filius
3080 354 3309 409 mereris
3353 353 3640 426 ﬂagellari.
3698 355 3763 409 Si
3812 356 3917 409 hoc

2301 440 2515 506 feceris,
2549 442 2666 497 haec
2723 442 2831 496 duo
2884 449 3138 511 operatur
3196 441 3290 496 tibi
3349 441 3624 514 ﬂagellum
3685 444 3914 508 Patris;

2303 530 2425 599 quia
2485 528 2691 584 scilicet
2746 537 2800 583 et
2853 530 3120 600 praeterita
3189 538 3410 599 peccata
3468 538 3801 601 purgantur,
3866 540 3918 583 et

2303 616 2485 671 futura
2529 625 2812 672 caventur.
2884 618 3160 672 Praeterita
3220 626 3538 689 purgantur,
3590 618 3719 688 quia
3773 618 3916 671 haud

2303 704 2527 758 dubium
2557 705 2683 776 quin
2713 707 2879 771 Deus,
2916 705 3053 760 sicut
3083 705 3340 775 scriptum
3372 714 3454 760 est
3486 721 3497 758 :
3535 708 3818 761 Remittet
3854 710 3916 759 in

2309 796 2556 864 tempore
2588 794 2974 849 tribulationis
2999 797 3235 865 peccata
3256 794 3425 863 (Eccl.
3460 809 3518 858 ιι,
3545 795 3660 863 13).
3704 794 3915 847 Futura

2304 888 2577 946 caventur,
2610 881 2735 952 quia
2764 882 2894 935 item
2922 882 3184 952 scriptum
3208 890 3287 935 est
3322 896 3334 934 :
3360 882 3697 953 Priusquam
3723 882 3914 936 humi-

2305 970 2479 1024 liarer
2510 969 2588 1039 (id
2619 978 2701 1023 est
2737 970 3051 1041 priusquam
3106 986 3203 1040 per
3256 970 3530 1040 ﬂagellum
3585 968 3911 1040 afﬂigeren,

2304 1073 2397 1128 ego
2430 1058 2641 1129 deliqui
2671 1059 2844 1121 (Psal.
2876 1073 3071 1125 cxvm,
3119 1060 3228 1128 6'7).
3274 1059 3412 1112 Nam
3455 1065 3507 1111 et
3546 1057 3597 1110 in
3628 1058 3741 1112 hoc
3770 1057 3913 1121 loco,

2304 1153 2356 1199 et
2388 1145 2479 1199 ubi
2524 1146 2723 1200 dictum
2773 1154 2901 1200 est:
2952 1147 3299 1202 Ilumiliatus
3343 1162 3469 1200 sum
3515 1161 3917 1217 usquequaque

2303 1234 2462 1303 (ibid.
2517 1236 2676 1307 llOl'l);
2710 1234 2813 1289 hoc
2863 1234 3167 1299 eshvalde,
3202 1241 3299 1289 et:
3342 1234 3465 1289 Vide
3512 1235 3911 1289 humilitatem

2306 1337 2509 1390 meam,
2534 1326 2588 1377 et
2610 1339 2659 1377 ei
2674 1324 2763 1394 ipe
2783 1339 2873 1378 me
2892 1322 3052 1391 (ibid.
3069 1364 3083 1391 ,
3110 1325 3256 1392 153);
3278 1330 3330 1377 et
3366 1323 3489 1377 Vide
3514 1323 3913 1377 humilitatem

2303 1426 2490 1465 meam
2512 1414 2567 1465 et
2594 1410 2836 1466 laborem
2856 1427 3065 1476 meum,
3088 1414 3143 1465 et
3164 1411 3388 1465 dimitte
3410 1410 3675 1465 universa
3695 1410 3917 1464 delicta

2307 1514 2430 1553 mea
2479 1499 2653 1567 (Psal.
2687 1513 2846 1561 xxxv,
2900 1499 3007 1568 18),
3061 1507 3115 1553 et
3159 1498 3214 1552 in
3256 1497 3533 1569 plerisque
3579 1497 3700 1552 aliis
3752 1498 3910 1561 locis,

2308 1586 2580 1640 humilitas
2624 1603 2734 1642 non
2792 1594 2873 1640 est
2925 1602 3123 1641 nomen
3170 1586 3405 1652 virtutis,
3438 1586 3535 1640 sed
3580 1585 3913 1641 aﬂlictionis.

2304 1676 2490 1729 Justus
2518 1691 2669 1747 ergo,
2714 1675 2767 1728 in
2824 1690 3060 1745 persona
3119 1675 3269 1743 cujus
3326 1683 3467 1729 totus
3520 1674 3609 1728 ille
3668 1674 3917 1745 psalmus

2305 1763 2541 1833 scriptus
2572 1771 2673 1831 est,
2705 1763 2939 1818 dicendo
2973 1780 2986 1817 :
3022 1764 3359 1835 Priusquam
3408 1763 3771 1828 humiliarer,
3818 1779 3913 1833 ego

2305 1852 2555 1923 deliqui;
2586 1850 2909 1923 significavit
2940 1851 3085 1922 quod
3132 1858 3419 1922 propterea
3462 1850 3775 1922 ﬂagellatus
3810 1860 3912 1913 est,

2305 1956 2373 1994 ne
2404 1947 2673 2009 peccaret.
2709 1938 3037 2011 Flagellatus
3077 1954 3208 1993 vero
3257 1938 3415 1994 desiit
3462 1954 3734 2009 peccare;
3768 1939 3915 1993 unde

2306 2027 2487 2080 subdit
2521 2043 2532 2080 :
2569 2029 2875 2098 Propterea
2906 2028 3189 2099 eloquium
3224 2032 3387 2082 tuum
3437 2027 3735 2081 custodiei.
3773 2025 3915 2079 Audi

2306 2131 2456 2185 ergo,
2516 2131 2623 2169 non
2680 2122 3010 2185 serpentem,
3057 2114 3152 2169 sed
3212 2114 3527 2185 Apostolum
3577 2113 3910 2168 dicentem:

2307 2200 2372 2253 In
2409 2198 2713 2270 disciplina
2739 2202 3125 2270 perseverate;
3159 2198 3215 2252 id
3248 2206 3347 2261 est,
3381 2198 3432 2251 in
3465 2196 3684 2267 ﬂagello
3709 2213 3913 2266 perse-

2305 2285 2608 2340 verantiam
2636 2286 2800 2341 nolite
2820 2286 3072 2356 perdere.
3098 2286 3375 2354 Etadjecit
3409 2300 3419 2339 :
3458 2288 3743 2357 Tanquam
3775 2286 3917 2353 ﬁliis

2306 2375 2453 2429 vobis
2484 2375 2647 2444 o/fert
2677 2391 2732 2429 se
2765 2376 2908 2429 Deus
2938 2376 3125 2443 (Hebr.
3164 2390 3266 2440 xu,
3297 2374 3372 2443 ’7).
3406 2374 3464 2428 Si
3494 2376 3707 2439 autem,
3737 2372 3916 2444 inquit

2307 2467 2479 2518 extra
2509 2462 2871 2533 disciplinam
2906 2464 3041 2517 estis
3084 2462 3162 2531 (id
3191 2469 3273 2515 est
3299 2462 3345 2514 si
3400 2460 3659 2533 ﬂagellari
3717 2461 3913 2515 renui-

2308 2551 2418 2617 tis),
2440 2566 2567 2621 ergo
2591 2550 2842 2605 adulteri
2864 2554 2917 2604 et
2942 2567 3054 2606 non
3073 2551 3186 2619 ﬁlii
3208 2551 3369 2605 eritis
3390 2549 3567 2617 (ibid,
3582 2547 3655 2617 8).
3684 2547 3851 2616 Quod
3871 2548 3915 2602 si

2306 2639 2563 2708 serpenti,
2622 2638 3033 2693 coacervatione
3090 2638 3439 2693 tentationum
3498 2636 3589 2691 tibi
3637 2636 3912 2708 despera-

2307 2726 2509 2781 tionem
2541 2726 2717 2781 facere
2749 2727 2968 2781 conanti
3019 2726 3249 2781 credere
3293 2726 3569 2790 malueris,
3613 2724 3727 2779 eris
3756 2725 3913 2779 cibus

2305 2813 2469 2879 illius,
2504 2814 2643 2869 sicut
2665 2815 2924 2885 scriptum
2952 2821 3065 2869 est:
3096 2815 3353 2885 Serpenti
3373 2815 3559 2885 pulvis
3588 2814 3760 2885 panis
3792 2816 3913 2883 ejus

2307 2902 2459 2971 (Isai.
2493 2918 2621 2967 va,
2663 2904 2774 2973 25).
2828 2901 3007 2957 Pulvis
3057 2902 3201 2957 enim
3246 2909 3386 2970 sunt,
3438 2901 3490 2955 id
3540 2908 3641 2966 est,
3700 2902 3912 2971 pulveri

2304 2991 2604 3061 comparati
2636 2990 2732 3059 illi,
2767 2990 2835 3045 de
2867 2990 3061 3061 quibus
3090 2989 3291 3045 dictum
3322 2998 3403 3044 est
3437 3004 3449 3042 :
3480 2990 3603 3045 Non
3632 2991 3715 3045 sic
3749 2990 3913 3061 impii

2304 3094 2419 3134 non.
2448 3080 2563 3145 sic;
2586 3079 2678 3135 sed
2700 3083 2972 3151 tanquam
2998 3079 3185 3151 pulvis
3204 3095 3365 3150 quem
3392 3079 3623 3149 projicit
3656 3082 3862 3133 ventus
3880 3096 3911 3131 a

2304 3168 2451 3238 facie
2475 3172 2641 3223 terrae
2661 3169 2834 3238 (Psal.
2861 3182 2901 3233 ι,
2923 3168 2995 3234 4).
3012 3168 3238 3233 Ventus,
3262 3166 3315 3220 id
3339 3174 3419 3220 est
3435 3165 3656 3220 tentatio
3678 3184 3693 3231 ;
3719 3181 3755 3219 a
3775 3165 3908 3220 facie

2304 3263 2489 3322 terrae,
2540 3256 2645 3311 hoc
2700 3262 2799 3321 est,
2832 3272 2862 3308 a
2919 3254 3203 3309 stabilitate
3262 3253 3561 3322 Ecclesiae;
3595 3253 3801 3324 pulvis,
3858 3253 3907 3307 id

2306 3352 2389 3399 est
2406 3344 2577 3414 impii,
2600 3343 2691 3414 qui
2712 3343 3098 3397 tentationibus
3120 3358 3229 3397 non
3250 3342 3525 3409 resistunt,
3560 3341 3703 3396 sicut
3735 3342 3907 3413 pulvis

2305 3440 2466 3487 vento
2498 3431 2745 3487 resistere
2762 3446 2872 3485 non
2893 3431 3056 3485 valet.
3084 3431 3140 3485 Si
3158 3430 3396 3501 serpenti
3426 3428 3752 3493 credideris,
3773 3430 3909 3483 inter

2305 3520 2554 3575 inimicos
2575 3519 2674 3574 Dei
2689 3520 3048 3590 reputaberis,
3064 3518 3133 3573 de
3146 3518 3340 3589 quibus
3358 3518 3559 3572 dictum
3577 3524 3659 3570 est
3682 3533 3696 3571 :
3723 3518 3913 3573 Inimi-

2305 3610 2357 3666 ci
2371 3610 2596 3663 Domini
2608 3608 2839 3663 mentiti
2855 3612 2991 3663 sunt
3005 3608 3075 3674 ei,
3093 3612 3148 3661 et
3160 3609 3268 3663 erit
3286 3611 3505 3677 tempus
3520 3620 3717 3661 eorum
3736 3608 3799 3661 in
3812 3624 3909 3661 str-

2305 3698 2435 3753 cula
2453 3698 2628 3767 (Psal.
2645 3711 2819 3761 Lxxx,
2848 3697 2956 3765 16).
2975 3695 3186 3750 Sienim
3208 3695 3353 3765 quod
3374 3694 3427 3747 in
3446 3694 3533 3748 die
3555 3692 3908 3763 professionis

2306 3793 2412 3840 tuae
2427 3783 2784 3856 spopondisti,
2799 3784 3007 3837 irritum
3019 3782 3233 3852 feceris,
3250 3782 3359 3836 voti
3371 3781 3913 3853 atquemendaciico-

2306 3890 2418 3928 ram
2433 3875 2547 3928 Deo
2560 3881 2609 3928 et
2640 3871 2947 3928 hominibus
2976 3888 3101 3927 reus
3122 3872 3249 3926 eris.
3266 3872 3387 3925 Non
3420 3870 3595 3925 solum
3616 3878 3798 3925 autem
3821 3871 3910 3923 tibi

2306 3962 2549 4029 nocebis,
2583 3960 2680 4016 sed
2712 3961 2870 4015 etiam
2897 3959 3080 4014 multis
3111 3958 3360 4015 eﬂicieris
3392 3968 3540 4029 petra
3567 3958 3836 4023 scandali,
3860 3966 3913 4013 et

2305 4050 2472 4104 multo
2486 4050 2731 4121 pluribus
2744 4048 2966 4104 nocebis
2980 4047 3259 4113 scandalo,
3273 4064 3433 4118 quam
3446 4046 3665 4118 potuisti
3678 4047 3911 4116 prodes-

2306 4155 2366 4195 se
2392 4138 2663 4209 exemplo.
2696 4138 2863 4210 Igitur
2892 4153 3000 4191 non
3028 4144 3231 4191 tantum
3266 4136 3333 4191 de
3364 4143 3453 4189 tua
3482 4134 3779 4206 apostasia,
3813 4134 3907 4189 sed

2307 4227 2375 4282 de
2399 4227 2613 4282 illorum
2635 4226 2878 4297 pernicie
2894 4224 3244 4294 judicaberis.
3271 4223 3413 4279 Dicit
3433 4223 3577 4278 enim
3594 4223 3859 4277 Dominus
3892 4240 3905 4275 :

603 4322 846 4371 conatur.
896 4314 1055 4381 Nam,
1108 4314 1245 4369 sicut
1294 4315 1425 4371 dicit
1472 4316 1663 4371 beatus
1713 4319 2065 4391 Augustinus,
2116 4323 2278 4382 autD
2317 4318 2399 4372 ναξ
2422 4316 2637 4371 homini
2649 4332 2751 4387 per
2770 4331 2932 4387 quem
2954 4314 3287 4369 scandalum
3318 4311 3903 4381 venit(Matth.xvm.

601 4411 772 4457 terret
800 4410 855 4457 ut
885 4402 1120 4473 frangat,
1174 4411 1266 4458 aut
1312 4404 1589 4459 blanditur
1618 4414 1676 4460 ut
1713 4406 1965 4478 decipiat.
2018 4409 2209 4463 Terret

601 4491 807 4547 scilicet
835 4507 935 4562 per
964 4492 1213 4558 adversa,
1241 4493 1478 4547 suadens
1507 4494 1892 4563 intolerabilia,
1926 4504 1977 4551 et
2006 4495 2208 4567 impor-

603 4578 792 4634 tabilia
839 4595 962 4635 esse
1014 4595 1117 4649 ea,
1165 4597 1285 4652 qua:
1332 4581 1563 4637 molesta
1590 4625 1602 4648 ,
1653 4583 1787 4637 dura
1836 4592 1887 4638 et
1934 4584 2209 4640 laboriosa

601 4675 893 4723 occurrunt
918 4686 932 4733 ;
964 4675 1020 4722 ut
1041 4668 1424 4738 desperatione
1453 4669 1610 4724 fracti
1641 4679 1693 4724 et
1721 4670 1987 4739 dissoluti,
2023 4688 2053 4725 a
2082 4688 2211 4743 pro-

602 4756 782 4827 posito
813 4764 1005 4811 sancto
1036 4756 1301 4811 resilient.
1339 4757 1618 4811 Blanditur
1637 4774 1768 4813 vero
1793 4775 1892 4828 per
1911 4776 2171 4831 prospera
2194 4779 2208 4826 ;

603 4846 674 4901 ad
703 4843 957 4901 carnales
988 4844 1313 4915 voluptates,
1348 4852 1401 4899 et
1454 4861 1516 4899 ea
1566 4862 1686 4916 qua:
1716 4846 1772 4900 in
1801 4848 2005 4903 mundo
2036 4863 2208 4919 appe-

604 4933 779 4989 tibilia
844 4933 1111 4998 videntur,
1166 4932 1459 4989 invitando.
1524 4934 1603 4988 Tu
1653 4950 1789 5007 ergo
1837 4936 2209 4993 animadverte

605 5038 727 5092 quae
756 5021 906 5077 circa
929 5029 979 5076 te
1010 5028 1155 5090 sunt,
1188 5029 1240 5075 et
1269 5036 1403 5076 cave
1433 5038 1501 5077 ne
1530 5038 1561 5076 a
1608 5032 1863 5094 serpente
1902 5025 2204 5081 seducaris.

607 5111 769 5163 Pater
784 5124 1037 5180 namque
1067 5109 1159 5180 qui
1190 5124 1325 5181 quos
1358 5110 1551 5182 diligit,
1603 5112 1845 5182 corripit,
1890 5121 1942 5167 et
1972 5112 2212 5186 ﬂagellat

605 5212 806 5252 omnen
831 5197 1000 5251 filium
1032 5214 1193 5269 quem
1224 5198 1435 5268 recipit,
1470 5207 1522 5252 te
1554 5216 1650 5269 per
1679 5202 2015 5272 carporalem
2046 5218 2210 5273 quam

606 5285 844 5340 sustines
874 5286 1203 5352 molestiam,
1237 5287 1399 5357 ccepit
1419 5286 1718 5359 ﬂagellare.
1764 5289 1819 5344 Si
1850 5306 1984 5362 ergo
2014 5291 2207 5346 durum

608 5373 706 5437 tibi
734 5373 968 5439 videtur,
993 5375 1135 5449 quod
1171 5375 1443 5449 ﬂagellat;
1470 5376 1966 5451 incomparabiliter
1981 5380 2211 5455 amplius

2306 4406 2383 4475 '7).
2414 4404 2514 4458 Job
2547 4410 2767 4459 scatens
2787 4402 3063 4457 vermibus
3084 4410 3443 4471 etpercussus
3464 4400 3646 4455 ulcere
3666 4400 3908 4469 pessimo
3950 4446 3951 4453 η

2307 4508 2340 4547 a
2367 4493 2550 4563 planta
2578 4491 2733 4562 pedis
2771 4507 2941 4562 usque
2973 4490 3043 4545 ad
3100 4490 3381 4555 verticem,
3441 4487 3654 4543 dicebat
3686 4504 3700 4541 :
3735 4490 3911 4543 Justi-
3950 4514 3951 4559 ξ

2306 4581 2629 4649 ﬁeationem
2642 4595 2825 4635 meam
2838 4594 3005 4650 quam
3017 4578 3156 4648 σιερὶ
3173 4580 3367 4632 tenere
3380 4592 3495 4633 non
3506 4577 3758 4631 deseram
3773 4576 3906 4642 (Job.

2309 4684 2449 4734 xvn,
2466 4669 2540 4738 6).
2558 4669 2738 4724 Uxore
2752 4682 2972 4738 quoque
2985 4666 3128 4720 illius
3139 4673 3466 4738 suggerente
3481 4663 3875 4733 blasphemiam
3893 4681 3907 4716 :
3948 4730 3949 4733 η

2307 4757 2365 4813 Si
2400 4757 2561 4825 bona,
2584 4755 2773 4828 inquit,
2811 4756 3162 4827 suscepimus
3190 4755 3256 4809 de
3277 4769 3457 4808 manu
3476 4753 3721 4813 Domini,
3754 4752 3909 4805 mala

2308 4862 2479 4918 quare
2509 4861 2623 4901 non
2662 4843 3077 4917 suscipiamus?
3132 4841 3270 4913 (Job.
3332 4857 3391 4907 ιι,
3427 4841 3539 4909 10.)
3594 4839 3737 4895 Dicit
3764 4840 3907 4894 enim

2308 4932 2600 5004 Apostolus
2634 4947 2646 4986 :
2681 4933 2740 4988 In
2774 4936 2929 5004 fame
2950 4937 3007 4987 et
3051 4932 3170 4996 siti,
3217 4932 3279 4986 in
3306 4930 3551 5001 jejuniis
3595 4928 3814 4993 multis,
3844 4930 3905 4982 in

2308 5025 2519 5094 frigore
2536 5026 2595 5078 et
2609 5022 2898 5087 nuditate,
2924 5023 2985 5076 in
3007 5019 3326 5077 carceribus
3346 5022 3400 5073 et
3419 5019 3620 5089 plagis,
3636 5020 3692 5072 et
3712 5020 3907 5072 morti-

2309 5113 2409 5167 bus
2420 5114 2747 5183 frequenter
2769 5111 2815 5179 (I
2836 5110 2955 5165 Cor.
2990 5124 3068 5173 χι,
3091 5108 3204 5178 27).
3231 5109 3292 5162 In
3314 5105 3589 5178 periculis,
3614 5114 3667 5159 et
3697 5104 3908 5159 tribula-

2308 5200 2568 5265 tionibus,
2601 5206 2651 5253 et
2681 5198 3152 5268 persecutionibus
3200 5195 3495 5250 innumeris
3544 5194 3758 5247 Christo
3789 5210 3903 5247 ser-

2310 5289 2465 5343 viens
2494 5304 2601 5343 non
2660 5286 2966 5353 deficiebat,
3027 5286 3123 5340 sed
3184 5284 3398 5339 dicebat
3431 5300 3443 5336 :
3482 5283 3803 5338 Gloriamur
3846 5285 3905 5335 in
3946 5318 3947 5331 χ

2314 5376 2798 5440 tribulationibus,
2832 5377 3072 5432 scientes
3092 5373 3233 5447 quod
3257 5372 3546 5428 tribulatio
3566 5372 3899 5445 patientiam
