3972 6052
100 272 209 328 929

1394 265 1747 324 EPISTOLE
1787 264 2126 335 QUINQUE.

3302 274 3405 325 930

106 396 401 467 operatur,
436 398 494 450 et
524 395 807 465 patientia
860 395 1271 467 probationem,
1302 393 1557 466 probatio
1581 405 1705 448 vero
1727 393 1780 451 Α
1808 390 1944 445 taria
1973 398 2151 445 erunt.
2185 391 2313 446 Haec
2343 405 2476 462 ergo
2497 399 2550 445 et
2581 390 2780 445 similia
2808 392 3118 447 meditando
3138 435 3151 459 ,
3184 393 3404 448 confor-

106 499 268 554 spem
298 482 475 552 (Rom.
508 497 564 547 ν,
598 486 648 549 3,
677 485 751 553 4),
788 490 898 539 etc.
938 484 1007 538 Et
1038 482 1168 538 alibi
1202 501 1215 537 :
1250 484 1482 550 Placeo,
1514 480 1707 552 inquit,

105 570 258 625 mihi
288 572 348 625 in
384 572 840 640 inﬁrmitatibus,
902 572 965 626 in
1005 571 1387 636 contumeliis,
1423 572 1483 625 in
1513 586 1711 626 neces-

110 658 423 723 sitatibus,
474 660 539 713 in
593 661 1111 727 persecutionibus,
1160 661 1225 714 in
1284 660 1565 730 angustiis
1611 676 1712 730 pro

115 746 340 803 Christo
370 747 443 816 (II
459 747 579 804 Cor.
595 762 697 813 xu,
718 748 911 818 10).Et
930 766 1101 820 quare
1123 749 1178 803 in
1209 748 1294 802 his
1323 748 1574 802 omnibus
1604 762 1714 802 non

109 832 396 901 deﬁceret,
422 835 597 890 reddit
626 851 846 891 causam
893 836 1042 903 alibi,
1076 837 1266 892 dicens
1303 852 1315 890 :
1352 837 1553 892 Omnia
1584 851 1713 907 pos-

108 939 247 978 sum
276 926 340 978 in
369 939 430 979 eo
460 924 557 995 qui
582 940 671 979 me
701 927 991 995 confortat
1017 925 1187 995 (Phil.
1222 940 1300 992 ιν,
1330 925 1438 996 13).
1472 925 1587 978 Nec
1617 939 1712 978 so-

109 1010 230 1065 lum
261 1026 385 1066 eum
415 1011 774 1079 confortabat,
802 1012 898 1069 sed
928 1019 999 1079 et,
1027 1014 1355 1069 consolatur
1375 1028 1495 1078 nos,
1520 1011 1712 1083 inquit,

112 1100 183 1154 in
214 1103 416 1156 nostra
443 1101 765 1157 omnimoda
796 1101 1165 1157 tribulatione
1195 1101 1274 1172 (II
1300 1100 1420 1156 Cor.
1450 1117 1487 1169 ι,
1522 1103 1600 1164 4).
1637 1101 1717 1155 Τιι

111 1202 251 1242 vero
280 1188 571 1259 corporali,
605 1189 853 1260 quamvis
873 1190 1142 1245 tolerabili
1170 1189 1385 1244 molesti
1410 1196 1713 1260 correptus,

113 1276 302 1331 animo
333 1277 581 1333 defecisti
614 1295 627 1331 :
660 1278 783 1349 quia
814 1294 967 1347 spem
999 1286 1050 1333 et
1080 1277 1329 1333 fiduciam
1367 1295 1529 1350 quam
1549 1278 1718 1333 debes

114 1364 325 1420 habere
358 1366 411 1419 in
447 1367 561 1421 Deo
592 1366 661 1420 de
709 1366 963 1421 omnibus
1020 1383 1141 1437 quae
1173 1367 1316 1422 circa
1345 1374 1397 1421 te
1431 1374 1576 1432 sunt,
1632 1366 1718 1420 vel

117 1452 299 1508 futura
329 1462 473 1521 sunt,
503 1454 810 1524 perdidisti,
843 1454 1142 1509 dissolutus
1172 1471 1251 1522 es,
1285 1462 1338 1510 et
1356 1455 1520 1525 coepit
1549 1453 1719 1508 minui

117 1541 370 1612 corporis
424 1550 477 1597 et
532 1542 698 1596 animi
754 1542 830 1596 tui
876 1542 1150 1612 fortitudo,
1195 1542 1332 1598 sicut
1380 1543 1511 1598 dicit
1565 1558 1719 1597 sacra

122 1630 407 1701 Scriptura
438 1648 452 1683 :
490 1632 550 1687 Si
580 1630 960 1702 desperaveris
994 1633 1175 1687 lassus
1212 1634 1274 1686 in
1305 1632 1394 1687 die
1416 1632 1717 1703 angustia’,

119 1720 419 1774 minuetur
450 1724 551 1774 tua
595 1720 875 1790 fortitudo
906 1720 1091 1789 (Prov.
1143 1735 1297 1787 xxiv,
1336 1720 1451 1789 10).
1507 1720 1643 1774 Nam
1675 1719 1721 1772 si

119 1818 233 1858 non
260 1803 634 1873 desperasses,
654 1804 921 1859 veraciter
950 1803 1164 1859 diceres
1197 1821 1211 1858 :
1245 1805 1309 1859 In
1337 1805 1571 1861 Domino
1601 1820 1720 1877 spe-

120 1907 261 1946 rans
282 1908 395 1947 non
415 1892 747 1961 infirmabor
767 1892 943 1960 (Psal.
966 1906 1105 1957 xxv,
1133 1892 1206 1959 l).
1233 1892 1400 1963 Igitur
1432 1892 1713 1962 resipisce,

124 1987 179 2033 et
208 1978 335 2034 time
392 1980 538 2050 quod
595 1980 855 2050 scriptum
886 1988 1013 2036 est:
1064 1981 1148 2036 Va:
1198 1980 1486 2037 dissolutis
1529 1980 1715 2045 corde,

123 2068 226 2137 qui
269 2083 385 2123 non
440 2067 681 2124 credunt
733 2071 881 2135 Deo;
912 2069 1033 2124 ideo
1089 2084 1205 2123 non
1251 2073 1625 2140 protegentur
1651 2067 1718 2122 ab

123 2156 247 2226 ipso
276 2157 471 2225 (Eccli.
503 2171 563 2224 ιι,
602 2156 690 2226 15)
724 2175 737 2222 ;
771 2163 825 2211 et
866 2155 997 2210 illud
1028 2172 1041 2211 :
1088 2157 1171 2211 Vae
1216 2156 1302 2211 his
1329 2158 1424 2227 qui
1452 2156 1715 2228 perdide-

123 2248 269 2299 runt
295 2245 701 2300 sustinentium
731 2245 885 2313 (ibid.
912 2244 1019 2311 l6).
1052 2244 1351 2315 Resipisse,
1393 2244 1634 2316 inquam,
1668 2252 1722 2299 et

126 2347 294 2402 super
331 2332 455 2401 hoc,
509 2333 633 2404 quia
681 2333 1127 2405 suggestionibus
1184 2332 1388 2388 inimici
1435 2348 1722 2387 assensum

121 2420 443 2489 praebuisti,
523 2421 895 2491 paenitentiam
947 2437 1084 2491 age,
1159 2428 1212 2475 et
1260 2422 1424 2476 crede
1507 2420 1721 2475 Christo

122 2507 325 2563 dicenti
361 2523 372 2561 :
410 2509 614 2564 Omnia
641 2510 935 2580 possibilia
965 2513 1103 2565 sunt
1123 2509 1379 2565 credenti
1398 2510 1586 2579 (Marc.
1618 2525 1717 2575 vn,

122 2599 237 2664 22),
266 2604 319 2651 et
330 2596 591 2668 quidquid
612 2602 842 2653 orantes
857 2599 1074 2670 petitis,
1100 2598 1317 2654 credite
1336 2600 1469 2669 quia
1488 2599 1723 2669 accipie-

130 2687 225 2751 tis,
249 2689 307 2741 et
323 2686 421 2754 ﬁet
437 2686 582 2741 vobis
600 2687 791 2756 (Marc.
816 2701 895 2751 xi,
930 2687 1041 2757 24).
1068 2686 1195 2741 Pete
1220 2686 1387 2758 igitur
1418 2687 1485 2740 ab
1514 2703 1581 2741 eo
1610 2702 1726 2741 me-

126 2787 252 2827 cum
274 2773 538 2829 instanter
574 2782 628 2829 et
664 2774 875 2844 devote,
909 2782 967 2828 ut
992 2775 1082 2829 det
1127 2774 1223 2829 tibi
1252 2775 1305 2828 in
1335 2791 1433 2829 suo
1462 2774 1725 2829 famulatu

124 2861 619 2931 perseverantiam,
654 2870 706 2917 et
753 2879 972 2934 semper
1001 2862 1071 2917 ad
1100 2863 1328 2918 meliora
1374 2862 1676 2934 perfectum
1710 2878 1722 2916 :

128 2957 185 3004 et
213 2950 267 3003 in
290 2951 559 3021 corporali
589 2951 910 3023 aegritudine
931 2951 1003 3005 ita
1019 2950 1181 3007 faciat
1202 2960 1380 3006 tecum
1401 2952 1725 3021 (secundum

1811 486 1923 533 tare
1945 478 2000 532 in
2022 479 2273 544 Domino,
2310 486 2361 533 et
2390 479 2618 534 viriliter
2666 495 2790 553 age.
2839 481 2894 537 Si
2952 497 3061 535 non
3094 483 3402 552 potesjeju-

1812 582 1942 621 nare
1972 576 2229 638 quantum
2261 566 2370 633 alii,
2397 567 2584 637 jejuna
2615 578 2871 640 quantum
2899 577 3074 640 potes,
3102 570 3407 625 certissime

1813 656 2011 721 sciens,
2046 655 2173 726 quia
2201 671 2308 709 non
2342 664 2518 726 potest
2539 656 2593 710 in
2622 656 2804 729 aliqua
2837 658 3033 712 virtute
3063 674 3186 713 esse
3216 658 3404 729 perfe-

1813 750 1949 808 ctus,
1983 743 2069 798 cui
2097 743 2243 816 gula:
2270 744 2457 798 vitium
2490 745 2819 800 dominatur.
2864 747 3005 800 Nam
3059 755 3113 800 ut
3145 756 3409 802 consueta

1807 831 2014 900 jejunia
2068 833 2290 887 omnino
2341 832 2597 899 dimittas,
2633 834 2795 889 crede
2843 834 2995 901 mihi,
3028 850 3138 890 non
3194 836 3412 906 expedit

1814 919 2196 975 adolescentiae
2226 928 2346 977 tuae.
2381 921 2505 977 Noli
2537 938 2672 994 ergo
2696 922 3053 992 temporalem
3075 931 3127 979 et
3156 939 3409 979 momen-

1815 1015 2030 1063 taneam
2059 1009 2309 1079 corporis
2338 1009 2625 1065 sanitatem
2654 1027 2979 1082 prmponere
3012 1011 3171 1067 saluti
3191 1021 3410 1069 aeternae

1816 1096 2031 1151 animae.
2081 1098 2222 1151 Nam
2278 1097 2571 1168 Apostolus
2623 1098 2802 1154 dicit:
2843 1101 2946 1167 Qui
2997 1100 3206 1157 Christi
3250 1105 3407 1168 sunt,

1816 1200 2049 1240 carnem
2079 1201 2242 1240 suam
2272 1187 2614 1257 cruciﬁgunt
2630 1202 2759 1242 cum
2784 1189 2918 1243 vitio
2941 1193 2997 1243 et
3018 1192 3414 1261 concupiscen-

1822 1275 1904 1327 tia
1933 1273 2081 1342 (Gal.
2108 1290 2163 1339 v,
2188 1275 2299 1342 24).
2323 1277 2386 1327 Et
2416 1275 2681 1329 Dominus
2710 1294 2723 1329 :
2753 1277 2856 1343 Qui
2885 1294 3000 1331 non
3032 1278 3250 1349 accepit
3276 1294 3413 1333 cru-

1817 1376 1938 1416 cem
1959 1378 2121 1416 suam
2151 1366 2207 1417 et
2227 1364 2483 1434 sequitur
2514 1380 2623 1429 me,
2656 1380 2771 1419 non
2809 1368 2891 1419 est
2914 1382 3072 1420 meus
3102 1365 3414 1437 discipulus

1820 1449 2040 1518 (Matth.
2078 1464 2133 1518 x,
2167 1454 2264 1516 38;
2304 1450 2438 1505 Luc.
2473 1465 2590 1517 xxv,
2624 1451 2736 1520 27).
2770 1452 2848 1507 De
2880 1453 3119 1507 sananda
3164 1469 3297 1523 ergo
3327 1453 3415 1508 vel

1819 1537 2110 1609 leviganda
2148 1538 2397 1608 corporis
2425 1539 2764 1609 aegritudine,
2797 1548 2849 1593 et
2881 1540 2949 1595 de
2984 1540 3226 1609 jejuniis,
3265 1548 3316 1595 et
3347 1542 3415 1596 de

1820 1626 2075 1680 omnibus
2106 1626 2325 1681 omnino
2357 1642 2479 1697 quze
2508 1628 2574 1681 ad
2606 1627 3020 1695 justiﬁcationes
3048 1629 3245 1683 Domni
3293 1646 3416 1699 per-

1749 1714 2009 1801 Btinent,
2056 1731 2219 1786 spera
2258 1718 2321 1771 in
2362 1731 2422 1770 eo
2452 1721 2509 1770 et
2535 1717 2652 1787 ipse
2698 1718 2874 1787 faciet
2894 1716 3070 1786 (Psal.
3112 1732 3304 1783 xxxvr,
3338 1718 3414 1788 5).

1820 1802 1942 1873 Ipse
1964 1802 2128 1869 enim,
2145 1803 2282 1858 sicut
2302 1803 2501 1875 legitur
2520 1803 2573 1856 in
2591 1803 2858 1873 Isaia,dat
2890 1806 3032 1860 lasso
3056 1806 3345 1872 virtutem,
3362 1811 3420 1862 et

1822 1890 1908 1946 his
1941 1893 2035 1963 qui
2056 1908 2171 1946 non
2184 1896 2341 1957 sunt,
2360 1892 2761 1963 fortitudinem
2792 1897 2848 1948 et
2867 1892 3037 1948 robur
3066 1895 3418 1966 multiplicat

1822 1980 1952 2047 (Isa.
1986 1995 2081 2046 xL,
2114 1982 2228 2050 29).
2262 1980 2401 2035 Audi
2428 1980 2749 2052 igitur'tquid
2778 1980 2921 2036 dicat
2952 1981 3235 2052 Scriptura
3269 2000 3281 2037 :
3318 1983 3423 2051 Qui

1822 2068 2017 2123 mollis
2045 2072 2128 2123 est
2162 2073 2218 2123 et
2240 2068 2547 2124 dissolutus
2577 2071 2639 2123 in
2668 2085 2831 2141 opere
2860 2086 2978 2137 suo,
3001 2072 3189 2141 frater
3219 2075 3302 2126 est
3317 2087 3421 2127 sua

1822 2172 1991 2227 opera
2030 2156 2377 2227 dissipantis
2407 2157 2589 2225 (Prov.
2618 2172 2777 2226 xvm,
2804 2158 2879 2227 9).
2912 2158 3037 2212 Noli
3068 2174 3187 2213 esse
3219 2158 3423 2213 inutilis

1822 2251 1874 2297 et
1905 2243 2165 2297 remissus
2197 2244 2251 2297 in
2293 2243 2399 2297 tuis
2429 2244 2709 2314 operibus,
2743 2245 2840 2299 sed
2872 2245 3188 2315 spiritualia,
3224 2254 3423 2317 quanto

1824 2331 2119 2386 studiosius
2152 2339 2204 2386 et
2250 2331 2499 2387 devotius
2544 2332 2772 2403 poteris,
2806 2334 3106 2403 corporalia
3140 2350 3292 2389 vero
3322 2349 3421 2389 suo

1824 2428 2069 2489 tempore
2090 2419 2323 2492 impigre
2355 2428 2407 2474 et
2439 2429 2641 2490 quanto
2662 2421 2844 2475 utilius
2874 2429 2926 2475 et
2966 2421 3160 2477 melius
3190 2422 3418 2489 valebis,

1824 2506 2073 2562 invocato
2101 2524 2321 2579 semper
2350 2508 2549 2563 auxilio
2579 2509 2762 2564 divino
2783 2525 3135 2581 prosequere.
3168 2512 3295 2566 Haec
3314 2526 3425 2566 me-

1824 2595 1998 2651 ditare
2032 2614 2045 2649 :
2079 2596 2134 2649 in
2163 2597 2248 2650 his
2280 2605 2416 2661 esto,
2454 2614 2524 2651 ne
2553 2596 2693 2652 forte
2722 2598 2892 2668 (quod
2922 2598 3086 2667 absit)
3117 2598 3161 2653 si
3182 2599 3422 2654 immun-

1825 2684 1928 2738 dus
1958 2684 2179 2754 spiritus
2238 2693 2519 2740 vacantem
2550 2692 2601 2739 te
2633 2685 2919 2752 invenerit,
2979 2686 3272 2757 assum’ptis
3301 2688 3423 2743 aliis

1826 2772 2127 2843 spiritibus,
2173 2774 2526 2844 nequioribus
2577 2782 2877 2829 revertatur
2926 2775 2981 2828 in
3028 2775 3247 2830 domum
3278 2777 3423 2831 unde

1827 2861 2047 2928 exierat,
2079 2869 2132 2916 et
2164 2861 2293 2917 fiant
2334 2862 2629 2918 novissima
2660 2871 2747 2917 tua
2806 2864 3079 2918 deteriora
3125 2864 3420 2935 prioribus.

1826 2949 2223 3005 Instantissime
2252 2959 2429 3006 autem
2461 2959 2513 3005 et
2532 2951 2885 3008 devotissime
2915 2960 3037 3023 pete
3086 2967 3119 3006 a
3168 2953 3422 3025 Domino,

128 3030 242 3093 sua:
274 3039 462 3109 gratiae
491 3040 972 3095 clementissimam
992 3038 1427 3111 dispositionem)
1446 3040 1583 3095 sicut
1611 3040 1726 3110 ipse
1760 3091 1803 3111 η
1828 3045 1884 3093 ιιι
1912 3038 1967 3092 in
1999 3040 2257 3095 charitate
2304 3039 2535 3095 radicari
2575 3048 2628 3094 et
2684 3040 2897 3094 fundari
2935 3041 3225 3096 merearis.
3266 3040 3424 3109 Quod

126 3126 280 3182 novit
309 3127 404 3181 tibi
435 3128 711 3198 expedire,
747 3137 800 3183 et
833 3128 1066 3184 salutare
1097 3145 1238 3183 esse.
1272 3130 1337 3183 Et
1358 3130 1475 3184 haec
1496 3128 1721 3197 orando,

127 3215 296 3271 crede
340 3216 463 3287 quia
509 3216 596 3271 vel
654 3217 906 3285 sanabit,
938 3217 1024 3272 vel
1061 3216 1381 3285 sublevabit,
1435 3217 1521 3272 vel
1568 3216 1728 3271 citata

128 3311 308 3359 morte
337 3302 485 3359 finiet
527 3319 673 3359 eam.
732 3305 873 3359 Nam
903 3305 1135 3359 fortasse
1163 3306 1268 3360 hoc
1297 3305 1446 3361 novit
1476 3306 1725 3372 Satanas,

125 3398 185 3446 te
233 3391 440 3448 scilicet
481 3392 640 3448 citius
696 3394 1012 3448 moriturum
1047 3408 1059 3448 :
1090 3393 1214 3449 ideo
1272 3394 1342 3448 ita
1390 3393 1728 3464 importunus

129 3487 234 3545 est,
269 3489 320 3535 et
369 3480 464 3535 tibi
520 3483 939 3552 perseverantiae
988 3482 1187 3538 bonum
1242 3482 1411 3537 tollat.
1465 3483 1729 3537 Novimus

128 3568 281 3622 enim
342 3569 409 3623 de
484 3570 646 3625 domo
695 3571 746 3624 in
799 3586 903 3641 qua
956 3587 1051 3637 es,
1096 3578 1147 3625 et
1204 3570 1273 3625 de
1331 3570 1725 3637 Carthusiensi,

128 3664 190 3711 et
242 3657 311 3711 de
386 3664 606 3724 nostra,
644 3665 697 3713 et
740 3658 807 3713 de
861 3658 982 3713 aliis
1044 3659 1205 3727 hujus
1278 3659 1540 3730 propositi
1598 3676 1727 3730 par-

127 3744 389 3799 ticulares
420 3746 618 3811 exisse,
652 3763 881 3817 quorum
911 3746 1153 3804 nonnulli
1192 3754 1315 3817 post
1352 3762 1558 3817 paucos
1588 3747 1725 3813 dies,

129 3832 305 3904 aliqui
334 3850 466 3890 vero
494 3842 617 3905 post
646 3851 851 3905 paucos
899 3852 1118 3890 menses
1138 3836 1409 3891 obierunt.
1456 3836 1596 3890 Audi
1620 3836 1727 3907 igi-

126 3929 224 3976 tur
255 3922 590 3992 Scripturam
620 3923 889 3979 dicentem
922 3940 936 3978 :
974 3925 1143 3980 Crede
1172 3927 1301 3991 Deo,
1337 3929 1391 3979 et
1425 3941 1727 3996 recupera-

128 4010 218 4065 bit
279 4014 332 4065 te
392 4011 586 4081 (Eccli.
620 4026 685 4076 ιι,
712 4014 793 4081 6).
832 4012 900 4065 Et
929 4011 1125 4066 iterum
1158 4030 1170 4066 :
1207 4015 1391 4068 Bonus
1436 4014 1725 4079 Dominus,

128 4102 196 4153 et
257 4102 586 4169 confortans
636 4102 700 4155 in
762 4101 851 4155 die
920 4101 1341 4167 tribulationis,
1420 4105 1476 4157 et
1545 4104 1730 4157 sciens

128 4192 431 4257 sperantes
478 4188 542 4241 in
571 4204 629 4243 se
651 4188 912 4256 (Nahum.
948 4204 997 4255 ι,
1021 4190 1098 4258 7).
1151 4190 1219 4243 Et
1255 4189 1388 4244 illud
1421 4204 1433 4242 :
1467 4191 1640 4262 Spera
1668 4193 1731 4245 in

124 4290 215 4341 eo,
248 4279 303 4329 et
332 4276 449 4346 ipse
479 4278 655 4347 faciet
688 4278 866 4342 (Psal.
920 4291 1117 4342 xxxVi,
1153 4278 1229 4347 5).
1262 4279 1385 4332 Non
1440 4278 1574 4332 dixit
1603 4278 1730 4349 quid

125 4362 295 4417 faciet
328 4378 339 4416 :
370 4364 468 4418 sed
498 4364 604 4419 hoc
632 4364 776 4430 ideo,
818 4373 875 4419 ut
914 4365 1346 4437 intelligeremus
1380 4382 1504 4421 eum
1548 4366 1732 4421 omnia

1758 3091 1805 3153 Ο

1830 3142 1949 3182 cum
1981 3127 2298 3193 obtinueris,
2334 3136 2458 3183 tunc
2488 3127 2650 3198 (sicut
2699 3128 2961 3199 scriptum
3008 3130 3110 3198 est)
3143 3145 3338 3185 curres
3365 3132 3423 3185 et

1830 3232 1945 3270 non
1978 3216 2271 3281 laborabis,
2306 3216 2619 3271 ambulabis
2653 3220 2709 3271 et
2731 3233 2846 3272 non
2893 3216 3115 3285 deﬁcies
3164 3218 3294 3289 (Isa.
3327 3232 3421 3283 xL,

1830 3307 1941 3373 31).
1973 3304 2028 3358 Si
2046 3304 2227 3359 credis
2249 3304 2437 3359 videre
2454 3303 2596 3358 bona
2618 3304 2834 3359 Domini
2864 3304 2919 3358 in
2942 3314 3084 3360 terra
3106 3306 3422 3371 viventium,

1830 3391 1913 3447 {ac
1969 3393 2115 3463 quod
2158 3393 2405 3463 sequitur
2438 3409 2451 3447 :
2486 3394 2771 3464 Exspecta
2819 3394 3144 3463 Dominum,
3180 3396 3428 3451 viriliter

1830 3497 1928 3552 age
1957 3481 2134 3550 (Psal.
2168 3496 2330 3547 xxvi,
2358 3482 2467 3550 14),
2501 3489 2606 3536 etc.
2642 3480 2697 3535 Si
2729 3481 2805 3536 sic
2832 3482 3037 3554 egeris,
3069 3498 3191 3537 mox
3224 3483 3426 3553 Spiritu

1829 3569 2114 3641 principali
2134 3568 2497 3636 confirmatus,
2513 3571 2627 3625 Deo
2650 3570 2851 3642 gratias
2872 3570 3086 3641 agendo
3109 3571 3422 3641 exsultabis,

1830 3666 1884 3714 et
1913 3658 2144 3714 inimicis
2173 3658 2280 3712 tuis
2307 3658 2607 3723 insultabis,
2634 3658 2823 3713 dicens
2861 3677 2873 3713 :
2913 3659 3016 3729 Qui
3036 3660 3317 3714 tribulant
3337 3675 3428 3715 me
3484 3730 3485 3739 χ

1829 3747 2055 3802 inimici
2084 3749 2215 3811 mei,
2236 3749 2347 3818 ipsi
2370 3747 2656 3815 inﬁrmati
2686 3752 2824 3802 sunt
2843 3750 2899 3801 et
2919 3747 3247 3802 ceciderunt
3265 3748 3422 3816 (ibid.

1833 3836 1907 3906 1).
1928 3836 1997 3889 Et
2024 3835 2222 3890 iterum
2252 3851 2263 3887 :
2292 3835 2523 3906 Con/usi
2564 3840 2720 3901 sunt,
2754 3836 2885 3907 quia
2933 3836 3153 3908 speravi
3177 3836 3311 3906 (Job.
3346 3851 3424 3906 γι,

1830 3924 1942 3995 20).
1975 3924 2091 3979 Deo
2122 3932 2298 3979 autem
2327 3924 2536 3996 gratias
2579 3923 2795 3995 agendo
2851 3924 3002 3979 dices
3035 3941 3048 3978 :
3080 3925 3424 3993 Benedicite,

1829 4017 2044 4085 gentes,
2079 4015 2256 4069 Deum
2300 4018 2563 4068 nostrum
2611 4013 2786 4081 (Psal.
2822 4027 2955 4078 va,
2989 4012 3065 4082 8),
3100 4020 3204 4068 etc.
3241 4013 3427 4083 Usque

1831 4106 1887 4157 et
1918 4118 2031 4158 non
2070 4100 2225 4157 dedit
2254 4104 2317 4156 in
2359 4103 2790 4157 commotionem
2818 4101 3015 4173 pedem
3048 4118 3234 4157 meum
3267 4102 3423 4169 (ibid.

1832 4191 1906 4260 9).
1940 4190 2124 4245 Addes
2181 4198 2234 4244 et
2290 4189 2497 4261 reliqua
2526 4206 2645 4261 qua:
2701 4198 3023 4259 sequuntur,
3056 4205 3229 4261 usque
3251 4189 3379 4244 illuc
3413 4204 3426 4242 :

1831 4280 2076 4334 Reddam
2110 4279 2209 4333 tibi
2238 4282 2368 4333 vota
2396 4293 2522 4333 mea
2552 4294 2673 4349 qua:
2690 4278 3091 4332 distinxerunt
3127 4278 3273 4333 labia
3303 4293 3429 4334 mea

1835 4366 2012 4434 (ibid.,
2050 4367 2159 4436 14).
2194 4365 2346 4431 Vale,
2373 4381 2473 4420 ora
2508 4380 2605 4434 pro
2648 4381 2755 4419 me.
2790 4365 2974 4419 Saluta
3004 4364 3135 4419 mihi
3168 4366 3429 4420 domnum

122 4450 420 4519 facturum,
456 4469 576 4524 quae
606 4453 952 4523 sperantibus
980 4454 1036 4507 in
1067 4469 1126 4509 se
1158 4454 1473 4510 necessaria
1494 4462 1547 4510 et
1576 4454 1728 4510 salu-
1752 4447 1804 4507 D
1833 4455 2100 4525 priorem,
2134 4462 2186 4509 et
2219 4453 2355 4509 alios
2396 4453 2705 4509 nominibus
2743 4453 2875 4507 suis.
