3972 6052
527 190 624 244 931

1071 188 1129 244 S.
1170 188 1266 244 DE
1305 185 1681 243 CHALMETO
1722 185 1971 242 CARTH.
2013 186 2117 241 PP.
2159 184 2331 243 MON.
2372 184 2588 241 EPIST.
2632 186 2725 240 DE
2765 184 3055 240 PERSEV.
3099 181 3263 238 0RD.

3743 180 3845 233 932

541 300 3828 340 Μ

1016 446 1926 581 STEPHANI
2023 445 2241 579 DE
2329 444 3374 578 CHALMETO

1585 688 1996 745 CARTHUSLE
2036 687 2416 744 PORTARUM
2453 688 2774 744 MONACHI

1915 860 2455 946 EPISTOLA

1119 1072 1301 1180 DE
1396 1070 2559 1180 PERSEVERANTIA
2647 1066 3229 1176 ORDINIS

1437 1286 1531 1340 AD
1570 1283 1902 1340 NOVITIOS
1942 1284 2004 1339 S.
2054 1282 2343 1339 SULPITII
2382 1281 2552 1337 0RD.
2603 1280 2912 1338 CISTERC.

1253 1438 1371 1515 (Ex
1402 1436 1620 1498 codice
1649 1454 1767 1497 ms.
1805 1434 1870 1496 S.
1904 1432 2191 1513 Augendi
2219 1434 2508 1495 Jurensis
2537 1452 2650 1494 seu
2681 1433 2757 1495 S.
2798 1431 3104 1512 Claudii.)

602 1808 978 1865 Dilectissimis
1018 1807 1073 1862 in
1131 1807 1345 1863 Christo
1376 1806 1654 1875 fratribus,
1700 1807 2048 1872 BONOAMICO,
2083 1813 2135 1860 et
2152 1814 2239 1885 A‘
2261 1807 2511 1879 31).Noli
2532 1810 2683 1863 retro
2704 1804 2999 1879 respicere,
3020 1804 3093 1858 ait
3113 1804 3342 1875 angelus
3359 1804 3427 1859 ad
3444 1804 3558 1871 Lot,
3582 1819 3688 1858 nec
3720 1808 3835 1859 ste-

531 1899 693 1955 sociis
721 1899 835 1967 ejus
864 1898 1008 1968 apud
1037 1897 1293 1952 Sanctum
1326 1895 1623 1966 Sulpicium
1652 1896 1705 1948 in
1728 1910 1908 1949 annua
1925 1894 2127 1949 exami-

528 1989 748 2043 natione
774 1987 982 2058 positis,
1044 1986 1349 2056 Stephanus
1404 1985 1472 2039 de
1535 1984 1861 2050 CHALMETO,
1923 1984 2126 2055 Spiritu

528 2075 816 2148 principali
866 2073 1200 2130 confirmari.

600 2163 831 2231 Quidam
850 2162 1010 2217 amici
1032 2162 1200 2217 vestri
1222 2168 1552 2233 rogaverunt
1569 2176 1654 2215 me
1686 2161 1875 2230 (supra
1904 2159 1961 2213 id
1982 2159 2127 2230 quod

531 2267 651 2306 sum
681 2250 909 2305 fortasse
938 2266 1027 2305 me
1044 2249 1444 2318 existimantes)
1476 2257 1532 2303 ut
1581 2248 1651 2302 ad
1698 2246 2121 2313 confirmandos,

529 2340 643 2395 sive
664 2336 1052 2395 conlortandos
1083 2354 1199 2403 vos,
1237 2353 1401 2410 quam
1418 2353 1637 2408 possem
1667 2353 1887 2407 Operam
1918 2336 2127 2406 impen-

528 2428 737 2484 derem.
770 2427 926 2485 Unde
958 2443 1062 2497 ego
1093 2426 1281 2483 volens
1311 2441 1421 2481 non
1446 2434 1551 2480 tam
1601 2426 1895 2481 subvenire
1926 2441 2126 2480 neces-

529 2516 673 2572 sitati
698 2524 911 2585 vestrae,
935 2531 1099 2587 quam
1127 2530 1235 2571 non
1257 2515 1452 2570 deesse
1483 2513 1746 2578 charitati,
1780 2530 1905 2570 cum
1932 2512 2125 2568 Domi-

528 2621 659 2659 num
715 2604 950 2676 priorem
1007 2603 1425 2671 consuluissem,
1457 2603 1632 2659 visum
1682 2610 1765 2657 est
1816 2602 1865 2657 ei
1894 2608 1952 2655 ut
2008 2603 2127 2656 haec

527 2692 793 2748 schedula
821 2707 944 2747 meo
972 2691 1191 2747 nomine
1220 2692 1288 2745 ad
1310 2708 1408 2747 vos
1430 2691 1779 2761 dirigeretur.
1814 2689 1988 2761 Igitur
2015 2706 2125 2745 non

530 2795 635 2853 ego
695 2787 951 2850 tanquam
1009 2779 1251 2834 emeritae
1298 2778 1506 2834 militia:
1562 2786 1869 2841 veteranus,
1906 2786 2125 2847 tyrones

527 2868 758 2934 instruo,
790 2867 889 2922 sed
921 2867 1078 2938 quasi
1107 2866 1265 2921 miles
1293 2866 1474 2922 adhuc
1503 2866 1573 2920 ad
1604 2881 1745 2921 nova
1776 2865 1920 2920 bella
1949 2865 2123 2933 rudis,

529 2972 650 3028 quae
679 2956 749 3011 ad
779 2970 979 3026 meam,
1012 2955 1151 3010 sicut
1179 2955 1250 3009 ad
1287 2962 1525 3010 vestram
1554 2971 1707 3027 aeque
1727 2953 2124 3010 velconﬁrma-

525 3044 729 3100 tionem
756 3043 844 3100 vel
864 3043 1293 3099 exhortationem
1313 3043 1547 3113 valeant,
1579 3043 1821 3115 profero.
1850 3043 2125 3097 Debemus

528 3149 679 3207 ergo,
714 3142 821 3187 tam
850 3148 956 3205 ego
985 3148 1147 3204 quam
1168 3147 1287 3199 vos,
1339 3131 1536 3186 divinae
1567 3132 1714 3188 circa
1770 3148 1872 3186 nos
1904 3131 2125 3186 miseri-

530 3221 731 3278 cordia
760 3236 931 3292 opera
973 3220 1205 3277 sollicita
1238 3220 1436 3291 pietate
1480 3221 1853 3275 considerare.
1888 3219 2127 3275 Primum

531 3309 770 3381 quidem,
798 3309 945 3381 quod
972 3325 1081 3364 non
1112 3308 1378 3365 conclusit
1407 3324 1508 3364 nos
1536 3309 1590 3363 in
1620 3309 1870 3363 manibus
1901 3308 2124 3373 inimici,

527 3398 668 3455 sicut
698 3412 1095 3467 merueramus,
1114 3404 1171 3453 ut
1193 3398 1367 3467 (juxta
1386 3398 1533 3469 quod
1550 3398 1809 3468 scriptum
1826 3406 1907 3453 est
1934 3398 2122 3469 (Apoc.

526 3488 694 3558 xx"),
716 3487 806 3559 qui
836 3487 892 3541 in
910 3487 1165 3542 sordibus
1183 3502 1416 3553 eramus,
1440 3486 1620 3541 adhuc
1637 3487 2082 3542 sordesceremus
2109 3504 2123 3552 ;

526 3576 626 3631 sed
652 3583 845 3632 contra
873 3576 1069 3631 merita
1096 3582 1303 3642 nostra,
1336 3590 1445 3630 non
1478 3574 1650 3630 solum
1674 3574 2120 3640 misericorditer,

527 3681 716 3720 verum
749 3665 911 3719 etiam
959 3672 1210 3735 potenter
1255 3664 1436 3719 eduxit
1464 3680 1565 3719 nos
1596 3664 1665 3718 de
1718 3664 1841 3718 lacu
1866 3662 2122 3730 miseriae,

526 3760 581 3808 et
609 3753 677 3808 de
707 3753 818 3807 luto
850 3752 1019 3821 faecis,
1050 3752 1145 3807 ubi
1175 3752 1514 3821 jacebamus.
1563 3751 1773 3807 Deinde
1828 3752 1975 3823 quod
2004 3760 2125 3806 tan-

526 3849 636 3895 tam
666 3841 825 3895 nobis
875 3840 1057 3895 sobrie
1105 3848 1157 3895 et
1206 3841 1373 3908 juste,
1397 3848 1450 3894 et
1507 3840 1595 3910 pie
1650 3840 1867 3895 vivendi
1922 3856 2125 3911 oppor-

524 3928 805 3983 tunitatem
835 3927 1110 3983 concessit
1138 3946 1152 3993 ;
1184 3928 1554 3999 praeveniente
1585 3944 1684 3982 nos
1714 3928 1889 4000 gratia
1919 3944 2034 3999 sua,
2068 3936 2127 3983 ut

525 4031 637 4072 non
666 4015 911 4071 faciliora
934 4023 988 4071 et
1015 4015 1225 4071 leviora
1244 4032 1474 4088 quaeque
1522 4016 1977 4087 pusillanimitatis
2008 4018 2119 4088 spi-

522 4105 631 4160 ritu
651 4104 1001 4177 eligeremus,
1036 4103 1135 4159 sed
1168 4119 1288 4159 eam
1322 4104 1667 4175 potissimum
1710 4104 1980 4162 serviendi
2007 4106 2123 4161 Do-

522 4193 670 4250 mino
686 4193 830 4251 viam
847 4199 1159 4250 constanter
1183 4193 1634 4266 aggrederemur,
1659 4210 1781 4265 quae
1811 4202 2010 4267 quanto
2041 4209 2126 4249 ar-

525 4283 686 4351 ctior,
716 4290 866 4338 tanto
898 4282 965 4336 ad
992 4280 1223 4338 salutem
1254 4282 1468 4349 certior,
1503 4291 1705 4354 quanto
1733 4284 1909 4356 magis
1928 4284 2119 4350 ardua,

523 4379 670 4426 tanto
701 4370 968 4441 securior,
1004 4379 1057 4426 et
1085 4370 1157 4426 ad
1182 4370 1615 4442 perveniendum
1659 4372 2119 4444 compendiosior.

522 4460 627 4514 Pro
648 4459 846 4531 quibus
861 4458 1112 4513 omnibus
1128 4459 1369 4515 debitam
1391 4460 1627 4531 quotidie
1644 4460 1941 4533 gratiarum
1962 4461 2124 4516 actio-

523 4563 647 4603 nem
669 4530 740 4615 ei,
760 4547 853 4619 qui
872 4563 974 4603 nos
988 4546 1201 4604 vocavit
1240 4530 1558 4605 exhibentes
1580 4530 1859 4604 audiamus
1890 4552 2123 4620 Aposto-
2147 4530 2194 4590 Ο

524 4635 634 4691 lum
651 4636 956 4691 dicentum:
979 4638 1283 4693 Hortamur
1305 4653 1395 4694 vos
1417 4652 1488 4692 ne
1523 4639 1587 4692 in
1616 4654 1856 4693 vacuum
1872 4639 2123 4708 gratiam

521 4727 624 4782 Dei
643 4725 936 4796 recipiatis
960 4724 1037 4795 (II
1065 4725 1186 4780 Cor.
1212 4740 1288 4794 v1,
1313 4726 1391 4794 7).
1423 4725 1484 4779 In
1513 4740 1742 4781 vacuum
1763 4726 1997 4797 gratiam
2020 4726 2122 4781 Dei

522 4812 716 4884 recipit
774 4811 1020 4883 quisquis
1062 4821 1224 4883 prout
1273 4813 1341 4866 ab
1399 4828 1465 4867 eo
1516 4813 1963 4883 praeparationem
2003 4814 2121 4870 sive

520 4900 977 4973 opportunitatem
1006 4901 1216 4970 accepit
1243 4900 1432 4972 gratiae
1463 4901 1581 4967 Dei,
1607 4917 1714 4956 non
1745 4909 2024 4974 operatur.
2058 4903 2121 4956 In

518 5005 753 5045 vacuum
783 4988 944 5044 etiam
965 4988 1065 5043 Dei
1106 4988 1337 5060 gratiam
1390 4990 1598 5059 recipit,
1630 4990 1721 5060 qui
1750 4990 1921 5045 missa
1950 5006 2115 5045 manu

519 5078 588 5131 ad
645 5085 885 5131 aratrum
938 5084 1082 5133 retro
1149 5077 1374 5147 respicit
1431 5076 1589 5148 (Luc.
1649 5092 1728 5145 Ix,
1760 5080 1870 5150 62),
1924 5080 2117 5150 quales

519 5165 755 5236 (dicente
787 5166 1042 5236 Domino)
1060 5180 1171 5220 non
1191 5174 1315 5219 sunt
1335 5166 1487 5238 digni
1517 5181 1619 5221 nec
1640 5166 1752 5237 apti
1781 5183 1952 5240 regno
1974 5168 2109 5223 Dei:

517 5254 781 5310 habentes
810 5254 977 5323 (juxta
1006 5253 1346 5325 Apostolum)
1369 5254 1813 5323 damnationem,
1847 5258 2113 5328 quoniam

509 5343 762 5412 primam
781 5342 951 5410 ﬁdem
971 5343 1203 5399 irritam
1223 5345 1489 5413 fecerunt
1518 5344 1567 5412 (I
1588 5344 1723 5399 Tim.
1749 5360 1805 5413 v,
1842 5347 1950 5414 12).
1978 5345 2111 5400 Cum

513 5445 712 5503 magno
741 5430 983 5502 pondere
1013 5439 1067 5486 et
1094 5431 1379 5486 tremenda
1407 5430 1604 5487 divinae
1633 5432 1782 5488 vocis
1812 5432 2109 5488 denuntia-

514 5516 660 5574 tione
672 5517 875 5575 dictum
894 5526 1009 5574 est:
1029 5519 1365 5575 Mementote
1393 5520 1593 5576 uxoris
1625 5520 1761 5577 Loth
1783 5522 1939 5592 (Luc.
1961 5536 2103 5590 xvn,

2234 1900 2368 1954 teris
2396 1898 2460 1951 in
2490 1897 2646 1952 omni
2677 1897 2790 1950 loco
2822 1895 2975 1949 circa
3031 1894 3315 1963 regionem
3336 1937 3349 1959 ,
3404 1893 3499 1949 sed
3528 1893 3587 1946 in
3631 1897 3829 1947 monte

2228 1988 2449 2043 salvum
2482 1990 2534 2040 te
2554 1988 2647 2055 fac
2670 1983 3103 2054 (Gen.xl‘x,17).
3134 1981 3238 2050 Qui
3260 1989 3483 2038 vocante
3512 1997 3613 2036 nos
3643 1980 3831 2034 divina

2229 2076 2405 2148 gratia
2436 2081 2674 2129 montem
2706 2071 3144 2139 conscendimus,
3180 2071 3232 2124 id
3263 2078 3365 2136 est,
3399 2071 3627 2125 arduum
3663 2078 3830 2140 atque

2233 2179 2544 2233 supremum
2574 2161 2787 2215 virtutis
2844 2168 3004 2231 atque
3048 2159 3265 2228 justitiaa
3322 2159 3428 2214 iter
3474 2159 3828 2229 arripuimus,

2230 2252 2510 2319 (Iustitia,
2546 2249 2739 2321 inquit,
2776 2254 2875 2303 tua
2905 2251 3053 2304 sicut
3074 2253 3295 2305 montes
3316 2249 3415 2303 Dei
3435 2249 3608 2319 (Psal.
3640 2262 3827 2311 xxxv,

2231 2341 2289 2410 ’7)
2318 2355 2427 2394 non
2456 2339 2719 2393 debemus
2750 2338 2817 2391 ad
2847 2338 3179 2407 campestria
3200 2336 3443 2409 regionis
3465 2336 3828 2395 descendere,

2229 2428 2282 2481 id
2314 2434 2415 2493 est,
2450 2426 2520 2480 ad
2546 2425 2791 2481 faciliora
2847 2425 3099 2496 qumlibet
3128 2433 3178 2480 et
3208 2425 3387 2479 minus
3417 2424 3691 2479 laboriosa
3724 2424 3831 2477 de-

2234 2516 2460 2581 clinare,
2495 2531 2563 2569 ne
2595 2514 2731 2569 forte
2754 2514 3029 2569 involvant
3050 2529 3150 2568 nos
3171 2513 3417 2568 incendia
3440 2513 3828 2580 Sodomorum,

2229 2612 2319 2658 aut
2352 2620 2418 2658 ne
2451 2603 2589 2659 sicut
2618 2602 2756 2657 Abel
2794 2618 2827 2656 a
2874 2602 3030 2672 Cain,
3082 2601 3151 2656 ita
3182 2618 3283 2657 nos
3316 2618 3347 2656 a
3402 2602 3623 2657 diabolo
3654 2603 3832 2657 truci-

2232 2693 2441 2747 demur.
2476 2694 2535 2745 In
2568 2707 2762 2762 campo
2785 2690 2983 2762 quippe
3004 2691 3143 2745 Abel
3197 2691 3410 2746 occisus
3441 2699 3548 2746 est.
3588 2692 3832 2761 Campus

2229 2789 2412 2835 autem
2443 2788 2524 2834 est
2552 2781 2660 2834 lata
2689 2788 2742 2834 et
2772 2779 3008 2850 spatiosa
3038 2779 3141 2846 via,
3175 2796 3294 2851 quas
3331 2779 3478 2835 ducit
3499 2780 3566 2834 ad
3596 2789 3831 2834 mortem

2228 2877 2281 2924 et
2321 2868 2697 2940 perditionem.
2731 2867 2879 2923 Licet
2900 2884 3034 2939 ergo
3062 2883 3209 2923 mors
3240 2868 3374 2923 Abel
3396 2868 3633 2939 pretiosa
3664 2868 3834 2923 fuerit

2226 2958 2282 3011 in
2315 2965 2610 3028 conspectu
2651 2956 2889 3022 Domini,
2942 2972 3051 3011 non
3094 2956 3393 3027 incongrue
3423 2965 3602 3011 tamen
3632 2973 3831 3012 eorum

2228 3046 2448 3100 exitium
2493 3045 2810 3116 intelligitur
2835 3044 3163 3117 significare,
3215 3046 3305 3116 qui
3326 3046 3458 3099 nihil
3487 3046 3713 3100 arduum
3742 3047 3828 3101 vel

2228 3133 2566 3189 laboriosum
2614 3134 3026 3205 aggredientes,
3062 3134 3118 3187 in
3147 3150 3358 3204 campo,
3394 3134 3447 3188 id
3485 3143 3586 3198 est,
3609 3134 3665 3187 in
3717 3134 3829 3188 lata

2230 3223 2415 3277 mundi
2449 3223 2534 3279 via
2565 3237 2597 3277 a
2626 3223 2842 3277 diabolo
2900 3222 3252 3293 perimuntur.
3284 3223 3369 3276 Ait
3392 3238 3525 3293 ergo
3558 3222 3830 3277 Dominus

2231 3312 2300 3366 ad
2348 3312 2591 3382 Moysem
2627 3326 2638 3365 :
2673 3313 2793 3367 Non
2838 3327 3035 3383 coqucs
3084 3312 3305 3367 haedum
3335 3313 3395 3365 in
3429 3313 3573 3366 tacte
3614 3315 3831 3367 matris

2229 3417 2347 3455 sua:
2380 3400 2569 3468 (Dent.
2602 3414 2721 3466 xxv,
2750 3400 2861 3469 21).
2885 3398 3117 3454 Nomine
3138 3399 3300 3471 igitur
3317 3400 3476 3468 hmdi,
3502 3399 3828 3470 intelligun-

2231 3496 2317 3542 tur
2345 3496 2683 3559 peccatores.
2735 3488 2888 3541 Haedi
2918 3488 3115 3559 quippe
3144 3488 3211 3541 ad
3262 3486 3534 3542 sinistram
3573 3488 3628 3540 in
3670 3488 3827 3555 judi-

2230 3577 2315 3632 cio
2347 3576 2583 3645 stabunt,
2617 3584 2669 3631 et
2696 3575 2749 3629 in
2793 3576 2917 3646 lege
2964 3576 3149 3631 hircus
3192 3592 3293 3646 pro
3322 3582 3544 3646 peccato
3601 3575 3830 3643 jubetur

2230 3663 2412 3720 offerri
2443 3664 2586 3737 (Lev.
2621 3680 2781 3729 xxut,
2818 3664 2925 3735 19).
2977 3664 3085 3719 Lac
3110 3680 3239 3721 vero
3286 3664 3475 3718 matris
3502 3670 3583 3717 est
3609 3663 3831 3718 facilior

2228 3753 2493 3809 Ecclesia:
2549 3754 2812 3820 doctrina,
2874 3753 3174 3809 secundum
3238 3768 3400 3823 quam
3447 3751 3637 3806 merito
3691 3769 3829 3822 per-

2227 3843 2513 3897 mittuntur
2556 3846 2759 3910 vivere,
2809 3841 2899 3912 qui
2930 3842 3074 3896 nulla
3129 3841 3318 3913 gravia
3346 3840 3541 3896 dilecta
3596 3842 3832 3895 commi-

2231 3938 2438 3986 serunt.
2472 3931 2586 3985 Nos
2617 3946 2751 4003 ergo
2784 3937 2983 4001 quanto
3026 3929 3205 3983 minus
3252 3929 3584 3984 abstinemus
3616 3929 3684 3982 ab
3716 3929 3830 3982 illi-

2229 4018 2384 4086 citis,
2435 4027 2585 4073 tanto
2619 4019 2817 4088 justius
2861 4017 3019 4073 nobis
3075 4018 3472 4089 amputavimus
3523 4016 3689 4085 licita,
3756 4017 3829 4071 ad

2228 4108 2312 4162 lac
2340 4106 2525 4162 matris
2556 4107 2816 4162 Ecclesia:
2844 4106 3172 4177 pertinentia
3202 4124 3214 4159 :
3248 4114 3305 4160 ut
3324 4107 3520 4176 dignos
3548 4104 3829 4176 poeniten-

2229 4197 2317 4251 tiae
2362 4195 2561 4251 fructus
2592 4195 2859 4262 faciendo,
2912 4195 3130 4250 veniam
3156 4210 3190 4249 a
3234 4195 3466 4249 Domino
3504 4202 3556 4249 et
3600 4192 3827 4248 miseri-

2229 4285 2473 4340 cordiam
2526 4300 2948 4355 consequamur.
3034 4283 3206 4355 Igitur
3265 4285 3417 4352 juxta
3462 4282 3827 4353 apostolicam

2228 4373 2678 4443 exhortationem,
2720 4373 3018 4438 videamus,
3040 4390 3113 4428 ne
3140 4376 3291 4445 forte
3310 4374 3389 4428 sit
3417 4374 3479 4427 in
3496 4373 3683 4443 aliquo
3714 4388 3822 4427 no—

2228 4467 2412 4518 strum
2442 4480 2537 4519 cor
2566 4463 2783 4517 malum
2815 4462 3263 4527 incredulitatis,
3296 4460 3618 4516 discedendi
3645 4477 3678 4513 a
3713 4461 3823 4515 Deo

2224 4551 2344 4607 vivo
2372 4555 2431 4605 et
2458 4566 2585 4606 vero
2643 4552 2826 4620 (Hebr.
2873 4566 2932 4617 ιι,
2988 4550 3075 4620 12)
3126 4568 3139 4604 :
3176 4549 3273 4604 sed
3304 4550 3653 4603 adhortemur
3680 4564 3823 4603 nos-

2224 4639 2488 4709 metipsos
2522 4654 2618 4709 per
2646 4638 2893 4710 singulos
2948 4637 3086 4704 dies,
3120 4646 3177 4692 ut
3219 4653 3329 4692 non
3375 4637 3667 4693 obduretur
3697 4637 3822 4708 quis

2226 4743 2293 4782 ex
2323 4726 2482 4781 nobis
2512 4726 2731 4781 fallacia
2754 4725 2981 4796 peccati.
3018 4726 3074 4781 Si
3131 4740 3241 4785 non
3271 4726 3486 4797 capiant
3523 4741 3623 4780 nos
3654 4724 3822 4780 blan-

2226 4816 2483 4884 dimenta,
2520 4831 2641 4885 quae
2676 4815 2924 4887 suggerit
2968 4822 3223 4880 tentator,
3253 4822 3311 4867 ut
3332 4814 3553 4868 seducat
3585 4832 3598 4867 :
3633 4813 3678 4866 si
3708 4830 3821 4867 non

2224 4910 2468 4958 terreant
2484 4918 2583 4957 nos
2605 4919 2666 4957 ea
2680 4919 2800 4973 qum
2817 4902 3057 4957 difficilia
3080 4910 3131 4956 et
3159 4902 3523 4958 intolerabilia
3552 4918 3674 4957 esse
3696 4918 3823 4972 pro-

2222 4992 2392 5062 ponit,
2412 5000 2468 5045 ut
2494 4990 2741 5063 frangat;
2774 4991 3064 5057 adjuvante
3078 4990 3329 5055 Domino,
3346 4990 3438 5060 qui
3454 4989 3726 5060 refugium
3748 4990 3823 5043 fa-

2221 5088 2340 5135 ctus
2356 5088 2439 5134 est
2458 5080 2635 5145 nobis,
2660 5079 2815 5133 facile
2832 5095 3021 5133 omnes
3041 5079 3393 5133 tentationum
3415 5079 3642 5149 laqueos
3660 5095 3820 5148 supeo

2220 5168 2481 5222 rabimus.
2516 5170 2575 5221 In
2602 5168 2721 5238 ipso
2766 5167 2910 5221 enim
2958 5176 3241 5237 sperantes
3294 5183 3403 5222 non
3432 5166 3814 5229 infirmabitur,

2218 5272 2323 5311 nec
2365 5256 2682 5326 delinquent
2711 5271 2938 5320 omnes,
2991 5255 3080 5325 qui
3128 5264 3347 5325 sperant
3394 5255 3449 5309 in
3494 5271 3580 5308 eo.
3616 5255 3817 5308 Fidelis

2217 5359 2475 5416 namque,
2502 5343 2594 5415 qui
2613 5344 2983 5414 non‘patietur
3008 5358 3110 5397 nos
3140 5343 3332 5398 tentari
3391 5358 3553 5413 supra
3581 5343 3637 5396 id
3667 5343 3818 5412 quod

2214 5449 2540 5503 possumus;
2573 5432 2787 5488 dicente
2836 5431 3096 5502 Apostolo
3132 5449 3145 5485 :
3178 5433 3472 5487 Patientia
3520 5431 3668 5487 vobis
3721 5448 3823 5486 ne-

2214 5524 2461 5578 cessaria
2472 5525 2577 5590 est,
2596 5526 2661 5577 ut
2676 5522 2843 5578 volun
2854 5524 3033 5577 tatem
3054 5520 3153 5575 Dei
3174 5521 3479 5589 facientes,
3513 5522 3819 5592 reportetis
