3972 6052
219 167 326 218 933

736 163 1096 220 ΛΡΡΕΝΒΙΧ
1134 163 1657 221 PROBATIONUM.
1698 195 1767 205 —
1806 164 1900 220 DE
1937 165 2186 221 TRIBUS
2224 163 2621 222 BERNARDIS
2661 166 3000 225 CARTHUS.

3416 170 3521 225 934

208 288 622 361 promissione:
673 288 856 357 (Hebr.
890 306 941 354 χ,
976 290 1087 358 36).
1136 291 1237 344 Per
1281 290 1625 362 patientiam
1654 289 1819 361 igitur
1836 290 1892 348 A
1919 289 1989 342 Et
2012 288 2202 344 iterum
2229 291 2320 347 :Si
2341 292 2580 363 spiritus
2593 295 2939 363 potestatem.
2966 292 3224 348 habentis
3246 292 3520 349 ascende-

210 393 521 433 curramus
544 377 616 431 ad
634 378 987 448 propositum
1012 378 1167 433 nobis
1189 382 1481 433 certamen
1502 378 1685 449 (Hebr.
1710 393 1812 443 xu,

215 466 271 535 1)
300 481 312 518 :
339 466 708 536 recogitantes
732 474 982 535 quantam
1007 482 1106 536 pro
1128 466 1305 533 nobis,
1331 475 1384 521 et
1400 466 1731 537 patientiam,
1768 474 1819 521 et

216 553 584 608 obedientiam
614 570 786 625 usque
816 555 883 608 ad
915 555 1268 610 contumelias
1298 564 1350 610 et
1371 563 1597 610 mortem
1616 556 1813 621 crucis,

220 642 523 697 exhibuerit
554 643 797 697 Christus
822 662 836 708 ;
871 651 925 697 ut
955 659 1063 698 non
1093 643 1379 715 fatigamur
1408 644 1601 697 animis
1620 644 1818 699 nostris

219 728 561 786 deﬁcientes.
606 732 730 786 Non
760 731 901 786 enim
928 732 1131 787 dictum
1161 740 1262 798 est,
1297 732 1387 804 qui
1418 733 1662 803 coeperit,
1699 732 1815 798 sed,

216 821 315 891 qui
360 820 801 891 perseveraverit
849 836 1021 891 usque
1050 822 1113 875 in
1141 821 1333 889 ﬁnem,
1370 821 1461 876 hic
1490 823 1677 877 salvus
1708 824 1818 877 erit

222 907 448 977 (Matth.
482 923 541 973 Χ,
582 908 695 979 22).
729 908 863 962 Cum
906 916 1086 963 autem
1114 909 1231 980 ipsa
1263 908 1593 964 inﬁrmitatis
1622 916 1820 965 nostra:

226 994 557 1067 experientia
613 996 908 1053 doceamur
954 1013 1116 1069 quam
1168 1013 1303 1053 vera
1350 997 1418 1052 sit
1463 997 1557 1052 illa
1604 997 1820 1052 Domini

224 1085 514 1153 sententia,
548 1100 657 1156 qua
686 1085 815 1141 dicit
841 1100 853 1138 :
886 1086 1019 1142 Sine
1047 1103 1137 1142 me
1165 1087 1317 1142 nihil
1361 1089 1602 1158 potestis
1631 1089 1821 1157 facere

229 1173 414 1242 (Joan.
466 1188 564 1239 xv,
599 1173 694 1245 5),
740 1189 860 1229 cum
910 1175 1288 1230 misericordia
1332 1178 1450 1245 ejus
1494 1175 1822 1246 prevenerit

222 1277 346 1330 nos,
397 1269 605 1317 certum
652 1269 736 1316 est
766 1262 911 1333 quod
937 1263 1055 1332 ipse
1084 1278 1197 1317 non
1226 1264 1507 1318 subtrahet
1532 1264 1688 1318 nobis
1715 1279 1816 1339 au-

227 1350 416 1405 xilium
460 1351 650 1423 gratiae
679 1367 811 1419 suae,
836 1351 939 1405 nisi
955 1351 1059 1421 ipsi
1079 1352 1231 1422 prius
1249 1352 1677 1407 subtraxerimus
1698 1368 1818 1407 nos.

222 1439 379 1494 Unde
408 1439 463 1493 in
490 1454 725 1509 persona
750 1439 919 1509 ipsius
951 1439 1167 1494 Domini
1198 1440 1328 1495 dicit
1350 1441 1642 1511 Apostolus
1675 1458 1688 1494 :
1717 1443 1820 1497 Ju-

221 1532 343 1582 stus
363 1531 555 1583 autem
592 1543 751 1582 meus
773 1544 847 1583 ex
874 1528 985 1596 ﬁde
1005 1529 1141 1583 vivit
1165 1529 1345 1599 (Hebr.
1368 1546 1420 1594 x,
1445 1528 1557 1599 38).
1591 1529 1741 1596 Quod
1775 1530 1821 1583 si

218 1617 574 1672 subtraxerit
591 1632 667 1683 se,
692 1633 808 1672 non
819 1617 1067 1688 placebit
1078 1619 1455 1673 animwmeaz.
1472 1618 1592 1672 Mox
1606 1633 1734 1673 vero
1756 1634 1821 1672 ex
1842 1640 1895 1701 Β

221 1721 318 1758 sua
340 1712 390 1760 et
413 1704 712 1760 electorum
736 1720 869 1760 voce
885 1705 1221 1778 subjungens
1242 1706 1532 1777 Apostolus
1558 1724 1571 1759 :
1597 1708 1722 1771 Nos,
1747 1706 1823 1761 in-

222 1792 355 1864 quit,
378 1795 608 1863 fratres,
634 1809 749 1848 non
766 1809 960 1848 sumus
981 1794 1385 1849 subtractionis
1404 1796 1538 1863 ﬁlii,
1562 1796 1625 1849 in
1644 1794 1827 1865 perdi-

224 1883 456 1949 tionem,
481 1882 576 1936 sed
586 1882 718 1951 ﬁdei
738 1882 801 1936 in
821 1882 1251 1954 acquisitionem
1273 1885 1482 1938 animo:
1505 1882 1684 1953 (ibid.,
1709 1885 1820 1951 39).

223 1968 429 2037 Quibus
451 1969 631 2024 verbis
652 1970 780 2024 satis
802 1970 1113 2026 terribiliter
1132 1970 1440 2039 insinuavit,
1468 1972 1558 2042 qui
1596 1971 1703 2025 sint
1728 1969 1827 2025 ﬁlii

224 2057 623 2122 subtractionis,
667 2073 763 2112 eos
805 2074 929 2112 esse
967 2058 1129 2113 etiam
1169 2058 1309 2114 ﬁlios
1342 2059 1679 2129 perditionis.
1703 2059 1823 2113 Nisi

220 2153 398 2201 autem
416 2161 537 2201 cum
556 2146 735 2200 debita
746 2147 1154 2217 perseverantia
1174 2148 1339 2218 digne
1359 2148 1822 2203 ambulaverimus

222 2235 503 2290 vocatione
526 2251 630 2306 qua
659 2235 835 2290 vocati
875 2251 1080 2302 sumus,
1120 2236 1333 2291 dicente
1353 2237 1597 2307 apostolo
1617 2237 1778 2291 Petro
1805 2251 1816 2290 :

219 2323 413 2378 Melius
426 2327 552 2378 erat
568 2324 722 2380 nobis
734 2342 847 2381 non
864 2340 1191 2395 cognoscere
1207 2325 1355 2380 viam
1366 2326 1636 2396 justitiw,
1652 2341 1819 2397 quam

214 2415 341 2482 post
363 2412 739 2481 cognitionem
760 2418 1069 2469 retrorsum
1092 2414 1343 2468 converti
1366 2414 1441 2481 (II
1456 2417 1609 2468 Petr.
1630 2429 1688 2479 ιι,
1702 2415 1816 2483 21).

223 2500 379 2555 Unde
400 2500 566 2555 etiam
605 2500 863 2557 Salomon
888 2515 901 2555 :
924 2502 1087 2558 Sicut
1104 2502 1263 2557 canis
1293 2502 1387 2573 qui
1415 2503 1723 2557 revertitur
1748 2502 1820 2557 ad

221 2590 517 2651 vomitum.
536 2591 616 2644 sic
638 2590 987 2661 imprudens,
1009 2592 1104 2662 qui
1124 2592 1300 2646 iterat
1320 2592 1635 2646 stultitiam
1656 2606 1818 2646 suam

222 2678 407 2747 (Prov.
422 2692 583 2745 xxvr,
609 2679 719 2748 11).
736 2679 910 2749 Atque
930 2678 1122 2733 iterum
1140 2694 1153 2733 :
1176 2681 1265 2736 Vir
1276 2681 1373 2752 qui
1387 2681 1661 2736 erraverit
1674 2696 1709 2734 a
1728 2682 1817 2734 via

222 2766 512 2831 doctrinm,
550 2766 615 2821 in
654 2770 802 2821 caatu
831 2769 1129 2837 gigantum
1156 2768 1597 2825 commorabitur
1631 2768 1814 2838 (Prov.

222 2870 325 2923 xx,
346 2855 455 2925 16).
480 2854 580 2910 Hic
616 2870 745 2910 vero
766 2855 984 2911 nomine
1004 2856 1308 2929 gigantum,
1334 2856 1573 2927 superbi,
1596 2864 1758 2928 atque
1787 2873 1817 2909 a

224 2944 340 2999 Deo
361 2944 540 3011 alieni,
560 2945 648 3000 vel
671 2945 969 3010 dazmones,
993 2945 1079 3000 vel
1128 2945 1376 3000 homines
1419 2944 1812 3016 signiﬁcantur.

224 3029 366 3099 Quia
388 3049 515 3089 vero
545 3034 763 3106 quidam
794 3050 917 3090 cum
938 3033 1008 3088 ad
1028 3041 1278 3089 nostrum
1299 3033 1387 3089 vel
1414 3042 1652 3089 vestrum
1682 3049 1814 3104 pro-

223 3121 458 3191 positum
488 3123 756 3189 venerint,
802 3123 980 3177 solent
1025 3122 1113 3177 vel
1141 3122 1209 3177 de
1239 3129 1427 3176 nostro
1457 3122 1528 3176 ad
1554 3129 1815 3188 vestrum,

223 3210 310 3265 vel
326 3210 395 3265 de
423 3218 603 3267 vestro
625 3212 694 3266 ad
715 3220 955 3266 nostrum
977 3211 1283 3281 suspirare;
1317 3226 1386 3265 ne
1415 3226 1547 3265 vero
1577 3218 1629 3265 et
1659 3209 1818 3264 nobis

218 3299 528 3368 hujusmodi
559 3300 1003 3372 suggestionibus
1029 3307 1261 3355 tentator
1290 3298 1498 3365 illudat,
1532 3299 1817 3354 audiamus

222 3378 543 3458 Apostolum
575 3389 839 3444 dicentem
876 3404 888 3441 :
913 3389 1293 3461 Unusquisque
1316 3389 1377 3443 in
1398 3404 1506 3460 qua
1528 3389 1816 3443 vocatione

220 3480 450 3533 vocatus
472 3480 577 3542 est,
611 3480 673 3533 in
705 3493 771 3533 ea
789 3481 1126 3549 permaneat
1157 3477 1206 3547 (I
1234 3475 1355 3531 Cor.
1388 3492 1483 3542 vn,
1512 3477 1626 3545 20).
1658 3476 1814 3531 Unde

221 3563 478 3619 Salomon
514 3583 526 3619 :
559 3566 717 3621 Sicut
744 3569 865 3621 avis
896 3565 1317 3637 transmigrans
1347 3564 1412 3619 de
1432 3564 1565 3619 nido
1586 3580 1704 3630 suo,
1729 3564 1815 3618 ita

221 3656 280 3707 et
312 3654 396 3709 vir
424 3656 520 3725 qui
558 3655 833 3727 relinquit
867 3655 1050 3710 locum
1081 3670 1249 3709 suum
1279 3655 1464 3722 (Prov.
1498 3667 1690 3717 xxvu,
1725 3654 1804 3723 8).

1919 382 2001 434 rit
2029 396 2198 450 super
2226 384 2298 444 te,
2337 381 2519 435 locum
2543 384 2706 435 tuum
2726 397 2797 435 ne
2825 381 3106 435 dimiseris
3139 381 3333 450 (Eccli.
3356 397 3414 446 x,
3442 383 3517 451 4).

1919 467 2188 536 Quoniam
2241 476 2421 522 autem
2499 468 2811 523 abundante
2871 469 3156 540 iniquitate
3214 468 3523 542 refrigescit

1919 556 2157 611 charitas
2204 557 2518 623 multorum,
2568 566 2619 611 et
2669 558 2891 629 quidam
2922 575 2950 611 a
2982 566 3243 628 serpente
3291 559 3519 625 seducti,

1920 655 1971 700 et
2013 662 2046 700 ο.
2094 653 2278 701 vestro
2325 654 2430 700 eta
2475 654 2662 701 nostro
2705 646 2985 716 proposito
3030 646 3353 713 resilientes,
3399 648 3521 719 plus

1921 743 2118 789 nocent
2164 734 2420 789 seandalo
2468 751 2632 805 quam
2698 736 3015 806 profuerant
3064 736 3314 806 exemplo
3388 738 3519 807 (non

1920 822 2274 877 formidantes
2316 822 2463 876 illam
2511 822 2799 878 dominicae
2828 824 3249 878 denuntiationis
3279 831 3512 880 tremen-

1920 911 2064 975 dam,
2134 910 2545 982 terribilemque
2609 912 2929 966 sententiam
2988 929 3091 984 qua
3156 912 3400 969 dicitur:
3438 915 3521 969 Vw

1922 1000 2138 1059 homini
2158 1015 2259 1070 per
2280 1015 2443 1071 quem
2475 1000 2815 1055 scandalum
2832 1002 2991 1056 venit
3007 1001 3227 1071 (Matth.
3250 1015 3414 1068 xvm,
3438 1001 3515 1070 7);

1923 1102 2120 1142 cavere
2150 1087 2307 1142 valde
2336 1088 2602 1141 debemus
2629 1104 2699 1142 ne
2729 1088 2851 1158 plus
2879 1088 3159 1159 perturbet
3187 1104 3288 1143 nos
3318 1104 3523 1160 pauco-

1923 1191 2045 1229 rum
2082 1183 2230 1230 retro
2275 1175 2590 1231 abeuntium
2619 1175 2827 1243 levitas,
2862 1185 2915 1231 et
2944 1177 3327 1241 inconstantia,
3361 1194 3523 1248 quam

1923 1262 2209 1319 conﬁrmet
2273 1263 2567 1319 multorum
2642 1265 3105 1335 perseverantium
3162 1265 3401 1337 gravitas
3467 1274 3520 1321 et

1925 1352 2246 1407 constantia.
2309 1353 2425 1407 Imo
2490 1368 2622 1408 vero
2694 1352 2832 1408 sicut
2887 1352 3047 1407 debet
3101 1368 3203 1407 nos
3260 1354 3522 1409 roborare

1924 1440 2193 1495 bonorum
2255 1440 2701 1512 perseverantia,
2760 1449 2815 1495 ut
2887 1448 3301 1511 perseveranter
3358 1450 3520 1515 atque

1925 1529 2153 1583 viriliter
2200 1537 2444 1597 stemus;
2478 1530 2554 1584 ita
2600 1529 2763 1584 debet
2808 1545 2910 1584 nos
2958 1536 3147 1585 cautos
3174 1537 3230 1584 et
3259 1530 3521 1586 sollicitos

1925 1617 2154 1671 reddere
2200 1633 2585 1688 perversorum
2648 1617 2939 1687 apostasia,
3008 1634 3077 1672 ne
3133 1618 3411 1673 cadamus.
3450 1618 3523 1672 Et

1920 1706 2074 1774 juxta
2121 1705 2338 1760 Domini
2384 1721 2570 1761 vocem
2601 1705 2657 1760 in
2684 1706 3006 1778 Evangelio,
3039 1706 3185 1774 ﬁant
3214 1707 3522 1763 novissima

1925 1797 2123 1848 nostra
2141 1793 2422 1849 deteriora
2436 1794 2721 1864 prioribus
2737 1795 2958 1862 (Matth.
2974 1809 3073 1862 xu,
3094 1795 3201 1865 45).
3226 1795 3305 1849 De
3323 1802 3519 1850 caetero

1924 1880 2215 1951 Seripturis
2245 1882 2445 1937 sanctis
2485 1881 2757 1954 legendis,
2807 1882 3111 1949 audiendis,
3163 1883 3513 1948 meditandis,

1925 1984 2058 2024 aure
2086 1968 2405 2024 ﬁdelissima
2452 1970 2715 2025 debemus
2750 1971 3055 2038 intendere,
3090 1979 3141 2026 et
3172 1971 3434 2042 quidquid
3464 1971 3517 2025 in

1923 2056 2002 2111 eis
2068 2057 2455 2125 invenerimus,
2516 2059 2585 2113 de
2623 2059 2955 2113 destruenda
3004 2076 3104 2130 per
3162 2059 3518 2115 humilitatem

1922 2145 2199 2216 superbia,
2219 2146 2287 2201 de
2300 2146 2612 2217 superanda
2625 2163 2723 2217 per
2743 2147 3171 2203 mansuetudinis
3185 2155 3236 2202 et
3252 2147 3520 2218 patientia:

1918 2233 2197 2288 lenitatem
2244 2234 2523 2290 iracundia
2552 2235 2639 2291 vel
2663 2235 3014 2306 impatientia,
3056 2236 3125 2290 de
3152 2235 3393 2308 fuganda
3420 2251 3522 2306 per

1919 2320 2198 2377 fervorem
2227 2322 2449 2393 spiritus
2480 2323 2717 2393 torpori:
2749 2332 2802 2379 et
2830 2324 3033 2393 teporis
3063 2323 3415 2398 negligentia,
3447 2323 3518 2379 de

1919 2410 2233 2479 repellendo
2263 2426 2362 2481 per
2408 2411 2758 2483 benignitatis
2789 2411 3017 2483 gratiam
3052 2411 3219 2467 livore
3266 2410 3515 2477 invidiae;

1918 2497 1987 2553 de
2037 2499 2298 2555 calcando
2337 2516 2436 2570 per
2477 2499 2842 2555 testimonium
2882 2500 3228 2555 conscientia
3279 2500 3515 2570 appetitu

1918 2586 2097 2641 inanis
2135 2587 2343 2658 gloriae,
2398 2588 2465 2643 de
2497 2588 2759 2643 orationis
2786 2588 3060 2655 instantia,
3094 2589 3163 2643 de
3186 2589 3303 2659 jugi
3333 2589 3515 2645 cordis

1919 2685 1972 2732 et
2015 2677 2128 2732 oris
2171 2677 2419 2732 custodia
2450 2678 2518 2732 de
2555 2678 3028 2748 apprehendendis
3072 2687 3302 2748 quatuor
3338 2677 3516 2733 virtu-

1917 2765 2081 2835 tibus,
2130 2765 2436 2836 prudentia,
2469 2766 2848 2836 temperantia,
2892 2766 3226 2833 fortitudine,
3274 2774 3327 2821 et
3350 2766 3516 2835 justi-

1917 2853 2016 2921 tia;
2049 2854 2118 2909 de
2161 2854 2503 2909 observanda
2533 2854 2587 2907 in
2615 2854 2853 2921 incessu,
2907 2854 2961 2908 in
2993 2854 3229 2916 silentio,
3263 2855 3317 2909 in
3348 2855 3518 2911 collo-

1919 2943 2063 3015 quio,
2095 2942 2152 2996 in
2199 2942 2348 2998 omni
2395 2950 2533 2997 statu
2582 2951 2634 2998 et
2663 2950 2806 3011 actu,
2841 2943 3104 3014 gravitate
3135 2952 3186 2998 et
3215 2945 3511 3013 modestia;

1918 3031 1986 3085 de
2016 3030 2236 3085 vitando
2276 3047 2375 3100 per
2402 3030 2632 3086 sincerae
2661 3031 2985 3086 obedientiae
3015 3031 3425 3100 subjectionem,
3460 3032 3517 3086 in

1918 3118 2241 3173 obedientiae
2270 3119 2436 3186 malo,
2468 3119 2537 3174 de
2568 3119 3032 3190 apprehendendo
3064 3119 3243 3175 debite
3273 3135 3394 3175 cum
3422 3120 3513 3191 pio

1915 3206 2160 3277 profectu
2190 3207 2616 3278 perseverantiae
2645 3207 2827 3285 bono;
2866 3216 3144 3278 postremo
3166 3209 3235 3263 de
3268 3220 3353 3274 ea,
3395 3224 3516 3281 qua:

1917 3303 2001 3350 est
2034 3295 2210 3350 omnis
2250 3296 2731 3352 consummationis
2764 3295 2886 3350 ﬁnis
2943 3306 2997 3352 et
3018 3296 3158 3369 legis
3209 3297 3510 3367 plenitudo,

1916 3384 2215 3455 charitate;
2247 3384 2409 3440 debet
2450 3385 2776 3457 quotidianis
2816 3400 2998 3440 coram
3030 3387 3145 3441 Deo
3182 3386 3514 3457 profectibus

1918 3482 1969 3527 et
1993 3458 2368 3539 incrementis,
2403 3473 2459 3527 in
2514 3473 2929 3530 conversatione
2959 3481 3012 3529 et
3039 3474 3285 3530 moribus
3314 3474 3516 3529 nostris

1914 3577 2195 3632 apparere.
2211 3561 2417 3618 Valete.
2434 3562 2640 3617 Vestris
2653 3570 2701 3618 et
2715 3562 2877 3617 totius
2895 3562 3069 3619 sancti
3090 3570 3389 3618 conventus
3402 3577 3516 3617 ora-

1916 3650 2172 3717 tionibus,
2199 3666 2298 3721 per
2317 3650 2769 3707 interventionem
2790 3659 3030 3707 vestram
3061 3667 3148 3706 me
3170 3650 3513 3707 commendo.

818 3906 1444 4011 EPISTOLA
1515 3903 2257 4008 ALEXANDRI
2331 3904 2693 4007 PAP/E
2776 3908 2906 4008 ΙΙΙ

553 4080 683 4164 Ἀεὶ
742 4098 1172 4164 Arthaudum
1228 4098 1529 4179 priorem
1584 4095 1919 4174 Alveriae,
1984 4095 2068 4161 de
2125 4096 2487 4160 schismate
2540 4095 2728 4161 illius
2785 4098 3138 4178 temporis.

1061 4230 1167 4304 (Ex
1193 4232 1431 4288 Archivo
1463 4231 1657 4286 domus
1686 4230 1950 4300 Alveriae,
1985 4230 2191 4286 ordinis
2219 4229 2664 4300 Carthusiensis.)

289 4417 638 4470 Anax/mean
668 4413 981 4484 episcopus,
1023 4425 1215 4467 servus
1244 4424 1523 4465 servorum
1562 4409 1693 4476 Dei,
1727 4409 1927 4465 dilecto
1965 4406 2076 4463 ﬁlio
2120 4409 2185 4463 Α.
2237 4406 2439 4479 prioris
2496 4406 2728 4463 Alveriae
2781 4407 3009 4464 salutem
3065 4417 3119 4465 et
3155 4412 3509 4483 apostolicam

216 4511 677 4568 benedictionem.
712 4512 853 4566 Dum
883 4509 1031 4581 piam
1061 4508 1484 4580 simplicitatem,
1517 4515 1621 4563 etc.
1654 4508 1831 4577 (Hanc
1859 4508 2026 4578 epist.
2058 4506 2179 4563 vide
2207 4507 2365 4561 inter
2394 4521 2520 4577 opp.
2555 4505 2873 4561 Alexandri
2903 4507 3005 4562 PP.
3040 4508 3158 4581 IIl.)

1510 4687 2202 4791 APPENDIX.

210 4858 660 4925 Probationes
693 4875 933 4923 eorum
968 4856 1330 4936 continens
1350 4869 1495 4934 quae
1520 4852 1603 4936 de
1625 4852 1843 4936 tribus
1861 4851 2228 4936 Bernardis
2249 4852 2608 4936 Portarum
2629 4851 2997 4936 prioribus,
3022 4855 3092 4919 et
3115 4853 3225 4917 his
3245 4853 3506 4936 illigato

869 4937 1255 5012 Nantelmo,
1291 4930 1788 5014 in'praefatione
1818 4930 1904 4995 ad
1933 4932 2262 4996 lectorem
2293 4930 2651 5012 disputata~
2664 4934 2844 4996 sunt.

211 5071 256 5126 Ι.
280 5101 349 5111 -
379 5071 688 5128 R.ti~naldus
732 5071 986 5128 reclusus
1029 5069 1226 5125 Sancti
1274 5068 1616 5139 Ragniberti,
1656 5068 1809 5123 circa

694 5176 914 5216 annum
947 5158 1161 5214 Christi
1191 5158 1350 5212 1434.

486 5283 590 5353 (Ex
618 5282 885 5339 tabulario
916 5279 1215 5338 Carthusiaa
1243 5279 1520 5345 Majorevi.

275 5426 465 5507 βυωο
497 5426 565 5481 de
608 5426 829 5481 Aranda
877 5440 1095 5480 omnem
1142 5421 1468 5478 calumniam
1497 5437 1655 5491 quam
1687 5420 1801 5474 fra-

206 5514 378 5572 tribus
408 5514 669 5585 Majorevi
716 5513 949 5571 faciebat
979 5528 1140 5584 super
1166 5510 1388 5584 pascuis
1419 5525 1606 5567 eorum
1635 5510 1801 5566 dere-

1907 5065 2107 5136 liquit:
2136 5064 2445 5136 juravitque
2475 5063 2530 5118 in
2577 5080 2739 5119 manu
2787 5063 3034 5119 Rainaldi
3078 5063 3273 5120 reclusi
3319 5065 3504 5121 Sancti

1907 5153 2249 5226 Ragniberti,
2284 5151 2500 5209 ﬁdelem
2547 5153 2626 5208 eis
2671 5152 2977 5221 adjutorem
3005 5160 3059 5208 et
3090 5153 3324 5209 amicum
3364 5154 3501 5211 fore.

1905 5243 1974 5296 Et
2001 5242 2128 5297 inde
2158 5242 2344 5296 habuit
2381 5250 2492 5297 tres
2535 5241 2760 5311 solidos,
2814 5241 3103 5297 duodecim
3152 5259 3422 5311 nummos,
3452 5251 3507 5299 et

1906 5339 2116 5401 septem
2146 5331 2421 5387 denarios.
2454 5332 2643 5386 Testes
2674 5330 2983 5385 Bernardus
3014 5331 3299 5386 Portarum
3330 5332 3500 5401 prior,

1910 5420 2069 5491 Hugo
2111 5427 2434 5490 procurator
2454 5419 2730 5489 Majorevi,
2764 5426 2815 5474 et
2845 5418 3175 5474 Donatianus
3205 5420 3504 5475 monachus

1913 5508 2097 5565 Sancti
2125 5507 2460 5579 Ragniberti.
