3972 6052
455 204 560 257 935

956 199 1319 257 ΑΡΡΕΝΒΙΧ
1356 196 1881 256 PROBATIONUM.
1924 223 1992 235 —
2030 191 2127 248 DE
2164 193 2409 255 TRIBUS
2448 200 2845 257 BERNABDIS
2884 201 3229 259 CARTHUS.

3651 206 3761 259 936

525 327 591 382 II.
615 354 685 367 -
704 325 1027 381 Bernardus
1062 326 1127 381 de
1158 326 1364 393 Portis,
1388 326 1547 395 prior
1572 327 1877 395 Portarum
1903 338 1976 377 ea:
2068 321 2121 378 Α
2151 322 2221 375 ab
2253 324 2627 381 Incarnatione
2670 327 2887 382 Domini
2932 327 3221 382 millesimo
3254 327 3551 382 centesimo
3582 342 3751 381 sexa-

667 398 920 468 episcOpo
943 397 1264 461 Bellicensi,
1290 394 1443 450 anno
1473 396 1683 449 Christi
1709 394 1865 448 1147.

721 494 825 563 (Ex
853 493 1120 547 tabulario
1151 493 1452 547 Carthusize
1482 490 1788 560 Majorevi.)

529 600 863 654 BERNARDUS
907 599 975 653 de
1024 598 1218 665 Portis,
1271 600 1549 652 Portarum
1580 597 1732 667 prior
1762 596 1961 661 dictus,
1993 594 2048 647 in

459 688 674 743 Christo
721 686 1089 743 dilectissimis
1133 687 1441 742 Huunnnro
1496 686 1659 756 priori
1690 683 1963 754 Majorevi,
1998 690 2050 737 et

454 775 705 831 fratribus
733 777 850 845 ejus
881 775 1108 829 salutem
1138 781 1191 828 et
1219 790 1379 829 omne
1410 774 1629 828 bonum.

530 866 726 921 Notum
785 864 853 918 sit
906 864 1062 919 vobis
1111 862 1257 933 quod
1296 862 1363 917 G.
1417 862 1485 916 de
1521 862 1786 917 Benuntia
1815 860 2050 916 laudavit

464 952 727 1024 quidquid
760 959 920 1023 pater
967 968 1098 1007 suus
1138 950 1292 1007 vobis
1322 958 1589 1020 perpetuo
1620 957 1966 1005 concesserat
1996 948 2050 1001 in

458 1048 644 1096 monte
674 1041 744 1095 de
781 1038 1109 1105 Chevillaco,
1155 1039 1226 1093 ad
1277 1055 1455 1093 meam
1486 1038 1897 1109 requisitionem
1927 1052 2051 1093 cum

458 1129 637 1185 adhuc
664 1128 980 1184 Bellicensis
1022 1127 1310 1199 episcopus
1340 1127 1533 1181 forem.
1570 1126 1821 1181 Promisit
1849 1125 2051 1197 pariter

456 1217 604 1274 idem
636 1216 887 1272 Giraldus
912 1216 1065 1271 vobis
1094 1232 1311 1270 omnem
1348 1214 1660 1269 ﬁdelitatem
1690 1223 1741 1269 et
1771 1222 2053 1268 manuten-

457 1305 658 1361 tionem
686 1305 893 1360 cunctis
924 1304 1137 1370 diebus,
1190 1304 1328 1358 sicut
1356 1310 1513 1373 pater
1544 1319 1675 1356 suus
1702 1302 2048 1372 promiserat.

458 1394 573 1449 Hoc
603 1400 786 1448 autem
817 1392 1020 1447 factum
1051 1399 1132 1446 est
1160 1392 1215 1445 in
1243 1390 1491 1446 Ecclesia
1521 1399 1727 1455 nostra,
1762 1390 1849 1445 die
1879 1388 2053 1444 sancti

459 1482 681 1536 Thome
734 1480 983 1551 apostoli,
1035 1495 1175 1533 anno
1207 1479 1402 1534 Christi
1434 1478 1723 1533 millesimo
1754 1478 2052 1532 centesimo

459 1569 880 1641 quadragesimo
907 1568 1160 1638 septimo,
1188 1583 1376 1623 coram
1406 1575 1516 1622 toto
1545 1573 1816 1621 conventu
1846 1574 2049 1631 nostro,

2146 412 2357 484 gesirno
2388 424 2597 485 quarto.
2632 416 2995 470 Interl’uerunt
3024 425 3201 471 autem
3246 416 3371 471 huic
3413 415 3751 470 determina-

2148 500 2278 554 tioni
2312 518 2520 558 mecum
2570 503 2643 557 hi.
2678 504 2999 558 Guillelmus
3032 504 3341 574 capellanus
3389 512 3592 569 noster,
3623 519 3752 558 mo-

2148 591 2356 644 nachus
2413 592 2716 646 Portarum.
2784 591 3041 664 Magister
3104 592 3396 647 Anselmus
3451 592 3752 647 canonicus

2150 673 2480 742 Bellicensis,
2504 677 2754 731 Andreas
2790 678 2947 731 etiam
2981 677 3164 731 Sancti
3186 676 3408 746 Sulpicii
3428 678 3749 743 monachus,

2151 768 2201 816 et
2244 762 2551 818 Willencus
2598 767 2916 820 monachus.
2967 766 3047 819 De
3096 765 3366 832 Majorevo
3414 764 3753 819 Humbertus

2151 850 2320 918 prior,
2363 860 2415 907 et
2461 855 2617 922 Hugo
2664 861 3007 924 procurator,
3052 852 3341 917 conversi,
3391 852 3745 918 Bonusfilius,

2152 938 2429 1011 Philippus
2484 940 2769 1007 Girardus,
2818 940 3132 996 Willelmus
3167 959 3180 995 :
3210 940 3526 996 sacerdotes
3568 956 3753 995 saecu-

2153 1026 2318 1096 lares,
2353 1028 2620 1084 Vicardus
2658 1030 2726 1085 de
2756 1030 3016 1094 Balmeto,
3048 1029 3321 1083 Jordanus
3350 1036 3403 1083 et
3432 1029 3751 1083 Willelmus

2151 1118 2220 1173 de
2250 1118 2481 1183 Breuno,
2533 1119 2863 1173 Humbertus
2893 1119 2961 1172 de
2998 1119 3189 1184 Burco,
3239 1118 3353 1171 Dua
3385 1126 3437 1171 et
3472 1117 3752 1171 Johannes

2153 1206 2221 1259 de
2252 1205 2486 1260 Isinana.
2539 1207 2732 1261 Milites
2779 1222 2910 1261 vero
2962 1207 3119 1277 llugo
3150 1213 3201 1260 et
3228 1206 3491 1261 Vicardus
3522 1206 3589 1259 de
3621 1205 3751 1258 Bal-

2152 1310 2263 1360 ma,
2314 1295 2587 1349 Aalardus
2616 1296 2684 1349 de
2733 1295 3007 1360 Biliniaco,
3051 1294 3352 1348 Garncrius
3382 1294 3449 1347 de
3479 1294 3749 1359 Balmeto,

2151 1383 2457 1437 Jordannus
2486 1383 2553 1438 de
2602 1382 2976 1448 Camberiaco,
3027 1383 3263 1436 Erardus
3311 1382 3379 1435 de
3408 1381 3747 1447 Martiniaco,

2151 1471 2420 1525 Jordanus
2451 1480 2505 1525 et
2534 1472 2690 1525 Aimo
2738 1472 2805 1525 de
2835 1470 3088 1525 Enﬂafol.
3122 1470 3241 1524 Fuit
3270 1470 3432 1524 etiam
3463 1470 3535 1523 ibi
3567 1469 3753 1541 Guigo

2156 1559 2481 1629 praepositus
2526 1559 2863 1624 Bellicensis,
2898 1559 3215 1613 Lambertus
3246 1558 3496 1623 clericus,
3530 1565 3581 1611 et
3610 1559 3755 1611 Pon-

458 1665 512 1712 et
539 1656 703 1711 Paulo
732 1664 786 1712 et
813 1658 1047 1711 Antonio
1103 1656 1185 1711 los
1215 1656 1371 1711 Forte
1428 1654 1749 1720 domiceuis,
1810 1662 1862 1708 et
1892 1655 2126 1732 Pen-OB
2154 1647 2270 1702 cius
2300 1647 2464 1702 frater
2510 1649 2624 1716 ejus
2673 1648 2739 1701 de
2781 1647 3040 1713 Balmeto,
3090 1646 3401 1700 Willelmus
3444 1645 3757 1716 pellicerius

457 1746 701 1802 Moschet
728 1746 798 1800 de
826 1744 1120 1800 Latiniaco.

460 1871 550 1926 III.
575 1900 643 1910 ——
673 1870 1048 1925 Nanthelmus
1071 1870 1359 1941 epise0pus
1383 1868 1730 1941 Bellice-usis,

706 1941 1023 2009 Antelmus,
1057 1938 1130 1995 ad
1158 1938 1379 1995 annum
1412 1938 1619 1994 Christi
1650 1942 1750 1992 116

724 2046 829 2117 (Ex
858 2045 1123 2101 tabulario
1164 2044 1465 2099 Carthusiaa
1497 2044 1804 2114 Majorevi.)

530 2153 614 2208 Ad
670 2152 1022 2207 concordiam
1080 2158 1133 2205 et
1157 2166 1351 2220 pacem
1381 2150 1699 2218 futurorum,
1732 2156 1790 2203 ut
1820 2149 2053 2220 quietius

458 2243 513 2296 in
549 2240 762 2295 silentio
789 2239 992 2306 vivant,
1025 2239 1227 2309 placuit
1259 2239 1493 2309 antiquis
1526 2254 1614 2292 res
1646 2246 1830 2310 gestas
1858 2237 2052 2292 litteris

457 2328 738 2385 memoriae
792 2327 1196 2382 commendare.
1246 2327 1474 2381 Noverit
1527 2326 1688 2396 igitur
1742 2326 2051 2397 quicunque

456 2419 596 2473 hanc
626 2417 864 2472 chartam
885 2414 1078 2487 legerit
1106 2414 1193 2469 vel
1220 2415 1467 2480 audierit,
1495 2416 1637 2486 quod
1660 2430 1764 2487 ego
1792 2414 2053 2468 Nanthel-

456 2522 576 2561 mus
623 2504 841 2559 humilis
886 2503 1199 2559 Bellicensis
1229 2503 1473 2559 ecclesiae
1504 2503 1810 2574 episcopus,
1844 2503 1914 2556 ad
1944 2503 2049 2556 do-

456 2611 606 2649 mum
633 2593 879 2649 venerim
907 2592 1179 2661 Majorevi,
1211 2592 1281 2647 ob
1312 2592 1580 2663 quasdam
1609 2590 1905 2646 calumnias
1929 2607 2049 2661 qua:

454 2684 661 2739 obortae
691 2682 905 2737 fuerant
933 2681 1072 2735 inter
1100 2681 1321 2735 domum
1349 2680 1497 2734 illam
1528 2687 1580 2735 et
1608 2680 1803 2734 milites
1833 2680 1901 2733 de
1932 2681 2048 2734 Ru-

454 2771 772 2836 beomonte;
828 2769 968 2824 inter
1000 2784 1137 2839 quos
1165 2786 1268 2839 pax
1310 2770 1413 2823 hoc
1442 2768 1605 2822 modo
1637 2770 1752 2823 Deo
1780 2768 2049 2839 largiente

452 2858 753 2914 reformata
775 2864 877 2912 est.
910 2858 1134 2912 Remota
1184 2856 1449 2927 siquidem
1498 2855 1645 2910 omni
1703 2856 1939 2927 querela,
1997 2863 2049 2910 et

455 2946 647 3002 sedato
704 2946 852 3001 omni
912 2960 1139 3000 rancore
1168 2952 1221 2999 et
1250 2944 1542 3009 discordia,
1578 2952 1966 2999 concesserunt
1994 2951 2048 2998 et

1758 1868 1863 1991 iui
1890 1868 2053 1936 vulgo

452 3036 626 3091 libere
656 3034 919 3091 dederunt
950 3034 1200 3109 dominus
1231 3033 1542 3107 Willelmus
1574 3041 1627 3087 et
1654 3034 1885 3087 domnus
1917 3032 2054 3087 Gar-
2087 3025 2134 3085 C

452 3124 639 3180 nerius
699 3138 823 3178 cum
850 3122 974 3177 filiis
1000 3122 1131 3189 suis,
1166 3139 1263 3193 pro
1294 3140 1352 3177 se
1384 3124 1603 3196 suisque
1634 3125 1885 3179 omnibus
1915 3124 2051 3179 vivis

453 3221 507 3268 et
535 3212 823 3278 defunctis,
878 3210 1133 3265 fratribus
1164 3213 1419 3281 Majorevi
1459 3214 1638 3268 omnia
1670 3230 1789 3285 quae
1818 3214 1886 3267 ab
1919 3212 2051 3283 ipsis

454 3300 541 3356 vel
589 3300 1029 3356 antecessoribus
1066 3301 1211 3355 dono
1259 3301 1344 3357 vel
1373 3303 1548 3372 pretio
1580 3303 1968 3373 acquisierant,
1998 3308 2052 3355 et

454 3389 648 3461 quibus
704 3389 824 3459 ipso
879 3388 968 3443 die
1024 3389 1259 3445 investiti
1309 3399 1483 3446 erant.
1535 3393 1731 3446 Terras
1760 3391 1968 3446 scilicet
1998 3399 2052 3444 et

452 3492 697 3543 nemora,
746 3492 1077 3548 pascuarum
1135 3495 1294 3532 usum
1324 3496 1421 3549 per
1452 3496 1671 3534 omnem
1701 3494 1899 3535 terram
1930 3494 2049 3549 qua:

452 3564 597 3620 infra
652 3565 841 3620 eadem
871 3566 1177 3622 continetur
1205 3584 1412 3638 pascua
1445 3586 1456 3621 :
1490 3569 1565 3623 ita
1597 3577 1653 3622 ut
1682 3569 1886 3623 nullam
1916 3584 2049 3638 per-

452 3670 644 3710 sonam
673 3655 937 3726 cujusque
968 3656 1176 3709 ordinis
1206 3656 1293 3711 vel
1322 3656 1623 3729 religionis,
1657 3657 1712 3711 in
1742 3664 1879 3711 terra
1910 3672 2049 3727 prac-

453 3742 595 3797 dicta
625 3743 695 3797 ad
739 3742 1093 3798 habitandum
1133 3745 1449 3815 suscipiant,
1490 3746 1599 3800 imo
1637 3745 1916 3815 suscipere
1948 3760 2050 3799 vo-

451 3830 684 3886 lentibus
714 3847 814 3901 pro
871 3847 1034 3903 posse
1092 3848 1191 3886 suo
1248 3833 1467 3888 omnino
1500 3833 1773 3888 resistant.
1810 3834 2050 3901 Excepto

453 3918 600 3989 quod
652 3919 883 3973 domnus
929 3920 1223 3973 Garncrius
1266 3920 1323 3973 in
1380 3920 1503 3975 villa
1563 3921 1631 3975 de
1662 3921 1856 3986 lilionz,
1901 3920 1954 3973 in
1985 3936 2050 3976 eo

454 4006 600 4078 quod
638 4022 795 4061 suum
826 4014 926 4074 est,
961 4007 1248 4078 religiosos
1281 4024 1419 4079 quos
1448 4008 1677 4063 voluerit
1709 4016 1890 4078 potest
1920 4026 2047 4062 sus-

454 4094 638 4165 cipere
668 4095 734 4148 ad
775 4095 1160 4161 habitandum;
1193 4111 1301 4151 non
1330 4097 1396 4149 ad
1426 4113 1630 4167 pascua
1659 4097 1895 4151 eremitis
1925 4098 2052 4151 data

452 4182 799 4250 devastanda,
833 4182 936 4237 nisi
966 4191 1223 4255 quantum
1255 4185 1325 4239 ad
1354 4184 1529 4255 ipsam
1557 4185 1739 4241 villam
1768 4186 2001 4256 pertinet
2036 4201 2047 4238 :

454 4271 547 4326 ubi
603 4271 766 4326 etiam
821 4273 1110 4344 pecoribus
1140 4274 1399 4342 Majorevi
1446 4276 1705 4329 transitus
1734 4291 1844 4330 non
1874 4290 2049 4345 nega-

2154 1736 2222 1789 de
2251 1736 2549 1790 Nantuaco.
2603 1735 2894 1791 Sciendum
2925 1751 3055 1790 vero
3086 1743 3167 1788 est
3199 1735 3342 1805 quod
3373 1750 3468 1803 pro
3497 1734 3755 1803 praedicta

2155 1824 2512 1879 concessione
2543 1831 2594 1877 et
2622 1824 2933 1885 donatione.
2969 1823 3249 1877 Willelmo
3280 1823 3347 1876 de
3377 1823 3752 1877 Rubeomontc

2150 1913 2472 1968 condonatze
2503 1920 2628 1965 sunt
2656 1928 2753 1965 sex
2774 1912 2929 1965 librae
2950 1910 3415 1965 Gebennensium.
3440 1910 3558 1964 Filii
3579 1910 3747 1963 etiam

2158 2001 2342 2055 domni
2374 2000 2621 2055 Garnerii
2652 2000 2947 2069 supradicti
2977 1999 3032 2052 in
3062 2009 3330 2054 conventu
3358 1999 3751 2053 monachorum

2158 2089 2516 2144 laudaverunt
2565 2105 2685 2159 qua:
2734 2088 2991 2157 praedicta
3035 2096 3178 2157 sunt,
3211 2096 3263 2142 et
3288 2088 3591 2141 habuerunt
3623 2086 3755 2141 inde

2158 2176 2329 2232 ferme
2360 2176 2715 2247 quadraginta
2748 2176 2952 2231 solidos
2984 2176 3445 2231 Gebennensium.

2161 2357 2244 2411 IV.
2278 2385 2345 2393 —
2378 2354 2538 2425 Origo
2568 2356 2743 2409 castri
2772 2355 3032 2425 Majorevi
3062 2356 3125 2409 in
3158 2355 3301 2408 valle
3333 2354 3398 2408 de
3428 2354 3618 2421 Mea-ia,
3652 2354 3751 2407 ubi

2436 2424 2591 2481 nunc
2624 2424 2923 2480 Carthusia
2952 2426 3201 2496 ejusdem
3230 2426 3499 2480 nominis.

2410 2566 2509 2638 [Ex
2544 2566 2807 2621 tabulario
2838 2566 3135 2621 Carthusiae
3170 2566 3466 2636 Majorevi.]

2232 2709 2554 2763 RAINALDUS
2604 2709 2703 2763 Dei
2731 2709 2901 2781 gratia
2930 2708 3120 2780 prima:
3150 2708 3525 2780 Lugdunensis
3555 2706 3752 2762 Eccle-

2162 2796 2256 2852 sim
2284 2798 2528 2851 minister
2557 2798 2793 2851 humilis.

2230 2888 2431 2941 Notum
2478 2886 2705 2939 facimus
2762 2885 3048 2951 universis,
3108 2886 3253 2956 quod
3282 2900 3383 2940 nos
3413 2885 3667 2952 vidimus,
3705 2892 3761 2939 et

2161 2975 2229 3029 de
2260 2974 2429 3029 verbo
2455 2975 2524 3029 ad
2554 2975 2780 3029 verbum
2811 2974 3038 3043 legimus
3071 2975 3360 3045 diligenter
3375 2975 3638 3045 quasdam
3670 2974 3758 3027 lit-

2156 3071 2321 3130 teras,
2367 3079 2547 3129 sanas,
2596 3063 2859 3134 integras,
2911 3079 3017 3117 non
3049 3078 3219 3129 rasas,
3255 3079 3364 3117 non
3394 3063 3617 3117 violatas
3646 3076 3754 3116 nec

2154 3160 2460 3221 corruptas,
2515 3151 2693 3222 sigillo
2732 3166 2896 3205 aureo
2948 3152 3269 3221 perantiquo
3319 3151 3573 3213 munitas,
3609 3166 3756 3220 qua-

2154 3256 2275 3294 rum
2307 3248 2461 3294 tenor
2491 3240 2612 3293 talis
2642 3248 2723 3294 est
2758 3254 2769 3292 :
2805 3241 3075 3295 Noverint
3113 3256 3304 3295 omnes
3341 3243 3649 3311 praesentes
3688 3255 3757 3294 ac

2153 3330 2341 3398 futuri
2371 3329 2512 3400 quod
2558 3330 2990 3382 Valentinianus
3020 3330 3329 3399 imperator
3357 3344 3507 3382 anno
3538 3327 3755 3382 decimo

2152 3418 2314 3487 regni
2335 3420 2453 3488 ejus
2474 3419 2749 3471 concessit
2772 3418 3033 3485 Majorevo
3047 3419 3167 3487 ejus
3180 3417 3468 3482 eubilario,
3486 3416 3757 3487 quidquid

2154 3506 2207 3559 ei
2219 3508 2391 3559 antea
2404 3504 2633 3558 dederat
2648 3506 2707 3558 in
2724 3505 3008 3559 montibus
3023 3504 3343 3569 etvallibus,
3359 3519 3528 3575 prepe
3546 3505 3757 3557 vallem

2152 3592 2445 3657 Helnonis,
2463 3608 2632 3662 prope
2658 3594 2864 3647 vallem
2894 3594 3170 3648 illic/Latia:
3210 3597 3266 3647 et
3294 3609 3462 3664 prape
3498 3595 3758 3645 montem

2155 3680 2248 3735 del
2271 3680 2519 3749 Cambes,
2542 3696 2667 3733 eum
2697 3681 3014 3736 omnimoda
3047 3684 3330 3751 potestate
3351 3682 3465 3735 alte
3488 3684 3543 3735 et
3560 3681 3759 3744 basse;

2154 3768 2360 3834 domos,
2379 3773 2581 3835 turres,
2604 3773 2791 3823 castra
2804 3773 2857 3823 et
2879 3770 3037 3823 urbes
3053 3768 3438 3834 construendi,
3459 3770 3606 3839 leges
3626 3784 3756 3823 con-

2154 3857 2345 3922 dendi,
2368 3858 2598 3928 propria
2618 3860 2971 3911 numismata
2993 3857 3332 3927 fabricandi,
3359 3862 3414 3911 et
3434 3858 3519 3910 ita
3548 3856 3759 3926 agendi

2153 3946 2282 4000 aesi
2301 3950 2445 4000 esset
2468 3946 2795 4014 imperator.
2818 3946 2889 3999 Eo
2907 3946 3048 4015 quod
3070 3947 3169 4000 ille
3192 3945 3397 4000 maluit
3420 3946 3577 3999 oculo
3599 3944 3758 3998 orba-

2151 4036 2207 4087 ri
2228 4034 2451 4096 dextro,
2477 4049 2643 4103 quam
2666 4034 2870 4087 clavim
2892 4034 3137 4088 cubiculi
3158 4035 3512 4105 imperatoris
3532 4032 3761 4086 tradere

2153 4121 2445 4191 Arbogasti
2480 4122 2651 4177 hosti.
2677 4122 2834 4192 Apud
2855 4122 3135 4177 Isernoros
3154 4123 3415 4176 Kalendis
3437 4122 3667 4192 Aprilis.
3714 4124 3762 4173 Α

2152 4217 2311 4280 tergo
2333 4218 2513 4263 autem
2545 4210 2661 4263 hch
2681 4209 2879 4279 scripta
2919 4219 3089 4264 erant.
3124 4212 3429 4273 Maiorevus
3448 4209 3757 4276 ddi/ienuit

2153 4299 2347 4353 urbem
2366 4298 2454 4353 del
2478 4300 2746 4362 Balmeto,
2770 4315 2803 4351 a
2820 4314 2927 4369 qua
2949 4315 3151 4355 nomen
3173 4302 3256 4353 est
3270 4300 3523 4363 sortitus,
3547 4301 3601 4351 et
3623 4313 3758 4351 cas-

452 4366 559 4413 tur'
612 4361 879 4458 Ρτωίθξθδ
906 4361 1089 4417 omnia
1120 4378 1241 4458 (ium
1271 4361 1500 4417 fratrum
1530 4364 1783 4433 Maiore“
1814 4372 1959 4458 sum}
1992 4363 2047 4417 in
2068 4376 2123 4435 D
2156 4393 2311 4442 trum
2330 4390 2559 4458 proprio
2573 4387 2801 4443 nomine
2821 4361 2887 4441 ab
2914 4388 3029 4456 ipso
3059 4392 3315 4442 vocatum
3338 4388 3670 4455 Majorevum
3693 4387 3759 4439 in

448 4449 851 4503 manutenentia
879 4457 932 4504 et
965 4450 1206 4506 custodia
1238 4467 1339 4506 sua
1366 4461 1763 4524 susceperunt;
1799 4452 2049 4507 euntibus

452 4543 507 4591 et
534 4536 882 4592 redeuntibus
926 4539 995 4594 ad
1024 4538 1243 4594 domum
1292 4541 1683 4611 supradictam,
1743 4540 1952 4595 firmam
1981 4540 2050 4594 de

451 4639 512 4680 se
543 4624 763 4697 suisque
818 4626 1131 4683 hominibus
1188 4630 1533 4685 securitatem
1580 4629 1847 4685 dederunt
1876 4644 1889 4682 :
1921 4635 1974 4682 et
2005 4628 2051 4681 si

450 4729 613 4785 quam
670 4714 964 4785 aliquando
1020 4716 1273 4785 injuriam
1315 4718 1623 4788 saapedictis
1653 4716 1930 4785 fratribus,
1966 4715 2051 4772 vel

455 4802 525 4857 ad
555 4819 616 4859 se
646 4803 1007 4871 venientibus,
1040 4805 1126 4861 vel
1156 4806 1509 4861 redeuntibus
1541 4806 1805 4873 fecerant,
1837 4806 2050 4861 veniam

452 4891 770 4963 suppliciter
810 4894 1251 4964 postulaverunt.
1277 4895 1406 4949 Haec
1435 4911 1556 4965 quae
1586 4895 1732 4950 dicta
1762 4902 1888 4949 sunt
1916 4892 2051 4949 fide-

448 4978 569 5034 liter
623 4980 886 5049 intellexi,
947 4982 1315 5053 promiserunt
1373 4991 1427 5037 et
1451 4984 1771 5051 juraverunt
1800 4983 1856 5037 in
1883 4998 2050 5037 manu

448 5075 639 5123 nostra
692 5070 942 5125 dominus
999 5070 1313 5126 Willelmus
1342 5072 1412 5126 de
1442 5071 1836 5141 Rubeomonte,
1871 5080 1925 5126 et
1954 5071 2051 5126 lilii

446 5154 619 5225 ipsius
658 5158 970 5213 Willelmus
1027 5167 1080 5213 et
1138 5160 1314 5227 Aimo,
1369 5160 1601 5214 domnus
1633 5160 1964 5227 Garncrius;
1999 5168 2051 5215 et

449 5242 545 5298 filii
575 5245 691 5313 ejus
750 5246 1082 5317 Willelmus,
1118 5247 1445 5314 Guiﬂ‘redus,
1481 5249 1796 5316 Garncrius,
1830 5250 2049 5305 Gauce-

448 5348 666 5387 rannus.
699 5333 1065 5389 Laudantibus
1097 5337 1257 5390 etiam
1287 5336 1523 5408 idipsum
1551 5338 1807 5393 uxoribus
1838 5354 2046 5404 eorum,

448 5436 569 5492 qum
598 5420 668 5475 ad
718 5437 963 5477 eremum
994 5424 1182 5479 venire
1213 5441 1321 5481 non
1348 5433 1620 5496 poterant.
1658 5425 1890 5481 Deﬁnita
1921 5443 2050 5481 vero

447 5516 570 5562 sunt
598 5509 717 5565 haec
760 5511 906 5582 apud
933 5512 1296 5581 Majorevum,
1329 5513 1384 5568 in
1414 5514 1577 5570 domo
1607 5513 1871 5582 inferiori,
1906 5529 2051 5569 anno

2152 4477 2301 4530 valle
2328 4474 2393 4529 de
2416 4476 2606 4542 i‘lleria,
2627 4476 2781 4529 dicta
2801 4492 2833 4528 a
2846 4478 3019 4545 fustis
3038 4475 3299 4531 arborum
3317 4475 3660 4537 evulsarum,
3679 4473 3762 4527 ud

2153 4562 2463 4619 coercenda
2508 4564 2812 4619 latrocinia
2848 4565 3033 4619 Iovini
3062 4566 3223 4635 Papa:
3242 4563 3454 4633 nefarii
3474 4566 3529 4616 et
3550 4562 3759 4631 ferocis

2158 4652 2357 4722 templi
2375 4652 2493 4706 Mon
2503 4652 2876 4721 tisaegrorum.
2906 4652 3111 4707 Genuit
3124 4652 3429 4720 Majorevus
3457 4649 3755 4705 Ginoldum

2154 4739 2243 4794 del
2265 4740 2519 4794 Balmeto
2536 4744 2666 4810 post
2692 4740 2934 4811 triginta
2956 4744 3169 4810 septem
3190 4744 3422 4811 nepotes
3444 4738 3510 4793 ab
3529 4740 3645 4809 ipso
3669 4736 3762 4790 di-

2152 4831 2306 4883 recte
2331 4827 2754 4893 descendentes,
2796 4829 3086 4884 Ginioldus
3118 4829 3387 4882 Pontium
3410 4827 3758 4897 procreavit,

2154 4918 2391 4971 Pontius
2417 4932 2540 4971 vero
2557 4917 2893 4982 Ritboldum,
2920 4916 3211 4972 Ritboldus
3232 4913 3614 4970 Nortboldum.
3640 4913 3760 4966 Nos

2154 5018 2288 5058 vero
2317 5003 2385 5057 ad
2416 5018 2611 5073 preces
2648 5004 2893 5058 Aimonis
2924 5004 3198 5059 domicelli
3229 5003 3318 5058 del
3342 5003 3597 5067 Balmeto,
3622 5019 3763 5071 prae.

2155 5107 2283 5145 sens
2301 5099 2695 5161 transumptum
2713 5092 2941 5147 fecimus
2963 5091 3085 5163 sigil
3095 5092 3189 5145 lari
3210 5092 3391 5163 sigillo
3414 5099 3617 5154 nostro,
3640 5098 3767 5143 tan-

2157 5196 2319 5250 quam
2378 5180 2709 5235 conveniens
2759 5197 2880 5236 cum
2932 5180 3205 5250 originali.
3275 5181 3463 5234 Testes
3510 5178 3753 5232 fuerunt.

2154 5267 2467 5321 Willelmus
2516 5268 2583 5323 de
2630 5268 2911 5339 Colongia,
2962 5268 3100 5323 Albo
3150 5268 3217 5323 de
3246 5268 3424 5321 Monte
3469 5281 3655 5331 aureo,
3689 5266 3764 5320 G.

2154 5356 2609 5426 pmnitentiarius,
2657 5358 2749 5411 Le.
2821 5357 3169 5411 senescalcus
3227 5355 3513 5411 refectorii.
3564 5356 3767 5409 Datum

2158 5460 2301 5498 anno
2332 5446 2399 5497 ab
2428 5444 2799 5499 incarnatione
2855 5445 3073 5500 Domiui
3114 5449 3269 5509 1213,
3322 5459 3510 5499 mense
3567 5443 3768 5512 Aprili,

2154 5548 2285 5587 cum
2318 5534 2501 5604 sigillo
2533 5534 2781 5603 ejusdem
2806 5534 3115 5603 pontiﬁcis.
