3972 6052
460 172 561 222 999
1350 162 1405 217 s.
1449 160 1761 217 HUGONIS
1797 157 2015 213 EPISC.
2059 141 2379 214 LINcoiN.
2422 160 2585 215 onn.
2628 158 2882 214 CARTH.
3645 156 3751 208 949

462 291 639 359 majus
668 289 800 344 illud
829 303 967 358 opus
998 288 1052 341 in
1081 283 1782 359 compendiumredegerit,
1816 284 1933 359 ipse
1964 288 2043 359 sat
2072 280 2311 359 explicat.
2330 281 2384 359 in
2413 280 2742 359 praefatione
2762 279 2885 333 libri
2916 294 2952 346 ι,
2988 276 3133 359 9191.
3154 277 3315 359 Ιξαιει-
3332 276 3638 359 Leopoldus
3686 278 3737 356 in

467 346 750 417 Adnotatis
778 346 1026 415 acc‘urate
1054 346 1366 412 observavit
1400 370 1413 409 :
1445 356 1571 409 licet
1600 346 2236 409 oinnino'fatendnm‘sit
2264 346 2698 405 abbreviatorem
2729 350 2873 404 hunc
2900 348 3133 418 amplius
3160 346 3229 401 de
3284 347 3513 416 posteris
3569 348 3742 400 meri-

466 441 648 486 turum
678 430 865 494 fuisse,
897 428 941 481 si
971 427 1199 483 resectis
1227 427 1485 480 duntaxat
1512 424 1812 479 moralibus
1841 422 2273 495 digressionibus
2294 437 2357 476 ac
2386 421 2521 476 locis
2553 420 2951 495 communibus,
2983 418 3383 495 prwfqt-ionqm
3412 418 3587 488 ipsius
3614 421 3737 487 fra-

470 503 577 557 tri:
604 502 668 556 A.
704 502 767 555 in
803 487 1009 556 librum
1042 513 1059 551 ι
1088 497 1404 567 reliquaque
1436 496 1637 559 omnia,
1662 503 1719 549 ut
1750 487 2029 567 utipaiica,
2054 492 2329 567 historiam
2360 500 2540 546 tamen
2568 508 2676 546 non
2707 491 2838 567 nihil
2868 487 3205 567 illustrantia,
3230 487 3389 567 nobis
3418 487 3743 567 Conservas-

466 579 567 644 set.
597 571 719 644 _Sed
749 570 818 644 ad
849 569 1073 644 fratrem
1104 570 1168 621 A.
1201 558 1518 644 primarium
1550 581 1761 644 magnae
1788 558 2298 644 ﬂugonianaﬂlitze
2321 572 2599 618 auctorem
2647 560 3002 627 redeundum,
3053 558 3454 627 videndumque
3509 567 3592 612 est
3620 558 3743 628 quis

466 642 567 696 sub
597 642 702 696 hoc
730 633 1304 710 principelitterarum
1326 637 1592 710 elemento
1627 633 2323 710 probabiliter_delitescat.
2358 702 2390 710 __
3066 699 3110 710 η
3276 699 3288 710 ‘
3603 698 3635 710 Δ.

539 712 682 767 Vero
711 699 843 764 mihi
873 699 1201 763 simillimum
1232 723 1450 776 semper
1478 699 1653 761 visum
1684 705 1782 759 fuit
1810 706 1953 759 hunc
1982 703 2203 776 fratrem
2232 702 2487 776 Aaalium
2514 718 2625 776 non
2655 718 2777 756 esse
2825 717 2985 776 quam
3048 699 3435 776 Alexandrum,
3474 722 3494 744 ιι
3529 699 3749 776 natione

468 779 1100 853 Anglum,_prol'essione
1128 769 1471 853 monaqlium,
1503 776 1794 853 ordinis__S.
1845 774 2121 853 Benedicti
2175 774 2317 853 apud
2371 774 2817 853 Cantuariamuet
2844 769 3065 853 tandem
3088 769 3745 853 ‘ibidemai‘ilcmnobipé.

466 840 1054 924 Augustini‘abbatem,
1094 856 1208 924 aut
1238 846 1405 924 refert
1432 848 1669 901 Joannes
1700 846 1907 900 Pitseus
1938 846 2017 924 ρῳ
2048 840 2354 924 illustribus
2379 844 2594 923 Anglia;
2633 843 3004 924 “scriptori-bus
3036 840 3106 894 ad
3136 856 3228 924 an.
3264 842 3426 924 1217ζ
3456 842 3744 924 pag._287,

468 912 643 977 ubivet
665 920 947 992 sequentia
977 912 1049 973 de
1071 918 1384 992 Alexandro
1409 924 1797 992 commemorat
1832 931 1844 968 :
1882 938 1902 960 α
1932 915 2034 992 llic
2064 930 2188 992 cum
2218 923 2363 992 esset
2393 912 2821 992 ingeniil’elicis,
2855 921 2907 967 et
2936 912 3051 966 fere
3081 926 3114 964 a
3133 912 3357 992 teneris,
3376 917 3433 963 ut
3461 912 3624 992 aiunt,
3649 927 3753 992 un:

467 992 717 1064 guiculis,
746 980 1036 1064 sollicitam
1068 989 1121 1042 in
1154 988 1312 1042 bonis
1338 987 1542 1064 artibus
1573 987 1850 1064 habuisset
1881 985 2273 1064 educationem,
2309 985 2361 1037 in
2393 980 2567 1064 virum
2596 984 2985 1064 doctissimum
3025 982 3217 1064 evasit.
3278 980 3442 1064 Cum“
3471 989 3649 1064 autem
3680 980 3751 1060 ad

468 1050 820 1118 auditionem
852 1060 1176 1115 eminentem
1197 1057 1537 1121 accessisset,
1572 1057 1802 1111 solidum
1829 1055 2110 1123 judicium,
2146 1063 2359 1109 matura
2389 1054 2696 1123 prudentia,
2730 1062 2780 1108 et
2809 1055 2945 1107 mira
2973 1052 3026 1106 in
3056 1052 3218 1106 rebus
3248 1050 3474 1123 agendis
3503 1050 3750 1123 dexter-if

470 1142 567 1195 tas,
602 1132 764 1186 multa
796 1132 955 1185 etiam
987 1130 1050 1200 in
1072 1131 1245 1183 Deum
1276 1129 1469 1197 pietas,
1495 1129 1547 1180 in
1572 1121 1888 1200 proximum
1913 1127 2162 1200 Charitas,
2194 1121 2404 1200 dignus
2425 1121 2934 1200 unanimi'_suorum
2966 1138 3237 1200 consensu
3267 1121 3476 1200 habitus
3506 1128 3607 1187 est,
3656 1121 3753 1200 qui

465 1192 565 1259 toti
592 1202 880 1259 conventui
912 1192 1295 1270 praeficeretur]
1326 1222 1347 1246 ι’
1382 1192 1488 1270 llas
1509 1192 1667 1270 notas
1688 1196 1891 1270 ingenii
1914 1195 2189 1270 animique
2228 1192 2571 1270 characteres
2596 1210 2628 1249 a
2650 1196 2836 1270 Pitsco
2871 1193 3183 1270 Alexandro
3241 1192 3466 1270 tributos
3524 1192 3753 1270 egregie

467 1273 761 1329 convenire
789 1261 942 1327 fratri
970 1274 1035 1325 A.
1072 1268 1340 1346 primariae
1363 1268 1503 1346 Vitta
1530 1269 1585 1322 S.
1620 1261 1864 1346 llugonis
1895 1261 2163 1346 scriptori,
2195 1281 2317 1319 mox
2349 1265 2598 1346 reperiet,
2635 1266 2725 1336 qui
2754 1265 2840 1346 vel
2872 1280 3036 1344 unum
3065 1278 3131 1346 ac
3160 1262 3287 1342 item
3343 1261 3601 1346 alterum;
3631 1261 3755 1341 ejus

465 1345 666 1398 librum
697 1342 841 1413 apud
870 1356 969 1395 nos
999 1332 1277 1413 evolverit,
1311 1339 1365 1413 in
1398 1338 1591 1413 quibus
1623 1332 1849 1413 insignis
1872 1352 1976 1413 pro
2007 1332 2242 1413 illumve
2272 1332 2609 1413 eruditionis,
2654 1332 2989 1413 prudentia),
3016 1332 3203 1402 judicii
3234 1347 3296 1387 ac
3351 1332 3643 1413 probitatis.
3666 1333 3756 1413 in“-

466 1414 610 1470 dicia
638 1402 869 1483 singulis
896 1426 1065 1481 prope
1097 1402 1827 1483 paginis_depreliendunfur.
1853 1402 1949 1462 Ast
1970 1407 2145 1483 pergit
2176 1406 2386 1460 Pitseus
2416 1406 2483 1460 de
2515 1402 2823 1483 Alexandro
2852 1423 2872 1483 ξ
2909 1428 2929 1451 ‹‹
2968 1406 3027 1458 In
3057 1418 3410 1483 quomunere
3441 1402 3753 1483 (abbatialil

465 1474 1055 1554 administrando'cuin
1087 1474 1144 1532 se
1174 1474 1243 1532 ad
1275 1474 1502 1554 aliquot
1532 1494 1703 1532 annos
1735 1485 1949 1531 strenue
1970 1474 1985 1476 “
2006 1474 2410 1554 prudenterque
2449 1477 2731 1545 gessisset,
2765 1484 2817 1554 et
2847 1474 2988 1529 fama
3018 1475 3277 1554 virtutum
3310 1474 3425 1542 ejus
3453 1488 3625 1552 usque
3678 1474 3756 1526 ad

465 1555 637 1625 ipsius
666 1553 811 1625 regis
838 1550 1060 1606 Joannis
1090 1546 1641 1625 aurespervenisset,
1676 1565 1772 1602 rex
1800 1563 1925 1601 eum
1945 1548 2224 1625 consuluit
2253 1563 2417 1616 super
2441 1546 2833 1625 controversiis
2863 1562 2997 1616 quas
3026 1561 3091 1599 eo
3121 1553 3364 1623 tempore
3393 1546 3755 1625 gravissimas

463 1613 655 1679 liabuit
684 1613 807 1678 etim
839 1635 1051 1675 summo
1089 1613 1358 1692 pontifice.
1394 1619 1700 1692 Alexander
1722 1634 1911 1690 regem
1942 1618 1997 1671 in
2026 1633 2179 1692 spem
2210 1613 2796 1692 bonam_induxit,_rex
2826 1613 3044 1692 omnem
3084 1614 3337 1684 componi
3354 1613 3529 1692 _pOsse
3554 1613 3753 1692 uicti:

467 1704 608 1749 tans.
641 1694 779 1749 Cum
807 1693 985 1758 itaque
1016 1685 1106 1745 rex
1148 1690 1423 1744 hominem
1452 1690 1506 1743 in
1539 1705 1668 1743 suas
1698 1685 1879 1758 paries
1910 1685 2155 1741 nonnihil
2186 1687 2613 1756 propendentem
2659 1686 3130 1757 deprehendisset,
3172 1700 3315 1739 anno
3354 1685 3567 1758 Domini
3590 1687 3753 1758 1206,

467 1781 592 1820 eum
620 1764 869 1836 legatum
894 1754 1121 1836 Romam
1151 1754 1737 1836 superdictopegotio
1767 1759 1930 1812 misit.
1964 1760 2023 1811 ln
2054 1774 2158 1829 qua
2188 1754 2457 1836 legatione
2486 1765 2593 1811 tam
2623 1754 2807 1836 aperte
2839 1773 2908 1836 se.
2954 1772 3078 1836 proh
3098 1754 3750 1836 regestare‘declaravi‘t,

466 1836 622 1906 eique
652 1824 764 1889 tam
802 1833 1035 1887 fideliter
1068 1831 1123 1885 in
1162 1824 1412 1906 omnibus
1442 1824 1688 1897 adhzesit,
1738 1837 1795 1883 ut
1852 1824 2105 1906 magnam
2127 1824 2491 1906 advicrsarum
2540 1824 2794 1906 part—ium“
2810 1824 3255 1906 sibioconllaverit
3284 1825 3561 1906 invidiam.
3582 1824 3757 1906 .Unde

467 1894 667 1961 factum
700 1912 782 1959 est
808 1911 867 1958 ut
895 1918 1151 1957 successu
1180 1901 1456 1970 temporis,
1494 1916 1625 1970 rege
1654 1894 1887 1970 mortuo,
1930 1894 1971 1953 εἰ
1994 1899 2311 1970 Pandulpho
2358 1894 2565 1970 summi
2609 1898 2882 1970 pontificis
2911 1897 2965 1950 in
3012 1896 3210 1970 Anglia
3238 1896 3436 1966 legato,
3458 1894 3621 1970 fuerit
3650 1911 3755 1949 ex-

468 1974 916 2038 communicatus,
950 1972 1204 2042 omnique
1236 1965 1604 2042 ec'clesiasticvo
1634 1967 1917 2042 beneﬁcio,
1935 1985 2178 2042 munere
2205 1965 2260 2023 et
2291 1968 2563 2042 iunctione
2592 1965 2854 2042 privatus.
2884 1973 3059 2042 Atque
3088 1965 3157 2020 ita
3185 1965 3364 2042 ferunt
3391 1982 3513 2021 eum
3533 1966 3586 2018 in
3610 1980 3756 2035 pau-

467 2054 677 2117 pertate
709 2052 762 2099 et
790 2036 1013 2117 miseria
1041 2036 1202 2096 vitam
1232 2041 1492 2117 finivisse.
1532 2065 1552 2087 η
1588 2042 1858 2117 Hactenus
1887 2040 2097 2093 Pitseus
2128 2040 2197 2093 de
2227 2036 2767 2117 _Alexandroh,_'cujus‘
2788 2036 3013 2117 aliorum
3044 2036 3247 2116 ingenii
3278 2046 3755 2117 monumentorum

467 2106 778 2188 catalogum
807 2114 927 2169 loco
957 2113 1120 2168 citato
1136 2112 1297 2188 texit,
1331 2112 1608 2188 additque,
1648 2134 1667 2156 ‹‹
1839 2127 1962 2165 eum
1984 2126 2157 2181 usque
2178 2110 2245 2163 ad
2275 2125 2475 2163 annum
2521 2110 2717 2163 Christi
2751 2111 2887 2166 1217
2926 2108 3261 2179 pervenisse,
3297 2122 3403 2179 quo
3434 2106 3662 2161 feliciter
3694 2108 3752 2161 in

465 2182 675 2274 An‘glia'
688 2200 917 2265 regnum
946 2199 1105 2237 suum
1135 2182 1409 2274 inchpavit
1440 2182 1704 2274 Henricus
1733 2182 1883 2274 111..»

537 2245 618 2311 Ex
648 2256 733 2309 his
749 2245 928 2325 porro
958 2268 1157 2330 novum
1188 2253 1356 2330 robur
1386 2252 1710 2330 conject_urzn
1740 2259 1943 2330 nostrae
1972 2250 2040 2330 de
2062 2249 2396 2330 Alexandro,
2428 2265 2644 2329 magna:
2670 2250 2804 2305 Vitae
2861 2248 3199 2330 liugonianae
3240 2255 3466 2330 auctore
3507 2245 3746 2330 accedit.

464 2327 606 2382 Nam
635 2317 779 2380 hunc
808 2340 917 2378 non
947 2323 1123 2377 solum
1153 2322 1219 2377 ad
1249 2338 1444 2375 annum
1476 2317 1632 2385 1217,
1666 2321 1761 2375 sed
1785 2322 1942 2374 etiam
1964 2321 2030 2374 ad
2054 2324 2190 2375 1220
2220 2317 2556 2389 pervenisse,
2591 2328 2738 2390 patet
2769 2337 2834 2375 ex
2862 2317 2981 2373 libri
3014 2334 3050 2381 ι,
3084 2335 3201 2390 cap.
3237 2323 3286 2382 9,
3321 2319 3413 2390 ubi
3440 2317 3600 2373 refert
3630 2319 3751 2371 IIu-

506 2412 663 2452 onem
695 2394 1072 2450 canonizatum
1101 2409 1133 2448 a
1162 2408 1323 2463 papa,
1357 2393 1411 2445 id
1440 2393 1583 2463 quod
1613 2392 1861 2463 evenisse
1893 2392 2017 2463 sub;
2041 2391 2278 2463 Honorio
2326 2391 2399 2463 ΙΙΙ
2445 2388 2607 2463 dicto‘
2630 2407 2789 2463 anno,
2822 2407 2887 2445 ex
2944 2389 3225 2463 Raynaldo
3256 2388 3616 2463 certissimum
3637 2396 3749 2463 est.

506 2414 663 2452 onem
695 2414 1072 2450 canonizatum
1101 2414 1133 2448 δ.
1162 2414 1323 2463 papa,
1357 2414 1411 2445 lu
1440 2414 1583 2463 quou
1613 2414 1861 2447 evenlssc
1893 2414 1991 2445 suu
2041 2414 2278 2445 nuuuriu
2327 2414 2399 2443 ιιι
2445 2414 2587 2445 (1ιῦιο
2630 2414 2774 2444 dum)
2822 2414 2887 2445 ex
2944 2414 3225 2459 nayumuu
3256 2414 3616 2443 cerussmiuui
3646 2414 3749 2442 est.

464 2414 625 2537 διιοά
654 2466 700 2520 si
728 2466 813 2537 cui
852 2465 940 2519 hic
968 2464 1121 2537 locus
1152 2470 1451 2537 suspectus
1466 2462 1553 2526 sit,
1587 2471 1639 2517 et
1668 2462 1944 2533 glossema
1973 2461 2368 2537 abbreviatoris
2388 2531 2399 2537 _
2411 2461 2678 2537 videatur,
2714 2462 2902 2515 saltem
2929 2477 3029 2537 _ex_
3066 2459 3326 2537 prologo_
3349 2459 3533 2537 libri_v
3564 2459 3751 2528 palam

465 2528 567 2603 est,
602 2554 725 2592 eum
755 2536 931 2590 adhuc
951 2535 1150 2588 vixisse
1181 2541 1233 2588 et
1251 2528 1547 2603 scripsisse
1568 2528 1711 2587 anno
1734 2536 1891 2599 1212,
1912 2532 2002 2602 qui
2019 2532 2240 2603 Joannis
2256 2531 2473 2603 Anglia:
2494 2532 2641 2602 regis
2672 2540 2892 2602 quartus
2913 2528 3157 2603 decimus
3179 2528 3281 2596 est,
3313 2528 3753 2600 ipsissimusque,

466 2625 574 2680 quo
606 2606 1169 2680 senseribere‘ibidem
1192 2602 1444 2680 testatur.
1478 2604 1613 2680 _V_ide
1643 2602 2226 2680 adnotataﬂdoctissimi
2253 2602 2622 2680 Wydemanni
2652 2603 2727 2680 ad
2762 2603 2903 2657 hunc
2932 2602 3131 2680 locum.
3158 2602 3348 2680 Itaque
3372 2616 3494 2655 cum
3516 2609 3567 2653 et
3584 2608 3748 2680 aetas,

466 2670 520 2734 et
557 2677 806 2754 eruditio,
847 2685 900 2754 et
926 2676 1107 2754 littera
1132 2675 1349 2727 initialis
1382 2674 1850 2754 inHAlexandrum,
1882 2670 2415 2754 Cantuariens‘em’S.
2442 2673 2731 2754 Augustini
2755 2674 3080 2754 monachum
3102 2680 3155 2725 et
3180 2670 3434 2754 abbatem
3457 2670 3752 2754 quadrent,

466 2764 569 2803 nec
600 2748 667 2801 de
688 2747 796 2801 ullo
824 2747 928 2799 alio
960 2745 1200 2811 ejusdem
1233 2744 1486 2810 cuenobii,
1516 2752 1645 2799 tunc
1675 2744 1912 2815 quidem,
1947 2743 2107 2815 claro
2130 2743 2412 2815 scriptore,
2435 2813 2442 2815 _
2466 2740 2618 2812 cujus
2650 2759 2848 2797 nomen
2874 2743 2940 2798 ab
2972 2746 3035 2797 A.
3068 2742 3369 2815 incaeperit,
3403 2740 3632 2815 constet,
3666 2740 3757 2794 vix

467 2818 821 2872 dubitandum
851 2810 1083 2886 amplius
1112 2814 1345 2880 videtur,
1377 2817 1622 2886 fratrem
1660 2810 1730 2869 A.
1783 2830 2019 2886 magna;
2069 2814 2201 2886 Vitae
2230 2810 2571 2886 liugonianm
2601 2823 2897 2886 auctorem,
2930 2814 3193 2886 eumdem
3212 2810 3336 2867 esse
3356 2810 3747 2886 Alexandrum.

467 2890 671 2945 Verum
702 2888 770 2941 de
800 2882 965 2941 fratre
994 2888 1059 2939 A.
1092 2886 1245 2952 cujus
1273 2882 1411 2955 Opus
1442 2885 1715 2956 integrum
1750 2884 1865 2938 sine
1890 2882 2061 2938 dubio
2091 2884 2223 2941 vidit
2254 2882 2573 2938 Laurentius
2604 2884 2814 2953 Surius,
2848 2892 2902 2939 et
2955 2884 3010 2938 in
3053 2884 3200 2938 aliud
3239 2882 3621 2954 compendium
3652 2896 3754 2936 suo

468 2958 608 3029 stylo
638 2958 864 3030 redegit,
898 2958 1177 3012 hactenus.

1713 3181 2525 3279 DISSERTATIO

842 3327 940 3392 De
971 3344 1150 3391 anno
1183 3345 1314 3409 quo
1348 3329 1411 3391 S.
1448 3328 1646 3407 Hugo
1680 3328 1749 3388 in
1783 3326 2176 3406 episcopum
2208 3326 2765 3391 Lincolniensem
2801 3329 3236 3391 consecratus
3264 3329 3368 3391 sit.

537 3540 791 3621 §anctum
809 3540 1093 3621 Hugonem
1115 3540 1216 3621 die.
1315 3540 1549 3621 Matthaei
1572 3540 1804 3610 apostoli
1834 3548 1885 3595 et
1904 3556 2061 3621 evan-
2080 3544 2134 3601 Α
2163 3540 2291 3621 dum
2334 3556 2475 3621 esse.
2538 3540 2739 3621 Yerum
2770 3540 2847 3620 in.
2883 3542 3029 3620 Acta.
3064 3556 3096 3593 a
3150 3539 3307 3619 Surio
3357 3539 3501 3621 edita
3531 3542 3757 3621 “nullum

505 3612 675 3667 elistae
717 3612 772 3666 in
834 3609 1147 3681 episcopum
1194 3609 1627 3665 Lincolniensem
1687 3618 2055 3667 consecratum

492 3684 655 3747 uisse,
690 3697 756 3737 ac
783 3697 928 3736 anno
960 3685 1115 3742 1200,
1152 3681 1239 3735 die
1262 3684 1326 3735 16
1356 3682 1444 3735 vel
1478 3682 1762 3736 17mensis
1781 3682 1921 3737 Nov.
1954 3682 2057 3736 ob—

462 3754 594 3807 iisse
643 3767 871 3807 concors
926 3752 1246 3821 scriptorum
1304 3751 1572 3806 sententia
1602 3760 1703 3805 est.
1763 3753 1962 3806 Verum
1990 3752 2059 3806 de

465 3838 609 3877 anno
631 3822 848 3893 quoilla
869 3822 1204 3877 consecratio
1244 3822 1504 3893 evenerit,
1538 3837 1647 3875 non
1676 3822 1819 3893 idem
1868 3837 2059 3893 omnes

464 3891 723 3946 statuunt.
756 3893 1039 3963 Baronius,
1073 3891 1384 3961 Raynaldus
1413 3900 1466 3946 et
1497 3892 1761 3945 Antonius
1779 3892 1974 3963 Pagius
2004 3893 2057 3945 in

464 3962 647 4017 critica
677 3962 915 4025 Baronii,
974 3963 1269 4029 Rogerium
1325 3970 1377 4016 et
1430 3962 1738 4017 Mattlizeum
1790 3962 2056 4016 Parisium

464 4032 654 4099 secuti,
679 4032 1013 4086 contendunt
1034 4033 1319 4102 Hugonem
1337 4040 1712 4087 consecratum
1730 4032 1896 4085 fuisse
1914 4047 2058 4086 anno

465 4106 623 4156 1186.
643 4102 851 4174 Neque
880 4101 947 4155 de
978 4102 1082 4174 hoc
1111 4116 1256 4155 anno
1287 4101 1353 4154 lis
1384 4102 1673 4174 admodum
1704 4102 1908 4157 moveri
1938 4119 2060 4172 pos-

465 4180 567 4237 set,
601 4172 704 4226 nisi
735 4172 921 4227 auctor
978 4172 1110 4227 Vita}
1174 4186 1335 4241 quam
1408 4172 1497 4227 hic
1551 4173 1820 4238 dedimus,
1852 4180 1906 4227 et
1934 4188 2059 4228 cum

465 4257 532 4298 eo
554 4242 876 4297 Laurentius
899 4242 1110 4311 Surius,
1139 4240 1417 4296 dubitandi
1466 4242 1811 4298 occasionem
1847 4243 2058 4314 prabe-

464 4319 608 4367 rent.

534 4387 613 4437 Ac
641 4390 830 4454 auctor
875 4382 1093 4454 quidem
1137 4383 1293 4448 Vitae,
1353 4381 1478 4438 licet
1538 4384 1886 4452 praedictum.
1956 4400 2058 4439 nec

464 4452 633 4507 ullum
661 4452 908 4507 definite'
931 4454 1098 4507 alium
1151 4454 1579 4508 consecrationis
1637 4471 1835 4509 annum
1865 4454 1917 4508 in
1958 4470 2057 4508 sua

463 4523 689 4577 historia
718 4523 931 4593 uspiam
963 4532 1371 4593 commemoret,
1400 4539 1499 4593 pro
1528 4540 1672 4579 anno
1708 4533 1889 4579 tamen
1921 4528 2056 4578 1085

462 4594 642 4664 potius
664 4609 824 4664 quam
856 4602 1116 4663 sequente
1134 4595 1368 4659 stetisse,
1403 4611 1468 4649 ex
1490 4595 1722 4649 diversis
1752 4596 1906 4659 locis,
1930 4612 2053 4649 mox

462 4663 816 4736 adducendis,
866 4664 1151 4718 manifeste
1212 4665 1503 4736 colligitur.
1566 4666 1774 4730 Surius,
1837 4666 1927 4736 qui
1957 4682 2056 4720 nec

462 4734 579 4804 ipse
608 4735 663 4788 in
692 4742 943 4789 contextu
966 4750 1167 4789 annum
1194 4734 1463 4805 exprimit,
1498 4736 1626 4789 dum
1655 4751 1827 4789 annos
1856 4734 1910 4789 et
1937 4736 2055 4789 dies

461 4806 529 4858 ab
549 4814 771 4860 auctore
830 4805 963 4859 Viue
1010 4805 1062 4859 in
1110 4804 1337 4874 prologo
1368 4804 1461 4859 lib.
1497 4820 1535 4858 ιι
1564 4804 1770 4874 positos
1823 4805 2048 4875 colligit,

2160 3611 2378 3680 irrepsit
2416 3610 2691 3677 mendum,
2745 3611 2850 3665 nisi
2886 3626 2919 3664 a
2947 3610 3208 3680 primario
3260 3617 3483 3665 auctore
3527 3609 3759 3666 forsitan

2159 3691 2282 3735 ante
2296 3681 2533 3748 Surium,
2567 3697 2754 3735 errore
2784 3682 2873 3735 vix
2896 3681 3159 3749 credibili,
3191 3680 3509 3735 admissum.
3535 3684 3759 3737 Auctori

2161 3761 2341 3807 autem
2384 3753 2429 3805 si
2465 3767 2575 3805 non
2612 3752 2891 3819 majorem,
2952 3752 3141 3806 saltem
3183 3767 3290 3805 non
3340 3752 3604 3806 minorem
3639 3754 3760 3806 Tri-

2160 3824 2330 3876 buero
2361 3821 2545 3886 fidem,
2580 3838 2743 3892 quam
2774 3839 2895 3892 quae
2934 3822 3173 3893 Rogerio
3202 3831 3291 3876 aut
3321 3822 3525 3877 Parisio
3556 3823 3757 3877 tribui-

2159 3900 2264 3947 tur.
2290 3893 2386 3946 Ille
2409 3895 2551 3946 enim
2583 3893 2723 3946 ultra
2770 3893 3063 3947 triennium
3100 3894 3161 3947 S.
3228 3894 3442 3962 Hugoni
3473 3893 3761 3949 familiaris

2160 3962 2277 4031 fuit,
2310 3970 2362 4015 et
2392 3963 2446 4016 in
2478 3965 2579 4017 hac
2598 3964 2728 4028 vita,
2752 3963 2888 4017 sicut
2908 3980 2972 4018 ex
3001 3963 3203 4018 nostris
3240 3964 3381 4018 notis
3412 3970 3465 4017 et
3491 3964 3759 4019 observa-

2160 4033 2396 4113 tionibus
2426 4034 2614 4112 liquet,
2644 4034 2883 4113 accurati
2912 4034 3193 4113 scriptoris
3214 4042 3410 4113 partes
3454 4043 3761 4113 exsecutus

2159 4110 2265 4156 est.
2308 4104 2575 4172 Rogerius
2607 4120 2759 4169 vero,
2794 4105 2918 4159 licet
2947 4104 3279 4173 subaequalis
3330 4104 3510 4169 fuerit,
3564 4114 3756 4174 utpote

2161 4180 2299 4227 teste
2332 4173 2548 4228 Oudino
2582 4182 2712 4228 tom.
2764 4175 2837 4228 III
2887 4174 3027 4228 Hist.
3070 4175 3268 4245 Script.
3328 4175 3486 4239 eccl.,
3521 4173 3755 4239 col.’96,

2160 4258 2247 4296 an.
2277 4246 2415 4299 1237
2458 4252 2726 4311 mortuus,
2760 4259 2863 4299 nec
2909 4253 3089 4299 tamen
3121 4254 3310 4300 sancto
3358 4245 3617 4313 convixit,
3650 4263 3758 4302 nec

2160 4314 2275 4395 ejus
2304 4315 2470 4394 vitam
2498 4314 2761 4395 singulari
2790 4314 2969 4395 studio
2992 4315 3241 4395 digessit.
3278 4316 3517 4395 Barisius
3546 4327 3753 4384 autem,

2159 4384 2396 4456 Rogerio
2417 4384 2705 4449 recentior,
2731 4386 3011 4456 exeodem
3040 4384 3194 4456 plura
3211 4386 3264 4439 in
3282 4386 3572 4456 Historiam
3595 4404 3757 4441 suam

2158 4454 2448 4519 transtulit,
2473 4463 2530 4509 ut
2560 4456 2704 4509 idem
2734 4454 2895 4509 refert
2918 4454 3182 4522 Oudinus,
3205 4456 3295 4510 cit.
3328 4455 3455 4520 loc.,
3481 4456 3584 4511 col.
3621 4462 3751 4511 211.

2160 4526 2253 4578 llis
2284 4525 2583 4595 praemissis
2614 4524 2895 4579 aﬁ‘erenda
2929 4527 3042 4595 jam
3101 4534 3225 4579 sunt
3253 4526 3373 4580 loca
3404 4543 3469 4579 ex
3501 4527 3601 4580 hac
3632 4528 3758 4596 ipsa

2160 4596 2294 4662 Vita,
2331 4595 2525 4668 quibus
2554 4596 2873 4668 ostendatur
2900 4606 3145 4652 sanctum
3178 4597 3462 4668 Hugonem
3494 4595 3755 4666 praeisse

2157 4681 2299 4719 anno
2322 4669 2459 4719 1185
2502 4667 2553 4719 in
2594 4666 2910 4735 episcopum
2941 4666 3319 4722 consecratum
3348 4666 3535 4721 fuisse.

2230 4737 2268 4789 Ι.
2298 4737 2530 4815 Prologo
2558 4736 2651 4790 lib.
2671 4752 2717 4815 _u
2744 4738 2991 4815 agnoscit
3012 4746 3197 4815 auctor
3228 4738 3437 4815 Vitae-8.
3462 4738 3754 4815 nugonem

2165 4829 2186 4852 «
2221 4806 2378 4859 annis
2428 4806 2511 4860 bis
2559 4808 2713 4879 senis
2754 4806 2803 4860 ei
2833 4807 3026 4862 diebus
3074 4809 3466 4879 quinquaginta
3520 4806 3696 4861 tribus
3727 4830 3749 4858 ι

462 4884 605 4948 recte
634 4875 817 4948 scribit
841 4894 909 4948 ;_«
948 4877 1104 4947 Ilugo
1128 4876 1298 4948 tenuit
1330 4876 1660 4948 cathedram
1683 4875 2052 4948 episcopalem
2076 4891 2125 4948 Β
2158 4885 2292 4948 ante
2308 4893 2470 4948 suum
2511 4877 2577 4930 ad
2619 4894 2740 4931 eum
2792 4892 3071 4932 accessum
3094 4875 3274 4932 'fuisse
3304 4875 3619 4948 episcopum
3646 4899 3659 4943 ;
3698 4888 3755 4932 et

461 4946 937 5017 annisquindecim
969 4954 1019 5017 et
1042 4944 1438 5017 quinquaginta
1459 4954 1581 4999 octo
1612 4946 1823 4999 diebus.
1855 4944 1886 4993 »ἶ
1912 4947 2053 5017 Anni

462 5015 731 5083 siquidem
754 5023 806 5069 et
835 5016 954 5069 dies
976 5016 1028 5068 in
1068 5015 1295 5083 prologo
1316 5016 1385 5068 ab
1426 5024 1646 5071 auctore
1682 5016 1969 5070 memorati
2000 5025 2051 5070 et

461 5100 494 5139 a
526 5085 684 5139 Surio
737 5086 929 5154 putati,
959 5086 1182 5139 totidem
1230 5086 1379 5154 ipsos
1409 5101 1581 5139 annos
1627 5096 1679 5140 et
1712 5087 1830 5140 dies
1873 5086 2047 5141 conﬁ-

460 5156 609 5227 ciunt
645 5171 656 5207 :
689 5156 779 5226 qui
811 5156 854 5208 si
875 5156 1255 5227 abstrahamur
1286 5171 1317 5209 a
1347 5155 1433 5209 die
1465 5159 1529 5208 16
1578 5156 1920 5222 Novembris,
1946 5174 2046 5227 qua

458 5226 516 5280 S.
549 5226 706 5297 [Iugo
760 5239 903 5280 anno
957 5229 1152 5297 120‘070
1182 5226 1317 5279 vivis
1349 5227 1601 5289 excessit,
1653 5243 1937 5282 necessum
1966 5226 2048 5281 est

458 5312 583 5350 eum
631 5295 1005 5351 eonsecratum
1039 5295 1204 5349 fuisse
1260 5312 1403 5349 anno
1454 5299 1607 5359 11833,
1652 5313 1757 5351 non
1788 5313 1929 5351 anno
1962 5314 2046 5351 se-

458 5375 676 5438 quente.
714 5365 1023 5436 [iaynaldus
1044 5374 1173 5420 tom.
1214 5367 1341 5420 XIII
1373 5367 1588 5431 Annal.,
1619 5383 1746 5491 pag.
1784 5369 1869 5435 48,
1904 5368 2045 5421 arbi-

458 5445 630 5491 tratur
657 5440 795 5491 Acta
824 5436 879 5489 in
908 5452 1135 5491 numero
1165 5451 1429 5491 annorum
1456 5437 1654 5491 mendo
1711 5439 1959 5491 aborare.
1995 5447 2045 5491 et

456 5436 630 5491 tratur
657 5440 795 5493 Acta
824 5436 879 5489 in
908 5452 1135 5491 numero
1165 5451 1429 5492 annorum
1456 5437 1654 5491 mendo
1690 5436 1959 5503 iaborare,
1995 5447 2047 5492 et

454 5506 576 5565 loco
603 5522 865 5563 annorum
888 5507 1223 5579 quindecim,
1258 5515 1403 5577 putat
1423 5508 2045 5579 quatuordecimlegen-

2163 4946 2344 5000 subdit
2392 4963 2450 5000 se
2496 4948 2562 4999 ab
2592 4964 2657 5000 eo
2710 4956 2953 5017 tempore
2996 4970 3017 4998 «
3060 4948 3215 5002 annis
3254 4946 3425 5002 tribus
3464 4946 3516 5002 et
3555 4950 3752 5003 diebus

2159 5017 2397 5088 quinque
2434 5037 2455 5066 ι
2482 5033 2772 5088 nunquam,
2823 5019 2926 5072 nisi
2957 5034 3066 5073 una
3120 5019 3277 5073 unica
3315 5028 3496 5085 nocte,
3526 5020 3595 5073 ab
3634 5021 3752 5085 ejus

2158 5086 2701 5160 comitatuiabl‘uis‘se,
2735 5090 3048 5160 dumwllugo
3068 5098 3256 5160 postea
3287 5090 3437 5145 vixit.
3487 5090 3625 5144 Anni
3672 5091 3747 5157 hi,

2157 5156 2351 5210 diebus
2373 5158 2628 5225 adjuncti,
2656 5160 2784 5213 dum
2816 5156 3084 5214 eﬂiciu‘nf
3107 5175 3282 5215 annos
3314 5164 3380 5214 15
3429 5167 3483 5215 et
3510 5163 3576 5213 58
3607 5156 3748 5223 dies,

2156 5228 2429 5301 deducunt
2458 5245 2558 5301 nos
2590 5230 2659 5283 ad
2688 5245 2890 5285 annum
2925 5234 3079 5294 1185,
3116 5239 3169 5284 et
3197 5231 3429 5301 probant
3473 5231 3575 5284 hoc
3604 5246 3752 5284 anno

2156 5298 2442 5369 Hugonem
2471 5298 2668 5353 factum
2690 5316 2810 5355 esse
2834 5301 3169 5371 episcopum,
3190 5298 3245 5354 ut
3274 5302 3494 5359 cuilibet
3518 5301 3750 5355 intuenti

2155 5377 2325 5438 patet.
2924 5400 2935 5411 .

2228 5440 2293 5493 ll.
2328 5440 2488 5512 Libro
2519 5456 2572 5503 v,
2608 5455 2656 5494 c.
2688 5444 2739 5508 ’7,
2770 5442 2887 5496 haec
2914 5440 3173 5512 leguntur
3206 5460 3218 5494 :
3257 5466 3277 5488 «ι
3316 5442 3591 5496 Hactenus
3632 5440 3753 5497 fere

2154 5526 2254 5579 per
2279 5511 2543 5567 tredecim
2559 5526 2732 5565 annos
2764 5527 2795 5565 a
2824 5511 2990 5567 rectis
3005 5512 3473 5581 przedecessorum
3502 5527 3753 5568 meorum
