3972 6052
352 72 452 127 943

1212 65 1274 120 S.
1323 62 1638 127 HUGONIS
1676 61 1894 118 EPISC.
1936 59 2258 116 LINCOLN.
2303 59 2467 116 0RD.
2510 59 2761 116 CARTH.

3547 57 3665 111 944-

356 196 512 251 1185.
543 191 823 248 Nominari
863 198 1044 245 autem
1086 189 1327 260 potuisse
1372 204 1405 244 a
1450 204 1583 259 rege
1638 188 2031 255 Walterum-A
2052 202 2237 260 regem
2267 185 2569 260 Anglorum
2624 182 3171 260 inﬁrmitatetactum
3209 181 3528 260 _visitavit_n
3560 181 3652 233 Id.

354 279 497 339 anno
529 267 719 339 i183,_
747 263 891 339 circa
922 276 1168 317 mensem
1213 260 1480 339 Martium,
1522 267 1729 339 posset
1756 274 1949 339 “exeo

358 334 544 408 colligi
575 328 723 408 quod
750 332 1001 408 Galterus
1031 346 1175 408 anno
1225 334 1380 408 l_1_82,
1424 330 1479 384 in
1506 328 1594 383 die
1614 328 1949 408 Epiphaniae,

357 398 743 479 resignat-Iern,
798 402 1155 479 Walterusei
1184 398 1407 479 quidem
1452 398 1952 479 successerithsed

363 469 608 532 nonvnisi
653 469 814 530 unius
841 474 966 527 anni
1017 469 1308 543 episcopus
1354 471 1646 526 Lincolniaa
1692 469 1883 543 fuerit,
1903 477 1955 524 et

362 546 636 603 Rotrodus
667 560 809 600 anno
843 548 978 599 1183
1008 540 1409 599 mense—tamen
1440 543 1670 605 incerto,
1715 540 1909 595 obierit
1936 556 1950 593 :

361 627 415 674 et
454 617 601 689 quod
631 614 914 689 Walterus
943 615 1091 689 ideo,
1120 622 1258 669 teste
1289 612 1532 689 Giraldo,
1558 611 1834 689 Lincolnia
1855 611 1957 665 Ro.

358 681 685 759 thomagum
707 687 1003 759 translatus
1050 685 1135 759 sit,
1170 692 1227 738 ut
1255 684 1370 755 regi
1409 684 1465 759 in
1497 681 1739 737 consiliis
1771 689 1823 736 et
1866 696 1955 759 ar:

362 760 485 816 duis
506 750 741 830 négotiis
761 756 1010 830 proprius
1026 750 1241 830 adesset
1262 770 1275 807 :
1299 750 1419 830 qua):
1439 752 1578 830 forte
1599 768 1763 830 causa
1772 794 1793 830 ,_
1809 750 1955 823 quod

362 848 393 885 a
422 846 556 901 rege
579 822 696 884 non
724 822 887 898 longe
914 826 983 901 ab
1016 826 1166 881 obitu
1195 822 1422 881 Rotrodi
1450 823 1750 880 Walterius
1780 822 1839 876 in
1865 838 1953 877 ar-

366 897 773 981 chiepiscopum
800 897 1189 981 nominaretur.

434 963 530 1025 His
559 963 788 1042 quatuor
818 967 1113 1042 rationibus
1143 966 1390 1042 inducor,
1422 963 1731 1030 utcredam,
1753 977 1953 1042 secun-

364 1042 491 1098 dum
519 1037 754 1096 mentem
782 1038 1013 1095 auctoris
1045 1038 1181 1093 Vita;
1204 1037 1260 1092 S.
1293 1037 1578 1108 Hugonem
1619 1050 1762 1089 anno
1794 1037 1951 1100 1185,

364 1113 452 1168 die
483 1112 539 1167 S.
573 1110 829 1177 Matthaei,
865 1110 918 1164 in
949 1109 1262 1179 episcOpum
1295 1105 1729 1179 Lin'colniensem
1762 1119 1955 1160 conse-

365 1190 575 1259 cratum
605 1181 792 1259 fuisse.
827 1177 997 1236 Ratio
1011 1177 1185 1259 prima
1216 1185 1268 1232 et
1298 1177 1537 1259 secunda
1566 1191 1664 1255 pro
1686 1177 1790 1255 hoc
1810 1189 1954 1229 anno

365 1253 498 1309 satis
528 1252 832 1325 perspicuae
851 1259 916 1325 _et
945 1249 1221 1325 evidentes
1250 1256 1394 1325 sunt,
1427 1262 1529 1302 nec
1564 1249 1954 1325 minoris-pon-

364 1325 513 1381 deris
529 1316 688 1379 “ratio
746 1321 919 1386 tertia,
965 1336 1090 1376 cum
1143 1319 1571 1373 Bartholomaeus
1629 1316 1955 1371 Oxoniensis

360 1396 514 1465 juxta
550 1393 789 1449 Annales
827 1390 1238 1465 Wintonienses
1294 1404 1437 1443 anno
1467 1390 1601 1465 l_i86
1658 1386 1869 1465 obierit,
1903 1394 1956 1442 et

365 1457 559 1521 eodem
607 1478 750 1519 anno
807 1461 1108 1517 secundum
1140 1460 1438 1514 Trivettum
1482 1459 1717 1513 Joannes
1776 1457 1953 1513 eidem

364 1535 714 1591 successerit.
746 1533 950 1604 Quarto
979 1547 1108 1587 vero
1158 1531 1289 1584 ratio
1312 1546 1441 1604 cum
1502 1544 1567 1583 ex
1598 1526 1782 1604 multis
1840 1528 1952 1582 cir-
1976 1544 2028 1604 Β

367 1605 703 1662 cumstantiis
736 1597 1059 1674 dependeat,
1092 1600 1328 1674 quagvel
1353 1616 1493 1657 vera:
1534 1598 1620 1674 vel
1642 1597 1955 1674 _falsze_esse

362 1686 609 1748 possunt,
642 1669 837 1730 eruditi
866 1673 1086 1729 lectoris
1110 1669 1322 1741 judicio
1343 1679 1395 1726 et
1424 1669 1656 1725 examini
1712 1669 1951 1737 subjecta

364 1754 503 1803 CSlO.
1402 1774 1421 1785 ν

437 1819 607 1873 Porro
638 1816 766 1887 quid
795 1814 1051 1887 huicpro
1084 1828 1226 1887 anno
1261 1810 1710 1887 ll8i_5_sentent_ia3
1757 1817 1959 1887 nostrae

363 1904 429 1945 ex
460 1889 565 1944 bac
595 1881 718 1943 Vita
746 1881 1165 1957 opponi'possit,
1196 1900 1305 1939 non
1336 1883 1515 1938 video.
1542 1882 1785 1957 Dubium
1831 1881 1953 1935 uni-

365 1974 491 2016 cum
521 1965 702 2013 movet
729 1952 1016 2021 Trivettus,
1050 1955 1119 2009 ad
1147 1956 1291 2009 hunc
1329 1969 1529 2008 annum
1560 1953 1632 2007 ita
1666 1952 1911 2008 scribens
1944 1967 1957 2007 :

367 2054 388 2079 ιι
423 2030 537 2085 Rex
566 2028 863 2099 Anglorum
895 2042 1040 2099 mare
1050 2025 1333 2099 iransiens
1384 2024 1528 2099 diem
1578 2023 1801 2099 Pascha
1847 2023 1961 2076 Ro-

362 2100 605 2172 thomagi
634 2094 950 2156 c'elebravit.
986 2117 1008 2148 ι
1045 2097 1112 2152 Ει
1141 2097 1375 2152 iterum:
1413 2117 1433 2142 «
1480 2096 1593 2150 Rex
1631 2094 1961 2149 Francorum

1181 2382 1863 2518 SANCTI

2053 251 2191 312 Nov.
2233 282 2254 305 η
2288 251 2601 311 Εῖάθωωῃ
2619 256 2687 309 ad
2719 270 2921 309 annum
2943 258 3078 309 1186
3113 269 3124 307 :
3164 274 3185 304 ι
3209 254 3323 308 Rex
3344 251 3657 324 Anglorum

2055 343 2164 407 una
2211 344 2335 383 cum
2394 328 2581 407 regina
2638 325 2989 407 innAngliain
3066 324 3332 407 transiens
3380 323 3450 376 in
3486 329 3657 393 portu

2055 399 2322 475 ilamtone
2342 394 2657 475 applicuit}
2685 396 2801 475 Kal.
2828 394 2973 475 Maii.
3012 416 3033 445 ι
3070 395 3124 449 Si
3155 394 3322 475 igitur
3351 410 3449 448 rex
3482 408 3656 475 anno

2055 470 2266 540 integro
2304 464 2460 523 haesit
2489 468 2557 540 in,
2573 467 3121 540 Northrnannia,no_n_
3138 464 3389 540 videntur
3404 464 3658 540 potuisse

2056 534 2347 594 ﬁeri'anno
2379 542 2516 593 1185
2547 539 2600 591 in
2632 537 2846 609 Anglia,
2883 553 3005 609 quae
3053 536 3253 591 ibidem
3277 534 3438 609 facta
3477 534 3657 588 fuisse

2054 610 2148 665 lib.
2183 626 2264 676 nt,
2298 625 2424 679 cap.
2466 613 2489 662 1
2526 609 2683 679 hujus
2722 606 2856 679 Vitae
2900 606 3217 679 narrantur.
3276 606 3482 679 Verum
3536 612 3660 659 toto

2055 697 2196 735 anno
2226 677 2415 752 regem
2447 677 2607 734 extra
2626 678 2881 752 Angliam
2909 678 3135 752 haesisse
3149 677 3520 752 yixpredibile
3540 684 3652 729 est.

2057 752 2233 807 Potuit
2260 747 2405 806 enim
2436 767 2533 805 rex
2563 747 2772 805 Pasclia
2802 748 3115 804 celebrasse
3148 747 3471 818 Rothomagi
3502 761 3656 818 anno

2059 825 2198 876 1185
2223 840 2238 889 ;
2272 838 2339 877 eo
2370 821 2644 877 celebrato
2658 820 2714 874 in
2742 819 2998 891 Angliam
3025 835 3215 875 mense
3263 817 3403 873 Maio
3429 817 3656 891 "redire,

2057 887 2303 965 liugonis
2349 892 2603 965 electioni
2663 887 2898 965 favere,
2928 891 3171 965 ipsoque
3226 895 3542 965 consecrato
3594 887 3657 941 in

2054 958 2505 1018 Northmanniam
2535 962 2749 1029 reverti,
2790 958 2992 1016 ibidem
3022 958 3085 1015 in
3107 959 3397 1015 adversum
3431 958 3654 1014 valetu-

2055 1033 2237 1089 dinem
2268 1033 2529 1098 incidere,
2562 1048 2591 1086 a
2621 1049 2750 1103 rege
2779 1033 3107 1088 Francorum
3128 1031 3308 1103 invisi,
3341 1045 3405 1085 ac
3429 1029 3657 1103 demum

2056 1104 2312 1176 Angliam
2342 1104 2591 1175 sequenti
2619 1100 2761 1176 anno
2792 1111 3067 1173 repetere.
3116 1101 3235 1170 Quo
3265 1102 3415 1170 dato,
3465 1100 3655 1170 dispa-

2056 1174 2178 1230 rent
2207 1175 2381 1229 nubes
2410 1174 2531 1245 qua:
2560 1189 2625 1229 ex
2653 1174 2894 1245 Trivetto
2922 1180 3113 1229 contra
3142 1178 3384 1245 nostrain
3441 1179 3659 1245 senten—

2056 1246 2195 1317 tiam,
2216 1253 2269 1300 et
2295 1240 2473 1315 ipsum
2504 1244 2787 1317 presentis
2818 1245 2941 1300 vitae
2971 1251 3246 1303 auctorem
3277 1240 3473 1298 adduci
3489 1257 3660 1312 posse

2056 1316 2401 1373 videbantur.

2126 1387 2294 1441 Multo
2324 1387 2501 1442 adhuc
2530 1385 2701 1441 levius
2730 1393 2830 1452 est,
2864 1385 3010 1456 quod
3038 1391 3464 1456 contraannum
3512 1384 3657 1456 1185

2058 1456 2286 1512 forsitan
2314 1457 2474 1525 objici
2503 1464 2709 1527 posset,
2742 1472 2809 1512 eo
2831 1454 3036 1512 scilicet
3058 1470 3201 1509 anno
3222 1454 3418 1509 festum
3434 1454 3493 1509 S.
3510 1454 3642 1507 Mat-

2057 1528 2202 1599 tbaei,
2237 1527 2428 1599 inquo
2447 1528 2977 1599 secundurn‘omnes
3008 1526 3064 1581 S.
3099 1527 3255 1595 Hugo
3300 1532 3657 1599 consecratus

2057 1598 2171 1663 fuit,
2192 1586 2262 1652 'in
2292 1586 2581 1653 sabbatum
2616 1586 2894 1665 incidisse,
2923 1606 2972 1652 et
2995 1612 3136 1651 anno
3168 1586 3384 1650 demum
3407 1594 3658 1667 sequenti

2056 1670 2113 1722 in
2141 1669 2284 1723 diem
2315 1669 2673 1740 Dominicam,
2709 1685 2829 1740 quae
2876 1668 3379 1723 consecrationibus
3437 1666 3653 1740 episco-

2058 1755 2247 1811 porum
2278 1739 2542 1795 destinata
2588 1749 2689 1794 est.
2727 1737 2875 1811 Nam
2933 1747 3295 1811 praeterquam
3350 1737 3497 1808 quod
3553 1751 3658 1811 nec

2060 1808 2251 1866 auctor
2281 1811 2434 1877 Vitae,
2467 1826 2568 1865 nec
2597 1810 2864 1880 Rogerius
2894 1808 2995 1864 nec
3035 1809 3294 1880 Parisius,
3327 1823 3446 1880 nec
3498 1808 3656 1878 quis-

2061 1896 2223 1952 quam
2253 1881 2392 1936 alius
2422 1888 2631 1935 asserat
2661 1878 2717 1935 SI
2748 1882 3032 1951 Hugonem
3062 1879 3151 1952 die
3180 1878 3466 1952 Dominica
3494 1892 3656 1933 sacra

2062 1950 2750 2030 episcOpalia_sus_cepisse,
2791 1951 3234 2030 consecrationes
3274 1950 3659 2030 episcoporum

2062 2019 2223 2078 etiam
2252 2019 2340 2076 _in
2398 2022 2549 2077 festis
2588 2019 2963 2091 apostolorum
3010 2019 3129 2076 ﬁeri
3176 2019 3435 2091 potuisse,
3496 2028 3661 2075 extra

2062 2093 2491 2149 controversiam
2525 2092 2757 2148 videtur.
2783 2092 2891 2147 Sed
2922 2093 2990 2147 de
3016 2092 3101 2146 bis
3147 2091 3299 2146 satis.

2031 2358 2907 2516 HUGONIS‘

888 2603 1197 2661 EPISCOPI
1239 2600 1773 2658 LlNCOLNIENSIS
1811 2600 1885 2655 IN
1924 2601 2187 2657 ANGLIA
2227 2600 2513 2659 ORDINIS
2553 2600 3129 2658 CARTHUSIENSIS.

1035 3013 1437 3118 LIBRIS
1517 3013 2074 3140 QUINQUE
2156 3012 2987 3119 CONSCRIPTA.

591 3340 997 3407 PROLOGUS
1041 3340 1672 3406 ABREVIATIONIS
1718 3340 1939 3402 VIT/E
1982 3339 2338 3406 HUGONIS
2381 3338 2749 3403 EPISCOPI
2790 3340 3430 3405 LINCOLNIENSIS.

437 3502 685 3572 Inspecta
716 3500 859 3556 serie
906 3499 1291 3571 descriptionis
1320 3500 1456 3556 Vitae
1504 3499 1647 3554 beati
1693 3498 1959 3571 Hugonis,
1995 3499 2041 3559 Ο
2133 3498 2400 3554 Dividitur
2428 3505 2607 3554 autem
2637 3498 2889 3554 volumen
2912 3499 3057 3554 istud
3114 3497 3535 3555 abbreviationis
3564 3513 3667 3568 per

368 3606 527 3662 quam
577 3589 881 3661 composuit
938 3588 1173 3643 fraterA
1210 3628 1246 3657 .,
1278 3588 1348 3643 de
1390 3603 1497 3659 quo
1535 3587 1590 3642 in
1645 3587 1965 3642 salutatione

369 3688 493 3735 ante
524 3677 816 3751 prologum
859 3677 1060 3732 mentio
1102 3675 1161 3730 fit
1212 3692 1494 3747 expressa,
1553 3676 1832 3731 inventum
1884 3682 1967 3730 est

368 3767 442 3821 ibi
471 3767 738 3822 contineri
770 3765 1064 3821 verborum
1094 3764 1455 3830 dilatationes,
1492 3779 1627 3835 quas
1657 3779 1758 3835 pro
1778 3771 1968 3818 ornatu

369 3862 423 3909 et
450 3852 812 3909 azdiiicatione
842 3853 1093 3923 apposuit
1124 3850 1292 3907 frater
1308 3851 1620 3922 praedictus,
1652 3866 1755 3906 nec
1784 3858 1966 3906 tamen

371 3949 495 3997 sunt
514 3940 583 3996 de
615 3940 913 3994 substantia
942 3940 1021 3994 rei
1054 3946 1244 4011 gesta.
1304 3940 1623 3993 Inseruntur
1663 3938 1820 3993 etiam
1879 3938 1967 3993 di-

373 4029 688 4103 gressiones
715 4027 901 4094 varia,
951 4027 1167 4099 quibus,
1197 4042 1307 4082 non
1363 4026 1534 4082 nostri
1564 4026 1827 4098 Hugonis,
1871 4026 1969 4081 sed

373 4118 597 4173 aliarum
617 4117 726 4172 vita
755 4116 1082 4172 describitur
1127 4130 1509 4185 personarum.
1544 4115 1737 4170 Adhuc
1792 4123 1971 4170 autem

375 4206 444 4261 ad
473 4207 618 4261 hunc
644 4213 892 4261 nostrum
920 4205 1204 4276 Hugonem
1243 4203 1681 4275 contingentibus
1728 4204 1971 4275 interpo-

375 4301 576 4348 nuntur
627 4293 803 4364 aliqua
851 4293 1028 4347 minus
1092 4291 1366 4361 notabilia,
1426 4309 1547 4363 qua:
1600 4307 1698 4363 pro
1754 4292 1972 4348 vitanda

376 4380 684 4453 prolixitate
740 4380 902 4435 nimia
942 4380 1193 4436 videntur
1229 4380 1409 4452 potius
1458 4380 1774 4436 omittenda.
1828 4381 1971 4436 Sane

375 4469 653 4541 prolixitas
674 4468 786 4537 jam
842 4475 1099 4539 praetecta
1144 4468 1197 4523 in
1251 4484 1416 4523 causa
1472 4468 1639 4523 fuisse
1711 4468 1968 4535 creditur,

376 4572 543 4628 quare
563 4556 742 4612 minus
770 4556 1001 4612 libenter
1028 4556 1291 4612 hactenus
1330 4555 1500 4611 lectus
1531 4562 1634 4623 est,
1665 4564 1717 4611 et
1760 4556 1972 4611 auditus

374 4645 513 4702 liber
541 4644 823 4701 continens
845 4645 1045 4700 seriem
1074 4643 1422 4700 antedictam.
1456 4642 1584 4699 Ideo
1637 4658 1736 4714 pro
1764 4644 1973 4699 honore

376 4734 569 4800 sancti,
603 4740 656 4789 et
705 4740 817 4789 tam
852 4732 1068 4789 lectoris
1098 4748 1257 4804 quam
1312 4731 1573 4787 auditoris
1628 4729 1843 4788 fastidio
1894 4748 1975 4788 rev

378 4822 669 4890 movendo,
705 4822 878 4878 visum
909 4829 990 4877 est
1017 4820 1149 4875 mihi
1202 4820 1493 4890 plurimum
1537 4819 1811 4891 expedire,
1872 4819 2043 4917 subD

380 4911 633 4967 breviore
677 4909 1057 4979 compilatione
1104 4908 1363 4978 prasenti
1420 4907 1681 4963 volumini
1728 4909 1971 4964 inserere

375 4997 469 5053 illa
500 5014 619 5071 qua:
661 4998 730 5054 de
784 4997 905 5053 Vita
955 5004 1009 5051 et
1063 4996 1483 5052 conversatione
1538 4997 1710 5053 sancti
1739 4998 1808 5054 de
1868 5012 1975 5069 quo

376 5086 562 5159 igitur,
623 5084 797 5157 magis
843 5084 1106 5141 notabilia
1152 5091 1277 5139 sunt
1331 5082 1571 5141 inventa.
1625 5086 1742 5141 Nec
1796 5086 1976 5159 aliqua

372 5173 617 5230 invenies
647 5172 702 5227 in
726 5174 830 5229 hoc
857 5173 1153 5240 volumine,
1184 5172 1288 5228 nisi
1341 5180 1558 5245 sumpta
1615 5172 1684 5229 de
1714 5173 1852 5230 serie
1893 5192 1979 5230 su-

374 5261 639 5332 pradicta.

2065 3586 2283 3642 libellos
2312 3586 2570 3658 quinque,
2605 3587 2743 3642 sicut
2758 3587 2898 3643 liber
2947 3588 3232 3643 continens
3280 3588 3544 3656 majorem
3576 3602 3665 3640 se-

2066 3675 2203 3730 riem
2225 3685 2601 3731 memoratam.
2634 3676 2693 3730 In
2723 3691 2955 3747 quorum
2984 3676 3164 3747 primo
3210 3675 3389 3747 agitur
3418 3675 3488 3730 de
3547 3675 3659 3729 vita

2067 3773 2118 3820 et
2147 3764 2561 3820 conversatione
2592 3764 2975 3837 gloriosissimi
2998 3765 3171 3820 nostri
3194 3764 3441 3835 Hugonis
3474 3779 3507 3818 a
3534 3779 3673 3834 pue-

2068 3852 2191 3907 ritia
2223 3868 2317 3907 sua
2346 3869 2518 3924 usque
2547 3853 2616 3907 ad
2647 3867 2802 3908 suam
2831 3854 2887 3907 in
2927 3854 3183 3924 Angliam
3236 3852 3672 3923 transmigratio-

2067 3956 2215 3995 nem.
2248 3942 2310 3994 In
2340 3940 2580 3995 secundo
2613 3941 2681 3996 de
2718 3942 3195 4014 transmigratione
3243 3949 3296 3996 et
3351 3940 3523 4013 gestis
3551 3941 3668 3994 suis

2068 4026 2124 4081 in
2153 4028 2416 4101 regimine
2434 4029 2629 4084 domus
2660 4029 2975 4084 Withamiaa
3007 4038 3132 4085 ante
3180 4029 3663 4100 episcopationem.

2070 4115 2131 4169 In
2166 4117 2344 4182 tertio,
2379 4118 2609 4188 qualiter
2637 4117 2693 4172 in
2720 4118 3034 4189 episcOpum
3066 4126 3150 4174 est
3176 4125 3412 4186 creatus,
3439 4124 3490 4171 et
3507 4133 3667 4188 quam

2070 4212 2284 4260 strenue
2304 4205 2793 4276 cmpitepiscopale
2821 4204 3057 4262 ofﬁcium
3080 4221 3356 4261 exercere.
3404 4206 3461 4259 In
3480 4214 3671 4275 quarto

2069 4301 2246 4347 autem
2278 4301 2332 4347 et
2386 4294 2573 4365 quinto
2616 4295 2867 4363 adjicitur
2912 4295 2981 4349 de
3037 4294 3285 4366 pluribus
3337 4295 3452 4363 ejus
3514 4292 3675 4349 factis

2069 4381 2445 4447 laudabilibus,
2477 4391 2587 4437 tam
2618 4382 2981 4449 miraculosis,
3043 4399 3204 4454 quam
3235 4382 3374 4437 aliis.
3434 4382 3547 4437 Nec
3584 4383 3670 4436 vi-

2071 4469 2227 4524 detur
2256 4471 2449 4524 horum
2502 4470 2806 4525 libellorum
2838 4472 2979 4526 inter
3037 4487 3096 4526 se
3143 4478 3196 4525 et
3240 4486 3273 4524 a
3319 4470 3480 4526 tertio
3536 4469 3668 4525 ratio

2072 4557 2178 4611 alia
2208 4557 2594 4626 distinctionis,
2625 4558 2731 4613 nisi
2780 4566 2839 4613 ut
2884 4576 2984 4630 per
3044 4559 3449 4615 distinctionem
3494 4558 3668 4628 ipsam

2072 4646 2341 4700 minuatur
2380 4646 2599 4717 legendi
2629 4655 2683 4702 et
2711 4648 2967 4703 audiendi
2998 4646 3293 4711 fastidium,
3331 4646 3477 4718 quod
3498 4647 3668 4715 majus

2072 4733 2228 4803 foret,
2253 4734 2298 4789 si
2320 4735 2913 4806 comprehenderentur
2945 4744 3055 4791 tres
3074 4736 3128 4790 in
3150 4751 3276 4791 uno.
3303 4735 3523 4808 Prologi
3543 4751 3670 4791 vero

2074 4822 2141 4877 de
2172 4823 2341 4879 verbo
2363 4824 2432 4878 ad
2463 4824 2688 4878 verbum
2739 4824 2846 4890 hic,
2880 4824 3018 4880 sicut
3073 4824 3129 4878 in
3172 4824 3361 4893 majori
3402 4823 3673 4879 volumine

2076 4919 2409 4982 supratacto,
2442 4911 2639 4966 libellis
2670 4912 2899 4985 singulis
2950 4920 3345 4983 proponuntur.
3394 4910 3671 4982 Capitulo-

2078 5017 2192 5055 rum
2225 5015 2357 5055 vero
2389 4999 2693 5070 aliquorum
2742 5016 2852 5056 non
2902 5009 3148 5057 servatur
3202 5001 3359 5056 ordo.
3411 5000 3518 5055 Sed
3570 5016 3669 5054 nec

2076 5087 2255 5143 omnia
2286 5087 2521 5159 capitula
2551 5088 2882 5159 inseruntur,
2909 5090 3035 5161 quia
3063 5088 3244 5161 aliqua
3272 5096 3397 5143 sunt
3428 5087 3664 5157 sublata,

2078 5184 2130 5232 et
2186 5185 2435 5233 contenta
2471 5178 2719 5249 quaedam
2765 5178 2838 5233 ibi
2873 5178 2975 5233 sub
3025 5178 3346 5250 quibusdam
3394 5176 3661 5248 capitulis,

2077 5265 2194 5321 haec
2216 5266 2286 5321 ad
2317 5266 2558 5337 capitula
2587 5266 2689 5321 alia
2720 5266 3133 5322 transferuntur.

1519 5444 1772 5515 Explicit
1808 5444 2073 5516 prologu:
2109 5445 2529 5504 abbreviatoris.
