3972 6052
254 298 358 352 945

1620 308 1806 364 VITA.
1854 338 1922 350 —
1960 309 2086 365 LIB.
2133 311 2173 365 Ι.

3449 320 3551 375 946

258 457 3552 492 —_____________________________________

1436 600 1803 703 LIBER
1878 601 2379 706 PRIMUS.

717 867 1115 925 CAPITULUM
1157 870 1441 927 PRIMUM.

268 990 524 1065 Qualiter
536 992 684 1065 [Iugo
695 994 990 1063 genitricis
1003 995 1148 1049 solut
1157 996 1205 1051 io
1220 996 1552 1063 destitutus,
1568 999 1623 1051 et
1636 996 1859 1065 regulu-

335 1063 385 1137 ri
416 1064 645 1137 collegio
667 1065 1002 1137 clericorum
1024 1082 1143 1120 una
1164 1082 1294 1121 cum
1314 1070 1570 1137 genitore
1590 1063 1855 1131 sociatus,

330 1136 526 1207 iugum
548 1135 773 1207 Domini
794 1135 859 1207 ab
882 1136 1139 1206 infantia
1157 1135 1494 1207 portaverit,
1520 1142 1573 1192 et
1596 1139 1859 1191 inserun-

334 1208 430 1258 tur
458 1206 523 1258 de
552 1221 657 1259 sua
684 1205 1052 1261 institutione
1074 1205 1282 1278 puerili
1313 1209 1474 1262 verba
1503 1208 1777 1277 ejusdem.

330 1330 487 1398 Hugo
518 1328 596 1401 (l)
645 1329 922 1400 genitricis
971 1330 1179 1395 solatio,
1233 1348 1357 1387 cum
1406 1332 1638 1387 necdum
1688 1332 1859 1387 {etatis

258 1426 431 1472 metas
458 1418 803 1485 excessisset,
850 1419 1069 1473 orbatus
1110 1428 1209 1487 est,
1263 1420 1603 1493 collegioque
1636 1422 1857 1492 regula-

252 1508 391 1561 rium
421 1506 741 1561 clericorum
775 1522 883 1562 una
902 1524 1025 1563 cum
1054 1509 1301 1580 genitore
1331 1509 1481 1563 brevi
1511 1511 1858 1580 postmodum

258 1596 512 1650 sociatus.
548 1597 675 1650 Erat
704 1596 875 1651 ferme
898 1597 1161 1665 octennis,
1189 1613 1309 1653 cum
1332 1598 1537 1652 militiae
1566 1598 1857 1669 spiritualis

259 1684 423 1739 subiit
453 1684 716 1740 tirocinia.
780 1685 911 1739 Boni
970 1685 1169 1756 quippe
1223 1686 1501 1756 parentis,
1566 1687 1857 1741 salubriter

253 1788 355 1844 pro
387 1788 451 1827 eo
489 1772 837 1845 invigilantis,
888 1773 1103 1829 solertia
1155 1774 1305 1845 prius
1354 1774 1580 1830 docetur
1628 1776 1855 1831 militare

255 1858 390 1927 Deo,
423 1877 584 1932 quam
632 1862 938 1917 addisceret
996 1863 1180 1918 vivere
1236 1863 1459 1918 mundo.
1520 1863 1608 1919 Sic
1639 1864 1855 1919 demum

256 1949 501 2004 infantile
535 1950 920 2022 corpusculum
965 1951 1185 2024 ﬂagella
1230 1952 1515 2023 paedagogi
1545 1960 1851 2022 attrectant,

253 2038 331 2093 sic
359 2038 659 2109 disciplinae
686 2040 982 2110 compedes
1009 2048 1188 2095 motus
1217 2040 1270 2094 in
1310 2056 1376 2095 eo
1423 2040 1662 2111 pueriles
1692 2055 1853 2096 coer-

253 2135 397 2197 cent,
429 2134 567 2183 utet
622 2128 905 2183 virtutibus
962 2128 1091 2183 vitia
1146 2128 1465 2199 praeteriret,
1528 2137 1579 2184 et
1608 2138 1714 2185 tota
1744 2131 1855 2185 vita

1888 871 2097 934 AHuic
2125 873 2385 928 nobilium
2435 875 2591 931 liberi
2646 878 2896 933 certatim
2925 896 2955 933 a
3000 880 3312 950 parentibus
3369 881 3552 936 trade-

1962 960 2177 1026 bantur,
2211 962 2567 1019 smcularibus
2625 966 2863 1022 simulet
2920 968 3307 1024 ecclesiasticis
3363 969 3554 1024 litteris

1959 1048 2259 1119 imbuendi,
2291 1067 2391 1107 nec
2422 1068 2530 1106 non
2561 1060 2614 1108 et
2642 1054 2833 1110 ethicis
2873 1055 3199 1112 informandi
3229 1057 3550 1128 disciplinis.

1961 1136 2059 1192 Hic
2090 1138 2220 1192 mihi
2252 1155 2434 1193 sacras
2464 1140 2672 1196 litteras
2702 1142 2841 1198 inter
2893 1145 3014 1216 ipsa
3065 1146 3368 1201 rudimenta
3401 1163 3555 1200 sum-

1961 1241 2184 1296 mOpere
2241 1227 2519 1299 ingerens,
2574 1231 2957 1287 blandimentis
3014 1234 3208 1305 quibus
3264 1242 3451 1305 posset
3507 1244 3559 1290 et

1960 1314 2179 1368 monitis
2212 1322 2429 1370 teneros
2458 1317 2666 1373 animos
2696 1336 2848 1374 meos
2879 1321 2949 1375 ad
2991 1322 3265 1377 solidioris
3306 1324 3559 1393 spiritua-

1960 1401 2134 1472 lisque
2166 1418 2411 1458 amorem
2442 1405 2705 1462 doctrinae
2733 1409 3034 1464 accendere
3063 1410 3331 1465 nitebatur
3356 1430 3369 1477 ;
3404 1426 3437 1465 a
3464 1412 3555 1466 lu-

1959 1485 2124 1541 dendi
2153 1503 2283 1542 vero
2308 1489 2636 1561 jocandique
2667 1492 2904 1547 vanitate
2960 1494 3155 1548 mentis
3210 1511 3347 1549 mete
3376 1496 3557 1551 inten-

1959 1575 2156 1629 tionem
2189 1577 2342 1631 varia
2371 1586 2488 1633 arte
2525 1581 2885 1649 suspendens,
2946 1582 3190 1637 honestis
3245 1583 3553 1653 implieabat

1959 1663 2326 1735 cujuscunque
2358 1666 2436 1721 rei
2466 1667 2758 1723 exercitiis.
2793 1670 3003 1725 Comvis
3058 1678 3238 1725 autem
3269 1680 3320 1725 et
3348 1672 3553 1726 sodali-

1959 1750 2061 1805 bus
2092 1753 2272 1821 pueris
2302 1752 2615 1825 frequenter
2646 1772 2711 1811 ex
2743 1772 2891 1811 more
2913 1757 3243 1825 ludentibus,
3277 1759 3407 1813 mihi
3437 1760 3560 1815 talia

1958 1838 2152 1894 leniter
2181 1840 2473 1896 instillabat
2509 1852 2753 1913 paterna:
2808 1845 3113 1901 dilectionis
3172 1848 3507 1902 hortamenta
3543 1867 3555 1903 :

1962 1949 1983 1978 ι
2019 1927 2142 1982 Νοιι
2184 1937 2257 1997 te,
2307 1930 2498 2001 inquit,
2561 1932 2908 1989 dilectissime
2964 1932 3058 2000 fili,
3120 1935 3316 1990 stolida
3372 1936 3559 1991 illiciat

1957 2031 2206 2088 vageque
2236 2017 2431 2073 levitas
2460 2019 2736 2075 sociorum
2760 2022 2912 2088 ;sine
2940 2022 3085 2078 illos.
3119 2022 3260 2078 Sorti
3291 2030 3394 2079 tum
3424 2024 3555 2079 isto-

1956 2121 2079 2159 rum
2111 2106 2289 2161 studia
2321 2106 2499 2162 minus
2522 2109 2865 2164 conveniunt.
2907 2134 2928 2157 ››
2949 2110 3304 2182 Addebatque
3338 2127 3350 2165 :
3388 2132 3409 2162 α
3436 2114 3553 2166 Hu-

256 2194 644 2287 ejus'pmsens
674 2233 703 2270 θ
735 2217 818 2270 sui
876 2225 996 2272 om,
1052 2194 1226 2288 usq'ue
1250 2217 1318 2271 ad
1373 2194 1628 2274 ocgasum
1683 2235 1848 2274 unum
1868 2234 1921 2294 B
1955 2201 2175 2294 gonete,
2206 2194 2508 2267 Hugonete,
2542 2212 2647 2268 ego
2677 2205 2726 2253 te
2756 2198 2973 2254 Christo
3018 2199 3220 2266 nutrio,
3247 2200 3416 2269 jocari
3446 2216 3555 2256 non

252 2312 398 2360 esset
429 2313 592 2376 atque
614 2306 745 2378 juge
776 2306 1118 2376 martyrium.
1144 2307 1265 2376 Ipse
1294 2306 1512 2377 quidem
1544 2306 1612 2362 de
1642 2308 1844 2377 seipso,

255 2392 593 2448 familiariter
622 2394 819 2464 saepius
848 2409 972 2449 cum
1003 2393 1115 2449 suis
1155 2410 1344 2466 agens,
1379 2394 1502 2449 talia
1532 2394 1844 2450 referebat:

259 2506 279 2530 κ
316 2484 541 2548 Revera,
575 2482 768 2551 aiebat,
802 2498 906 2554 ego
937 2482 1125 2537 mundi
1154 2482 1312 2551 hujus
1341 2482 1544 2555 gaudia
1572 2499 1848 2555 nunquam

251 2570 421 2643 attigi,
452 2572 607 2640 jocos
638 2586 916 2641 nunquam
946 2570 1132 2638 didici,
1164 2570 1351 2626 ludere
1378 2586 1656 2642 nunquam
1690 2572 1843 2628 scivi.

247 2660 426 2725 Pater,
461 2658 651 2731 inquit,
682 2675 853 2724 meus,
890 2675 1013 2714 cum
1070 2659 1308 2731 pueriles
1362 2660 1645 2730 ingressus
1676 2676 1849 2715 annos

246 2748 647 2815 elementajam
676 2747 851 2817 prima
879 2747 1180 2825 litterarum
1238 2748 1625 2819 percepissem,
1686 2750 1849 2820 patri-

249 2837 491 2891 monium
522 2836 708 2891 liberis
758 2836 868 2890 suis
927 2838 1004 2909 (2)
1052 2837 1108 2890 in
1165 2836 1403 2893 funiculo
1459 2837 1849 2893 distributionis

252 2926 476 2998 partitus
507 2933 628 2992 est;
660 2925 965 2995 portionem
1023 2941 1175 2993 vero,
1211 2942 1329 2997 qua:
1355 2925 1496 2981 inter
1533 2925 1732 2982 fratres
1761 2943 1848 2982 me

252 3014 605 3087 contingebat
643 3013 964 3081 minimum,
996 3014 1329 3085 regularium
1385 3014 1462 3085 (3)
1523 3014 1850 3071 clericorum

249 3104 484 3175 collegio
515 3102 765 3158 contulit.
812 3123 834 3153 ι
869 3103 986 3158 Nec
1042 3102 1134 3157 diu
1193 3110 1458 3169 moratus,
1520 3104 1699 3157 omnia
1730 3119 1848 3175 quas

247 3187 436 3243 mundi
464 3194 588 3241 sunt
615 3186 855 3242 funditus
886 3186 1169 3256 abjiciens,
1203 3186 1404 3241 Christi
1444 3186 1687 3241 militiam
1720 3188 1848 3242 sub-

245 3278 440 3343 iturus,
476 3276 578 3331 tiro
608 3277 661 3330 in
691 3275 884 3331 castris
912 3275 1248 3343 ctelestibus,
1310 3274 1363 3329 in
1422 3275 1711 3330 mundanis
1733 3276 1848 3345 jam

248 3365 520 3433 emeritus,
557 3371 777 3435 repente
806 3362 1052 3430 edicitur,
1095 3364 1217 3419 vitae
1262 3363 1532 3435 regularis
1559 3365 1710 3434 cujus
1734 3366 1848 3434 jam

247 3455 372 3510 olim
405 3450 651 3527 gesserat
680 3460 919 3508 mentem
971 3452 1274 3523 suscipiens
1332 3459 1560 3518 vestem,
1595 3459 1668 3518 et,
1703 3453 1847 3525 quod

247 3543 352 3600 sibi
382 3558 704 3599 concessum
735 3558 843 3597 non
893 3541 1060 3597 fuisse
1106 3540 1420 3597 medullitus
1467 3542 1740 3613 gemebat,
1792 3542 1847 3595 in

246 3632 366 3703 ipso
404 3632 590 3685 mundi
621 3631 873 3703 ingressu
903 3630 971 3686 de
998 3630 1200 3685 mundo
1257 3630 1466 3702 egredi,
1502 3646 1625 3701 quae
1654 3630 1841 3684 mundi

248 3728 389 3789 sunt,
420 3720 749 3776 nescientem
779 3718 937 3775 facile
993 3718 1348 3789 persuadens,
1384 3735 1471 3773 me
1528 3720 1607 3788 (4)
1636 3718 1842 3790 pariter

248 3825 434 3866 secum
465 3808 760 3879 spiritualis
792 3808 914 3864 vitae
941 3815 1251 3863 consortem
1280 3806 1488 3862 ascivit.

318 3900 414 3954 Est
460 3897 692 3953 ecclesia
751 3898 827 3967 (5)
882 3896 935 3951 in
992 3896 1259 3952 territorio
1318 3895 1836 3966 Gratianopolitano,

248 3986 526 4043 canonica:
578 3985 939 4057 professionis
1020 3985 1249 4040 clericos
1307 3984 1517 4050 fovens,
1579 3999 1839 4038 numero-

246 4094 350 4147 que
370 4078 449 4146 (ὃ)
480 4076 548 4129 ad
582 4075 759 4129 minus
790 4084 1018 4145 septem.
1068 4076 1287 4145 Spectat
1318 4090 1534 4145 quoque
1572 4089 1696 4129 cum
1728 4073 1839 4127 suis

242 4165 434 4219 incolis
463 4164 615 4219 locus
645 4164 763 4235 ipse
809 4165 878 4219 ad
925 4163 1207 4218 matricem
1256 4169 1310 4217 et
1354 4161 1720 4217 cathedralem
1751 4177 1841 4217 ec-

242 4254 462 4309 clesiam
524 4252 1095 4323 GratianOpolitanam.
1158 4252 1311 4305 Hanc
1368 4267 1584 4321 semper
1641 4249 1838 4304 affectu

245 4342 653 4413 coluitspeciali
709 4342 926 4414 genitor
979 4356 1150 4404 meus,
1207 4356 1326 4410 qua:
1356 4347 1408 4394 et
1464 4338 1576 4393 suis
1634 4338 1837 4393 castel—

1950 2289 2032 2336 est
2062 2290 2230 2338 tuum.
2270 2304 2291 2334 ι

2588 2392 2812 2449 CAPUT
2852 2394 2917 2448 II.

1950 2497 2023 2551 De
2053 2496 2299 2566 ejusdem
2325 2500 2583 2621 profectu
2606 2500 2669 2554 in
2697 2501 2940 2555 scientia
2960 2504 3015 2555 et
3037 2501 3266 2567 virtute,
3302 2507 3357 2558 et
3378 2521 3546 2575 quam

2022 2566 2250 2621 devotus
2266 2584 2331 2621 ac
2345 2585 2402 2621 se
2444 2570 2574 2621 ulus
2589 2571 2647 2621 in
2661 2571 3076 2621 divinisoﬁ‘icii:
3096 2588 3161 2621 ac
3185 2576 3433 2621 fratrum
3447 2577 3542 2621 nh—

2022 2566 2250 2643 devotus
2266 2566 2574 2643 acsedutus
2589 2571 2647 2624 in
2661 2571 2867 2625 divinis
2878 2573 3076 2642 ofﬁciis
3096 2588 3161 2627 ac
3180 2566 3433 2643 [rutrum
3447 2577 3542 2630 ob-

2019 2639 2227 2709 sequiis
2247 2639 2550 2695 existebat.

2021 2743 2138 2796 Jam
2169 2759 2301 2798 vero
2332 2745 2632 2814 pubertatis
2660 2753 2925 2817 tempore,
2970 2748 3393 2804 adolescentiam
3426 2766 3544 2805 me-

1951 2830 2054 2885 diis
2084 2830 2138 2886 in
2169 2847 2234 2887 eo
2264 2832 2420 2886 annis
2450 2833 2759 2901 dirimente,
2810 2844 3069 2907 quantum
3117 2837 3464 2894 discretionis
3494 2847 3547 2894 et

1951 2919 2210 2987 scientiae,
2245 2930 2506 2993 quantum
2538 2923 2749 2977 virtutis
2779 2932 2833 2978 et
2862 2925 3049 2996 gratia:
3069 2924 3191 2979 fons
3239 2926 3289 2981 ei
3335 2926 3546 2983 infude-

1951 3008 2035 3077 rit,
2069 3024 2231 3080 quem
2263 3009 2496 3079 sitiebat,
2534 3011 2677 3080 vitae,
2711 3012 2893 3066 nullus
2921 3012 2990 3067 de
3038 3013 3182 3069 facili
3210 3024 3397 3083 posset
3423 3023 3541 3086 sty-

1949 3095 2034 3150 lus
2064 3097 2335 3153 evolvere.
2372 3098 2601 3169 Vigebat
2629 3115 2727 3170 pro
2756 3107 2885 3156 tunc
2912 3100 3116 3172 ingenii
3146 3102 3397 3158 acumine
3424 3120 3543 3159 ma-

1949 3200 2081 3257 gno,
2114 3186 2376 3254 velocius,
2409 3203 2639 3259 quaeque
2666 3188 2847 3254 vellet,
2898 3190 3229 3246 addisceret.
3271 3193 3541 3249 Memoriae

1951 3274 2272 3328 vastissimis
2302 3275 2571 3347 gaudebat
2601 3277 2899 3347 apothecis,
2930 3278 3037 3346 ubi,
3071 3296 3193 3351 quae
3222 3280 3367 3335 nulla
3397 3281 3541 3336 obli-

1949 3360 2110 3417 vione
2139 3362 2420 3419 didicisset
2471 3364 2766 3434 perdenda,
2818 3367 3165 3422 reconderet.
3205 3369 3331 3425 Haec
3362 3377 3543 3426 tamen

1950 3451 2213 3506 naturalia
2243 3451 2442 3507 nullius
2472 3451 2699 3508 fuissent
2744 3455 3025 3522 momenti,
3077 3456 3181 3510 nisi
3218 3459 3409 3529 gratia:
3437 3474 3540 3529 ap-

1950 3539 2149 3610 positio
2180 3547 2230 3595 et
2258 3540 2543 3611 praeclara,
2578 3558 2699 3611 quae
2727 3542 3086 3609 discerentur,
3116 3555 3457 3616 suggereret,
3489 3556 3541 3603 et

1944 3628 2270 3684 cumulatius
2301 3644 2421 3700 quae
2451 3630 2821 3703 suggessisset
2872 3633 3233 3704 prepagando
3289 3644 3537 3706 augeret.

1943 3716 2249 3771 Fervebant
2280 3717 2335 3770 in
2362 3725 2585 3787 pectore
2614 3718 3024 3773 meditationum
3071 3721 3320 3775 examina
3353 3723 3539 3777 beata-

1942 3820 2086 3873 rum,
2116 3804 2416 3875 flagrabant
2445 3806 2745 3861 caelestium
2793 3808 3145 3863 odoramenta
3190 3811 3537 3880 gaudiorum.

2013 3893 2186 3965 Coepit
2217 3894 2418 3949 interea
2448 3894 2645 3950 divinis
2672 3896 2810 3951 adeo
2841 3896 3065 3952 sedulus
3108 3898 3302 3953 adesse
3330 3898 3537 3967 officiis,

1941 3982 2014 4037 ita
2043 3998 2258 4054 quoque
2290 3982 2550 4038 sollicitus
2582 3983 2807 4038 fratrum
2855 3985 3115 4041 inservire
3157 3986 3452 4058 obsequiis,
3487 3997 3546 4043 ut

1941 4071 2229 4143 utrobique
2259 4071 2392 4125 nihil
2432 4072 2611 4127 minus
2658 4087 2820 4144 quam
2864 4089 2923 4128 se
2968 4082 3139 4129 totum
3178 4075 3536 4145 impenderet.

1939 4159 2086 4214 Nihil
2116 4175 2354 4231 unquam
2374 4160 2602 4224 oblivio,
2627 4161 2759 4214 nihil
2787 4162 2992 4232 quaevis
3023 4171 3227 4232 poterat
3257 4165 3543 4233 occupatio

1941 4248 2207 4302 sedulitati
2238 4248 2409 4317 ipsius
2440 4247 2629 4312 furari,
2666 4249 2795 4320 quin
2826 4251 2941 4304 Deo
2968 4266 3088 4321 quae
3122 4251 3219 4305 Dei
3248 4260 3431 4320 erant,
3469 4261 3540 4319 et,

1940 4352 2059 4407 qum
2073 4336 2445 4406 proximorum
2459 4335 2721 4406 proximis
2744 4337 3170 4407 inpraetermisse
3187 4347 3239 4394 et
3256 4339 3539 4408 inoffense,

176 4470 179 4471 ν
243 4432 310 4485 lis
339 4432 416 4500 (7)
450 4446 513 4485 ac
545 4430 703 4485 terris
745 4430 848 4484 situ
881 4437 995 4485 erat
1031 4427 1302 4494 conﬁnis;
1334 4437 1384 4483 et
1417 4427 1554 4497 ipse,
1587 4434 1644 4480 ut
1697 4426 1839 4480 filius
1936 4431 2099 4494 prout
2130 4424 2232 4478 sibi
2263 4424 2625 4493 competebat,
2659 4440 2760 4495 pro
2788 4433 3029 4495 tempore
3060 4434 3111 4481 et
3152 4427 3272 4483 loco
3304 4430 3537 4487 reddere

243 4520 488 4586 devotus,
535 4519 754 4587 majoris
794 4518 1039 4574 ecclesiae
1097 4517 1324 4587 gratiam
1383 4516 1436 4568 in
1492 4514 1616 4570 filiae
1670 4514 1840 4584 ipsius

244 4608 541 4663 reverentia
570 4624 627 4662 se
652 4607 935 4677 complecti
993 4606 1285 4677 gaudebat.
1347 4606 1484 4657 Inter
1548 4602 1839 4657 canonicos

241 4696 383 4749 illius
428 4696 531 4751 loci
586 4696 771 4750 senior
825 4695 1067 4766 quidam,
1127 4692 1393 4764 religione
1424 4690 1836 4757 celeberrimus,

241 4783 466 4839 scientia
541 4799 755 4855 quoque
842 4780 1189 4853 spectabilior
1248 4781 1457 4836 caeteris
1517 4778 1834 4833 habebatur.

1940 4511 2295 4567 meminisset.
2328 4512 2441 4567 Nec
2472 4519 2679 4566 tantum
2709 4513 2965 4583 deputata
3004 4514 3106 4569 sibi
3138 4517 3354 4587 explere
3385 4527 3530 4573 sata-

1939 4600 2103 4673 gebat
2130 4599 2322 4666 oﬂicia,
2356 4601 2452 4656 sed
2508 4601 2688 4656 omnia
2746 4610 3003 4673 tanquam
3060 4605 3387 4675 specialiter,
3421 4622 3452 4661 a
3483 4624 3542 4663 se

1939 4688 2195 4745 credebat
2224 4688 2387 4762 exigi,
2424 4706 2574 4761 quae,
2606 4697 2744 4745 teste
2774 4691 3127 4758 conscientia,
3178 4710 3278 4764 pro
3311 4695 3536 4761 cujusli-

1940 4777 2030 4832 bet
2057 4776 2283 4832 utilitate
2314 4785 2405 4831 aut
2438 4777 2728 4850 refrigerio
2759 4794 2791 4833 a
2820 4796 2879 4835 se
2909 4789 3134 4850 possent
3162 4782 3424 4837 exhiberi.

311 4961 389 5026 (1)
416 4964 487 5014 Ex
507 4965 769 5013 stemmate
796 4962 856 5012 de
882 4961 1093 5012 Avalim.
1121 4960 1257 5010 Unde
1288 4959 1374 5009 lib.
1420 4972 1475 5019 ιι,
1503 4971 1610 5021 cap.
1642 4961 1664 5007 1
1693 4977 1703 5026 ς
1736 4958 1833 5007 Na-
1863 4960 1915 5018 1)
2003 4955 2108 5026 _(_4)_
2133 4958 2279 5007 Pater
2325 4956 2472 5026 igitur
2508 4970 2602 5007 una
2640 4971 2747 5026 cum
2784 4958 2882 5026 filio
2934 4971 2985 5009 se
3028 4958 3229 5009 tradidit
3273 4965 3541 5013 memorato

244 5025 422 5081 talibus
448 5031 638 5092 quidem
666 5030 824 5079 clarus
843 5028 1041 5091 dicitur,
1067 5027 1151 5076 sed
1177 5038 1363 5077 morum
1386 5026 1674 5075 strenuitate
1690 5025 1833 5085 longe

242 5097 545 5159 prazclarior,
574 5096 769 5145 nomine
790 5098 925 5155 [Iugo
949 5094 1008 5143 de
1035 5094 1247 5144 Avalim.
1275 5095 1336 5142 Et
1361 5093 1511 5142 abbas
1534 5092 1765 5159 Morotius
1787 5093 1833 5159 in

242 5158 456 5213 Theatro
480 5165 709 5212 Carthus.
742 5181 753 5210 :
794 5180 813 5207 ι
841 5164 976 5222 llugo
1036 5161 1210 5209 nobilis
1236 5160 1517 5221 Delphines,
1539 5158 1679 5219 cujus
1704 5158 1835 5217 geni-

241 5236 319 5280 tor
346 5230 504 5292 oppidi
526 5230 667 5289 vulgo
694 5230 898 5286 Avaluu,
938 5228 1083 5277 tertio
1109 5226 1269 5290 lapide
1315 5240 1341 5275 a
1383 5226 1833 5286 Gratianopolitana

242 5296 359 5346 urbe
385 5296 601 5358 discreti,
627 5296 852 5345 dominus
874 5298 997 5344 erat.
1028 5315 1047 5336 ι

304 5388 379 5451 (2)
406 5388 668 5438 Wilhelmo
701 5389 875 5437 saltem
900 5390 950 5435 et
997 5389 1160 5449 Petro,
1201 5386 1282 5447 qui
1326 5383 1588 5434 laudantur
1626 5382 1712 5433 lib.
1764 5397 1835 5443 Ill,

240 5468 351 5517 cap.
384 5457 463 5517 15,
493 5458 540 5503 et
565 5455 651 5503 lib.
686 5468 753 5513 IV,
780 5466 889 5515 cap.
916 5455 968 5503 4.

306 5549 381 5611 (3)
406 5548 660 5598 Canonica:
682 5546 999 5610 professionis
1025 5546 1234 5595 clericis.
1256 5545 1388 5596 Unde
1413 5546 1567 5607 liquet
1592 5546 1839 5603 Hugonem

241 5616 395 5665 fuisse
420 5616 630 5678 primum
659 5614 945 5664 canonicum
966 5613 1257 5675 regularem.
1278 5613 1513 5663 Subditur
1540 5612 1669 5663 enim
1687 5623 1797 5661 mox
1824 5625 1836 5661 ε

246 5703 266 5724 α
299 5683 431 5733 Inter
454 5682 713 5734 canonicos
738 5680 866 5732 iilius
891 5679 982 5732 loci
1005 5680 1187 5730 senior.
1216 5696 1235 5725 ι

1943 5023 2175 5085 collegio;
2201 5036 2294 5072 nou
2314 5032 2421 5085 post
2447 5024 2599 5083 illum,
2622 5025 2691 5074 uti
2715 5025 2911 5086 quidam
2941 5029 3184 5075 asserunt.

2013 5105 2089 5167 (Si)
2118 5107 2526 5175 VillaBenedicta
2553 5110 2768 5169 nomine,
2798 5109 2940 5170 vulgo
2974 5108 3111 5157 Vilar
3150 5110 3353 5161 Beneith
3375 5114 3423 5162 in
3449 5127 3541 5175 qua

1943 5174 2099 5235 Hugo,
2123 5173 2189 5222 uti
2210 5174 2300 5223 lib.
2338 5188 2388 5235 v,
2415 5188 2460 5223 c.
2500 5175 2585 5235 22,
2626 5176 2855 5234 refertur,
2890 5187 3046 5224 sacra:
3088 5175 3338 5238 religionis
3370 5173 3539 5230 libavit

1943 5239 2227 5355 primqrdia,
2254 5240 2330 5290 cui
2356 5244 2405 5291 et
2430 5241 2776 5292 bibliothecam
2802 5241 3020 5303 donavit,
3056 5242 3181 5292 sicut
3206 5244 3383 5296 ibidem
3428 5260 3537 5296 mc-

1944 5318 2076 5355 mora
2106 5319 2181 5355 ur.

2010 5390 2077 5452 (6)
2108 5390 2304 5507 :‘idetur
2328 5400 2540 5440 erratum
2587 5391 2637 5441 in
2678 5403 2899 5453 numero,
2928 5397 2978 5443 ct
3011 5393 3287 5456 legendum,
3325 5410 3343 5438 α
3366 5394 3535 5443 decem

2020 5471 2106 5507 sen
2132 5470 2210 5507 em
2231 5472 2279 5505 ».

1940 5472 1996 5508 ac
2020 5470 2279 5521 septem».

2009 5545 2058 5605 (7
2068 5558 2078 5603 )
2107 5544 2237 5593 Inter
2264 5544 2366 5591 hinc
2392 5545 2603 5591 castrum
2631 5542 2691 5591 de
2726 5544 2939 5603 Avalim,
2976 5560 2994 5589 ι
3022 5544 3180 5605 cujus,
3222 5545 3377 5607 inquit
3404 5546 3540 5608 Hugo

1941 5612 2040 5728 till:t1
2059 5624 2131 5669 ιιι,
2177 5623 2221 5659 ο.
2272 5610 2364 5671 13,
2392 5610 2546 5659 frater
2582 5613 2751 5662 noster
2792 5610 3085 5663 Wilhelmus
3124 5623 3285 5663 arcem
3328 5612 3540 5665 noscitur

1945 5690 1972 5728 0
2030 5689 2183 5726 mere.
2218 5695 2237 5717 ι
