3972 6052
400 271 505 324 947

1281 273 1334 327 S.
1379 272 1694 330 HUGONIS
1730 273 1948 350 EPISQ.
1993 272 2322 330 LINCOLN.
2373 274 2536 332 0RD.
2582 277 2830 332 CARTH.

3587 279 3696 332 9-58

474 395 740 467 Denique,
774 410 896 452 cum
929 397 1053 452 talia
1081 399 1147 453 de
1179 414 1262 463 eo,
1288 413 1470 454 coram
1495 413 1560 452 eo
1574 399 1687 466 jam
1710 399 1989 468 episcopo,
2011 398 2066 457 Α
2095 399 2352 455 mandato
2381 401 2680 472 injungitur
2700 403 2948 472 speciali,
2983 410 3249 474 quatenus
3295 419 3394 457 suo
3422 402 3703 472 praecipue

403 483 497 553 qui
526 500 650 538 eum
680 493 809 541 tunc
839 487 1099 557 temporis
1127 495 1414 550 noverant,
1466 486 1661 540 fratres
1693 487 1997 557 aliquoties,

399 587 487 625 me
508 588 723 644 quoque
752 583 1041 644 praesente,
1083 574 1373 640 referrent,
1424 575 1542 645 ipse
1572 574 1750 628 aiebat
1783 589 1796 628 :
1835 595 1856 624 ι
1894 574 2001 628 Uti-

404 676 507 730 que
537 669 893 733 posteaquam
915 663 1256 717 Carthusiam
1274 662 1400 727 adii,
1425 662 1610 716 nescio
1641 663 1685 716 si
1716 663 1802 718 vel
1834 662 2002 716 semel

402 747 536 801 mihi
562 749 660 802 sub
670 750 834 821 repsit
854 751 1116 805 morantia
1135 751 1189 804 in
1210 749 1386 806 officio
1407 751 1587 821 aliquo
1609 751 1754 821 quod
1776 751 2003 820 implere

402 836 679 891 deberem.
722 861 742 885 n
773 838 983 893 Dicitur
1011 846 1192 893 autem
1220 839 1384 911 vulgo
1414 840 1682 894 morantia
1711 839 1852 893 inter
1879 855 2002 892 mo-

402 925 627 992 nachos,
661 941 783 981 cum
812 927 1051 998 legendi,
1086 927 1336 982 cantandi
1367 928 1452 981 vel
1491 927 1759 982 serviendi
1806 943 2002 982 munus

403 1011 506 1067 sibi
536 1015 870 1086 assignatum
901 1015 1132 1070 obmittit
1179 1015 1320 1087 quis,
1371 1015 1514 1070 unde
1564 1031 1774 1070 moram
1801 1015 2004 1085 patitur

401 1100 607 1156 functio
636 1103 930 1174 regularis.
972 1103 1195 1158 Dicebat
1225 1119 1376 1168 vero,
1418 1119 1526 1157 non
1560 1104 1777 1174 quidem
1803 1104 2005 1172 jactan-

401 1196 503 1255 ter,
538 1190 637 1244 sed
668 1199 979 1246 constanter
1008 1192 1110 1246 ista
1132 1193 1200 1246 de
1230 1208 1289 1246 se
1325 1210 1336 1245 :
1375 1217 1396 1239 α
1432 1192 1564 1246 Cum
1596 1192 1739 1246 enim
1770 1192 1824 1244 in
1845 1192 2003 1246 dedi-

402 1277 702 1333 cationibus
732 1279 1104 1344 ecclesiarum,
1137 1280 1191 1333 in
1223 1279 1681 1335 celebrationibus
1729 1280 2000 1345 ordinum,

401 1365 488 1421 vel
519 1375 995 1439 quantumcunque
1053 1368 1108 1422 in
1165 1368 1370 1422 diurnis
1429 1368 1777 1422 nocturnisve
1815 1367 2004 1423 oﬁiciis

403 1469 502 1524 per
529 1455 796 1510 incuriam
843 1456 1232 1521 ministrorum,
1281 1463 1563 1511 cantorum
1612 1472 1708 1511 seu
1738 1456 2002 1511 lectorum

400 1542 584 1614 aliqua
615 1544 846 1598 tardatio
876 1545 1205 1615 emergebat,
1258 1544 1420 1599 talem
1470 1560 1691 1599 suorum
1731 1545 2003 1616 castigare

402 1631 627 1701 cupiens
654 1631 1062 1704 negligentiam,
1095 1633 1211 1688 hinc
1242 1633 1322 1687 eis
1349 1633 1417 1687 de
1447 1649 1506 1687 se
1526 1633 1646 1703 ipso
1662 1633 1928 1687 habendae
1952 1634 2007 1686 in

2101 496 2153 542 et
2185 489 2529 558 peculiarius,
2564 491 2620 543 in
2650 490 2846 560 quibus
2867 507 3004 561 opus
3027 492 3270 558 haberet,
3299 491 3522 545 serviret
3553 490 3704 562 geni-

2102 577 2221 630 tori.
2257 597 2278 626 α
2299 576 2444 630 Nihil
2465 578 2629 644 enim,
2653 579 2746 644 ait,
2770 579 2900 633 mihi
2922 587 3014 634 aut
3036 579 3247 634 caeteris
3266 579 3520 634 fratribus
3551 595 3701 648 pra:-

2102 665 2268 718 stabis
2299 665 2524 736 gratius,
2559 682 2719 736 quam
2743 666 2789 721 si
2810 683 2941 722 vero
2959 669 3094 723 adeo
3125 668 3406 738 spectabili
3435 666 3568 720 nihil
3601 682 3704 720 vo-

2102 753 2197 807 tivi
2221 752 2581 826 denegaveris
2607 755 2880 826 obsequii.
2909 756 2982 810 Te
2997 772 3126 810 vero
3148 756 3287 810 inter
3307 755 3498 810 fratres
3518 754 3705 808 nullus

2103 840 2368 911 devotior,
2404 843 2500 896 sed
2531 859 2632 898 nec
2651 843 2948 898 humilitate
2969 845 3211 913 pronior,
3245 853 3334 898 aut
3358 843 3705 898 officiositate

2105 945 2264 983 nemo
2294 938 2346 984 te
2377 931 2676 1001 promptior
2706 932 2996 999 invenitur,
3029 933 3115 987 cui
3145 948 3176 986 a
3204 932 3361 986 nobis
3391 932 3530 985 adeo
3561 931 3706 1001 grati

2107 1017 2204 1071 viri
2234 1032 2362 1073 cura
2381 1019 2754 1074 demandetur.
2796 1044 2815 1066 α
2850 1020 3064 1090 Excipit
3110 1021 3304 1086 libens,
3338 1019 3706 1089 libentiusque

2105 1106 2418 1176 exsequitur
2465 1107 2783 1163 adolescens
2829 1109 2950 1178 pius
2996 1109 3167 1179 patris
3209 1109 3363 1176 jussa
3407 1105 3709 1177 spiritualis

2106 1210 2234 1266 erga
2263 1194 2617 1250 necessitates
2648 1196 2886 1251 carnalis
2931 1197 3040 1252 imo
3070 1205 3123 1252 et
3165 1196 3456 1266 spiritualis
3488 1209 3709 1266 quoque

2105 1284 2363 1352 parentis,
2397 1300 2495 1354 per
2523 1300 2684 1354 quem
2715 1300 2772 1339 se
2801 1285 2982 1355 potius
3029 1285 3323 1355 gaudebat,
3369 1299 3478 1338 non
3524 1283 3708 1337 solum

2106 1370 2272 1425 fuisse
2303 1372 2418 1425 Deo
2448 1371 2689 1443 genitum
2719 1380 2772 1428 et
2815 1373 3074 1442 oblatum,
3121 1389 3282 1444 quam
3310 1371 3512 1426 mundo
3543 1378 3708 1425 antea

2107 1467 2472 1529 procreatum.

2177 1547 2402 1602 Videres
2425 1548 2541 1616 jam
2580 1564 2722 1612 eum,
2783 1550 2877 1620 qui
2935 1550 2988 1604 in
3041 1549 3381 1622 singulorum
3427 1548 3710 1619 obsequiis

2107 1635 2355 1704 fratrum,
2384 1636 2613 1706 gratiam
2657 1637 2761 1691 sibi
2819 1638 3123 1693 uberiorem
3171 1637 3555 1693 conciliaverat
3584 1635 3709 1690 uni-

403 1719 601 1774 divinis
631 1718 818 1775 officiis
848 1721 1158 1791 exemplum
1204 1721 1500 1793 diligentia;
1543 1721 1843 1775 intimabat.
1886 1746 1906 1768 »ι
1940 1722 1998 1774 In
2027 1746 2079 1806 B
2110 1739 2413 1791 versorum,
2447 1725 2501 1778 in
2531 1741 2608 1780 eo
2644 1740 2806 1796 quam
2862 1727 3097 1781 maxime
3150 1725 3419 1781 universis
3467 1725 3705 1794 placere,

406 1823 472 1863 eo
499 1815 677 1863 autem
707 1809 822 1864 haec
851 1809 1222 1888 perseveravit
1253 1810 1305 1862 in
1333 1801 1498 1864 ﬁnem
1544 1810 1822 1883 diligentia
1870 1825 2004 1865 cun-

405 1896 506 1952 ctis
566 1898 1023 1967 cognoscentibus
1051 1941 1063 1964 ,
1112 1897 1366 1952 miranda
1411 1897 1621 1953 facilius
1668 1915 1830 1970 quam
1879 1899 2006 1953 imi-

403 1985 588 2040 tanda.
637 1986 927 2058 Nunquam
983 2003 1226 2056 praesens
1269 1986 1642 2042 tumultuantis
1689 1987 2008 2059 frequentia

404 2073 801 2144 importunitas,
834 2090 1113 2146 nunquam
1156 2082 1440 2130 transactae
1469 2075 1555 2130 vel
1598 2076 1885 2147 praesentis
1914 2092 2009 2131 cu~

401 2162 706 2233 juscunque
737 2163 1142 2233 disceptationis
1186 2162 1490 2234 implicitas,
1544 2173 1633 2218 aut
1680 2165 1820 2219 alius
1862 2165 2008 2218 talis-

405 2267 619 2322 cunque
681 2266 860 2317 casus,
924 2252 1285 2322 undecunque
1349 2267 1658 2324 emergens,
1724 2253 1773 2307 ei
1837 2253 2009 2323 potuit

408 2339 725 2409 subrepere,
762 2339 890 2410 quin
921 2339 1088 2395 corde
1133 2355 1350 2410 semper
1379 2341 1465 2395 vel
1492 2340 1652 2394 labiis
1682 2348 1926 2411 paratum
1957 2349 2009 2396 et

412 2434 722 2498 promptum
749 2427 993 2498 haberet,
1017 2427 1276 2500 quidquid
1303 2436 1548 2500 tempore
1569 2436 1619 2484 et
1634 2430 1791 2497 hora,
1813 2437 1922 2483 tam
1954 2430 2010 2483 in

406 2516 592 2571 altaris
619 2531 786 2587 quam
815 2515 869 2570 in
901 2516 1122 2572 alterius
1154 2516 1336 2573 officio
1366 2517 1672 2586 ministerii,
1706 2525 1852 2573 esset
1880 2533 2009 2589 pro-

410 2605 748 2677 sequendum
762 2646 773 2659 .

1023 2729 1246 2784 CAPUT
1276 2730 1368 2784 III.

410 2870 485 2924 De
483 2871 695 2995 dpatr-is
724 2871 815 2924 sui
831 2870 1336 2939 commendatione,
1361 2875 1416 2926 et
1439 2887 1606 2942 quam
1629 2871 1926 2928 humiliter
1946 2889 2010 2928 ac

521 2943 673 2995 euote
687 2942 1109 2995 ministraverit
1127 2942 1179 2994 ei
1198 2943 1350 2995 Huao
1364 2946 1580 2995 noster.
1600 2943 1848 2995 eiusdem
1865 2944 2010 2995 obse-

521 2943 673 3012 euote
687 2942 1109 3012 ministraverit
1127 2942 1179 2994 ei
1198 2943 1350 3011 Hugo
1364 2946 1580 3009 noster,
1600 2943 1848 3012 ejusdem
1865 2944 2011 3000 obse-

484 3011 630 3083 quiis
659 3012 984 3082 specialiter
1012 3011 1334 3083 deputatus.

480 3145 550 3200 Ut
577 3151 758 3199 autem
787 3151 960 3214 captae
980 3143 1307 3200 narrationis
1341 3145 1590 3201 ordinem
1610 3146 1847 3201 seriatiin
1878 3163 2007 3217 pro-

411 3248 724 3304 sequamur,
757 3232 986 3304 Hugone
1015 3232 1095 3304 (8)
1118 3233 1231 3301 jam
1253 3233 1458 3299 adulto,
1491 3242 1647 3304 pater
1675 3235 1790 3303 ejus
1819 3252 2010 3292 senec-

412 3320 541 3375 tutis
561 3328 819 3375 extremm
843 3320 1049 3375 crebris
1072 3322 1236 3392 coepit
1263 3322 1450 3394 urgeri
1470 3323 1847 3378 incommodis.
1873 3326 2012 3379 Tan-

417 3416 524 3462 tam
553 3424 686 3464 vero
713 3408 857 3463 idem
884 3408 940 3462 in
960 3416 1209 3480 utraque,
1228 3410 1376 3481 prius
1405 3411 1610 3466 scilicet
1635 3412 1688 3466 in
1715 3414 2012 3482 mundana,

413 3511 479 3552 ac
510 3496 770 3568 deinceps
815 3497 871 3551 in
917 3497 1181 3568 spirituali
1223 3498 1528 3554 obtinuerat
1569 3499 1759 3556 militia
1806 3503 2018 3557 virtutis

413 3585 670 3656 palmam,
703 3594 759 3641 ut
788 3586 920 3641 nihil
949 3587 1062 3641 suis
1089 3587 1300 3659 gratius
1326 3588 1617 3644 haberetur
1636 3591 2013 3646 commilitoni-

416 3675 537 3741 bus,
572 3690 734 3746 quam
765 3675 814 3730 ei
843 3675 897 3730 in
927 3675 1178 3730 omnibus
1207 3684 1424 3747 gratum
1468 3676 1686 3733 deferre
1717 3679 2011 3734 contuber-

416 3763 585 3818 nium.
606 3763 804 3820 Fuerat
825 3764 970 3818 enim
989 3764 1272 3820 modestia:
1293 3764 1606 3838 singularis,
1630 3768 1867 3823 moribus
1887 3784 2012 3822 sua-

414 3851 497 3906 vis
528 3859 579 3906 et
600 3852 880 3919 honestus,
914 3853 1168 3907 comitate
1189 3861 1464 3920 strenuus,
1499 3854 1831 3926 benignitate
1859 3873 2014 3911 acce-

416 3938 716 4010 ptissimus.
745 3941 917 4012 Igitur
945 3940 1182 4011 Hugoni,
1207 3941 1299 4011 qui
1328 3941 1586 3996 fratribus
1614 3944 1881 3998 universis
1911 3947 2006 4000 de-

418 4027 634 4083 votione
665 4028 870 4083 viribus
900 4028 1022 4082 totis
1065 4028 1408 4084 deserviebat
1456 4029 1624 4097 ﬁliali,
1683 4033 1883 4102 prioris
1932 4035 2015 4090 sui

495 4204 572 4273 (8)
598 4208 831 4260 Oetennis
857 4209 1013 4258 ferme
1040 4210 1176 4270 Hugo
1205 4209 1390 4259 militia
1413 4210 1649 4272 spiritalis
1691 4213 1839 4263 subiit
1863 4214 2022 4265 tiroci-

420 4278 519 4336 nia,
549 4278 598 4325 et
618 4279 733 4325 tunc
761 4277 898 4337 pater
923 4275 1044 4337 ejus,
1085 4277 1153 4324 uti
1197 4288 1304 4337 cap.
1337 4278 1357 4325 1
1401 4277 1610 4328 relatum
1650 4282 1742 4340 est,
1788 4282 2023 4343 regularis

420 4345 533 4393 vitae
555 4346 741 4392 vestem
767 4342 999 4404 suscepit.
1031 4342 1116 4392 Cui
1132 4343 1246 4392 dum
1272 4345 1425 4406 litigo,
1451 4344 1555 4404 jam
1579 4346 1788 4407 adultus,
1819 4348 1866 4396 in
1893 4349 2022 4398 inﬁr-

422 4409 672 4459 mitatibus
694 4408 962 4476 inservivit,
985 4412 1177 4471 Oportet
1217 4411 1266 4459 et
1299 4416 1488 4472 patrem
1527 4411 1652 4461 illius
1677 4413 1858 4476 aliquot
1883 4415 2024 4465 annis

422 4476 472 4525 in
497 4487 636 4525 saera
661 4474 894 4536 religione
921 4475 1116 4525 vixisse.

492 4557 562 4622 (9)
583 4560 797 4608 Mortuus
823 4560 968 4619 igitur
995 4560 1084 4608 fuit
1108 4562 1246 4621 pater
1271 4563 1484 4622 Hugonis
1520 4566 1633 4612 ante
1659 4563 1787 4613 illius
1827 4565 1875 4614 in
1901 4566 2024 4614 Car—

426 4627 637 4677 thusiam
664 4638 930 4686 secessum,
957 4638 1052 4674 non
1081 4631 1188 4688 post
1209 4627 1360 4682 illum.
1379 4630 1450 4677 uti
1475 4629 1951 4689 quideminsinuant.

491 4708 599 4770 (lO)
624 4711 695 4760 Ex
722 4710 860 4760 titulo
885 4710 1033 4772 hujus
1060 4715 1107 4760 et
1132 4713 1451 4772 quorumdam
1478 4713 1682 4763 aliorum
1728 4716 1940 4775 capitum
1967 4716 2023 4766 li-

427 4777 953 4840 quetabbreviatorcm
996 4779 1218 4839 quadam
1258 4779 1578 4833 contraxisse.
1619 4782 1833 4830 auctoris
1874 4783 2020 4831 verba

421 4844 617 4906 quidem
657 4844 937 4903 retinendo,
965 4845 1049 4892 sed
1087 4846 1372 4905 resecando,
1399 4857 1505 4905 qua:
1531 4847 1733 4906 putabat
1756 4849 2020 4908 superflua.

495 4927 602 4993 (11)
630 4929 680 4977 Si
705 4941 832 4977 anno
857 4927 983 4976 1200
1011 4928 1144 4988 llugo
1168 4927 1308 4989 obiit,
1345 4931 1470 4977 teste
1494 4930 1652 4988 Surio,
1691 4929 1792 4989 jam
1822 4944 2025 4991 sexage-

426 4995 612 5056 narius,
640 4995 828 5044 videtur
846 4997 986 5042 natus
1009 4995 1156 5043 fuisse
1177 4994 1307 5042 circa
1330 5006 1506 5043 annum
1531 4997 1658 5046 1140
1679 5002 1725 5046 et
1750 4998 1798 5045 in
1823 4998 2020 5048 levitain

424 5061 673 5109 ordinatus
698 5072 823 5109 anno
852 5062 979 5109 1158
1003 5065 1086 5110 aut
1107 5060 1349 5120 sequenti.

497 5142 604 5205 (12)
646 5145 690 5193 Is
713 5148 818 5194 erat
840 5145 1101 5194 Gaufridus
1127 5157 1185 5193 ex
1223 5145 1549 5194 Carthusiano
1576 5159 1662 5206 per
1701 5146 1748 5195 id
1790 5147 2026 5207 temporis

427 5210 607 5260 ibidem
634 5210 904 5272 cpiscopus.
934 5212 996 5260 Et
1020 5211 1101 5260 hic
1137 5214 1211 5260 est
1237 5210 1335 5272 ille,
1375 5212 1435 5259 de
1463 5223 1556 5272 quo
1599 5212 1646 5260 in
1673 5215 1794 5261 actis
1829 5215 1880 5260 S.
1922 5216 2025 5262 An-

425 5276 597 5326 thelmi
625 5277 750 5338 apud
792 5277 1132 5326 Bollandianos
1173 5277 1251 5326 illa
1280 5277 1456 5340 legitur
1485 5296 1495 5325 :
1531 5299 1551 5319 σ
1584 5279 1881 5328 Anthelmus
1915 5292 2022 5327 cum

425 5342 636 5403 egregiae
666 5343 900 5391 facundiae
927 5345 1048 5397 viro,
1077 5349 1218 5404 atque
1261 5343 1314 5391 in
1359 5344 1621 5406 Scripturis
1656 5345 1792 5394 valde
1835 5346 2022 5394 erudito

425 5409 666 5458 Gaufredo
690 5409 916 5458 consocio
939 5422 1045 5465 suo,
1073 5429 1097 5449 ο
1127 5414 1221 5458 etc.
1245 5410 1478 5458 Eumdem
1506 5411 1583 5458 his
1617 5411 1831 5459 celebrat
1871 5411 2023 5459 abbas

423 5476 710 5524 Morotius:
770 5489 788 5519 ε
831 5475 1138 5534 Godel'ridus,
1196 5476 1448 5534 episcopus
1523 5477 2023 5538 Gratianopolitanus,

425 5540 647 5590 Othmari
669 5554 814 5603 supra
838 5541 1021 5590 laudati
1044 5541 1092 5590 in
1109 5540 1254 5601 hujus
1279 5542 1594 5592 institutionis
1620 5541 2021 5606 (CarthusiensiS)

426 5610 632 5667 parente
679 5607 821 5657 domo
861 5608 975 5657 olim
1019 5607 1203 5670 collega
1246 5609 1466 5660 eumdem
1513 5610 1626 5659 fatis
1668 5609 2019 5660 concedentem

2110 1812 2252 1883 quod
2282 1812 2335 1866 in
2365 1813 2610 1884 paternis
2643 1815 3056 1869 necessitatibus
3111 1814 3290 1869 studia
3319 1814 3560 1868 vinceret
3587 1813 3710 1866 sin-

2109 1901 2381 1972 gulorum.
2415 1901 2573 1969 Quod
2603 1917 2838 1974 namque
2878 1905 2996 1959 viro
3054 1903 3432 1958 strenuissimo
3464 1901 3712 1957 exhiberi

2110 1989 2348 2045 universi
2378 1998 2431 2044 et
2475 1989 2673 2062 singuli
2703 1999 3081 2062 praeoptarent,
3117 1991 3268 2046 solus
3295 1991 3385 2046 ille
3430 2006 3528 2061 pro
3577 2004 3712 2045 cun-

2110 2077 2210 2132 ctis
2238 2077 2517 2148 implebat.
2550 2079 2704 2134 Hunc
2753 2079 2935 2150 igitur,
2977 2087 3034 2134 ut
3089 2080 3205 2150 ipse
3263 2078 3459 2149 saepius
3515 2086 3711 2148 gratu-

2109 2163 2272 2219 lando
2303 2165 2595 2231 referebat,
2629 2167 2697 2221 de
2729 2174 2924 2234 caztero
2971 2168 3048 2238 (9)
3104 2167 3344 2238 quandiu
3391 2166 3707 2236 supervixit,

2110 2251 2359 2320 ducebat,
2395 2255 2668 2324 portabat,
2703 2256 2940 2310 vestibus
2971 2265 3024 2310 et
3052 2256 3434 2312 calceamentis
3465 2254 3706 2326 tegebat,

2109 2341 2367 2407 nudabat,
2422 2341 2658 2409 lavabat,
2709 2345 3041 2416 extergebat,
3087 2345 3288 2400 lectum
3320 2345 3369 2398 ei
3414 2343 3709 2410 sternebat,

2111 2430 2262 2484 cibos
2290 2430 2569 2501 languenti
2613 2433 2858 2502 parabat,
2908 2433 3108 2502 paratis
3149 2433 3383 2487 debilem
3412 2432 3529 2502 ipse
3559 2431 3709 2486 ciba-

2111 2519 2221 2573 bat.
2256 2520 2383 2574 llaec
2415 2527 2465 2574 et
2511 2520 2596 2574 his
2625 2520 2824 2574 similia
2879 2521 3085 2576 dulcius
3117 2521 3167 2576 ei
3223 2521 3526 2592 sepiebant,
3587 2535 3714 2574 cum

2113 2621 2178 2661 ea
2207 2606 2456 2674 faciebat,
2521 2625 2680 2679 quam
2730 2616 2984 2680 saperent
3027 2609 3190 2664 mella
3236 2609 3560 2674 comedenti,
3621 2615 3716 2662 aut

2113 2696 2369 2766 quaelibet
2405 2697 2685 2767 pigmenta
2732 2699 3081 2753 vehementer
3127 2697 3344 2754 sitienti.
3394 2696 3713 2768 Accipiebat

2112 2783 2310 2838 millies
2340 2785 2411 2839 ad
2441 2785 2658 2857 singula
2695 2786 2813 2841 haec
2859 2786 3266 2842 benedictiones
3297 2786 3364 2840 ab
3397 2801 3488 2840 ore
3517 2785 3709 2855 patris,

2114 2880 2166 2926 et
2192 2874 2291 2927 has
2321 2874 2484 2928 corde
2513 2874 2672 2929 avido
2699 2874 2942 2930 sitienter
2971 2875 3275 2930 hauriebat.
3312 2875 3530 2930 Sciebat
3561 2890 3714 2928 nam-

2115 2977 2238 3031 que,
2275 2962 2418 3032 quod
2450 2962 2856 3017 benedictiones
2895 2970 3108 3033 patrum
3161 2963 3487 3018 confirmant
3515 2962 3712 3016 domos

2114 3047 2367 3104 filiorum.
2410 3050 2679 3104 Nimirum
2716 3050 3123 3107 benedictiones
3171 3052 3408 3106 omnium
3467 3049 3711 3122 gentium

2111 3138 2333 3192 daturus
2363 3137 2440 3192 illi
2469 3139 2764 3206 Dominus,
2814 3140 3179 3210 prmveniebal
3208 3156 3333 3196 eum
3381 3139 3434 3193 in
3482 3139 3713 3193 benedi-

2112 3226 2381 3281 ctionibus
2411 3227 2734 3296 dulcedinis,
2767 3227 3001 3294 dulcem,
3035 3229 3322 3284 amabilem
3355 3236 3407 3284 et
3437 3227 3716 3284 benedici-

2114 3314 2276 3370 bilem
2308 3315 2460 3371 illum
2489 3315 2794 3371 exhibendo
2824 3317 3112 3372 universis.

2721 3441 2946 3497 CAPUT
2976 3442 3065 3496 IV.

2122 3545 2378 3612 Qualiter
2398 3546 2694 3602 ordinatus
2719 3547 2906 3612 levita,
2929 3564 3062 3604 mox
3081 3545 3506 3612 praedicationis
3526 3547 3716 3600 studio

2182 3617 2396 3686 plebem
2417 3619 2759 3685 informans,
2785 3619 3054 3673 cellulam
3070 3617 3123 3673 S.
3149 3618 3382 3672 Maximi
3410 3618 3718 3686 regendam

2183 3688 2418 3757 accepit,
2445 3692 2500 3740 et
2523 3689 2604 3742 ita
2630 3689 2994 3743 laudabiliter
3013 3690 3188 3743 rexit.
3215 3691 3284 3742 Et
3304 3687 3404 3742 sub
3426 3689 3525 3742 hoc
3555 3703 3717 3742 com-

2182 3757 2836 3830 prehenditurquintum
2849 3760 3168 3830 capitulum
3179 3775 3397 3829 magnae
3416 3761 3552 3814 Vita;
3572 3758 3711 3828 (10).

2186 3865 2398 3917 Annum
2428 3878 2558 3918 vero
2588 3864 2759 3918 aetatis
2784 3864 2897 3932 jam
2924 3864 3204 3936 ingressus
3237 3865 3349 3932 (11)
3383 3879 3583 3918 nonum
3614 3863 3714 3918 de-

2113 3951 2331 4016 cimum,
2366 3959 2581 4021 petente
2611 3952 2758 4007 omni
2778 3960 2920 4008 cmtu
2943 3953 3186 4018 fratrum,
3221 3968 3320 4022 per
3349 3951 3718 4007 venerabilem

2119 4039 2684 4110 Gratianopolitanum
2715 4042 2828 4112 (i2)
2859 4041 3170 4107 antistitem,
3221 4040 3449 4111 gradum
3499 4047 3720 4096 coactus

2120 4220 2352 4280 pastorali
2378 4220 2426 4269 in
2448 4220 2770 4270 sollicitudine
2805 4222 3015 4278 excepit.
3050 4221 3223 4270 Exstat
3243 4219 3291 4270 in
3323 4219 3559 4269 tabulario
3594 4219 3724 4269 Gra-

2041 4315 2093 4374 D
2122 4287 2471 4374 929991,“???
2490 4287 2722 4374 31.911933
2746 4286 3720 4374 ,ξῗῗῗέθξῖἳῖ,ἷἮὲῗτθξὲῗῖῗεῗ¹¹Η.,⁶ἓὲ9,ἓξὲξ

2127 4353 2276 4412 1161,
2303 4353 2350 4401 in
2373 4365 2465 4412 quo
2490 4353 2725 4415 principis
2746 4355 2884 4403 titulo
2911 4354 3187 4413 insignitur.
3226 4352 3392 4414 Qualis
3416 4355 3725 4414 quantusque

2123 4419 2198 4468 vir
2221 4420 2514 4469 Godefridus
2538 4421 2702 4479 fuerit,
2728 4421 3016 4481 dignoscere
3041 4421 3156 4468 licet
3181 4419 3242 4468 ab
3267 4424 3461 4469 auctore
3476 4430 3723 4479 anonymo

2125 4485 2244 4535 Vitae
2266 4485 2315 4533 S.
2363 4485 2613 4535 Anthelmi
2641 4487 2926 4535 Bellicensis
2969 4486 3244 4546 anstistitis,
3284 4486 3411 4548 apud
3449 4497 3588 4546 quem
3632 4489 3726 4533 hoc

2125 4552 2278 4613 elogio
2304 4553 2542 4602 attollitur
2563 4566 2574 4601 :
2609 4568 2627 4597 α
2650 4552 2779 4601 Ordo
2798 4553 3184 4614 Carthusiensis,
3203 4553 3387 4613 primus
3403 4555 3512 4600 ante
3532 4563 3726 4610 omnes,

2135 4633 2153 4662 α
2181 4619 2228 4666 in
2279 4619 2497 4668 Ecclesia
2548 4618 2857 4678 occidentali,
2908 4619 3315 4679 quemadmodum
3348 4619 3469 4667 satis
3509 4621 3724 4678 constat,

2128 4705 2147 4725 ε
2179 4684 2509 4734 Alexandrum
2531 4697 2618 4747 pro
2644 4686 2890 4734 catholico
2931 4689 2979 4733 et
3017 4697 3130 4733 vero
3154 4684 3387 4748 pontiﬁce
3424 4683 3726 4743 habendum,

2129 4773 2146 4790 -
2180 4751 2318 4810 eique
2347 4751 2673 4811 praéstandam
2703 4751 3050 4811 obedientiam,
3077 4752 3402 4800 confirmavit.
3444 4751 3620 4810 Ecquis
3645 4762 3731 4798 au-

2129 4833 2151 4863 «
2180 4821 2278 4866 tem
2306 4816 2412 4877 ejus
2437 4818 2502 4864 rei
2530 4822 2698 4866 auctor
2725 4817 2856 4866 fuit?
2883 4817 3109 4866 nimirum
3132 4817 3436 4874 Anthelmus,
3461 4819 3511 4864 et
3534 4828 3645 4864 cum
3668 4828 3730 4864 eo

2134 4903 2152 4922 -
2177 4884 2468 4940 Gaufredus,
2497 4885 2692 4944 sapiens
2719 4890 2766 4932 et
2799 4884 2995 4945 egregia
3026 4884 3247 4932 facundia
3270 4885 3363 4943 vir,
3390 4889 3532 4943 atque
3566 4882 3616 4929 in
3649 4882 3729 4930 di-

2131 4968 2150 4989 ·
2181 4950 2310 4998 vinis
2336 4950 2621 5010 Scripturiis
2648 4949 3067 4998 eruditissisimus.
3110 4963 3136 4994 io
3177 4949 3296 5008 Ejus
3328 4960 3517 5008 quoque
3543 4949 3735 4997 mentio

2123 5016 2169 5062 in
2204 5016 2365 5065 Indice
2393 5020 2642 5076 pastorum
2687 5014 2827 5075 hujus
2852 5017 3013 5075 gregis
3036 5017 3256 5075 evulgato
3279 5029 3305 5063 a
3332 5016 3513 5064 Joanne
3537 5015 3733 5072 Chcnu,

2125 5081 2332 5130 Claudio
2359 5082 2597 5142 ltolierto,
2626 5084 2675 5129 et
2701 5083 2916 5131 Scaevola
2948 5095 3005 5130 ac
3030 5081 3273 5131 Ludovico
3298 5081 3672 5130 Sammartanis.
3703 5097 3724 5127 ι

2125 5150 2238 5196 ΗΞΡΟ
2268 5149 2503 5197 Morotius
2534 5149 2579 5196 in
2615 5148 2834 5196 'l‘heatro
2874 5148 2977 5197 0rd.
3018 5148 3178 5204 Cart.,
3224 5151 3361 5208 parte
3403 5148 3566 5205 tertia,
3604 5158 3738 5195 anno

2130 5215 2277 5268 1681,
2312 5214 2440 5262 edito
2468 5214 2689 5262 Taurini.
2738 5214 2788 5261 in
2833 5214 3072 5263 adnotatis
3097 5214 3156 5262 ad
3183 5214 3340 5262 Vitam
3367 5215 3420 5260 S.
3464 5213 3734 5272 Anthclmi,

2125 5292 2235 5341 pag.
2264 5280 2380 5336 251,
2406 5280 2574 5327 scribit
2595 5281 2929 5328 llenschenius
2956 5293 3006 5328 ις
3034 5280 3262 5328 Gaufredi
3285 5279 3427 5338 hujus
3451 5279 3561 5327 alibi
3589 5281 3742 5326 mira-

2129 5359 2241 5395 mur
2265 5347 2447 5395 nullam
2481 5346 2683 5406 reperiri
2713 5346 3028 5396 mentionem.
3057 5362 3074 5390 i
3110 5346 3374 5395 Occasione
3396 5345 3542 5404 hujus
3560 5350 3741 5406 prater

2129 5413 2345 5473 elogium
2395 5412 2585 5460 abbatis
2620 5413 2830 5471 Morotii,
2867 5413 2988 5462 addo
3013 5413 3341 5461 testimonium
3378 5424 3436 5460 ex
3465 5424 3580 5460 mss.
3613 5423 3733 5461 saec.

2124 5492 2231 5536 xm,
2259 5481 2455 5527 statutis
2481 5482 2692 5537 erutum,
2711 5477 2779 5536 sic
2800 5478 2985 5527 habens
3016 5491 3027 5526 :
3069 5499 3089 5520 σ
3137 5481 3208 5527 Ub
3236 5483 3454 5526 tenorem
3482 5481 3529 5525 et
3563 5477 3743 5526 contir-

2127 5545 2390 5594 mationem
2421 5544 2565 5594 totius
2598 5544 2848 5606 propositi
2896 5545 3052 5593 nostri
3081 5583 3094 5602 ,
3117 5557 3205 5606 ego
3243 5543 3448 5593 Basilius
3471 5545 3746 5593 Carthusie

2120 5611 2251 5672 prior
2275 5611 2451 5671 dictus,
2497 5615 2545 5659 et
2575 5611 2737 5660 caeteri
2766 5611 2941 5660 fratres
2988 5611 3159 5670 nostri,
3207 5623 3304 5660 uno
3336 5610 3498 5660 animo
3547 5615 3595 5658 et
3639 5621 3738 5660 una
