3972 6052
221 257 325 309 949

234 474 335 521 cla:
364 466 768 536 praedicationis
792 469 971 523 studio
999 469 1216 539 plebem
1271 470 1587 536 informare,
1650 480 1701 526 et
1756 473 1825 526 ad

232 569 476 609 amorem
506 556 742 610 caelestis
788 558 980 627 patriae
1017 559 1343 627 torpentium
1402 559 1565 613 corda
1618 560 1826 613 instan-

236 642 343 697 tius
389 644 651 699 excitare.
712 646 1009 699 Peccantes
1066 646 1282 715 publice
1338 661 1522 701 coram
1577 648 1827 701 omnibus

235 731 523 803 arguebat.
557 732 880 787 Gaudebant
909 734 954 787 si
986 734 1207 804 quidem
1264 735 1506 789 universi
1535 735 1590 789 in
1648 736 1827 790 verbis

235 822 446 889 gratiae,
479 837 597 891 quae
627 822 997 892 procedebant
1029 822 1097 876 de
1128 837 1223 876 ore
1241 823 1358 890 ejus
1381 844 1398 889 ;
1422 824 1520 877 sed
1552 840 1665 893 pra:
1678 833 1829 878 caete-

235 907 313 961 ris
343 908 673 977 prior'suus,
708 908 793 963 vir
821 908 1114 980 religiosus
1144 918 1195 964 et
1226 909 1366 979 pius,
1402 911 1492 980 qui
1539 926 1661 965 eum
1692 912 1828 965 edu-

236 1005 453 1051 caverat
478 1005 530 1050 et
588 996 679 1067 qui
730 1006 789 1051 ut
837 997 1076 1051 animam
1147 1013 1303 1051 suam
1345 987 1483 1051 'eum
1549 999 1827 1070 diligebat.

240 1084 338 1138 llic
368 1086 534 1139 corde
562 1084 839 1140 lentissimo
870 1102 1026 1139 suum
1058 1085 1338 1140 alumnum
1367 1103 1488 1141 cum
1507 1087 1831 1142 sublimitate

238 1173 361 1227 vita:
391 1172 667 1227 sublimari
687 1190 919 1229 cernens
949 1175 1118 1230 verbo
1139 1174 1345 1245 gloria,
1370 1174 1644 1230 contendit
1674 1176 1833 1229 etiam

240 1262 357 1330 ipse
391 1276 512 1315 eum
546 1262 614 1315 ad
636 1262 826 1316 altiora
859 1263 1123 1318 attollere.

312 1363 560 1417 Vicinam
590 1363 755 1435 igitur
798 1364 1072 1433 cellulam,
1107 1382 1268 1437 quam
1327 1374 1518 1421 vocant
1578 1368 1833 1420 Sanctum

241 1451 553 1515 Maximum,
586 1467 652 1505 eo
683 1451 828 1522 quod
858 1451 964 1507 loci
992 1455 1107 1521 ejus
1135 1454 1353 1508 basilica
1374 1462 1562 1508 sancto
1605 1461 1687 1507 est
1716 1456 1833 1507 Ma-

241 1538 413 1606 ximo,
447 1539 755 1611 regentium
783 1540 951 1594 nobili
982 1548 1226 1610 patrono,
1260 1550 1602 1610 consecrata,
1627 1542 1676 1596 ei
1690 1557 1837 1596 com-

242 1626 401 1680 mittit
430 1627 744 1698 regendam.
780 1627 951 1696 Quam
980 1628 1069 1682 ille
1092 1629 1253 1683 rebus
1312 1631 1530 1700 quidem
1578 1644 1834 1684 necessa-

241 1715 335 1769 riis
367 1730 506 1785 pene
534 1730 760 1769 vacuam
791 1716 938 1786 (quia
980 1732 1241 1771 recusare
1293 1718 1659 1773 obedientiam
1707 1718 1837 1772 obe-

243 1803 460 1857 dientitc
491 1803 765 1858 addictum
803 1803 1016 1875 legibus
1073 1804 1157 1859 fas
1218 1821 1327 1860 non
1375 1811 1514 1876 erat)
1574 1806 1830 1876 suscepit,

242 1890 508 1963 bonisque
537 1891 593 1945 in
623 1891 778 1947 brevi
808 1892 1035 1946 ubertim
1058 1892 1319 1963 implevit.
1347 1894 1473 1949 Loci
1503 1910 1637 1948 sane
1667 1894 1836 1965 ipsius

240 1980 701 2050 possessiunculas
738 1979 822 2035 vix
867 1982 1027 2036 unico
1059 1982 1129 2035 ad
1179 1982 1463 2036 honestam
1512 1982 1837 2037 videbantur

245 2068 539 2123 habitatori
569 2069 1016 2125 sustentationem
1072 2085 1194 2125 cum
1242 2070 1443 2124 familia
1472 2086 1637 2141 parva
1684 2069 1835 2123 suffi-

242 2172 386 2212 cere.
424 2158 625 2211 Verum
655 2158 835 2229 Hugo,
868 2157 1048 2213 sciens
1080 2158 1273 2213 melius
1324 2159 1463 2212 duos
1494 2159 1655 2212 simul
1716 2175 1837 2213 esse

246 2262 405 2315 quam
437 2262 622 2313 unum,
661 2246 831 2300 noluit
859 2262 983 2301 esse
1027 2247 1196 2312 solus,
1230 2263 1297 2301 ne
1348 2246 1454 2301 sibi
1509 2246 1837 2318 quandoque

247 2334 350 2389 dici
382 2334 648 2404 potuisset
682 2351 695 2388 :
734 2355 755 2383 ι
778 2336 867 2387 ναξ
896 2334 1016 2400 soli,
1045 2335 1171 2406 quia
1194 2335 1240 2388 si
1261 2334 1520 2390 ceciderit
1543 2350 1650 2388 non
1682 2336 1837 2388 habet

243 2423 615 2477 sublevantem
646 2438 704 2476 se
739 2423 943 2490 (Eccle.
976 2438 1052 2487 iv,
1090 2425 1165 2491 6).
1205 2423 1431 2478 nSciens
1454 2424 1839 2494 quoquejuxta

244 2510 345 2566 viri
374 2510 674 2565 doctissimi
706 2510 1035 2565 sententiam
1090 2525 1101 2563 :
1141 2532 1162 2560 α
1198 2510 1346 2565 Sicut
1369 2511 1600 2578 junioris
1638 2512 1838 2578 jucun-

246 2599 473 2665 diorem,
505 2598 579 2652 ita
599 2598 1057 2653 cohabitationem
1096 2599 1328 2653 senioris
1356 2615 1477 2653 esse
1508 2599 1783 2661 tutiorem,
1817 2623 1835 2645 υ

242 2688 618 2758 presbyterum
668 2686 1095 2742 concanonicum
1143 2688 1298 2741 annis
1329 2695 1380 2741 et
1432 2687 1670 2741 moribus
1719 2703 1842 2756 gra-

246 2792 367 2831 vem
398 2776 607 2845 accepit
636 2776 692 2829 in
735 2775 965 2831 socium.
1015 2775 1175 2847 Ageli
1224 2792 1401 2831 curam
1457 2784 1510 2831 et
1558 2776 1840 2830 vinearum

248 2863 465 2919 rusticis
493 2864 760 2918 timoratis
789 2864 1201 2928 commendans,
1262 2864 1377 2935 ipse
1427 2872 1479 2919 et
1524 2864 1743 2918 lectioni
1791 2872 1843 2917 et

246 2952 477 3007 orationi
510 2953 759 3007 vacabat.
794 2954 1123 3025 Factumque
1156 2961 1238 3007 est
1282 2960 1339 3006 ut
1373 2952 1426 3006 in
1484 2952 1657 3019 brevi,
1692 2952 1842 3007 locus

247 3058 431 3096 rerum
463 3048 516 3095 et
541 3040 733 3096 incolae
765 3057 975 3096 morum
1024 3040 1308 3113 stipendiis
1352 3040 1520 3109 ditati,
1570 3040 1839 3095 celebrem

244 3129 516 3199 Opinionis
568 3129 726 3184 bona:
775 3130 1197 3201 circumquaque
1252 3128 1453 3183 famam
1516 3128 1839 3183 obtinerent.

248 3219 371 3287 Ipse
394 3218 595 3288 quippe
625 3225 678 3273 et
707 3217 808 3281 sui,
843 3216 935 3287 qui
965 3233 1089 3271 cum
1117 3218 1235 3287 ipso
1264 3224 1437 3284 erant,
1470 3216 1526 3269 in
1557 3232 1652 3269 sua
1674 3218 1843 3270 abun-

248 3306 432 3360 dantia
462 3306 663 3368 sobrie,
697 3312 751 3358 et
780 3304 889 3375 pie,
924 3312 977 3358 et
1002 3304 1145 3373 juste
1174 3306 1437 3369 viventes,
1473 3304 1664 3375 egenis
1721 3305 1847 3357 sub-

249 3394 629 3449 ministrabant
675 3392 1009 3458 alimoniam,
1060 3393 1315 3447 divitibus
1373 3392 1844 3448 honoriﬁcentiam

249 3482 589 3537 exhibentes.
624 3481 807 3536 Sacra:
850 3496 979 3535 vero
1038 3481 1419 3535 exhortationis
1478 3480 1675 3544 studio,
1739 3495 1846 3533 non

251 3571 425 3625 solum
475 3568 778 3625 ecclesiolae
834 3584 949 3624 suae
1003 3569 1379 3639 parochianos,
1438 3585 1631 3623 verum
1684 3568 1847 3622 etiam

253 3659 592 3715 conﬂuentes
622 3657 864 3729 undique
894 3657 1077 3711 turbas
1108 3656 1177 3711 ad
1232 3657 1559 3711 audiendum
1620 3656 1848 3711 verbum

252 3748 370 3815 Dei,
425 3746 710 3802 instantius
769 3745 1054 3809 edocebat,
1126 3760 1353 3799 monens
1409 3759 1849 3815 unumquemque

252 3852 354 3907 pro
384 3844 555 3890 status
587 3835 669 3889 sui
707 3834 1019 3889 conditione
1076 3833 1607 3904 irreprehensibilem
1642 3851 1700 3887 se
1752 3849 1847 3888 ca—

254 3924 468 3979 tholicae
512 3922 819 3977 traditionis
850 3930 902 3977 et
929 3922 1035 3992 piae
1064 3937 1162 3992 per
1213 3921 1391 3977 omnia
1422 3922 1850 3977 conversationis

257 4020 578 4068 sectatorem
609 4011 887 4067 exhibere.

883 4242 1107 4297 CAPUT
1160 4242 1220 4294 V.

256 4436 513 4501 Qualiter
529 4434 675 4490 illud
698 4433 1114 4503 evangelicum:
1145 4454 1165 4477 κ
1184 4430 1566 4501 Sipeccaverit
1586 4430 1644 4501 in
1663 4433 1716 4482 te
1728 4430 1856 4551 [ra-

256 4532 262 4546 ι
304 4509 391 4551 ter
413 4509 545 4551 tum
567 4528 583 4551 ι
607 4507 759 4551 circa
785 4504 1080 4551 uuemdam
1102 4502 1265 4551 dicta
1295 4501 1517 4551 cellulae
1556 4515 1721 4551 varoc
1768 4500 1853 4551 ia-

246 4532 262 4546 -
304 4509 391 4561 ter
413 4509 545 4561 tuus
567 4528 583 4553 ι
607 4507 759 4560 circa
785 4501 1080 4574 quemdam
1102 4502 1265 4557 dictae
1295 4501 1517 4556 cellula:
1554 4501 1853 4570 parochia-

262 4697 379 4733 voce
400 4684 596 4734 domum
623 4686 838 4732 nostram
866 4681 1112 4732 communi
1138 4680 1347 4742 capitulo
1384 4679 1722 4740 corrigendum
1762 4681 1863 4727 tra-

252 4752 443 4808 dimus,
496 4750 705 4799 servatis
760 4748 994 4797 instituth
1030 4760 1134 4807 quae
1174 4748 1221 4795 in
1268 4747 1631 4807 prteseutiarum
1676 4746 1860 4805 scripto

214 4854 227 4871 .
256 4818 330 4865 vel
371 4817 717 4865 consuetudine
759 4816 986 4876 religiose
1012 4826 1282 4863 servamus.
1322 4813 1393 4861 Oh
1420 4813 1643 4860 eumdem
1672 4824 1860 4872 quoque

256 4884 492 4945 propositi
522 4888 763 4932 tenorem.
815 4884 865 4929 ις.
907 4884 1163 4931 Portarum
1201 4880 1339 4936 prior
1361 4878 1602 4927 communi
1649 4878 1860 4938 capitulo

256 4944 435 5012 prose
462 4954 511 4998 et
552 4962 635 5009 pro
678 4949 823 4997 domo
869 4961 954 4997 sua
999 4947 1323 4995 obedientiam
1365 4944 1605 5006 promisit.
1634 4944 1769 5003 Quod
1811 4948 1860 4992 et

258 5017 420 5065 ueteri
452 5016 637 5076 priores
678 5014 853 5074 singuli
882 5013 1050 5063 ordine
1094 5026 1178 5061 suo
1215 5012 1568 5070 subsequenter
1618 5013 1856 5059 fecerunt.

256 5084 377 5131 Item
416 5083 475 5130 ad
516 5082 937 5130 confirmationem
977 5080 1197 5141 praedicti
1223 5078 1416 5139 capituli
1454 5078 1624 5125 donius
1650 5079 1859 5125 (iarthu-

254 5150 338 5197 size
360 5164 385 5196 a
412 5149 607 5197 domino
640 5147 873 5198 Gotfredo
914 5147 1362 5206 Gratianopolitano
1403 5144 1629 5206 episcopo
1674 5145 1862 5192 litteras

255 5216 446 5276 accepit
498 5217 623 5263 hunc
669 5215 865 5262 modum
910 5215 1213 5261 continentes
1244 5227 1254 5260 :
1283 5232 1300 5251 α
1342 5213 1441 5270 liga
1478 5213 1539 5257 tl.
1582 5212 1661 5258 Dei
1708 5210 1861 5269 gratia

262 5304 281 5321 ο
313 5282 794 5341 (lratiauopolitanus
819 5280 1069 5341 episc0pus
1097 5284 1264 5337 rogatu
1282 5280 1335 5327 Β.
1380 5277 1649 5324 tlartlrusirr
1691 5276 1866 5337 prioris

271 5364 288 5390 ε
314 5350 361 5395 et
389 5353 675 5395 czrterorum
716 5347 919 5394 fratrum
966 5346 1141 5395 ibidem
1184 5346 1278 5393 Deo
1328 5343 1662 5391 famulantium
1696 5342 1868 5402 praefa-

267 5430 292 5459 (ι
322 5418 422 5461 tam
451 5414 646 5461 domum
691 5412 937 5460 communi
972 5412 1204 5473 capitulo,
1244 5410 1367 5458 sicut
1430 5408 1639 5467 generali
1671 5408 1869 5455 consilio

284 5496 301 5526 ι
332 5482 481 5529 totius
503 5479 685 5529 ordinis
709 5478 956 5527 decretqu
985 5482 1059 5527 est
1084 5477 1341 5540 episcopali
1392 5477 1680 5525 auctoritate
1722 5474 1870 5523 corii-

1602 259 1776 313 VITA.
1810 290 1877 299 -—
1915 260 2042 315 LIB.
2086 262 2124 316 Ι.

226 386 279 432 et
310 378 508 433 invitus
538 380 787 434 ascendit
813 381 1107 436 leviticum.
1135 382 1310 453 Cmpit
1340 382 1499 437 etiam
1523 399 1645 438 mox
1690 398 1821 437 san-
1845 388 1896 445 Α

3418 260 3520 315 950

1995 390 2466 525 ἷιιιτηᾶζῖεευηιε
2506 393 2592 442 εει
2619 388 2684 443 de
2703 393 2932 458 peccato
2952 388 3225 443 adulterii
3255 386 3520 456 diffama-

2024 472 2119 511 um
2261 498 2273 509 .

2024 472 2273 511 υΊηΗό).

1998 615 2129 668 Erat
2156 623 2333 668 autem
2354 615 2495 670 inter
2524 617 2759 671 creditas
2801 635 2947 673 cura:
2973 634 3083 671 sua?
3116 615 3358 672 oviculas
3404 614 3521 669 ovis

1929 703 2173 772 quaedam
2192 704 2459 772 morbida,
2501 706 2754 771 erratica,
2799 706 2995 775 lupinis
3034 706 3176 760 ultro
3206 721 3265 759 se
3320 703 3522 757 morsi-

1928 790 2029 843 bus
2060 792 2332 861 ingerens.
2368 792 2669 847 Criminesi
2701 794 2920 863 quidem
2951 792 3201 848 adulterii
3229 791 3523 863 quidamex

1930 878 2333 947 parochialibus
2380 880 2492 933 suis
2567 882 2899 950 pertinacius
2971 882 3269 936 laborabat.
3326 881 3525 934 Verum

1931 966 2060 1035 quid
2091 981 2252 1031 curae,
2289 967 2419 1037 quid
2446 968 2842 1036 sollicitudinis,
2904 970 3031 1041 quid
3088 968 3357 1024 instantia
3398 967 3526 1022 huic

1932 1054 2255 1124 impenderit
2286 1056 2520 1124 pastoris
2551 1057 2677 1110 boni
2709 1058 3007 1128 sequipeda
3054 1058 3249 1124 bonus,
3282 1056 3527 1125 ejusdem

1931 1142 2107 1211 potius
2136 1142 2317 1196 verbis
2352 1144 2633 1199 absolvere
2663 1146 2886 1215 dignum
2927 1146 3202 1201 duximus.
3240 1146 3377 1200 Nam
3412 1145 3530 1199 vice

1935 1231 2169 1300 quadam
2193 1230 2439 1300 plurimis
2470 1233 2890 1287 consedentibus
2922 1234 3049 1288 viris
3080 1235 3347 1302 litteratis,
3391 1248 3527 1287 con-

1935 1318 2052 1389 tigit
2074 1319 2193 1388 ipso
2215 1332 2498 1388 praesente,
2524 1327 2577 1375 et
2606 1335 2730 1375 cum
2770 1322 2976 1376 eisdem
3024 1322 3358 1379 familiariter
3401 1327 3527 1397 plu-

1936 1422 1997 1459 ra
2022 1406 2351 1473 conferente,
2387 1424 2415 1460 a
2440 1408 2759 1478 quibusdam
2792 1411 3040 1465 canonici
3098 1427 3199 1467 nec
3228 1428 3335 1467 non
3367 1423 3419 1469 et
3445 1416 3528 1469 ci-

1937 1494 2057 1548 vilis
2108 1495 2247 1560 juris
2293 1496 2483 1564 peritis
2542 1497 2867 1566 quzetionem
2923 1497 3067 1551 illam
3102 1500 3171 1553 de
3226 1501 3529 1572 Evangelia

1938 1582 2187 1652 proponi,
2221 1598 2328 1652 qua
2388 1583 2653 1638 Dominus
2704 1585 2861 1638 Petro
2911 1585 3084 1640 dicit:
3118 1586 3172 1640 Si
3226 1590 3533 1657 peccaverit

1939 1671 1994 1723 in
2022 1679 2073 1724 te
2104 1670 2270 1725 frater
2302 1679 2440 1735 tuus,
2474 1672 2685 1742 corripe
2716 1672 2868 1726 illum
2897 1673 3036 1727 inter
3056 1682 3105 1728 te
3129 1682 3181 1729 et
3209 1676 3388 1745 ipsum
3446 1692 3535 1732 so-

1858 1737 1907 1795 B
1936 1759 2045 1813 lum
2080 1760 2298 1827 (Matth.
2336 1775 2495 1823 xvru,
2532 1737 2639 1829 15):
2671 1761 2789 1814 :De
2820 1761 2903 1815 his
2934 1778 3060 1817 vero
3081 1737 3531 1835 quiesequuntur,

1939 1847 2144 1903 scilicet
2166 1847 2234 1901 de
2266 1846 2590 1901 adhibendis
2620 1864 2805 1903 secum
2834 1849 3045 1904 duobus
3079 1851 3164 1905 vel
3194 1852 3362 1906 tribus
3382 1854 3534 1907 testi-

1938 1935 2056 2002 bus,
2093 1950 2189 1989 seu
2219 1935 2287 1990 de
2308 1934 2483 1989 forma
2513 1936 2731 1991 dicendi
2784 1937 3045 1992 Ecclesiae
3092 1948 3373 2008 peccatum
3420 1940 3533 1995 fra-

1938 2024 2051 2085 tris,
2081 2022 2201 2075 aliis
2223 2023 2321 2087 sic,
2372 2022 2495 2076 aliis
2552 2039 2684 2078 vero
2740 2023 2819 2079 sic
2866 2022 3276 2093 difﬁnientibus,
3328 2028 3427 2082 sed
3478 2029 3534 2083 in

1939 2111 2188 2166 eamdem
2220 2112 2581 2166 assertionem
2611 2111 2835 2167 minime
2873 2114 3260 2169 accedentibus
3315 2116 3533 2187 episco-

1939 2215 2039 2269 pus
2067 2198 2265 2254 deinde
2295 2200 2423 2269 quid
2473 2199 2575 2253 sibi
2618 2199 2900 2255 videbatur
2964 2201 3201 2271 protulit,
3269 2218 3533 2275 suamque

1941 2287 2263 2342 sententiam
2296 2287 2531 2358 exempli
2556 2288 2717 2356 hujus
2737 2290 3120 2358 prosecutione
3141 2291 3388 2346 astruxit.

2017 2398 2038 2421 α
2074 2377 2234 2441 Dum,
2269 2375 2459 2447 inquit,
2484 2376 2923 2431 adolescentulus
2954 2378 3230 2448 quondam
3258 2379 3390 2434 mihi
3422 2387 3534 2435 tra-

1941 2464 2065 2517 ditae
2097 2464 2370 2533 parochias
2400 2464 2645 2535 regimen
2677 2465 2792 2534 ipse
2825 2465 3047 2535 quidem
3078 2467 3343 2523 diaconus
3370 2468 3540 2522 admi-

1943 2553 2246 2616 nistrarem,
2282 2552 2516 2621 simplici
2548 2553 2780 2623 quodam
2814 2554 3288 2627 sacerdote,quod
3316 2556 3401 2610 sui
3421 2564 3537 2611 erat

1943 2638 2127 2707 ofﬁcii,
2161 2639 2214 2693 in
2246 2648 2707 2695 sacramentorum
2748 2640 2861 2695 sive
2918 2640 3219 2698 officiorum
3275 2643 3537 2699 ecclesia-

1944 2728 2199 2782 sticorum
2260 2728 2712 2783 celebrationibus
2770 2728 2856 2783 vel
2911 2730 3293 2785 collationibus
3370 2748 3535 2787 exse-

1945 2824 2160 2887 quente,
2219 2824 2443 2881 notam,
2504 2816 2633 2881 imo,
2686 2818 2832 2887 quod
2895 2817 3133 2873 deterius
3188 2827 3289 2885 est,
3338 2835 3537 2876 noxam

1944 2904 2196 2959 adulterii
2221 2904 2511 2975 quemdam
2541 2920 2607 2959 ex
2626 2905 2971 2975 parochianis
3026 2907 3161 2961 meis
3191 2908 3417 2979 contigit
3453 2908 3537 2964 in-

1945 2992 2195 3047 currisse.
2230 2993 2575 3062 Compertam
2634 3009 2738 3065 ego
2788 2993 2913 3047 mali
2969 2993 3169 3049 famam
3201 3011 3350 3067 aegre
3403 2996 3535 3051 satis

1872 3087 1916 3146 C
1945 3081 2060 3144 tuli,
2094 3097 2209 3135 rem
2240 3080 2655 3151 diligentissime
2684 3081 2955 3153 inquisivi,
2986 3082 3259 3138 inventam
3291 3092 3343 3138 et
3374 3084 3535 3155 agni-

1946 3177 2073 3233 tam,
2108 3177 2437 3238 cooperante
2492 3168 2709 3223 Domini
2764 3169 2933 3224 nostri
2986 3171 3184 3242 gratia,
3243 3172 3346 3227 hoc
3401 3187 3537 3242 pro-

1944 3273 2139 3326 gressu
2168 3255 2473 3311 emendavi.
2509 3257 2750 3311 Conveni
2777 3257 2957 3312 virum
2984 3258 3126 3313 inter
3153 3276 3241 3314 me
3270 3268 3324 3315 et
3358 3260 3539 3331 ipsum

1950 3344 2144 3410 solum,
2177 3344 2395 3415 dixique
2423 3361 2521 3415 pro
2558 3344 2777 3416 negotio
2808 3354 2858 3400 et
2873 3345 3014 3411 loco,
3039 3364 3159 3418 qua":
3188 3347 3416 3402 dicenda
3431 3364 3537 3419 pu-

1947 3433 2071 3487 tavi.
2107 3432 2202 3487 llle
2234 3441 2457 3487 econtra
2480 3440 2685 3487 reatum
2716 3449 2872 3487 suum
2906 3435 3255 3503 pertinaciter
3288 3434 3539 3501 inﬁciari,

1948 3522 2106 3575 irasci
2138 3529 2207 3583 et,
2241 3529 2506 3592 quatenus
2535 3537 2727 3574 ausum
2772 3523 2967 3577 mentis
3004 3523 3336 3594 suggerebat
3392 3538 3539 3578 caeca

1948 3608 2268 3674 obduratio,
2322 3608 2643 3664 comminari
2682 3610 2842 3663 etiam
2888 3609 3019 3663 mihi
3073 3610 3237 3680 cmpit
3293 3618 3346 3665 et
3400 3626 3537 3666 con-

1948 3699 2145 3753 vitiari.
2178 3697 2497 3752 Abscedcns
2530 3698 2768 3763 domum,
2803 3705 2912 3751 tam
2945 3697 3154 3752 tristem
3184 3714 3272 3753 me
3306 3698 3536 3769 reliquit,

1951 3803 2108 3858 quam
2128 3802 2187 3840 se
2216 3785 2642 3857 incorrigibilem
2680 3786 2745 3839 ad
2804 3794 3017 3855 tempus
3072 3786 3332 3841 ostendit.
3392 3787 3539 3840 Prai-

1950 3874 2091 3945 ccpti
2122 3889 2248 3929 vero
2279 3873 2437 3942 hujus
2468 3873 2774 3945 evangelici
2805 3890 3031 3943 memor,
3055 3874 3268 3929 duobus
3283 3874 3539 3946 primum,

1952 3980 2014 4019 ac
2042 3971 2231 4035 postea
2263 3963 2437 4017 tribus
2492 3964 2739 4029 testibus,
2782 3963 2871 4033 qui
2921 3980 3034 4017 rem
3065 3979 3219 4034 azque
3254 3969 3540 4027 noverant,

1952 4069 2163 4108 mecum
2200 4052 2476 4120 adhibitis,
2508 4050 2785 4107 hominem
2841 4050 3099 4121 corripui,
3150 4051 3543 4106 correctionem

1955 4142 2003 4197 ei
2027 4140 2195 4205 suasi,
2231 4148 2283 4196 et
2305 4140 2518 4195 veniam
2567 4146 2815 4195 correcto
2869 4140 3139 4194 mediante
3178 4138 3546 4195 satisfactione

1956 4228 2261 4299 repromisi.
2299 4228 2516 4283 Distulit
2559 4228 2647 4282 ille
2706 4228 3095 4282 correctionem
3123 4226 3385 4297 polliceri,
3435 4226 3544 4282 cri-

1954 4318 2113 4371 minis
2145 4332 2275 4371 vero
2304 4332 2403 4370 nec
2425 4315 2748 4385 suspicionis
2795 4316 3073 4370 materiam
3103 4314 3354 4369 sustinuit
3408 4316 3545 4371 abo-

1956 4406 2073 4460 leri.
2107 4405 2347 4459 Tandem
2380 4404 2493 4471 ejus
2524 4411 2732 4457 reatum
2768 4404 2877 4471 jam
2910 4403 3163 4458 omnibus
3200 4402 3545 4458 manifestum

1958 4493 2155 4562 (media
2185 4494 2240 4545 in
2269 4491 2503 4547 ecclesia
2533 4491 2764 4561 quadam
2796 4491 2884 4545 die
2913 4492 3144 4546 solemni
3174 4492 3353 4562 palam
3392 4506 3551 4546 coar-

1980 4689 1997 4719 ι
2025 4671 2249 4732 gendam.
2273 4674 2321 4720 et
2346 4671 2393 4719 in
2420 4669 2665 4732 proposito
2690 4670 3021 4720 Carthusiensi
3048 4672 3336 4733 perpetuum
3360 4681 3553 4719 conser-

1978 4756 1996 4785 α
2024 4738 2229 4787 vandam
2268 4738 2497 4786 concedo.
2548 4736 2863 4787 Deeernimus
2900 4738 3045 4787 etiam
3065 4777 3077 4798 ,
3105 4738 3231 4798 quod
3254 4737 3294 4785 si
3322 4736 3553 4796 praedicta

1973 4827 1991 4845 σ
2025 4805 2199 4854 domus
2222 4818 2247 4853 a
2274 4817 2359 4853 suo
2380 4805 2626 4865 proposito
2652 4805 2710 4853 ad
2757 4805 2883 4854 aliud
2920 4804 3236 4865 propositum,
3263 4802 3388 4863 quod
3424 4802 3553 4850 Deus

1981 4892 1997 4916 α
2024 4876 2233 4929 avertat,
2275 4872 2530 4932 aliquando
2574 4885 2626 4920 se
2668 4872 2932 4921 transferre
2968 4868 3249 4925 tentaverit,
3292 4868 3367 4916 vel
3403 4868 3555 4929 prior,

1980 4956 1997 4983 ι(
2026 4940 2099 4988 vel
2122 4950 2327 4997 persona
2353 4937 2577 4996 quaelibet
2597 4938 2745 4998 ipsius
2768 4942 2959 4995 domus,
2983 4938 3056 4984 vel
3082 4935 3231 4982 etiam
3257 4937 3359 4982 tota
3384 4933 3559 4982 domus

1978 5026 1996 5045 ι
2033 5005 2227 5053 obedire
2254 5004 2487 5065 pr'urdit‘lo
2533 5004 2741 5064 capitulo
2788 5002 3015 5061 noluerit,
3077 5000 3332 5048 sententia:
3366 5011 3557 5048 excom-

1979 5089 1996 5117 α
2026 5064 2366 5120 munit-alienis
2387 5074 2485 5118 tam
2504 5076 2679 5119 nostra:
2700 5082 2842 5131 quam
2862 5068 3008 5118 totius
3022 5066 3219 5130 capituli
3236 5064 3507 5125 subjaceat.
3532 5081 3552 5113 ι

2034 5207 2138 5268 (13)
2166 5208 2231 5255 De
2258 5208 2469 5255 narratis
2490 5208 2539 5255 in
2566 5208 2657 5256 hoc
2683 5207 2839 5266 capite
2869 5205 2989 5253 nihil
3018 5205 3258 5265 reperitur
3303 5203 3427 5264 apud
3468 5204 3565 5252 Su-

1966 5275 2109 5328 rium,
2138 5277 2312 5334 pra‘tcr
2340 5275 2443 5321 ha'c
2470 5288 2620 5335 pauca
2646 5288 2657 5316 :
2702 5290 2719 5317 «ι
2753 5271 3018 5332 lnjungitur
3041 5272 3080 5319 ei
3137 5270 3385 5330 cujusdam
3424 5282 3564 5331 paro-

1969 5341 2093 5389 chitr
2120 5341 2494 5400 administratio,
2536 5353 2627 5399 qua
2667 5338 2787 5387 adeo
2817 5338 3032 5398 perfecte
3071 5339 3263 5386 functus
3287 5340 3379 5393 est,
3421 5340 3473 5383 ut
3496 5336 3565 5383 si-

1972 5407 2072 5455 mul
2100 5419 2269 5454 omnes
2294 5406 2513 5456 dicerent
2544 5417 2729 5467 magna:
2758 5417 2866 5453 eum
2906 5404 3174 5467 prudentia:
3208 5409 3255 5452 et
3296 5402 3571 5455 sanctitatis

1974 5475 2130 5522 virum
2154 5474 2273 5522 fore.
2305 5492 2324 5513 ι
