3972 6052
382 103 475 155 951

1245 103 1299 157 S.
1344 100 1660 159 HUGONIS
1697 97 1912 154 EPISC.
1956 93 2277 152 LINCOLN.
2321 94 2487 151 0RD.
2530 96 2778 153 CARTH.

3564 99 3672 156 932

386 224 501 295 gui,
535 222 946 295 immanitatem)
978 224 1164 296 ﬂagitii
1196 225 1405 280 cunctis
1434 222 1776 279 audientibus
1806 222 2033 280 deno-A
2060 235 2180 274 sum
2192 220 2444 275 manebat
2458 221 2851 294 unusquisque,
2873 238 2941 278 ne
2968 222 3305 294 experiretur
3322 223 3677 294 impedimen-

387 310 515 379 tavi,
549 320 603 366 et
631 313 956 367 tradendum
1006 328 1129 367 eum
1177 313 1390 367 Satanas
1445 312 1718 367 interitum
1778 310 1973 375 carnis,

386 398 432 452 si
460 414 570 454 non
600 400 756 455 citius
787 400 1086 470 resipiscat,
1136 400 1445 455 terribiliter
1494 398 1825 454 denuntiavi.
1884 397 1977 451 His

390 485 480 541 ille
504 495 556 542 et
586 488 803 542 territus
858 489 1229 556 vehementer,
1265 496 1317 543 et
1344 487 1601 543 confusus
1631 488 1685 540 in
1738 486 1978 541 medium

388 573 673 644 prosilivit,
707 584 760 631 et
786 584 1009 646 peccato
1041 593 1139 631 suo
1170 592 1279 631 non
1311 576 1426 630 sine
1456 577 1660 648 gemitu
1711 582 1763 630 et
1806 574 1979 628 imbre

384 662 746 733 lacrymarum
802 665 1116 719 renuntians
1172 663 1544 734 pmnitentiam
1618 665 1749 736 egit,
1818 670 1978 733 atque

389 760 664 807 correctus
687 760 738 807 et
759 752 1137 808 reconciliatus
1160 754 1373 808 veniam
1394 753 1655 823 accepit.»

458 840 586 895 Haec
614 840 699 896 vir
730 849 945 896 sanctus
975 841 1043 896 de
1082 842 1191 895 his.
1260 840 1391 910 Qua:
1437 840 1692 912 praesenti
1741 840 1980 895 historias

388 927 593 982 idcirco
614 928 905 983 inserenda
926 930 1261 999 putavimus,
1298 937 1565 1000 quatenus
1594 945 1659 983 ex
1689 929 1773 983 his
1803 928 1978 982 mani-

390 1014 579 1070 festius
632 1024 814 1085 pateat
862 1018 1074 1084 lectori,
1136 1018 1264 1089 quid
1322 1017 1699 1073 sollicitudinis
1757 1026 1810 1071 et
1856 1016 1976 1085 zeli,

388 1104 517 1175 quid
546 1105 891 1160 discretionis
922 1115 975 1161 et
1010 1107 1173 1161 studii
1222 1108 1367 1162 circa
1415 1107 1639 1161 salutem
1681 1106 1979 1160 animarum

391 1192 473 1246 vir
493 1193 609 1247 Deo
631 1192 825 1262 plenus
856 1196 926 1249 ab
975 1194 1192 1249 ineunte
1252 1202 1411 1249 aetate
1448 1195 1718 1259 habuerit,
1772 1202 1831 1248 ut
1872 1209 1979 1249 non

392 1280 664 1335 immerito
695 1297 861 1352 super
890 1283 1055 1336 multa
1083 1284 1165 1337 sui
1222 1282 1437 1337 Domini
1495 1283 1638 1337 bona
1668 1283 1723 1335 in
1768 1282 1981 1337 modico

390 1377 635 1439 repertus
693 1368 1059 1436 fidelissimus,
1114 1379 1358 1441 tempore
1404 1372 1621 1427 demum
1678 1378 1981 1441 opportuno

390 1456 639 1512 videatur
660 1458 996 1513 constitutus.

1015 1648 1238 1705 CAPUT
1287 1648 1374 1702 Vl.

401 1826 652 1896 Qualiter
664 1840 794 1881 cum
806 1826 994 1898 priore
1011 1840 1110 1952 διέἰᾳ
1118 1824 1489 1952 [ϐαηξῆαεὶαφη
1499 1824 1714 1890 invisit,
1742 1828 1796 1879 et
1811 1826 1985 1879 visam

1093 1913 1110 1951 ι
1139 1911 1235 1952 ext
1275 1936 1289 1949 .

1093 1911 1289 1953 ιιϐιεῑτ.

461 2047 679 2112 Verum,
715 2052 772 2099 ut
795 2045 926 2101 dicit
956 2044 1232 2115 Scriptura
1250 2051 1470 2099 sancta:
1508 2065 1529 2089 α
1572 2043 1704 2098 Cum
1734 2056 1985 2098 consum-

392 2134 623 2190 maverit
644 2136 828 2201 homo,
860 2141 989 2189 tunc
1017 2133 1239 2204 incipiet
1271 2132 1463 2201 (Eccli.
1488 2146 1650 2201 xvur,
1700 2131 1776 2201 6).
1814 2151 1836 2179 ι
1870 2130 1987 2184 Jam

392 2224 679 2295 Hugonem
696 2237 797 2292 pro
810 2222 972 2277 modo
988 2238 1100 2277 suae
1115 2220 1492 2292 professionis,
1510 2235 1574 2275 ac
1591 2234 1756 2289 supra
1767 2219 1987 2273 modum

392 2327 506 2366 suae
533 2310 725 2375 astatis,
759 2309 996 2381 perfecte
1026 2316 1459 2366 consummatum
1488 2309 1543 2362 in
1566 2308 1819 2363 virtutum
1836 2307 1987 2378 apice

391 2398 644 2455 omnibus
661 2398 1145 2465 conclamantibus,
1160 2398 1277 2470 ipse
1294 2414 1396 2454 nec
1412 2397 1621 2452 initium
1637 2396 1855 2467 quidem
1868 2411 1991 2466 per-

392 2487 639 2544 fectionis
670 2488 755 2543 vel
786 2487 967 2559 dignae
996 2487 1425 2544 conversationis
1448 2503 1507 2541 se
1543 2484 1789 2557 attigisse
1826 2492 1987 2555 puta-

389 2576 503 2631 bat.
536 2576 829 2647 Comperta
856 2592 989 2631 vero
1012 2584 1197 2631 sancta
1219 2583 1272 2629 et
1294 2574 1509 2629 sublimi
1555 2573 1809 2644 Opinione
1858 2573 1990 2627 Car-

398 2664 757 2719 thusiensium
778 2664 1185 2730 monachorum,
1218 2662 1537 2734 inexplebili
1561 2662 1744 2717 cordis
1774 2659 1989 2715 deside-

399 2752 482 2808 rio
512 2767 703 2808 eorum
731 2752 1018 2807 anhelabat
1047 2752 1330 2806 informari
1380 2750 1648 2821 exemplo.
1683 2752 1759 2804 Ac
1818 2748 1990 2819 primo

396 2840 615 2913 quidem
646 2839 984 2895 dissimulata
1015 2840 1169 2908 hujus
1198 2838 1453 2894 desiderii
1483 2837 1823 2894 vehementia
1850 2836 1989 2891 obti-

392 2944 526 2986 nere
554 2929 775 2996 studuit,
807 2935 865 2982 ut
896 2927 1055 2983 simul
1084 2943 1207 2982 cum
1232 2926 1415 2998 priore
1444 2942 1544 2982 suo
1568 2926 1701 2998 (li),
1729 2926 1844 2995 jam
1891 2941 1988 2979 su-
2016 2929 2062 2989 Ο

394 3017 580 3089 perius
652 3024 973 3084 memorato,
1023 3017 1241 3072 illorum
1306 3022 1606 3071 mereretur
1657 3021 1881 3087 aspectu
1940 3022 1991 3069 et

398 3106 594 3163 affectu
620 3106 801 3177 potiri.
837 3096 956 3174 Quo
986 3105 1148 3174 facto,
1173 3114 1352 3160 tantus
1380 3120 1506 3160 mox
1534 3104 1588 3159 in
1619 3104 1735 3174 ejus
1769 3111 1992 3176 pectore

397 3194 653 3268 spiritalis
681 3194 825 3249 illius
878 3193 1306 3250 conversationis
1343 3210 1496 3249 amor
1549 3207 1845 3249 succensus
1889 3200 1990 3260 est,

399 3294 459 3341 ut
485 3283 794 3340 nullatenus
822 3283 1060 3339 incendii
1093 3283 1208 3352 ejus
1238 3282 1511 3338 ﬂammam
1566 3282 1703 3338 intra
1752 3297 1812 3337 se
1859 3297 1992 3354 pos-

401 3382 485 3432 set
511 3373 785 3431 cohibere.
815 3371 1215 3444 Experiebatur
1243 3372 1389 3428 enim
1412 3372 1528 3440 jam
1550 3370 1777 3427 feliciter
1797 3370 1994 3427 ardens

403 3462 692 3520 infeliciter
717 3460 959 3517 ardentis
986 3476 1178 3517 verum
1208 3459 1484 3531 eloquium
1504 3459 1734 3516 dicentis
1764 3480 1781 3515 :

486 3568 583 3664 Ubi
608 3606 789 3677 magis
823 3604 1051 3675 tegitur,
1086 3606 1271 3659 tectus
1296 3603 1475 3674 magis
1502 3606 1709 3658 aestuat
1740 3604 1907 3672 ignis.

480 3747 787 3802 Intuebatur
813 3760 962 3814 vero,
996 3752 1050 3800 et
1068 3744 1324 3800 intuendo
1353 3744 1648 3800 mirabatur
1677 3743 1877 3812 locum,
1909 3743 1996 3813 ip-

408 3849 471 3891 so
501 3850 716 3906 quoque
746 3834 851 3889 situ
870 3833 1042 3889 nubes
1084 3849 1226 3903 pene
1254 3849 1685 3904 supergressum,
1738 3831 1997 3903 cmlisque

408 3922 743 3994 contiguum,
777 3936 840 3976 ac
867 3922 934 3976 ab
964 3922 1111 3976 omni
1147 3921 1362 3991 penitus
1394 3928 1726 3975 terrenorum
1779 3921 1995 3992 inquie-

407 4009 593 4065 tudine
621 4016 911 4065 semotum.
951 4009 1335 4065 Considerabat
1376 4016 1583 4063 tantum
1614 4008 1688 4063 ibi
1735 4016 1997 4079 opportu-

405 4098 625 4154 nitatem
654 4098 885 4154 vacandi
907 4098 1008 4152 soli
1040 4099 1155 4153 Deo
1190 4112 1201 4150 :
1233 4097 1319 4151 cui
1348 4096 1567 4169 negotio
1602 4097 1705 4152 hoc
1725 4096 1999 4167 praecipue

406 4188 692 4243 videbatur
721 4186 1113 4250 adminiculari,
1162 4185 1429 4257 praedives
1488 4184 1694 4241 scilicet
1739 4186 2001 4241 librorum

409 4275 755 4340 abundantia,
790 4274 1010 4347 legendi
1034 4272 1261 4330 facultas
1300 4274 1541 4345 copiosa,
1604 4275 1796 4329 orandi
1843 4274 2069 4346 quicsD

402 4364 759 4419 inconcussa.
795 4364 866 4417 Et
885 4360 1103 4434 quidem
1125 4363 1303 4434 quoad
1326 4362 1431 4418 loci
1453 4363 1861 4433 dispositionem
1884 4364 2000 4418 haec

403 4452 474 4507 ita
505 4467 565 4507 se
597 4452 802 4506 habere
832 4452 1241 4521 dignoscuntur.
1304 4454 1373 4505 At
1412 4451 1465 4505 in
1527 4451 1629 4505 loci
1677 4451 1998 4505 habitatori-

401 4540 506 4595 bus
535 4539 845 4595 attendebat
874 4538 1056 4593 carnis
1087 4538 1580 4605 mortificationem,
1613 4538 1810 4592 mentis
1841 4554 1996 4593 sere-

401 4628 646 4696 nitatem,
680 4627 897 4697 spiritus
928 4627 1259 4693 libertatem,
1312 4627 1635 4681 hilaritatem
1695 4626 1886 4680 frontis
1947 4633 1997 4681 et

399 4716 685 4787 puritatem
738 4715 1025 4771 sermonis.
1076 4716 1325 4770 lnstituta
1383 4730 1574 4769 eorum
1624 4713 1991 4779 solitudinem,

402 4818 513 4860 non
582 4804 1013 4874 singularitatem
1075 4802 1565 4869 commendabant;
1626 4802 1994 4874 segregabam

396 4892 727 4955 mansiones,
761 4891 857 4946 sed
889 4898 1099 4945 mentes
1139 4891 1435 4946 sociabant.
1489 4891 1874 4962 Unusquisque
1904 4892 1996 4943 ha-

401 4978 607 5033 bitabat
637 4993 841 5045 secum,
864 4994 966 5034 nec
987 4979 1205 5050 agebat,
1233 4986 1325 5033 aut
1347 4978 1575 5034 habebat
1596 4979 1799 5050 aliquid
1819 4995 1994 5034 suum.

403 5068 608 5124 Omnes
620 5084 886 5135 seorsum,
902 5076 951 5123 et
965 5066 1324 5123 communiter
1336 5066 1564 5137 quisque
1576 5068 1827 5137 degebat.
1846 5068 2001 5122 Seor-

472 5246 579 5311 (14)
607 5246 659 5296 ld
683 5250 774 5307 est,
800 5248 1045 5309 superiore
1072 5246 1198 5295 villa:
1222 5245 1511 5307 benedictae,
1539 5247 1619 5306 qui
1644 5247 1780 5296 titulo
1828 5248 2001 5310 prioris

404 5327 572 5378 supra,
607 5326 716 5375 cap.
738 5315 769 5363 3
796 5319 845 5363 et
869 5314 920 5372 4,
950 5316 1233 5363 honoratur.

480 5397 589 5462 (l5)
628 5397 981 5447 Verosimiliter
1026 5398 1129 5458 ipse
1167 5396 1370 5446 Basilius
1398 5398 1509 5445 tunc
1549 5397 1679 5458 prior
1712 5398 1998 5457 Carthusiaz,

395 5466 590 5530 cui.pra2
616 5464 809 5515 cmteris
836 5463 1145 5513 incumbebat
1171 5463 1398 5523 novitios,
1426 5462 1651 5525 probare,
1682 5468 1729 5513 et
1757 5464 1996 5526 recipere.

2077 316 2190 362 tum
2220 310 2290 363 ab
2322 309 2465 376 alio;
2501 312 2860 365 communiter
2897 312 3150 385 degebat,
3173 329 3242 367 ne
3272 312 3505 368 fraterno
3559 314 3678 384 pri-

2080 404 2299 451 varetur
2328 397 2540 453 solatio.
2575 400 2701 453 Hmc
2722 407 2775 454 et
2804 399 2889 453 his
2919 400 3113 455 similia
3142 407 3322 455 notata
3351 400 3571 467 ibidem,
3608 416 3676 456 ac

2080 484 2242 538 etiam
2263 485 2584 541 obedientiae
2613 502 2807 542 secura
2832 488 3059 543 munitio
3118 491 3261 559 (quae
3287 488 3485 543 multos
3525 505 3675 558 saepe

2081 572 2349 629 solitarios
2380 574 2620 629 destituit
2662 590 2728 631 ac
2786 584 3038 632 extremm
3083 576 3345 648 perniciei
3403 577 3678 647 exposuit)

2080 661 2298 732 Hugoni
2328 661 2629 731 placebant,
2682 664 2969 733 Hugonem
3027 664 3329 735 rapiebant,
3389 665 3679 736 ipsumque

2084 755 2341 820 tanquam
2381 758 2534 805 extra
2570 766 2629 806 se
2685 750 2937 807 effectum
2986 752 3090 807 sibi
3139 752 3378 808 funditus
3422 753 3682 808 vendica-

2082 837 2227 891 banL

2154 927 2284 980 Erat
2311 926 2365 980 in
2394 926 2488 982 illo
2509 936 2651 983 metu
2683 936 2995 985 sanctorum
3024 930 3208 985 senior
3266 931 3378 999 (15)
3434 930 3674 1002 quidam,

2083 1014 2269 1085 magni
2301 1015 2572 1085 quondam
2603 1016 2659 1070 in
2689 1016 2890 1073 saeculo
2911 1018 3165 1087 nominis,
3195 1026 3325 1074 tunc
3351 1035 3567 1090 quoque
3620 1020 3681 1073 in

2082 1109 2269 1158 sancto
2290 1104 2571 1173 proposito
2600 1104 2974 1160 celeberrimae
3006 1106 3296 1176 Opinionis.
3349 1107 3485 1161 Huic
3514 1108 3679 1179 Hugo

2083 1190 2347 1245 secretius
2375 1192 2613 1260 pectoris
2645 1191 2727 1246 sui
2755 1203 2917 1249 aestus
2940 1194 3209 1264 aperiens,
3236 1210 3338 1250 nec
3379 1202 3487 1249 tam
3533 1210 3676 1250 con-

2084 1278 2283 1344 silium,
2316 1293 2387 1332 an
2416 1278 2618 1334 faceret
2649 1288 2906 1352 quantum
2938 1296 3173 1354 quonam
3204 1291 3366 1354 pacto
3388 1297 3547 1355 quam
3590 1283 3679 1337 ci-

2083 1366 2210 1431 tius,
2230 1367 2375 1437 quod
2405 1368 2643 1437 optabat,
2668 1368 2972 1439 perficeret,
3015 1386 3135 1426 cum
3186 1372 3393 1444 gemitu
3438 1379 3493 1426 et
3547 1370 3680 1426 ﬂetu

2084 1455 2151 1507 ab
2174 1453 2293 1525 ipso
2319 1454 2622 1527 inquirens,
2654 1457 2818 1529 longe
2864 1458 3008 1513 aliud
3057 1474 3223 1531 quam
3271 1460 3523 1531 sperabat
3580 1476 3681 1515 re-

2085 1557 2348 1614 sponsum
2377 1544 2602 1615 accepit.
2638 1546 2855 1601 Intuens
2883 1562 3117 1618 namque
3145 1548 3231 1603 vir
3256 1547 3493 1618 prudens
3546 1548 3686 1603 ado-

2085 1630 2401 1699 lescentem,
2444 1640 2501 1686 ut
2522 1642 2774 1703 aspectus
2796 1634 3160 1701 renuntiabat,
3193 1636 3449 1708 qualitate
3474 1636 3684 1691 delica-

2084 1728 2197 1775 tum
2240 1729 2293 1776 et
2350 1728 2509 1777 aetate
2570 1726 2681 1791 (16)
2736 1724 2996 1779 tenellum
3028 1744 3041 1780 :
3074 1725 3253 1781 sciens
3294 1726 3452 1781 etiam
3499 1726 3683 1797 ipsum

2084 1809 2355 1865 natalibus
2384 1810 2610 1876 clarum,
2638 1826 2740 1867 nec
2766 1813 3010 1868 moribus
3046 1814 3164 1883 ejus
3196 1815 3473 1881 credebat,
3511 1832 3681 1887 posse

2086 1900 2326 1970 rigorem
2347 1899 2492 1954 illius
2521 1899 2729 1955 ordinis
2759 1916 3086 1973 congruere,
3119 1918 3224 1958 nec
3243 1902 3449 1959 viribus
3480 1919 3688 1960 conve-

2085 1987 2229 2041 nire.
2266 1987 2422 2043 Hunc
2452 2002 2584 2060 ergo
2637 1988 2717 2044 sic
2762 1988 2992 2045 terrifica
3043 1991 3416 2061 responsione,
3474 1993 3688 2063 quasia

2086 2074 2178 2128 tali
2207 2076 2630 2146 praesumptione
2663 2092 3039 2149 compescens,
3070 2087 3163 2133 aut
3188 2079 3366 2150 potius
3421 2088 3687 2135 constan-

2086 2162 2218 2218 tiam
2248 2163 2412 2218 animi
2442 2165 2559 2232 ejus
2590 2166 2875 2236 explorare
2892 2166 3091 2234 nitens,
3128 2168 3301 2239 inquit
3335 2186 3349 2222 :
3387 2190 3408 2214 «ι
3445 2169 3616 2239 Istud,
3649 2185 3684 2224 o

2088 2251 2271 2319 ﬁliole,
2306 2253 2580 2323 quomodo
2609 2254 2698 2308 vel
2726 2256 2970 2325 cogitare
3018 2256 3354 2326 praesumis?
3398 2257 3680 2323 Homines,

2089 2355 2227 2410 quos
2248 2355 2409 2412 rupes
2438 2340 2679 2397 incolere
2705 2352 3001 2413 praesentes
3031 2345 3229 2411 cernis,
3264 2345 3410 2400 saxis
3430 2346 3685 2400 omnibus

2089 2429 2339 2485 duriores
2366 2438 2508 2498 sunt,
2543 2446 2647 2485 nec
2674 2431 2758 2486 sui
2796 2432 2990 2499 sciunt,
3052 2448 3155 2489 nec
3210 2433 3441 2488 aliorum
3496 2449 3685 2490 secum

2087 2517 2445 2573 habitantium
2473 2520 2738 2575 misereri.
2772 2521 2946 2576 Locus
2977 2522 3079 2577 iste
3126 2522 3376 2577 horridus
3405 2523 3523 2593 ipso
3563 2524 3687 2577 visu

2089 2614 2188 2673 est,
2225 2607 2360 2663 ordo
2382 2624 2482 2662 usu
2536 2608 2937 2679 gravissimus;
2988 2610 3158 2682 ipsius
3206 2611 3369 2666 cilicii
3434 2612 3685 2682 asperior

2089 2695 2319 2750 amictus
2336 2702 2513 2751 cutem
2545 2703 2598 2750 et
2635 2712 2827 2752 carnes
2857 2696 3093 2769 desuper
3147 2699 3361 2753 ossibus
3408 2699 3532 2754 vivo
3587 2700 3686 2753 tibi

2090 2783 2378 2840 abraderet
2420 2804 2433 2849 ;
2485 2784 2787 2856 disciplinae
2844 2786 2994 2859 rigor
3035 2787 3453 2843 teneritudinem
3500 2788 3682 2853 istam,

2090 2888 2247 2943 quam
2278 2873 2332 2927 in
2362 2880 2412 2928 te
2434 2873 2665 2941 intueor,
2697 2874 2911 2945 penitus
2940 2884 3237 2932 exossaret.
3277 2899 3298 2925 υ

2163 2962 2260 3016 Hic
2283 2976 2413 3017 vero
2442 2962 2635 3017 Christi
2664 2963 2788 3030 tiro,
2815 2972 2867 3019 et
2912 2964 3129 3020 Martini
3184 2965 3481 3021 beatissimi
3529 2965 3688 3021 fami-

2092 3050 2242 3106 liaris
2274 3050 2445 3107 cultor
2473 3058 2527 3106 et
2554 3051 2782 3108 devotus
2810 3052 3063 3119 imitator,
3089 3053 3234 3109 illato
3277 3061 3487 3110 terrore
3548 3070 3689 3111 con-

2094 3140 2342 3207 stantior,
2376 3140 2646 3196 Laurentii
2669 3156 2855 3196 secum
2898 3141 3241 3198 invictissimi
3286 3142 3560 3216 eloquium
3608 3151 3690 3198 ta-

2094 3229 2199 3284 cito
2228 3229 2482 3285 versabat
2510 3230 2567 3285 in
2582 3237 2824 3301 pectore,
2860 3229 2949 3302 qui
2986 3231 3198 3303 prolato
3246 3239 3372 3288 ante
3419 3248 3479 3287 se
3537 3234 3690 3288 omni

2094 3325 2487 3374 tormentorum
2518 3325 2719 3391 genere
2777 3326 2986 3376 terrere
3016 3336 3143 3376 eum
3196 3320 3538 3392 cupientibus
3563 3322 3638 3377 ait
3673 3341 3687 3376 :

2099 3427 2121 3457 cr
2158 3408 2265 3462 Has
2294 3422 2398 3479 ego
2428 3408 2618 3479 epulas
2649 3424 2865 3479 semper
2894 3407 3096 3479 optavi.
3134 3433 3154 3458 υ
3190 3410 3261 3465 Ut
3276 3409 3416 3465 enim
3440 3410 3690 3466 caminus

2095 3494 2307 3563 injectis
2338 3496 2513 3551 exsilit
2540 3496 2714 3569 aquis,
2739 3503 2793 3552 et
2833 3496 3175 3553 ﬂammarum
3222 3498 3278 3553 in
3300 3499 3531 3555 sublime
3587 3515 3689 3555 co-

2094 3598 2214 3638 mas
2244 3584 2451 3641 extollit
2497 3585 2578 3640 sic
2619 3584 2933 3642 sanctorum
2996 3587 3287 3657 ignescens
3331 3588 3688 3656 desiderium,

2095 3687 2219 3729 cum
2239 3672 2458 3730 obviant
2483 3674 2733 3742 adversa,
2758 3673 2950 3730 fortius
2978 3675 3330 3733 convalescit.

2682 3826 2908 3884 CAPUT
2936 3826 3052 3883 VII.

2101 3952 2357 4019 Qualiter
2386 3952 2457 4006 ad
2472 3953 2778 4023 priorissui
2807 3953 3154 4009 instantiam
3184 3953 3295 4021 ﬁde
3348 3955 3694 4023 interposita

2165 4023 2401 4090 iuravit,
2433 4022 2574 4092 quod
2604 4024 2723 4094 ipso
2752 4026 3056 4094 superstite
3087 4024 3159 4079 ad
3179 4024 3435 4080 ordinem
3460 4022 3695 4080 cartha-

2169 4095 2445 4149 siensium
2474 4095 2809 4149 nullatenus
2840 4096 3218 4151 transvolaret
3249 4115 3266 4161 ;
3298 4100 3352 4151 et
3372 4096 3541 4165 ﬁdem
3574 4111 3695 4150 non

2169 4164 2427 4237 servavit,
2462 4180 2567 4237 nec
2598 4168 2789 4237 tamen
2818 4164 2884 4220 de
2913 4165 3045 4233 ﬁdei
3063 4164 3507 4237 transgressione
3526 4184 3694 4222 scru-

2172 4236 2370 4306 pulum
2403 4234 2617 4300 habuit,
2652 4236 2801 4291 unde
2819 4238 3139 4306 profectum
3167 4234 3578 4309 tahtumcepit.

2173 4358 2367 4414 Senem
2410 4358 2591 4430 itaque
2650 4366 3023 4424 memoratum,
3085 4366 3346 4430 tanquam
3389 4360 3527 4415 votis
3584 4362 3702 4416 suis

2101 4446 2374 4502 crudelius
2415 4447 2813 4512 adversantem,
2846 4447 3148 4517 declinans,
3199 4448 3321 4502 aliis
3368 4449 3698 4519 quibusdam

2099 4551 2129 4588 e
2159 4534 2410 4589 fratribus
2432 4535 2531 4588 hos
2578 4534 2762 4589 cordis
2807 4535 2889 4589 sui
2930 4542 3093 4590 aestus
3148 4535 3435 4591 confestim
3482 4538 3693 4608 pandit.

2097 4624 2210 4678 Nec
2241 4630 2516 4678 morantur
2558 4622 2633 4677 illi
2683 4638 2805 4677 cum
2861 4622 3069 4694 ingenti
3124 4623 3307 4680 favore
3365 4632 3419 4680 et
3475 4626 3699 4681 instanti

2099 4712 2468 4768 exhortatione
2497 4712 2824 4781 pcrsistendi
2850 4712 2905 4766 in
2927 4712 3131 4768 salubri
3178 4713 3475 4783 proposito,
3533 4731 3729 4779 suum,

2099 4808 2150 4856 et
2169 4817 2449 4855 assensum
2472 4800 2736 4871 impertiri
2759 4800 2828 4865 ei,
2875 4808 2927 4855 et
2957 4800 3214 4855 auxilium
3245 4801 3511 4872 polliceri.
3544 4804 3699 4858 Tunc

2100 4891 2277 4962 Hugo,
2311 4888 2513 4961 gaudio
2544 4889 2786 4960 gestiens
2816 4886 3045 4955 infinito,
3082 4889 3198 4944 haec
3228 4889 3399 4960 priori
3431 4906 3530 4945 suo
3578 4890 3697 4961 (l7)

2100 4978 2326 5033 celanda
2356 4992 2701 5046 summOpere
2731 4977 3078 5048 deprecatur.
3123 4977 3470 5048 Evangelicze
3528 4979 3698 5033 nimi-

2102 5083 2222 5120 rum
2253 5065 2603 5120 institutionis
2633 5065 2856 5120 sedulus
2886 5065 3167 5121 aamulator
3194 5066 3474 5121 inventum
3498 5067 3699 5120 memi-

2172 5248 2278 5311 (16)
2329 5251 2576 5298 Annorum
2628 5245 2859 5296 videlicet
2903 5247 3099 5297 circiter
3143 5246 3315 5309 viginti
3352 5246 3537 5305 trium,
3582 5259 3696 5296 cum

2103 5316 2313 5365 nondum
2339 5314 2409 5364 uti
2445 5314 2517 5362 int
2521 5326 2574 5362 ra
2598 5325 2655 5362 ex
2684 5326 2772 5375 cap
2830 5314 2882 5374 9,
2904 5316 3112 5373 constat,
3140 5316 3266 5364 esset
3290 5313 3561 5363 sacerdotio
3597 5314 3697 5363 ini-

2105 5382 2267 5433 tiatus.

2171 5465 2276 5530 (l7)
2305 5467 2587 5518 Praesidenti
2626 5469 2675 5519 in
2699 5468 2813 5518 villa
2838 5465 3122 5517 Benedicta.
