3972 6052
242 240 346 292 953

1625 229 1809 288 VITA.
1852 255 1921 266 —
1958 227 2087 283 LIB.
2131 232 2171 287 Ι.

3446 236 3548 291 954

242 359 322 414 nit
352 357 660 413 thesaurum
690 355 954 411 abscondi
984 363 1255 426 oportere,
1281 357 1455 412 donec
1486 364 1590 412 tam
1620 355 1837 412 omissis
1865 353 1923 414 A.
1943 353 2159 427 eligam,
2193 356 2409 427 ignoro.
2446 356 2829 413 Verumtamen
2868 358 2990 415 dico
3042 376 3147 433 ego
3181 362 3326 433 quod
3357 362 3553 418 horum

248 447 502 504 omnibus
576 461 697 516 qua
753 444 1073 513 habuisset,
1132 445 1313 514 potius
1369 462 1532 516 quam
1588 445 1842 511 venditis,

247 551 427 592 emere
458 534 607 588 illum
639 541 941 589 mereretur
970 540 1021 587 et
1052 534 1294 588 securius
1326 534 1629 604 possidere.

323 626 731 689 Verumtamen,
784 621 909 677 licet
966 621 1397 678 dissimulatione
1452 622 1642 689 multa,
1702 622 1849 694 quod

248 712 588 777 moliebatur,
624 718 809 781 tegere
855 709 1135 779 niteretur,
1171 709 1411 783 effugere
1459 718 1641 766 tamen
1674 710 1848 781 suspi-

247 802 460 858 cionem
501 799 716 855 solertis
744 799 985 869 nequivit
1016 799 1266 869 pastoris,
1309 799 1476 854 nimio
1507 816 1631 855 eum
1662 815 1848 855 amore

246 888 489 946 celantis.
523 888 677 944 Unde
706 886 775 941 ad
806 887 1029 957 propria
1084 888 1164 942 eis
1223 888 1323 942 sub
1362 887 1704 943 festinatione
1757 904 1847 943 re-

243 978 470 1050 gressis,
504 977 583 1032 sic
613 976 872 1047 lacrymis
902 991 1001 1030 ora
1030 974 1266 1030 suffusus
1315 977 1496 1032 senior
1526 978 1674 1031 illum
1708 976 1848 1031 affa-

244 1076 332 1121 tur
360 1086 379 1122 :
414 1089 435 1113 u
472 1064 540 1131 Ο,
573 1064 765 1136 inquit,
799 1063 875 1118 fili
917 1064 1258 1133 charissime,
1312 1066 1444 1132 scio,
1496 1066 1681 1136 utique
1712 1066 1845 1131 scio,

242 1154 368 1226 quia
397 1154 453 1209 in
491 1154 702 1225 grande
754 1153 956 1207 malum
1015 1168 1217 1220 meum,
1278 1161 1331 1208 et
1386 1154 1442 1207 in
1498 1154 1849 1224 irreparabile

245 1242 510 1299 Ecclesia
537 1257 674 1297 mea
703 1241 981 1306 damnum,
1018 1249 1069 1296 te
1103 1241 1169 1295 ad
1216 1242 1563 1296 Carthusiam
1594 1242 1742 1297 duxi.
1776 1244 1849 1297 Te

246 1332 351 1387 sibi
383 1330 666 1386 Carthusia
694 1338 865 1384 totum
897 1330 1099 1399 rapuit,
1149 1337 1317 1384 totum
1349 1339 1401 1386 te
1446 1330 1708 1401 possidet.
1736 1332 1850 1385 Nos

245 1419 463 1476 interim
496 1427 546 1473 te
578 1433 809 1488 corpore
865 1426 1020 1473 tenus
1076 1418 1162 1473 vix
1222 1426 1485 1485 tenemus,
1547 1418 1642 1473 sed
1673 1418 1849 1473 anima

246 1517 339 1563 tua
368 1507 652 1562 nobiscum
680 1522 788 1560 non
818 1513 918 1561 est.
955 1506 1063 1560 Sed
1110 1522 1211 1561 nec
1269 1506 1433 1573 istud,
1493 1522 1705 1573 vereor,
1758 1506 1849 1561 diu

244 1597 344 1652 erit
378 1615 390 1650 :
424 1612 549 1649 nam
578 1594 823 1665 spiritum
854 1594 923 1647 ab
970 1594 1188 1649 ineunte
1234 1602 1453 1649 secutus
1502 1602 1676 1663 atate,
1729 1610 1852 1650 car-

242 1701 371 1741 nem
400 1684 558 1740 vilius
588 1680 814 1749 duceris,
848 1682 991 1737 illius
1030 1683 1220 1753 procul
1265 1683 1429 1739 dubio
1478 1684 1701 1754 impetu,
1737 1699 1845 1738 non
1867 1706 1920 1768 Β

244 1774 401 1829 istius
428 1772 637 1837 ductus,
670 1770 912 1826 nobisin
966 1771 1120 1826 brevi
1178 1787 1237 1825 es
1296 1772 1665 1829 abducendus.
1707 1772 1847 1827 Proh

246 1862 407 1919 dolor
437 1861 448 1916 ι
482 1861 667 1916 lumen
725 1859 1007 1915 oculorum
1050 1876 1298 1915 meorum
1328 1860 1406 1916 sic
1435 1860 1613 1915 subito
1643 1860 1851 1915 exstin-

245 1952 449 2024 guitur,
481 1957 533 2005 et
562 1948 787 2004 baculus
808 1964 944 2004 mea
966 1949 1278 2015 senectutis,
1302 1963 1427 2004 cum
1458 1965 1524 2004 eo
1546 1950 1662 2018 jam
1692 1949 1850 2004 solito

244 2041 365 2111 plus
392 2039 685 2108 indigeam,
719 2037 1033 2092 nutabundo
1062 2037 1387 2108 praripitur.
1451 2038 1559 2093 Sed
1608 2037 1851 2109 nunquid

246 2128 479 2184 dulcedo
509 2126 688 2181 mellis
716 2126 824 2181 mei
854 2125 934 2181 sic
979 2125 1276 2197 derepente
1312 2133 1550 2182 vertetur
1577 2126 1631 2181 in
1660 2126 1849 2181 absin-

248 2217 437 2283 thium,
471 2224 522 2271 et
552 2215 726 2287 gloria
756 2230 894 2279 mea,
932 2229 1040 2285 qua
1068 2215 1137 2269 de
1168 2214 1278 2270 filio
1338 2215 1585 2285 sapiente
1642 2223 1849 2269 tantum

248 2304 589 2377 gloriabatur
600 2310 773 2374 pater,
797 2302 870 2357 ita
892 2301 1170 2374 redigetur
1189 2303 1245 2356 in
1273 2303 1499 2357 nihilum
1516 2305 1543 2357 ‘?
1568 2302 1845 2371 Miserere,

248 2393 344 2461 fili,
375 2392 634 2447 miserere
668 2391 843 2462 potius
874 2390 1045 2461 patris
1078 2391 1171 2457 tui,
1202 2407 1304 2446 nec
1351 2398 1513 2446 tanta
1561 2391 1850 2445 Strenuita-

248 2482 316 2536 tis
339 2489 442 2536 tua
469 2478 673 2535 solatiis
730 2494 896 2534 canos
950 2494 1121 2544 meos,
1170 2479 1285 2546 jam
1334 2478 1494 2533 busto
1548 2478 1845 2549 proximos,

248 2568 626 2633 destituendo,
674 2567 872 2622 innata
933 2567 1027 2621 tibi
1096 2567 1307 2637 pietatis
1357 2574 1411 2621 et
1455 2567 1850 2637 compassionis

249 2658 525 2716 cancellos
556 2657 931 2712 transcendes.
967 2655 1126 2723 Quod
1162 2655 1207 2709 si
1240 2662 1479 2710 materna
1508 2655 1719 2710 viscera
1746 2657 1851 2710 Ec-

247 2747 446 2809 clesia.
480 2762 601 2817 qua
631 2752 683 2799 te
712 2746 827 2800 Deo
856 2744 1064 2816 genuit,
1096 2744 1141 2798 si
1196 2752 1427 2815 paterna
1482 2744 1693 2815 piorum
1723 2744 1848 2798 dul-

249 2836 407 2901 cedo,
442 2851 562 2906 qua
594 2842 645 2889 te
676 2832 914 2888 suaviter
945 2832 1096 2901 fovit,
1131 2847 1240 2887 non
1287 2832 1528 2887 funditus
1573 2832 1849 2887 revocavit

250 2925 491 2980 animum
521 2923 589 2978 ad
618 2921 943 2994 perfectiora
970 2921 1269 2986 aestuantis,
1303 2921 1495 2976 saltem
1525 2921 1581 2975 in
1608 2923 1714 2977 hoc
1745 2936 1848 2992 pa-

250 3021 419 3069 terna
445 3010 858 3069 condescendas
895 3010 1177 3076 senectuti,
1212 3026 1280 3065 ne
1326 3009 1503 3065 adhuc
1552 3009 1849 3081 spirantem

249 3104 495 3169 deseras,
529 3100 651 3172 quia
681 3100 843 3154 modo
874 3099 929 3153 in
960 3107 1010 3154 te
1039 3098 1156 3155 solo
1187 3098 1370 3153 debuit
1399 3098 1691 3169 respirare.
1733 3123 1754 3147 ι)

322 3193 466 3245 Inter
493 3191 609 3246 hac
639 3196 691 3244 et
728 3187 1059 3258 hujusmodi,
1106 3188 1222 3256 jam
1271 3186 1553 3258 utriusque
1602 3186 1851 3257 spiritum

249 3282 423 3336 luctus
478 3277 783 3346 absorbuit,
843 3293 966 3332 cum
1029 3282 1304 3347 resumpto
1352 3276 1440 3331 vix
1497 3276 1625 3330 ﬂatu
1683 3292 1850 3331 senex

251 3369 413 3425 etiam
444 3369 560 3423 hac
591 3375 675 3422 est
712 3367 925 3423 locutus
960 3384 971 3419 :
1012 3388 1032 3412 α
1070 3366 1242 3436 Spero
1264 3408 1276 3429 ,
1312 3364 1506 3435 inquit,
1563 3380 1724 3435 spero
1782 3364 1851 3419 de

252 3457 496 3531 ingenita
529 3455 623 3510 tibi
654 3455 893 3512 bonitate
925 3452 1185 3519 confisus,
1219 3453 1572 3509 dilectissime
1607 3451 1702 3518 fili,
1729 3452 1851 3523 quia

253 3545 516 3602 exaudisti
547 3559 653 3598 me.
712 3543 865 3597 Juret
923 3558 1058 3614 ergo
1115 3542 1246 3595 mihi
1276 3542 1329 3595 in
1383 3541 1602 3596 nomine
1635 3540 1851 3596 Domini

251 3635 352 3691 Dei
382 3634 465 3688 sui
495 3632 636 3687 filius
665 3648 838 3698 meus,
862 3631 1007 3703 quod
1028 3639 1177 3702 patre
1199 3629 1461 3685 derelicto
1479 3630 1593 3699 (18)
1616 3628 1851 3684 Carthu-

252 3724 347 3779 sia
376 3722 585 3788 usibus,
621 3721 747 3776 dum
783 3719 1057 3787 advivam‘,
1092 3719 1315 3774 minime
1347 3718 1661 3773 sociabitur.
1697 3717 1851 3772 Alio-

252 3812 380 3883 quin
431 3808 755 3882 suspicionis
814 3808 1000 3874 telum,
1060 3823 1167 3879 quo
1224 3807 1431 3863 viscera
1490 3806 1708 3877 spiritus
1745 3805 1851 3861 mei

253 3900 507 3955 atrociter
528 3897 796 3952 transfixit
819 3897 995 3961 timor,
1018 3896 1328 3951 nullatenus
1351 3895 1633 3952 avelletur.
1662 3919 1682 3943 η
1707 3895 1852 3951 Deus

253 3988 424 4045 bone!
460 3988 602 4056 Quid
633 3987 773 4041 inter
804 3987 919 4041 hac
957 3985 1171 4051 mentis,
1207 3984 1336 4056 quid
1375 3984 1541 4038 animi
1568 4000 1729 4039 servo
1760 3991 1852 4039 tuo

250 4079 347 4133 fuit
376 4080 629 4149 (quantus
660 4076 713 4128 in
744 4074 912 4129 corde
942 4074 1058 4142 ejus
1098 4073 1332 4145 gemina
1377 4072 1685 4128 dilectionis
1715 4088 1851 4129 con-

251 4168 427 4222 flictus
448 4164 703 4219 saviebat
727 4164 777 4234 ‘2)
796 4162 841 4217 Ο
866 4162 1002 4216 mira
1026 4179 1114 4216 res
1140 4162 1150 4215 i
1180 4179 1213 4215 ο
1240 4170 1292 4216 et
1315 4161 1646 4232 perplexitas
1674 4162 1811 4215 mira
1838 4160 1848 4215 l

253 4254 551 4325 Utrobique
575 4260 887 4322 tempestas,
914 4259 965 4304 et
986 4251 1231 4321 utrinque
1253 4250 1539 4314 serenitas,
1574 4250 1699 4304 hinc
1728 4248 1854 4304 inde

253 4352 304 4399 et
334 4344 399 4397 ad
432 4340 776 4413 naufragium
811 4348 863 4394 et
891 4339 956 4392 ad
998 4346 1211 4409 portum
1261 4336 1541 4408 impellunt
1590 4338 1856 4393 fiuctuan-

1872 3062 1918 3123 Ο

1950 445 2201 515 elegeris,
2255 446 2369 501 sive
2418 446 2755 516 prastiteris,
2808 448 2921 503 sive
2973 449 3223 505 renucris
3272 459 3549 521 prastare,

1948 530 2093 599 quod
2123 529 2386 600 posceris,
2420 530 2550 595 vita,
2582 545 2691 584 non
2722 546 2888 597 mors,
2925 532 3019 586 tibi
3058 540 3159 587 est.
3196 534 3393 588 Verum
3425 536 3556 605 quid

1950 618 2149 691 egeris,
2184 635 2347 689 quem
2376 618 2577 673 exitum
2608 618 2904 685 inveneris,
2938 628 2990 676 et
3035 621 3266 692 qualiter
3296 621 3556 696 effugeris

1949 723 2139 761 manus
2170 707 2507 777 importunas
2529 708 2646 776 jam
2676 708 2979 763 videamus.

2026 817 2047 845 ι
2085 795 2285 851 Solitus
2317 796 2497 867 utique
2528 802 2580 850 et
2611 804 2861 851 assuetus
2891 798 3115 854 obedire
3164 800 3469 871 praepositis
3499 809 3552 856 et

1950 884 2231 953 subjacere
2262 884 2361 950 eis,
2396 884 2610 938 nescius
2653 885 3043 951 contradicere,
3106 888 3367 959 ignorans
3408 888 3553 945 nolle

1949 972 2317 1044 acquiescere,
2351 973 2451 1027 das
2470 988 2693 1027 manum
2716 974 2975 1045 exigenti,
3000 984 3052 1029 et
3083 977 3419 1047 pracipienti
3448 977 3555 1033 fide

1951 1061 2304 1131 corporaliter
2332 1061 2574 1130 prastita
2606 1061 2894 1129 satisfacis,
2930 1071 3092 1134 atque
3122 1064 3322 1119 exitum
3352 1065 3421 1120 de
3449 1081 3553 1121 ca-

1950 1158 2065 1205 tero
2092 1149 2169 1203 tui
2200 1149 2404 1219 negotii
2433 1148 2616 1203 divino
2666 1166 2895 1220 prorsus
2960 1153 3184 1208 arbitrio
3241 1153 3548 1208 committis.

1950 1238 2056 1293 Sed
2086 1238 2248 1308 paulo
2277 1244 2423 1307 post,
2454 1253 2578 1293 cum
2610 1238 2893 1294 hasitares
2952 1240 3279 1313 aliquandiu,
3314 1250 3365 1297 ct
3422 1241 3551 1313 quid

1950 1341 2148 1398 ageres
2177 1326 2482 1398 ignorares,
2519 1334 2569 1380 et
2601 1343 2725 1381 cum
2755 1327 3038 1398 dispendia
3076 1330 3199 1385 vita
3256 1330 3553 1401 spiritualis

1951 1414 2193 1486 quotidie
2225 1413 2545 1480 sustineres,
2579 1422 2631 1469 et
2661 1422 2854 1470 contra
2908 1416 3069 1472 fidem
3125 1418 3306 1473 datam
3364 1418 3550 1474 venire

1948 1502 2129 1574 potius
2158 1503 2507 1569 abborreres,
2542 1502 2735 1557 infudit
2766 1503 2943 1559 subito
2974 1506 3123 1561 cordi
3171 1513 3262 1561 tuo
3318 1522 3553 1577 superna

1948 1592 2234 1647 clementia
2265 1591 2565 1647 verissimae
2596 1599 2649 1647 et
2679 1591 3033 1650 lucidissima
3069 1594 3282 1649 radium
3338 1594 3551 1651 discre-

1950 1681 2130 1745 tionis,
2163 1680 2439 1751 inspirans
2470 1680 2566 1733 tibi
2598 1688 2651 1735 et
2671 1680 2984 1738 certificans
3015 1690 3067 1738 te
3111 1682 3428 1754 plenissime
3460 1699 3551 1737 sa-

1952 1778 2287 1825 cramentum
2318 1784 2429 1824 non
2457 1786 2579 1825 esse
2629 1769 3055 1839 observandum,
3104 1772 3554 1827 inconsideratius

1953 1865 2220 1913 extortum
2253 1867 2440 1915 contra
2472 1860 2753 1917 utilitatem
2791 1859 2984 1915 anima
3030 1868 3119 1915 aut
3147 1859 3203 1915 in
3253 1860 3553 1916 detrimen-

1952 1955 2063 2001 tum
2095 1963 2239 2002 vera
2270 1948 2479 2004 salutis.
2512 1950 2701 2006 Sciens
2746 1949 2912 2021 igitur
2959 1956 3013 2003 et
3068 1948 3366 2018 exsultans,
3428 1949 3552 2021 quia

1952 2050 2148 2091 revera
2176 2035 2280 2091 ista
2309 2036 2363 2091 in
2388 2045 2439 2093 te
2460 2037 2780 2109 loqueretur
2808 2037 3073 2093 Dominus
3092 2038 3240 2093 Deus
3271 2045 3413 2107 tuus,
3457 2054 3553 2093 au-

1952 2125 2109 2180 diens
2138 2141 2261 2179 eum
2293 2134 2346 2181 et
2370 2127 2689 2189 exaudiens,
2723 2126 2971 2197 deposita
3000 2126 3163 2181 domo
3193 2125 3290 2180 tibi
3319 2126 3549 2193 credita,

1951 2214 2099 2269 nullo
2131 2214 2335 2270 sciente
2366 2215 2491 2285 quia
2518 2216 2665 2270 nullo
2710 2215 3019 2280 insidiante,
3054 2230 3156 2270 nec
3186 2214 3292 2269 tale
3348 2215 3550 2286 aliquid

1952 2303 2284 2374 suspicante,
2347 2304 2488 2359 clam
2536 2303 2876 2370 discessisti,
2939 2312 2990 2359 et
3046 2303 3378 2358 Carthusiam
3438 2304 3552 2374 (19)

1951 2392 2149 2459 adiisti,
2185 2400 2387 2447 etcum
2448 2392 2648 2465 gaudio
2700 2400 2956 2463 exceptus
3011 2392 3067 2447 in
3119 2392 3288 2445 multa
3344 2391 3549 2447 ibidem

1951 2481 2130 2551 gratia
2157 2481 2458 2552 perstitisti.
2494 2481 2790 2552 Inquisitus
2829 2496 2961 2535 sane
3018 2480 3289 2535 multoties
3319 2496 3349 2533 a
3378 2496 3549 2551 puero

1952 2578 2042 2624 tuo
2073 2569 2188 2638 (20)
2217 2577 2397 2624 utrum
2425 2570 2630 2625 nullum
2690 2569 2998 2640 aliquando,
3056 2577 3113 2623 ut
3141 2568 3359 2635 assolet,
3394 2585 3550 2624 scru-

1951 2658 2136 2729 pulum
2167 2659 2283 2713 liac
2314 2656 2438 2712 fidei
2492 2658 2859 2731 transgressio
2915 2657 3011 2711 tibi
3066 2656 3385 2727 peperisset,
3420 2656 3552 2711 mihi

1953 2763 2168 2818 semper
2196 2746 2337 2801 istud
2361 2747 2486 2802 inde
2509 2746 2919 2818 respondebas:
2948 2767 2967 2795 α
2992 2745 3281 2817 Nunquam
3307 2752 3450 2799 certe
3472 2744 3552 2798 in-

1950 2835 2019 2890 de
2053 2833 2381 2906 scrupulum,
2415 2835 2512 2897 sed
2542 2836 2721 2906 potius
2750 2834 2947 2890 mentis
2971 2833 3203 2903 jubilum
3233 2833 3399 2899 sensi,
3432 2849 3554 2889 cum

1952 2922 2154 2979 factum
2185 2924 2426 2991 memini,
2461 2923 2604 2979 unde
2634 2922 2937 2995 profectum
2966 2929 3171 2977 tantum
3202 2921 3363 2994 capi.
3401 2946 3422 2969 -

3336 727 3361 751 ο

2553 3102 2775 3157 CAPUT
2830 3101 2948 3155 VIII
2961 3142 2974 3155 .

1950 3248 2025 3301 De
2059 3247 2378 3301 tentatione
2398 3245 2751 3315 gravissima,
2771 3260 2892 3314 qua:
2912 3247 3037 3313 post
3069 3242 3284 3298 ordinis
3311 3241 3551 3315 Carthu-

2021 3316 2226 3372 siensis
2260 3317 2573 3384 ingressum
2595 3316 2779 3385 ipsum
2796 3315 3064 3385 arripuit,
3103 3328 3207 3370 nec
3230 3316 3423 3370 tamen
3452 3314 3551 3370 dc-

2022 3387 2137 3458 fuit
2166 3386 2218 3442 ei
2258 3387 2423 3441 tuitio
2445 3386 2741 3441 salutaris.

2026 3530 2149 3599 Ipso
2178 3542 2306 3583 vero
2345 3527 2414 3582 ad
2470 3526 2716 3581 ordinem
2775 3524 3218 3581 Carthusiensem
3266 3524 3550 3595 translato,

1952 3616 2179 3687 arripuit
2211 3633 2334 3671 eum
2360 3614 2685 3688 gravissima
2715 3614 2962 3680 tentatio,
2984 3613 3054 3670 de
3085 3627 3194 3685 qua
3222 3612 3452 3685 ipsemet
3480 3614 3556 3669 ita

1952 3706 2158 3762 referre
2189 3705 2397 3760 solebat
2432 3723 2445 3759 :
2482 3728 2502 3751 ‹‹
2538 3706 2680 3769 Mox,
2713 3702 2904 3774 inquit,
2945 3710 3003 3756 ut
3048 3700 3189 3757 infra
3242 3701 3395 3759 cella
3440 3704 3552 3772 (21)

1951 3795 2117 3850 limen
2138 3794 2333 3865 pedem
2393 3793 2536 3858 misi,
2593 3800 2976 3862 exsurgentem
3035 3790 3346 3847 tentationis
3401 3807 3557 3848 nova

1952 3892 2156 3939 motum
2186 3883 2240 3937 in
2272 3882 2437 3939 corde
2464 3897 2586 3936 meo
2629 3880 2794 3935 sensi.
2826 3881 2943 3936 Nec
3000 3878 3283 3935 uniformis
3332 3880 3555 3935 tentatio

1953 3974 2045 4029 illa
2076 3973 2189 4039 fuit,
2224 3973 2332 4029 imo
2359 3973 2612 4044 ingresso
2644 3987 2838 4027 novam
2886 3971 3133 4025 militiam
3163 3970 3347 4025 omnia
3372 3978 3555 4026 tenta-

1953 4072 2039 4118 tor
2115 4062 2394 4117 innovavit
2449 4061 2672 4131 antiqua
2729 4076 2841 4115 sua
2893 4059 3109 4115 malitia
3165 4059 3552 4125 instrumenta,

1952 4152 2243 4223 pracipue,
2280 4150 2436 4221 quasi
2474 4149 2725 4204 balistam
2783 4148 3239 4215 robustissimam,
3299 4156 3351 4203 et
3379 4164 3465 4213 eo,
3499 4156 3557 4203 ut

1955 4241 2223 4311 sperabat,
2258 4239 2390 4292 mihi
2421 4237 2847 4307 insuperabilem
2888 4236 3137 4302 tetendit,
3172 4236 3283 4292 imo
3312 4236 3561 4292 accendit

1954 4337 2141 4383 contra
2172 4344 2256 4381 me
2287 4326 2562 4381 stimulum
2595 4325 2778 4379 carnis
2824 4340 2980 4379 mea.
3031 4324 3131 4380 Die
3162 4340 3225 4380 ac
3258 4332 3417 4381 nocte
3445 4340 3558 4381 non

252 4441 379 4487 tem.
406 4431 462 4485 Si
493 4412 705 4484 vocanti
738 4428 805 4482 ad
834 4427 1158 4499 perfectiora
1188 4442 1295 4481 non
1328 4425 1547 4481 obediat
1578 4427 1714 4491 Deo,
1750 4426 1850 4480 de-
1882 4415 1936 4477 D
1957 4416 2271 4472 discedebat
2304 4431 2335 4468 a
2365 4430 2451 4469 me
2482 4413 2793 4483 (imminens
2822 4412 2971 4477 mihi,
3032 4420 3085 4467 et
3138 4429 3439 4484 perurgens
3467 4429 3557 4470 me

252 4520 445 4575 seritur
476 4535 579 4572 una
610 4516 885 4573 charitas:
917 4515 961 4569 si
1013 4515 1260 4586 potestati
1317 4514 1649 4571 contradicat
1704 4514 1851 4569 ordi-

248 4615 390 4663 nata
418 4623 447 4660 a
477 4607 612 4671 Deo,
646 4604 865 4677 gemina
893 4603 1105 4659 laditur
1133 4601 1387 4657 charitas.
1415 4604 1533 4657 Una
1562 4602 1850 4669 deseritur,

250 4714 369 4768 qua
400 4695 497 4750 Dei
546 4702 667 4749 est:
698 4694 915 4765 gemina
973 4708 1079 4747 non
1138 4691 1428 4762 impletur,
1463 4708 1585 4762 qua
1642 4692 1741 4746 Dei
1802 4700 1855 4746 et

247 4784 477 4856 proximi
507 4790 609 4837 est.
644 4781 689 4837 Ο
719 4781 987 4853 angustia
1030 4780 1287 4851 undique,
1347 4780 1443 4834 sed
1501 4796 1611 4850 pra
1668 4780 1851 4847 nimia,

249 4873 393 4944 quod
425 4873 571 4926 dictu
602 4871 798 4924 mirum
818 4878 919 4935 est,
947 4868 1273 4923 latitudine?
1297 4867 1439 4937 Quid
1462 4877 1642 4923 tamen
1672 4868 1850 4937 faciet,

248 4962 328 5017 sic
357 4961 611 5015 dilatatus
642 4966 695 5013 et
726 4960 803 5013 sic
820 4966 1138 5029 angustatus
1161 4959 1187 5011 ἱ)
1208 4957 1402 5012 Dicere
1440 4957 1579 5010 inter
1611 4958 1725 5011 hac
1756 4974 1853 5027 po-

248 5057 388 5107 terat
421 5068 433 5103 :
466 5049 510 5103 Ο
544 5048 725 5101 anima
753 5047 992 5112 dilatata,
1028 5064 1061 5099 ο
1093 5054 1144 5101 et
1172 5046 1351 5099 anima
1381 5052 1689 5116 angustata,
1726 5045 1854 5116 quid

323 5228 428 5294 (18)
456 5228 725 5291 Spirituali,
754 5240 846 5277 non
869 5227 1070 5277 carnali.

320 5315 425 5377 (i9)
454 5317 609 5373 Anno,
636 5314 704 5361 uti
731 5313 889 5376 colligi
937 5312 1079 5361 datur
1114 5324 1173 5360 ex
1208 5323 1317 5372 cap.
1370 5310 1447 5377 172.
1496 5308 1646 5368 1163,
1692 5308 1849 5359 factus

253 5376 361 5444 post
380 5382 491 5497 bin?
517 5380 713 5429 circiter
740 5381 891 5429 lustra
917 5379 977 5428 ab
1002 5380 1221 5440 ingressu
1247 5378 1295 5427 in
1320 5376 1538 5427 ordinem
1566 5388 1691 5426 anno
1723 5377 1849 5425 H75

254 5461 457 5511 procura
484 5460 557 5496 or.

323 5530 429 5594 (20)
484 5531 535 5580 id
578 5534 670 5591 est,
713 5532 909 5579 auctore
953 5529 1091 5581 Vita.
1129 5529 1251 5579 Hinc
1295 5531 1343 5579 et
1383 5527 1639 5589 sequitur:
1676 5547 1696 5569 ε
1736 5527 1850 5577 Mihi

255 5610 469 5660 semper.
504 5617 524 5639 ι

1954 4506 2185 4577 angelus
2216 4505 2442 4569 Satana,
2477 4509 2530 4557 et
2575 4501 2922 4571 colapiiizans
2978 4501 3108 4571 me).
3172 4501 3313 4571 Quid
3344 4503 3413 4557 ad
3443 4503 3561 4559 hac

1956 4610 2082 4667 ego,
2110 4594 2236 4649 .lcsu
2270 4593 2431 4657 bone,
2454 4591 2563 4646 imo
2584 4590 2711 4661 quid
2732 4590 2947 4645 bonitas
2964 4598 3052 4645 tua
3081 4590 3151 4645 ad
3180 4591 3315 4656 hac,
3349 4590 3557 4646 faciens

1957 4683 2247 4739 bonitatem
2279 4697 2402 4737 cum
2432 4696 2593 4736 servo
2623 4687 2713 4735 tuo
2734 4680 2762 4734 ?
2793 4681 2910 4751 Ego
2940 4680 3159 4752 quidem
3191 4679 3424 4751 genibus
3454 4688 3561 4734 ter-

1958 4788 2095 4842 ram,
2127 4770 2421 4844 gemitibus
2449 4769 2666 4833 calum,
2699 4776 2889 4839 pectus
2929 4769 3147 4840 pugnis,
3181 4784 3351 4839 genas
3381 4768 3555 4839 lacry-

1948 4863 2050 4917 mis
2084 4860 2279 4931 rigavi,
2314 4858 2507 4923 tutudi,
2549 4856 2784 4929 pulsavi,
2837 4857 3026 4912 cecidi.
3088 4856 3197 4911 Sed
3228 4856 3343 4910 hac
3374 4855 3556 4910 omnia

1949 4961 2001 5007 et
2028 4951 2131 5005 alia
2162 4950 2438 5002 innumera
2469 4946 2623 5017 quasi
2652 4962 2835 5001 aerem
2884 4946 3180 5001 verberans
3234 4943 3358 5009 feci,
3415 4960 3551 5015 quo-

1949 5055 2121 5110 usque
2154 5046 2205 5093 et
2236 5045 2309 5101 tu,
2345 5035 2436 5107 qui
2466 5051 2576 5091 non
2607 5035 2832 5100 dormis,
2880 5050 2981 5089 nec
3040 5033 3324 5099 dormitas,
3385 5042 3438 5089 et
3467 5034 3559 5105 qui

2022 5218 2126 5282 (21)
2148 5217 2371 5266 Tentatio
2398 5217 2477 5266 hic
2502 5216 2675 5275 relata,
2707 5213 2800 5264 alia
2825 5218 2900 5282 est
2936 5212 2997 5282 ab
3034 5212 3134 5272 illa,
3162 5226 3268 5275 qua
3294 5214 3419 5282 infra
3448 5226 3558 5276 cap.

1959 5280 2039 5347 13,
2068 5285 2303 5335 refertur.
2356 5284 2467 5333 Hac
2510 5283 2640 5332 enim
2683 5293 2791 5331 mox
2842 5280 2903 5328 ab
2947 5280 3169 5341 ingressu
3208 5282 3256 5329 in
3304 5281 3557 5334 ordinem.

1955 5354 2148 5402 vivente
2183 5352 2338 5401 adhuc
2366 5350 2561 5405 Basilio,
2596 5348 2749 5397 altera
2774 5350 2885 5409 post
2906 5348 3092 5397 obitum
3120 5348 3302 5405 Basilii,
3340 5350 3389 5395 et
3426 5347 3553 5396 circa

1956 5420 2148 5471 initium
2170 5417 2379 5480 suscepti
2405 5417 2647 5479 prioratus
2670 5417 2919 5477 nugonem
2954 5418 3174 5464 nostrum
3200 5413 3387 5463 afflixit.
