3972 6052
398 169 503 222 955

400 379 719 449 apposuisti.
778 381 857 435 Tu
923 378 1105 437 custos
1178 391 1230 436 te
1286 388 1480 446 nocte,
1532 389 1587 435 ut
1631 395 1851 434 manum
1906 395 2001 449 ap-

401 456 649 537 ponebas
759 469 1039 535 simivivo,
1129 470 1214 525 vix
1238 511 1252 535 ,
1330 479 1386 523 ut
1466 468 1753 539 putabam,
1841 468 2002 522 relin-

403 556 619 627 quendo
647 572 678 611 a
718 557 1042 621 latronibus,
1098 558 1225 614 hinc
1266 558 1393 613 inde
1435 565 1659 628 repente
1709 556 2001 627 irrepenti-

403 644 507 699 bus
559 652 613 699 et
665 645 802 701 dure
858 647 1299 717 irrumpentibus,
1355 662 1516 701 omne
1562 645 1764 700 malum
1823 645 2002 699 subito

401 731 725 803 dissipabas.
758 735 907 789 Tunc
934 735 1124 790 videns
1145 735 1327 790 cordis
1348 751 1529 789 aream
1550 734 1844 789 arefactam
1877 749 2001 788 car-

401 821 596 892 nisque
625 822 897 878 fornacem
927 823 1286 891 fatiscentem,
1327 823 1643 878 cedentibus
1687 823 1812 878 inde
1844 823 2002 877 fluxis

403 910 840 982 cogitationibus,
892 911 1018 966 hinc
1055 912 1239 983 ignitis
1285 912 1540 975 motibus,
1590 911 1833 966 mirabar
1881 911 2002 982 quis

401 996 618 1064 fuerim,
653 1007 706 1053 et
736 999 858 1070 quis
885 999 1065 1053 subito
1114 998 1339 1056 effectus
1384 1016 1584 1055 essem.
1617 999 1838 1054 Talibus
1868 1014 2003 1069 erga

401 1102 509 1151 me,
542 1086 652 1142 imo
681 1088 820 1142 intra
848 1104 955 1153 me,
987 1088 1381 1143 alternantibus
1428 1089 1594 1153 vices,
1637 1088 2003 1143 obliviscebar

402 1190 650 1244 persaepe
679 1175 806 1244 mei,
857 1191 1070 1231 memor
1118 1177 1193 1230 tui
1240 1176 1309 1231 de
1358 1184 1505 1232 terra
1547 1175 1822 1231 Jordanis.
1869 1176 2001 1230 Inde

404 1261 559 1332 quasi
590 1262 660 1317 de
690 1264 923 1329 duobus,
956 1264 1084 1318 inde
1114 1279 1313 1318 nomen
1345 1272 1399 1317 et
1428 1264 1697 1336 originem
1728 1264 1775 1318 is
1804 1263 2001 1318 fluvius

400 1349 566 1417 ducit,
600 1350 942 1421 duplicabam
986 1351 1386 1408 confessionem
1435 1352 1818 1407 humiliationis
1865 1367 2002 1406 mete

399 1445 452 1491 et
480 1437 890 1510 glorificationis
935 1448 1056 1506 ture,
1107 1440 1512 1496 misericordias
1560 1447 1679 1494 tuas
1722 1440 1818 1494 tibi
1866 1456 2000 1494 can-

402 1534 544 1592 tans,
574 1535 629 1582 et
656 1526 943 1596 injustitias
973 1544 1127 1583 meas
1174 1529 1468 1582 adversum
1499 1531 1587 1583 me
1618 1528 1997 1598 pronuntians,

404 1614 726 1680 sentiebam,
760 1616 885 1685 quia
930 1625 987 1671 tu
1043 1616 1357 1671 remittebas
1408 1617 1739 1687 impietatem
1790 1617 2002 1687 peccati

402 1702 532 1757 mei.
565 1704 814 1760 Manente
858 1705 1001 1760 enim
1047 1706 1105 1759 in
1142 1706 1382 1761 Hermon
1432 1713 1486 1761 et
1534 1712 1718 1760 monte
1760 1705 1997 1770 modico,

404 1790 533 1845 dum
562 1792 869 1847 detestarer
898 1802 950 1848 et
982 1794 1492 1849 anathematizarem
1522 1809 1684 1849 omne
1733 1794 2000 1849 lubricum

406 1879 755 1951 turpitudinis
784 1881 1059 1948 obscenae,
1108 1881 1400 1938 humilians
1442 1899 1546 1947 me,
1578 1891 1701 1953 post
1726 1881 1893 1936 ferale
1918 1881 2001 1936 in-

401 1968 653 2023 cendium
676 1969 955 2039 pulverem
974 1987 1062 2025 me
1092 1978 1146 2026 et
1160 1971 1401 2027 cinerem
1433 1971 1672 2025 sentiens
1702 1986 1844 2037 esse,
1876 1986 2001 2025 mox

403 2056 782 2112 benefaciebas
813 2074 937 2113 cum
967 2075 1128 2114 servo
1166 2067 1279 2124 tuo,
1312 2058 1563 2115 revelans
1611 2059 1798 2114 oculos
1825 2074 1997 2127 meos,

401 2152 455 2198 ut
486 2145 891 2200 considerarem
922 2147 1186 2202 mirabilia
1214 2148 1283 2202 de
1328 2148 1453 2219 lege
1494 2156 1601 2201 tua.
1647 2147 1828 2201 Dabas
1859 2162 1999 2218 quo-

405 2247 512 2301 quo
541 2231 764 2305 fatigato
796 2242 852 2288 et
876 2234 1089 2291 defecto
1120 2235 1206 2290 vel
1250 2235 1464 2291 modice
1512 2235 1787 2290 interdum
1818 2235 2002 2305 praeli-

403 2319 536 2375 bare
567 2337 764 2377 manna
794 2322 923 2377 illud
953 2323 1350 2378 absconditum.
1383 2323 1527 2377 Istud
1554 2338 1684 2379 vero
1714 2323 1998 2393 tantillum,

401 2408 544 2479 quod
571 2408 696 2464 hinc
742 2410 913 2465 merui
944 2419 1296 2483 prtegustare,
1340 2411 1445 2466 tale
1492 2419 1602 2466 erat
1649 2418 1701 2466 et
1740 2419 1846 2465 tam
1893 2412 1987 2465 im-

400 2512 667 2563 mensum,
703 2506 760 2553 ut
788 2498 946 2555 facile
975 2508 1381 2555 contemnerem
1410 2507 1628 2570 promer
1656 2500 1834 2570 ipsum
1865 2499 2004 2554 obti-

403 2585 641 2640 nendum
668 2586 883 2656 plenius
915 2596 966 2642 et
996 2588 1217 2653 diutius,
1269 2587 1534 2659 quidquid
1580 2588 1814 2642 mundus
1853 2588 2002 2643 novit

400 2672 559 2728 dulce
589 2673 674 2727 vel
701 2689 969 2742 amarum,
1002 2674 1124 2729 lene
1153 2674 1239 2729 vel
1284 2691 1559 2745 asperum.
1605 2675 1804 2730 Verum
1835 2675 1889 2729 in
1917 2675 2001 2729 his

403 2775 529 2814 rara
544 2760 676 2814 mihi
696 2762 851 2827 hora,
876 2770 930 2817 et
950 2777 1118 2832 parva
1138 2778 1311 2817 mora.
1333 2763 1569 2818 Rursum
1589 2763 1656 2817 ad
1676 2763 1997 2829 certamina,

403 2863 592 2903 rursus
621 2848 692 2903 ad
721 2849 861 2904 bella
909 2850 1180 2921 rapiebar.
1221 2852 1506 2921 Nusquam
1554 2866 1703 2920 vero,
1755 2851 1853 2905 sed
1898 2841 2001 2906 nec

401 2952 637 3008 unquam
670 2937 854 3005 defuit,
887 2938 1015 2993 licet
1042 2939 1268 3012 indigno
1317 2939 1467 3004 mihi,
1502 2938 1729 3010 piissimi
1759 2938 1999 2994 Redem—

403 3024 575 3095 ptoris
603 3026 882 3081 miseratio
913 3046 931 3082 :
963 3043 1180 3098 semper
1223 3027 1279 3082 in
1333 3042 1461 3083 aure
1519 3027 1701 3083 cordis
1747 3027 1855 3082 mei
1885 3035 2003 3081 erat

402 3128 505 3168 vox
535 3114 653 3182 ejus
683 3114 937 3170 erudiens
966 3123 1019 3170 et
1068 3115 1361 3171 consolans
1408 3132 1532 3181 me;
1568 3132 1784 3187 semper
1812 3131 2005 3170 manus

404 3202 520 3270 eju's
549 3217 764 3258 mecum
794 3203 1032 3274 eripiens
1062 3211 1115 3259 et
1144 3205 1512 3260 corroborans
1536 3219 1643 3259 me.

468 3291 537 3344 Et
563 3291 679 3346 haec
708 3291 927 3362 quidem
956 3307 1022 3348 ac
1049 3293 1285 3363 plurima
1316 3294 1371 3347 in
1401 3294 1545 3348 hunc
1573 3291 1795 3346 modum
1824 3301 2005 3347 mente

405 3379 653 3446 contrita,
682 3395 793 3434 non
820 3381 985 3437 modo
1031 3398 1133 3452 pro
1182 3380 1554 3437 consolatione
1585 3389 1789 3450 nostra,
1824 3381 1922 3437 sed
1952 3388 2005 3436 et

402 3482 505 3537 pro
531 3467 819 3524 devotione
851 3477 905 3524 et
924 3468 1297 3525 humiliatione
1320 3485 1421 3525 sua
1441 3470 1707 3526 secretius
1736 3485 1907 3540 agens
1937 3469 2005 3522 de

402 3563 544 3611 statu
599 3572 697 3611 suo
753 3559 938 3629 (quem
993 3558 1047 3612 in
1105 3558 1417 3629 episcopatu
1472 3558 1709 3613 deflebat
1747 3558 2005 3612 immuta-

404 3646 539 3714 tum)
572 3644 640 3700 de
666 3645 769 3710 his,
805 3663 926 3717 quae
946 3646 999 3701 in
1030 3647 1138 3702 vita
1176 3647 1361 3718 priore
1419 3646 1732 3702 humanitus
1760 3646 1847 3701 vel
1875 3662 2004 3717 per-

400 3732 599 3788 tulerat
627 3742 718 3788 aut
743 3734 1000 3789 divinitus
1046 3743 1390 3806 perceperat,
1423 3750 1727 3790 memorare
1760 3734 1996 3790 solebat.

404 3820 677 3875 Inferebat
704 3830 882 3878 autem
912 3824 1028 3878 haec
1053 3823 1107 3877 in
1138 3823 1222 3877 sui
1272 3823 1443 3893 ipsius
1499 3824 1875 3878 vehementem
1907 3839 2003 3877 su—

402 3908 758 3979 gillationem,
791 3910 948 3981 quasi
995 3912 1111 3966 Deo
1142 3927 1239 3981 pro
1291 3910 1571 3967 beneficiis
1624 3910 1705 3964 sui
1760 3927 2004 3984 congrue

399 4011 508 4050 non
540 3998 912 4067 responderet,
947 4007 1041 4053 aut
1078 4014 1138 4054 se
1174 4007 1299 4069 post
1354 4000 1593 4071 largiora
1648 3998 1863 4054 Domini
1922 4000 2005 4054 sui

400 4084 565 4150 dona,
590 4085 706 4155 jam
736 4086 790 4140 in
820 4095 974 4141 atate
1001 4086 1221 4141 robusta
1268 4084 1651 4142 infirmioribus
1706 4087 1860 4142 annis
1917 4087 2003 4143 vi-

402 4172 553 4228 ribus
583 4174 748 4229 animi
778 4174 1043 4246 imparem
1073 4175 1373 4231 exhiberet.

1041 4353 1267 4409 CAPUT
1295 4354 1392 4408 IX.

402 4497 476 4551 Dc
489 4496 975 4551 commendatione
991 4498 1207 4552 ordini:
1220 4495 1658 4565 Carthusiensis,
1674 4501 1729 4551 et
1742 4499 2008 4568 profectu

472 4570 533 4622 in
554 4568 741 4622 eodem
766 4570 949 4622 nostri
968 4569 1234 4638 Hugo‘nis,
1268 4571 1325 4622 et
1343 4569 1592 4639 qualiter
1618 4569 1806 4623 senior
1823 4568 1894 4621 ad
1917 4583 2009 4621 cu-

469 4747 567 4802 t22)
595 4748 718 4797 Vera
744 4748 849 4797 tunc
899 4759 1009 4797 esse
1053 4748 1261 4811 probant
1304 4748 1751 4811 archiepiscOpatus
1788 4754 1836 4799 et
1870 4749 1997 4809 epis-

399 4819 602 4875 copatus
622 4827 679 4863 eo
703 4814 880 4864 saeculo
905 4815 1068 4863 collati
1095 4814 1436 4864 Carthusianis
1500 4816 1677 4876 Quales
1718 4819 1848 4874 sunt,
1878 4818 1998 4865 Are-

398 4881 618 4941 latensis,
638 4881 991 4943 Lugdunensis,
1017 4881 1323 4942 Viennensis,
1357 4882 1766 4943 'l‘arentzisiensis,
1805 4881 1998 4932 Gratia-

398 4949 724 5009 nupolitanus,
770 4947 1069 5009 [tellit-ensis,
1115 4947 1324 5009 Dicnsis,
1357 4948 1750 5011 Maurianicnsis,
1796 4950 1994 5001 Sistari-

402 5013 582 5068 censis,
609 5018 658 5062 et
677 5014 842 5073 plures
860 5014 960 5063 alii.

468 5096 580 5157 (23)
609 5097 849 5146 Honorius
873 5110 996 5159 papa
1041 5098 1124 5159 lll,
1154 5110 1279 5147 anno
1306 5098 1450 5147 l2t9.
1496 5099 1747 5159 Stephano
1788 5101 1997 5148 Cantua-

402 5163 576 5211 ricnsis
600 5175 803 5211 exanwn
827 5164 886 5213 de
911 5164 1020 5213 Vita
1040 5167 1091 5213 S.
1120 5165 1333 5223 Hugonis
1383 5165 1629 5213 commisit
1654 5178 1666 5213 :
1696 5169 1745 5215 et
1774 5166 1996 5215 eumdem

400 5242 528 5277 anno
554 5230 776 5290 sequenti
800 5229 936 5289 juxta
960 5231 1260 5291 Raynaldum
1287 5231 1347 5280 ad
1378 5231 1532 5282 dictos
1570 5243 1740 5291 annos,
1786 5232 1833 5281 in
1860 5245 2000 5280 sanc-

403 5300 562 5345 torum
591 5307 868 5354 numerum,
909 5296 1093 5349 retulit.
1148 5298 1351 5346 Vivebat
1388 5296 1535 5359 igitur
1574 5298 1651 5346 his
1674 5299 1816 5347 annis
1840 5299 1999 5347 adhuc

402 5366 572 5411 auctor
592 5363 733 5419 Vitae,
762 5362 877 5412 dum
905 5362 999 5411 ista
1024 5364 1240 5426 scripsit,
1266 5369 1348 5414 aut
1372 5368 1515 5413 antea
1548 5365 1745 5425 scriptis
1772 5365 1978 5414 inseruit

474 5446 581 5508 (2t)
609 5448 791 5495 Nomen
838 5446 985 5507 hujus
1026 5447 1114 5496 viri
1154 5448 1236 5497 Dei
1284 5461 1374 5497 nec
1411 5448 1639 5509 exprimit
1676 5448 1863 5507 Surius,
1916 5462 2006 5499 nec

406 5512 698 5565 Dorlandus.
731 5515 793 5562 At
819 5514 1022 5563 Bzovius
1047 5513 1107 5563 ad
1137 5527 1319 5567 annum
1352 5514 1499 5564 1200.
1543 5516 1614 5565 Ex
1655 5516 1896 5565 Dorlando
1936 5517 2006 5566 ita

1268 168 1322 223 s.
1364 166 1683 223 HUGONlS
1720 166 1939 222 EPISC.
1982 150 2306 223 LINCOLN.
2349 167 2512 225 onn.
2556 170 2805 227 cura.

402 290 644 346 custodis
697 293 885 359 Israel,
936 310 969 347 ο
1037 292 1375 348 Samaritane
1422 291 1726 359 benedicte,
1784 306 2001 346 manum
2030 295 2086 355 Α
2173 293 2263 366 ius
2294 292 2612 366 obsequium
2639 296 2887 366 [ueratri

2030 4354 2083 4413 D

3592 179 3699 231 956

3001 301 3173 364 tatus,
3187 368 3191 370 Α
3206 299 3393 370 ipsum
3426 298 3493 353 de
3520 301 3704 354 susci-

2172 364 2377 433 piendo
2396 364 2591 440 ordine
2611 364 2955 440 sacerdotali
2978 364 3242 433 tentavit,
3267 374 3320 424 et
3334 372 3518 440 ipsum
3539 372 3701 439 futu-

2174 449 2303 488 rum
2324 436 2645 511 episcopum
2663 438 3100 508 pmnuntiavit.
3116 441 3185 493 Et
3207 440 3305 494 sub
3327 436 3426 495 hoc
3445 436 3699 511 capitulo

2173 506 2733 630 (ioznprehendunt'ur
2789 511 2853 563 10
2902 513 2960 563 et
3035 512 3092 564 11
3161 511 3419 582 capitula
3478 506 3703 581 magna

2218 591 2333 630 HE.

2218 591 2333 631 ιτιε.

2176 748 2345 803 Erant
2375 749 2488 818 (22)
2515 749 2754 820 quidem,
2787 759 2842 805 ut
2880 767 3118 822 semper,
3169 751 3225 806 in
3271 753 3434 807 domo
3466 753 3704 807 Carthu-

2104 836 2198 891 sia:
2244 846 2371 893 tunc
2416 838 2679 908 temporis
2720 855 2880 910 quam
2922 841 3157 895 maxime
3198 840 3314 906 viri,
3361 848 3468 895 tam
3514 841 3709 898 clerici

2106 939 2268 995 quam
2298 924 2440 991 laici,
2473 927 2628 982 mirae
2679 928 2978 982 sanctitatis
3008 936 3063 983 et
3109 929 3412 1001 gravitatis,
3461 929 3709 1001 ipsisque

2104 1013 2331 1067 summis
2360 1013 2699 1085 principibus
2730 1024 2782 1070 et
2826 1017 3199 1073 Ecclesiarum
3242 1018 3479 1088 praelatis
3508 1019 3707 1073 admo-

2103 1103 2230 1155 dum
2253 1103 2565 1158 reverendi.
2598 1105 2711 1159 Nec
2733 1113 2846 1160 erat
2861 1104 3023 1161 facile
3052 1105 3171 1177 quis
3192 1105 3485 1161 ferventior
3508 1115 3561 1161 et
3582 1108 3711 1178 quis

2103 1190 2397 1260 perfectior
2429 1192 2568 1247 inter
2618 1192 2739 1247 illos
2797 1194 3013 1249 censeri
3060 1194 3325 1264 potuisset
3352 1194 3706 1267 dignoscere.

2102 1280 2304 1333 Tantus
2333 1279 2407 1334 ibi
2437 1280 2493 1333 in
2523 1280 2809 1336 domandis
2856 1282 3176 1352 corporibus
3226 1283 3398 1354 rigor,
3452 1290 3600 1337 tanta
3649 1284 3709 1338 in

2102 1366 2283 1438 rigore
2322 1368 2646 1423 servabatur
2692 1369 2969 1435 discretio,
3002 1379 3058 1424 ut
3104 1370 3340 1425 medium
3390 1387 3513 1427 cum
3562 1371 3711 1426 binis

2104 1456 2335 1510 tenendo
2364 1456 2496 1510 nihil
2524 1456 2663 1511 infra
2695 1457 2837 1512 vires
2865 1458 2987 1531 quis
3036 1458 3265 1531 aggredi
3296 1467 3581 1515 contentus
3608 1476 3708 1514 es-

2102 1551 2202 1608 set,
2236 1544 2498 1616 nihilque,
2533 1546 2679 1616 quod
2710 1546 2906 1601 virium
2951 1555 3122 1602 metas
3173 1548 3487 1616 excederet,
3537 1564 3709 1603 exer-

2021 1644 2073 1704 B
2102 1647 2227 1686 cere
2254 1632 2436 1698 vellet,
2483 1633 2767 1688 sineretur.
2824 1634 2905 1690 De
2952 1634 3142 1690 ordine
3172 1635 3219 1689 si
3273 1636 3490 1707 quidem
3517 1636 3711 1691 istoin

2104 1720 2338 1792 registro
2369 1720 2485 1791 (23)
2513 1737 2687 1792 papze,
2722 1723 2876 1791 cujus
2919 1731 3159 1793 tempore
3204 1731 3393 1778 noster
3420 1724 3578 1795 Hugo
3607 1740 3710 1778 ca-

2101 1809 2387 1863 nonizatus
2415 1817 2518 1875 est,
2545 1809 2620 1864 ita
2666 1810 2909 1882 legitur:
2946 1834 2968 1858 α
3022 1810 3170 1867 Ordo
3217 1812 3622 1868 Carthusiensis
3649 1812 3709 1866 in

2102 1911 2169 1951 eo
2198 1896 2334 1953 alios
2365 1897 2586 1953 ordines
2633 1897 2922 1965 antecedit,
2972 1900 3116 1971 quod
3156 1899 3435 1971 cupiditati
3480 1900 3710 1956 modum

2100 1986 2297 2056 posuit.
2334 2009 2357 2034 υ

2173 2073 2315 2142 Quid
2344 2090 2477 2129 vero
2507 2074 2596 2131 hic
2623 2075 2825 2147 egisse,
2861 2084 3227 2147 quantumque
3255 2076 3555 2148 profecisse
3586 2078 3709 2133 Hu-

2102 2178 2300 2235 gonem
2331 2170 2603 2233 putamus,
2655 2164 2748 2218 ubi
2796 2164 3016 2219 inolitus
3064 2165 3170 2219 eia
3218 2165 3509 2237 primaevis,
3541 2175 3601 2220 ut
3630 2167 3709 2221 ita

2102 2250 2339 2317 dicatur,
2372 2251 2675 2320 mensibus,
2728 2252 2974 2308 discendi
3021 2267 3175 2308 amor
3221 2270 3345 2309 cum
3374 2254 3550 2323 libris,
3583 2271 3708 2310 cum

2102 2339 2401 2411 magistris,
2463 2354 2587 2394 cum
2643 2340 2865 2412 ingenio
2922 2341 3359 2411 praeclarissimo,
3420 2359 3543 2397 cum
3598 2344 3711 2399 otio

2101 2444 2261 2499 quam
2289 2434 2619 2498 opportuno,
2655 2436 2762 2482 tam
2793 2427 3027 2485 fraterne
3054 2438 3107 2484 et
3135 2429 3307 2485 ferme
3327 2431 3586 2486 continuo
3610 2432 3706 2501 ju-

2100 2516 2215 2571 vari
2246 2524 2299 2570 et
2326 2516 2639 2587 promoveri
2670 2517 2841 2587 potuit
2860 2517 2887 2571 ?
2918 2518 2980 2572 In
3024 2518 3109 2573 his
3139 2518 3279 2585 dies,
3310 2520 3366 2573 in
3394 2520 3479 2574 his
3507 2521 3705 2575 studiis

2100 2604 2444 2660 continuabat
2482 2614 2533 2659 et
2591 2614 2817 2671 noctes;
2847 2621 2951 2661 nec
3002 2606 3147 2661 aliud
3200 2607 3523 2663 causabatur
3575 2624 3709 2679 pro-

2100 2691 2330 2747 fectibus
2360 2693 2474 2747 suis
2503 2694 2789 2749 novercari
2819 2702 2871 2749 et
2890 2694 3124 2767 gaudiis,
3157 2695 3262 2749 nisi
3291 2696 3551 2767 temporis
3580 2697 3709 2753 bre-

2098 2780 2339 2847 vitatem,
2372 2781 2459 2836 cui
2488 2781 2683 2836 mirum
2712 2783 2769 2837 in
2799 2783 3019 2838 modum
3078 2783 3283 2856 legenti
3340 2800 3557 2855 semper
3612 2795 3707 2841 aut

2097 2868 2379 2924 meditanti
2417 2868 2502 2925 vel
2532 2870 2703 2925 oranti
2734 2871 2911 2926 omnis
2941 2871 3149 2927 dierum
3194 2872 3542 2945 noctiumque
3574 2890 3710 2944 pro-

2031 3000 2077 3058 C
2103 2957 2283 3012 lixitas
2312 2957 2531 3025 minori,
2591 2975 2751 3030 quam
2810 2968 3077 3031 optasset,
3141 2960 3323 3032 spatio
3366 2962 3707 3019 tendebatur.

2177 3064 2479 3137 lnjungitur
2506 3072 2688 3120 autem
2709 3065 2813 3121 sibi
2841 3066 3135 3139 aliquando
3165 3083 3297 3124 cura
3328 3075 3381 3123 et
3408 3068 3709 3141 obsequela

2106 3153 2387 3223 cujusdam
2418 3153 2671 3211 monachi
2723 3155 2889 3222 senis,
2941 3171 3264 3228 magnarum
3301 3156 3559 3212 virtutum
3583 3156 3708 3213 viri.

2107 3242 2257 3296 Hunc
2286 3249 2397 3296 tam
2427 3242 2897 3311 valetudinarium,
2930 3251 2982 3298 et
3001 3259 3116 3315 prae
3152 3252 3309 3299 aetate
3338 3260 3405 3301 ac
3433 3244 3711 3301 debilitate

2106 3344 2363 3400 suprema
2393 3329 2603 3385 cellulae
2630 3347 2742 3386 suae
2772 3330 3009 3401 parietes
3030 3347 3300 3403 nusquam
3330 3333 3705 3400 excedentem,

2106 3417 2264 3488 Hugo
2295 3418 2349 3471 in
2375 3418 2522 3473 horis
2554 3418 2898 3489 regularibus
2945 3419 3321 3487 decantandis,
3355 3421 3442 3476 vel
3473 3421 3707 3493 quibus-

2106 3521 2319 3576 cunque
2346 3506 2674 3561 necessariis
2722 3507 3152 3578 suppeditandis,
3206 3508 3432 3564 servitor
3476 3509 3711 3565 devotus

2107 3602 2157 3648 et
2186 3593 2514 3660 indefessus,
2547 3602 2800 3666 tanquam
2846 3596 3025 3649 nutrix
3081 3596 3357 3651 alumnum
3414 3606 3507 3652 aut
3534 3606 3715 3653 mater

2106 3680 2274 3736 filium
2300 3682 2525 3751 juvabat
2555 3690 2605 3737 et
2635 3682 2927 3750 mulcebat,
2960 3699 3062 3739 nec
3089 3683 3248 3740 aliter
3277 3701 3439 3756 quam
3457 3685 3563 3756 ipsi
3592 3686 3712 3741 Do-

2105 3770 2254 3826 mino
2283 3771 2411 3826 Jesu
2445 3769 2658 3827 Christo
2686 3771 2743 3825 in
2768 3771 3021 3826 omnibus
3059 3772 3109 3827 ei
3151 3773 3519 3829 ministrabat.
3559 3774 3713 3829 Con-

2107 3859 2233 3931 tigit
2258 3858 2553 3930 aliquando
2611 3867 2824 3930 tempus
2881 3875 3165 3916 sacrorum
3213 3861 3465 3918 ordinum
3493 3862 3561 3917 ab
3595 3865 3717 3935 epi-

2106 3963 2274 4018 scopo
2303 3947 2409 4003 loci
2440 3947 2595 4002 istius
2638 3948 3093 4004 celebrandorum
3149 3950 3346 4006 instare
3392 3952 3549 4006 annis
3604 3950 3714 4006 ali-

2106 4035 2325 4106 quantis
2350 4036 2463 4104 jam
2492 4036 2549 4090 in
2601 4037 3020 4093 conversatione
3074 4037 3168 4093 tali
3223 4039 3339 4109 ejus
3397 4040 3709 4096 transactis.

2105 4125 2220 4181 Hoc
2251 4124 2431 4180 sciens
2463 4126 2575 4195 (24)
2620 4125 2702 4180 vir
2755 4125 2873 4191 Dei,
2934 4127 3180 4199 Hugonis
3233 4129 3438 4199 pariter
3465 4137 3518 4185 et
3546 4129 3712 4185 insti-

2103 4221 2245 4268 tutor
2297 4213 2412 4283 (25)
2495 4220 2547 4267 et
2605 4212 2875 4279 alumnus,
2944 4216 3108 4286 erepit
3164 4216 3346 4273 dicere
3393 4217 3490 4285 illi,
3548 4218 3712 4290 quasi

2106 4310 2321 4356 tentans
2380 4300 2578 4356 illum:
2638 4322 2660 4351 ι
2685 4302 2850 4367 Ecce,
2928 4303 3020 4368 ait,
3083 4302 3177 4370 fili,
3221 4305 3336 4373 jam
3392 4305 3448 4360 in
3496 4314 3548 4361 te
3605 4315 3713 4373 est,

2108 4405 2178 4445 an
2215 4390 2352 4445 velis
2406 4390 2667 4446 sacerdos
2723 4388 2840 4445 ﬁeri
2875 4390 2962 4445 :si
3019 4392 3382 4463 acquieveris,
3441 4394 3511 4449 ad
3565 4394 3714 4451 hunc

2109 4481 2342 4549 gradum
2386 4478 2549 4533 modo
2605 4479 3037 4553 promoveberis.
3074 4503 3095 4527 -
3143 4480 3226 4535 Ad
3284 4482 3399 4538 haec
3455 4482 3565 4548 ille,
3626 4484 3720 4539 cui

2104 4568 2214 4635 jam
2246 4567 2374 4623 olim
2404 4567 2476 4620 nil
2506 4566 2740 4634 dulcius,
2807 4567 2881 4621 nil
2935 4583 3088 4638 aeque
3137 4570 3295 4625 dulce
3353 4579 3491 4636 erat,
3544 4587 3712 4642 quam

2097 4749 2269 4799 scribit
2294 4763 2308 4798 :
2333 4771 2354 4793 ι
2384 4751 2497 4801 Haec
2521 4752 2635 4801 dum
2663 4756 2832 4813 ageret
2855 4756 3076 4815 tempore
3104 4748 3185 4799 illo
3210 4748 3432 4808 contigit.
3460 4761 3555 4811 quo
3576 4750 3718 4800 sacri

2098 4816 2294 4866 ordines
2316 4817 2527 4868 conferri
2570 4818 2749 4880 solent,
2807 4822 2861 4868 ut
2900 4821 3103 4868 sanctus
3142 4817 3287 4865 Pater
3306 4815 3512 4865 Basilius
3550 4817 3711 4879 prior,

2098 4883 2237 4945 quasi
2274 4885 2523 4944 llugonem
2550 4886 2763 4945 tentans,
2799 4885 2868 4934 illi
2906 4885 3131 4933 diceret:
3160 4883 3306 4942 Ecce,
3332 4881 3419 4941 till,
3442 4882 3547 4942 jam
3590 4883 3716 4933 inte-

2097 4952 2219 5003 rest.
2248 4962 2311 4998 an
2355 4950 2475 4999 velis
2510 4950 2910 5001 sacerdosoﬁeri.
2947 4971 2967 4991 ι
3000 4949 3162 4998 Verba
3206 4947 3403 5007 quidem
3448 4952 3558 4997 sunt
3597 4950 3719 4998 Dor-

2098 5016 2260 5073 lando,
2283 5017 2500 5075 exceptis
2524 5017 2636 5073 illis,
2667 5035 2692 5062 «
2718 5020 2916 5066 sanctus
2943 5019 3085 5065 Pater
3107 5015 3315 5064 Basilius
3355 5014 3504 5077 prior,
3532 5030 3549 5059 ι
3598 5027 3716 5075 quo-

2098 5094 2205 5131 rum
2225 5083 2331 5131 loco
2358 5083 2505 5131 habet
2526 5083 2811 5144 liorlandus,
2839 5106 2859 5126 ι
2880 5088 3087 5132 sanctus
3107 5081 3185 5130 ille
3202 5082 3383 5140 senior,
3414 5097 3432 5125 ι
3466 5080 3708 5129 subintel-

2098 5148 2212 5207 lige,
2239 5152 2293 5197 ut
2318 5149 2585 5198 Dorlandus
2607 5150 2862 5210 prmmisu,
2886 5149 3024 5209 cujus
3041 5148 3232 5197 volente
3254 5148 3434 5207 priore,
3456 5146 3500 5196 id
3525 5152 3601 5196 est
3624 5148 3716 5196 Ba-

2098 5214 2231 5274 silio,
2259 5226 2423 5264 curam
2464 5221 2744 5277 susceperat
2769 5218 2923 5279 Hugo.
2957 5215 3325 5276 Distinguendus
3364 5213 3509 5274 igitur
3548 5216 3722 5264 senior

2085 5281 2181 5331 -ille
2207 5282 2415 5331 aBasilio
2436 5282 2613 5343 priore.
2640 5282 2754 5331 licet
2775 5283 2879 5342 ejus
2899 5294 3074 5332 nomen
3102 5282 3370 5342 ignoretur.

2175 5383 2283 5444 (25)
2312 5384 2580 5439 lnstitutor,
2608 5384 2678 5433 uti
2701 5384 2934 5445 arbitror,
2966 5384 3011 5431 in
3057 5381 3409 5444 spiritualibus,
3463 5381 3720 5442 alumnus,

2104 5451 2215 5499 dum
2239 5452 2371 5511 Ηυςο
2394 5450 2550 5509 illum,
2570 5454 2622 5499 ut
2641 5451 2971 5512 prremittitur,
2994 5453 3224 5511 tanquam
3251 5448 3412 5498 nutrix
3432 5448 3714 5509 alumnum,

2106 5521 2189 5565 aut
2216 5521 2375 5566 mater
2398 5515 2546 5567 filium
2578 5517 2625 5565 in
2651 5516 3077 5577 inﬁrmitatejuvit
3098 5519 3147 5565 et
3172 5514 3313 5565 fovit.
