3972 6052
241 163 349 216 957

1631 164 1811 220 VITA.
1842 193 1910 204 —
1948 165 2075 218 LIB.
2117 165 2159 218 Ι.
2242 167 2244 170 ’

3398 171 3406 173 ”
3443 172 3544 223 958

253 286 427 342 sacris
482 287 760 341 deservire
811 288 1149 353 ministeriis,
1212 305 1376 360 quam
1407 288 1604 343 divinis
1658 304 1849 343 sacra-
1880 288 2300 350 Aclementiam
2333 296 2600 358 quatenus
2629 304 2660 343 a
2701 290 2898 360 p0pulo
2947 290 3340 346 suo~furorem
3390 309 3544 346 suum

257 374 457 429 mentis
499 375 760 446 saginari,
791 377 1085 448 Jesumque
1106 394 1284 442 suum,
1319 377 1442 448 quia
1463 378 1566 431 sibi
1597 378 1850 432 dulcissi-

256 480 424 530 mum,
461 472 517 517 ut
548 463 775 518 inferius
807 465 1022 535 plenius
1054 466 1353 532 decebitur,
1387 467 1569 521 cordis
1607 466 1852 521 faucibus

257 559 310 606 et
341 552 584 622 corporis
613 551 668 605 in
710 553 884 606 hostia
941 553 1163 608 liberius
1226 555 1546 627 contingere
1604 554 1848 620 salutari,

255 640 503 694 aestuanti
552 640 620 694 ad
670 641 854 696 audita
915 643 1210 708 desiderio,
1269 659 1394 698 mox
1440 644 1756 714 suppliciter
1802 650 1852 697 et

257 745 414 797 pure,
451 731 596 799 quod
653 731 894 799 optavit,
943 731 1169 800 aperuit.
1234 733 1319 786 Ait
1366 748 1546 803 ergo:
1583 755 1603 777 «ι
1659 732 1850 800 Quan-

257 825 368 868 tum
392 816 445 868 in
475 833 562 870 me
608 826 706 881 est,
755 819 930 882 Pater,
990 819 1121 872 nihil
1170 836 1303 876 sane
1336 821 1512 892 magis
1554 828 1750 890 appeto
1798 820 1853 873 in

256 904 366 958 vita
397 904 516 958 ista.
568 929 589 952 »
642 907 788 960 Tunc
851 923 985 962 vero
1033 924 1200 962 senex
1247 910 1316 963 ad
1360 925 1482 964 eum
1519 925 1528 961 :
1569 933 1588 955 α
1616 908 1660 962 Ο
1722 908 1852 979 quid

256 992 486 1046 dixisti?
511 1009 562 1058 0,
609 994 850 1065 inquam,
904 997 1033 1066 quid
1087 997 1268 1051 dixisti
1296 998 1323 1050 ἶ)
1367 1013 1398 1052 o
1428 996 1784 1051 miraculum!
1821 1013 1853 1050 ο

252 1081 414 1135 toties
447 1081 648 1152 legisti,
682 1083 750 1136 ad
773 1084 1140 1138 sacerdotium
1181 1086 1271 1156 qui
1305 1102 1411 1140 non
1443 1087 1653 1140 accedit
1710 1086 1850 1139 invi-

255 1177 362 1234 tus,
394 1169 604 1225 accedit
646 1170 924 1243 indignus,
963 1181 1014 1226 et
1047 1181 1100 1227 tu
1132 1174 1294 1228 modo
1325 1191 1436 1227 non
1465 1174 1682 1241 invitus,
1744 1173 1852 1227 imo

254 1265 308 1310 et
339 1257 551 1323 avidus,
587 1266 644 1311 ut
692 1258 807 1328 ipse
841 1258 1047 1325 fateris,
1075 1263 1340 1316 accedere
1389 1278 1500 1316 non
1556 1261 1793 1315 metuis?
1825 1283 1844 1309 ι

256 1345 340 1398 Ad
364 1346 505 1402 hanc
536 1362 724 1402 vocem
757 1348 974 1402 territus
1006 1358 1058 1402 et
1079 1350 1234 1420 quasi
1282 1349 1506 1404 fulmine
1536 1358 1711 1404 tactus
1743 1357 1852 1404 tota

254 1435 505 1504 corporis
529 1443 710 1505 strage
743 1436 810 1490 ad
842 1438 1010 1506 pedes
1070 1438 1410 1509 objurgantis
1467 1439 1848 1508 prosternitur,

258 1522 394 1577 flens
424 1524 680 1590 ubertim,
715 1534 766 1578 et
796 1526 1012 1579 veniam
1056 1528 1495 1597 praesumptionis
1534 1535 1692 1582 tantae
1747 1544 1850 1599 ge-

257 1611 547 1666 mebundis
578 1612 800 1667 vocibus
836 1621 1046 1684 petens.
1088 1614 1192 1684 Qui
1246 1617 1314 1670 ad
1376 1616 1649 1670 modicum
1709 1616 1850 1669 velut

257 1700 609 1756 dissimulans
639 1702 966 1770 anxiantem,
1019 1719 1142 1759 cum
1173 1705 1242 1758 ad
1298 1711 1496 1758 tantam
1553 1705 1696 1758 illius
1753 1705 1846 1758 de-

253 1789 530 1843 votionem
561 1798 612 1843 et
641 1790 993 1846 humilitatem
1025 1792 1149 1845 totis
1171 1800 1221 1846 et
1249 1793 1364 1862 ipse
1397 1793 1700 1847 visceribus
1713 1808 1847 1846 con-

255 1885 547 1942 cuteretur,
579 1878 797 1933 tandem
828 1879 899 1932 ita
930 1879 1123 1934 leniter
1154 1888 1204 1934 et
1235 1880 1488 1935 flebiliter
1525 1880 1843 1952 alloquitur:

260 1987 282 2014 α
321 1966 518 2037 Surge,
567 1966 756 2038 inquit,
818 1984 1008 2039 surge.
1055 1993 1075 2015 ››
1137 1969 1258 2036 Quo
1306 1970 1466 2023 etiam
1525 1970 1594 2024 ad
1636 1971 1848 2039 jussum

257 2055 376 2122 ejus
408 2055 652 2118 sedente,
699 2056 813 2110 haec
870 2056 1060 2126 spiritu
1112 2057 1429 2127 prophetico
1485 2059 1568 2113 vir
1622 2059 1721 2113 Dei
1761 2059 1846 2113 lo-

261 2151 418 2196 cutus
448 2150 560 2197 est:
598 2165 618 2190 ιι
655 2141 736 2197 Ne
766 2143 1021 2211 turberis,
1056 2144 1248 2216 inquit,
1310 2162 1419 2201 non
1443 2148 1550 2215 jam
1609 2147 1701 2214 tili,
1752 2149 1848 2202 sed

259 2230 477 2284 domine
499 2231 592 2300 mi,
629 2248 717 2297 ne,
742 2231 980 2302 inquam,
1015 2233 1271 2289 turberis.
1310 2235 1452 2300 Scio,
1488 2242 1538 2289 et
1567 2252 1696 2290 vere
1735 2236 1849 2291 scio

255 2335 363 2390 quo
395 2319 583 2389 spiritu
613 2329 664 2374 et
695 2337 802 2391 quo
860 2319 1053 2376 affectu
1106 2322 1317 2377 locutus
1375 2324 1448 2377 sis
1476 2324 1643 2377 verba
1699 2326 1838 2379 lucc.

256 2407 376 2460 Tibi
407 2408 571 2479 igitur
619 2409 758 2474 dico,
810 2425 935 2464 mox
980 2411 1201 2480 quidem
1259 2412 1536 2476 sacerdos,
1588 2429 1648 2467 ac
1705 2421 1846 2483 post,

255 2511 379 2549 cum
456 2505 667 2566 tempus
726 2513 756 2551 a
805 2498 919 2552 Deo
982 2499 1288 2568 praescitum
1353 2500 1632 2555 advenerit
1690 2501 1850 2555 etiam

257 2583 549 2655 episcopus
581 2585 687 2639 eris
716 2586 850 2656 (26).
882 2610 902 2633 υ

882 2781 1102 2836 CAPUT
1144 2781 1214 2835 X.

257 2941 332 2994 Dc
354 2941 532 3014 ipsius
564 2942 627 3014 in
658 2939 948 2996 devotione
975 2944 1256 3012 profectu,
1286 2946 1582 3014 postquam
1613 2948 1697 2997 est
1757 2961 1852 2997 sa-

329 3011 520 3084 cerdos
549 3012 798 3084 effectus,
833 3015 887 3066 et
931 3011 1238 3083 corporalis
1268 3011 1598 3084 asperitatis
1628 3031 1692 3068 ac
1751 3014 1851 3068 ab-

328 3083 619 3136 stinentia,
647 3082 845 3152 rigore.

328 3241 614 3295 Promotus
643 3241 825 3312 itaque
860 3243 1011 3310 juxta
1044 3242 1272 3297 verbum
1305 3243 1399 3296 viri
1450 3243 1548 3296 Dei
1606 3243 1672 3296 ad
1722 3259 1849 3313 gra-

253 3329 383 3383 dum
431 3329 741 3394 sacerdotii,
826 3339 1083 3401 quantum
1141 3332 1309 3385 crevit
1387 3331 1596 3395 ordine,
1647 3340 1851 3386 tantum

252 3417 479 3488 profecit
526 3419 581 3471 in
641 3433 797 3472 sacra
836 3419 1143 3474 devotione.
1207 3421 1266 3473 ln
1305 3419 1491 3473 altaris
1550 3419 1726 3474 officio
1780 3421 1852 3474 ita

256 3506 478 3576 quidem
512 3507 851 3572 versabatur,
886 3523 948 3561 ac
1006 3508 1051 3561 si
1106 3508 1369 3561 visibilem
1419 3509 1670 3562 manibus
1715 3524 1851 3562 con-

249 3598 511 3645 trectaret
542 3592 830 3644 Dominum
863 3592 1219 3646 Salvatorem.
1284 3592 1578 3647 Videbatur
1638 3593 1855 3647 astanti-

253 3679 374 3743 bus,
409 3678 592 3732 divina
613 3679 917 3744 celebrans,
953 3695 1121 3749 Opere
1153 3688 1206 3734 et
1236 3682 1458 3734 veritate
1490 3681 1669 3751 ipsum
1731 3697 1852 3735 cum

254 3781 458 3836 sponsa
481 3766 612 3820 illud
656 3768 1096 3838 epithalamicum
1154 3769 1447 3823 decantare
1493 3787 1503 3821 :
1543 3793 1562 3815 u
1614 3769 1853 3823 Dilectus

253 3871 407 3909 meus
451 3855 598 3924 mihi,
634 3865 685 3910 et
707 3872 812 3928 ego
853 3857 928 3910 illi
984 3859 1176 3927 (Cant.
1241 3861 1442 3922 11,16).
1500 3878 1522 3906 ι
1587 3858 1852 3912 Domabat

254 3943 503 4013 corporis
533 3943 781 3997 membra
813 3944 1032 4016 vigiliis,
1061 3944 1302 4014 jejuniis,
1338 3945 1588 4017 flagellis,
1625 3954 1676 3999 et
1701 3946 1853 4014 juxta

252 4048 458 4086 morem
491 4032 698 4086 ordinis
729 4050 827 4086 usu
860 4033 1018 4088 cilicii
1067 4042 1117 4087 et
1156 4043 1283 4104 potu
1324 4051 1480 4104 aqua:
1525 4051 1643 4089 cum
1705 4034 1854 4088 arido

255 4137 443 4190 pane;
503 4121 635 4174 nihil
693 4121 970 4174 omittebat
1010 4123 1078 4176 de
1133 4123 1445 4177 austeritate
1505 4124 1630 4189 ulla,
1693 4139 1853 4193 quam

258 4209 560 4263 communis
592 4210 785 4281 regula
817 4211 900 4263 vel
923 4211 1186 4279 majorum
1210 4211 1849 4280 admittebantexempla.

325 4287 620 4352 Peculiaria
651 4299 808 4351 etiam
864 4316 1024 4369 quam
1079 4299 1236 4368 plura
1293 4315 1688 4369 supererogare
1745 4315 1854 4353 non

254 4385 545 4450 desistens,
601 4402 780 4456 genua
835 4387 1083 4441 flectebat
1131 4387 1394 4451 crebrius,
1430 4403 1628 4457 corpus
1687 4395 1853 4441 totum

256 4474 534 4528 sternebat
560 4474 614 4527 in
647 4465 863 4538 terram,
892 4476 1190 4546 jacensque
1248 4491 1451 4545 pronus
1497 4491 1621 4530 cum
1673 4477 1856 4545 Moyse

257 4569 309 4615 et
339 4565 540 4630 Aaron,
576 4579 695 4617 cum
728 4565 891 4618 Josue
935 4572 985 4617 et
1026 4564 1270 4629 Danielc,
1309 4564 1546 4619 divinam
1597 4565 1857 4619 exorabat

329 4738 436 4855 (2:5)
490 4741 846 4791 Linco!niensis
897 4742 1126 4792 videlicet
1169 4743 1327 4792 factus
1367 4723 1607 4793 21.11.1185
1655 4745 1737 4793 aut
1783 4757 1859 4792 se-

329 4819 380 4855 en
407 4820 441 4855 ι.

255 4819 441 4868 quenu.

329 4890 438 4953 (27)
478 4891 626 4949 Igitur
662 4892 764 4952 jam
805 4893 1018 4954 llugonis
1067 4896 1212 4941 :rtate
1261 4891 1539 4942 moderatus
1587 4896 1691 4942 erat
1729 4894 1858 4954 rigor

261 4957 533 5018 primorum
559 4959 780 5016 Patrum,
811 4961 889 5018 qui
917 4959 1120 5020 singulis
1147 4959 1294 5008 totius
1318 4961 1429 5007 anni
1460 4960 1770 5009 hebdomadis
1791 4961 1858 5008 ita

252 5022 476 5082 jejunare
505 5028 877 5084 consueverant,
909 5037 1000 5073 non
1030 5037 1088 5073 ex
1116 5030 1375 5087 praecepto,
1406 5025 1490 5074 sed
1516 5040 1600 5089 pro
1635 5026 1855 5075 arbitrio.

259 5090 391 5138 Unde
417 5090 570 5150 (ἐιιίςο
608 5092 804 5150 quintus
829 5092 1098 5139 Carthusia:
1128 5093 1259 5152 prior
1290 5094 1339 5140 in
1377 5094 1809 5143 consuetudinibus
1833 5109 1860 5141 a

256 5168 306 5204 se
335 5155 474 5204 editis
503 5157 604 5205 hac
631 5158 818 5206 habet:
853 5173 876 5203 cr
920 5158 1160 5217 Secunda,
1209 5163 1400 5217 quanta,
1444 5164 1675 5219 scxtaque
1719 5161 1856 5220 feria,

259 5234 384 5284 pane
411 5227 459 5272 et
483 5228 627 5283 atqua
654 5230 702 5272 et
729 5224 850 5283 sale,
879 5224 919 5272 si
946 5225 1018 5272 cui
1048 5225 1224 5284 placet,
1253 5226 1466 5273 contenti
1485 5237 1669 5274 sumus.
1702 5247 1721 5266 ν

326 5305 432 5364 (9.8)
458 5307 527 5353 De
553 5306 748 5356 insertis
774 5307 883 5356 huic
905 5308 1052 5369 capiti
1082 5308 1207 5356 nulla
1232 5308 1283 5356 ﬁt
1309 5308 1490 5357 mentio
1517 5311 1641 5370 apud
1667 5311 1857 5359 Surium

260 5370 304 5417 in
332 5371 438 5420 Vita
464 5373 497 5421 S
546 5373 776 5433 Hugonis,
804 5374 888 5422 sed
929 5386 1086 5435 neque
1114 5375 1160 5423 in
1187 5375 1295 5423 Vita
1321 5377 1371 5423 S.
1422 5376 1546 5424 Petri
1588 5377 1708 5436 apud
1752 5378 1859 5424 Bol-

255 5437 381 5486 landi
405 5438 581 5487 sccios.

326 5520 434 5585 ('29)
465 5523 917 5586 Archiepiscopatui
943 5525 1140 5587 praefuit
1163 5526 1335 5575 Petrus
1372 5527 1513 5577 annis
1534 5526 1735 5588 triginta
1763 5527 1853 5575 tri-

1943 385 2244 441 averteret,
2297 385 2348 430 et
2403 377 2832 447 prOpitiationem
2886 380 3235 434 acceleraret.
3298 381 3357 434 In
3399 380 3546 434 omni

1954 464 2402 536 Quadragesimze
2433 467 2544 535 (27)
2577 467 2876 536 septimana
2909 476 3018 521 tres
3051 467 3212 521 ferias
3233 468 3285 520 in
3327 483 3468 538 aqua
3493 476 3545 523 et

1954 552 2124 606 solius
2211 555 2365 623 panis
2449 555 2661 620 edulio,
2721 555 2868 609 nullo
2924 556 3136 625 penitus
3203 557 3546 611 condimento

1953 642 2224 706 adhibito,
2285 643 2387 696 nisi
2439 642 2576 696 forte
2625 644 2754 697 salis
2813 643 3162 700 adhiberetur
3226 645 3541 714 praelibatio,

1953 730 2253 801 transigere
2296 731 2611 796 consuevit;
2674 732 2728 784 in
2772 732 2960 786 ultima
3013 749 3144 788 vero
3201 733 3547 787 hebdomada

1955 818 2179 872 Sabbati
2219 819 2573 886 adjiciebatur
2628 821 2974 875 observantia
3030 822 3082 874 in
3134 821 3293 875 simili
3348 821 3536 875 diaeta.

1954 907 2244 976 Nunquam
2275 908 2580 976 infirmitas,
2614 917 2706 962 aut
2735 909 2979 962 debilitas
3025 926 3120 964 seu
3179 925 3336 964 casus
3382 909 3540 975 alius,

1954 1002 2075 1048 ante
2106 1004 2377 1064 sumptum
2409 997 2812 1066 episcopatum,
2843 997 2948 1051 alio
2979 997 3099 1053 cibo
3130 998 3215 1052 vel
3244 1006 3372 1067 potu
3401 997 3545 1050 istud

1955 1083 2298 1152 quatriduum
2323 1085 2581 1153 compulit
2611 1101 2734 1138 eum
2765 1085 3103 1155 aliquatenus
3132 1087 3397 1140 relevare.

2024 1171 2377 1225 Abstinentiae
2423 1189 2550 1227 vero
2626 1173 2749 1227 huic
2833 1175 3170 1228 ascribebant
3251 1173 3447 1228 medici
3494 1173 3547 1225 in

1953 1267 2110 1314 aetate
2132 1261 2481 1331 progessibili
2515 1262 2777 1315 stomachi
2809 1261 2951 1315 illius
2982 1263 3201 1316 nimiam
3259 1261 3545 1333 infrigida-

1954 1348 2155 1402 tionem
2193 1368 2205 1414 ;
2237 1349 2378 1402 unde
2409 1349 2595 1417 plures
2627 1350 2898 1403 interdum
2929 1350 3234 1419 perferebat
3265 1350 3546 1404 doloreset

1949 1437 2111 1507 juges
2150 1452 2288 1505 pene
2339 1437 2641 1491 molestias.
2709 1439 2859 1492 Hauc
2917 1455 3132 1508 quoque
3189 1437 3549 1507 designabant

1957 1539 2194 1591 causam,
2245 1541 2345 1595 qua
2404 1525 2572 1579 virtus
2619 1526 2674 1578 in
2729 1541 2794 1579 eo
2843 1526 3154 1596 appetitiva,
3205 1525 3398 1579 virtute
3457 1524 3545 1578 di-

1869 1641 1922 1702 B
1954 1613 2164 1684 gestiva
2213 1614 2502 1682 potentior,
2553 1614 3010 1684 corpulentiorem
3043 1631 3165 1668 eum
3214 1616 3326 1682 jam
3385 1613 3547 1683 quin-

1957 1703 2351 1772 quagenarium
2389 1702 2643 1767 faciebat,
2713 1718 2873 1773 quam
2920 1702 3093 1756 fuerat
3143 1702 3351 1773 pridem
3407 1701 3545 1755 ado-

1959 1789 2194 1845 lescens.

2579 1962 2804 2016 CAPUT
2833 1963 2928 2016 ΧΙ.

1957 2119 2121 2193 Quali
2128 2124 2214 2174 ter
2227 2122 2383 2176 Petri
2405 2122 2812 2193 archiepiscopi
2833 2121 3279 2175 Tarentasiensis
3293 2120 3544 2190 obsequio

2025 2191 2344 2260 deputatus,
2384 2197 2499 2244 tam.
2532 2191 3050 2262 in‘Scripturarum
3072 2193 3542 2263 perscrutatione,

2025 2277 2192 2331 quam
2222 2264 2283 2314 in.
2317 2264 2592 2327 omnibus,
2619 2280 2738 2334 qua:
2765 2267 3034 2334 poterant
3066 2263 3394 2316 reverentiae
3408 2277 3544 2334 con-

2023 2347 2184 2400 grua,
2222 2337 2324 2386 aut
2352 2334 2540 2387 animo
2577 2333 2740 2402 grata
2767 2333 2917 2395 "esse,
2955 2334 3304 2387 devotissime
3342 2333 3544 2386 minis-

2027 2404 2234 2475 trabat,
2257 2405 2322 2457 ab
2341 2405 2457 2474 ipso
2481 2405 2725 2474 quotidie
2755 2406 3031 2475 recip-iens
3075 2403 3538 2466 benedictionem,

2030 2473 2435 2528 absolutionem
2469 2473 2523 2528 et
2557 2473 2992 2529 instructionem
3027 2475 3325 2528 salubrem.

2027 2623 2128 2677 Per
2158 2625 2270 2693 (28)
2302 2625 2444 2679 idem
2469 2634 2683 2696 tempus
2713 2626 2796 2679 vir
2853 2625 3249 2694 sanctissimus,
3287 2626 3546 2679 Tarenta-

1957 2712 2151 2766 siensis
2182 2715 2293 2782 (-29)
2326 2714 2683 2783 archipraisul
2716 2714 2925 2778 Petrus,
2957 2712 3333 2767 Cistcrciensis
3361 2727 3546 2766 mona-

1952 2802 2102 2866 chus,
2128 2801 2464 2855 Carthusiam
2500 2801 2698 2871 saepius
2729 2802 2877 2855 adire
2908 2802 3018 2866 (30)
3051 2801 3280 2868 solebat,
3313 2801 3496 2871 ibique
3528 2819 3541 2864 ;

1951 2890 2006 2942 in
2036 2889 2171 2944 cella
2204 2890 2444 2943 solitaria
2476 2890 2616 2943 infra
2647 2898 2960 2944 sanctorum
2991 2889 3208 2943 illorum
3238 2889 3546 2942 habitacula

1875 2997 1920 3058 ο
1952 2978 2350 3033 commanebat.
2384 2978 2759 3045 Hujusitidem
2795 2979 2948 3048 ilugo
2981 2977 3318 3046 mancipatur
3376 2977 3543 3030 obse-

1955 3067 2098 3138 quio,
2137 3066 2360 3122 servitio
2397 3066 2695 3137 delegatur.
2723 3066 2956 3120 Silectio
2978 3065 3270 3130 recitari,si
3294 3065 3547 3135 quaelibet

1955 3151 2222 3206 sententia
2252 3151 2473 3204 intanto
2504 3151 2768 3204 librorum
2799 3151 2999 3222 pelago
3030 3149 3228 3220 inquiri
3259 3150 3545 3219 petebatur

1953 3249 2004 3294 et
2027 3239 2274 3304 inveniri,
2309 3239 2378 3292 ad
2400 3241 2516 3293 haec
2547 3240 2703 3309 Hugo
2733 3246 3014 3308 promptus
3046 3246 3158 3292 erat
3192 3254 3203 3292 :
3236 3238 3306 3291 ad
3326 3254 3547 3292 manum

1955 3330 2003 3383 ei
2025 3328 2201 3382 omnis
2234 3345 2352 3398 quae
2379 3336 2699 3398 posceretur
2729 3327 2996 3396 scriptura
3026 3326 3142 3380 fuit.
3204 3326 3259 3380 Si
3304 3327 3372 3380 de
3432 3328 3541 3381 Ve-
3574 3399 3576 3401 b

1955 3418 2104 3481 teris,
2139 3424 2190 3470 et
2221 3416 2266 3469 si
2296 3417 2363 3470 de
2391 3415 2531 3470 Novi
2560 3415 2908 3468 Instrumenti
2939 3414 3174 3485 paginis,
3211 3431 3391 3468 sermo
3408 3422 3542 3479 erat,

1956 3505 1998 3558 si
2022 3513 2175 3577 gesta
2199 3513 2526 3568 sanctorum,
2554 3503 2599 3556 si
2629 3511 2888 3558 tractatus
2909 3503 3190 3557 doctorum
3244 3502 3546 3574 inquisitio-
3635 3555 3640 3562 ,

1956 3610 2078 3648 nem
2101 3593 2410 3656 movebant,
2444 3591 2690 3664 Hugonis
2719 3591 2993 3647 solertiam
3025 3591 3156 3644 nihil
3177 3591 3543 3645 latebat.Cum

1955 3690 2174 3736 sanctus
2203 3681 2292 3735 ille
2324 3681 2650 3750 loqueretur,
2687 3680 2772 3734 hic
2801 3680 3015 3734 auditor
3071 3688 3184 3734 erat
3234 3687 3544 3733 mansuetus

1955 3780 2006 3825 et
2038 3769 2227 3824 docilis
2254 3789 2266 3835 ;
2294 3787 2415 3823 cum
2439 3769 2585 3840 loqui
2629 3769 2923 3835 iuberetur,
2983 3768 3358 3838 pronuntiator
3416 3783 3545 3822 acu-

1955 3864 2059 3917 tus,
2096 3863 2146 3907 et
2177 3854 2370 3907 mirum
2405 3854 2456 3906 in
2486 3853 2706 3906 modum
2739 3853 2954 3923 eloquio
2984 3851 3165 3906 eﬂicax
3197 3859 3311 3906 erat
3341 3859 3393 3906 et
3413 3868 3546 3926 sua-

1957 3944 2056 3996 vis.
2095 3941 2518 4012 Obsequebatur
2539 3941 2755 4011 quidem
2791 3941 2844 3994 in
2874 3941 3084 3996 cunctis
3114 3941 3376 4011 gratiose,
3428 3958 3547 4011 qua:

1956 4031 2130 4086 sancti
2159 4039 2409 4100 poterant
2439 4038 2528 4083 aut
2555 4031 2880 4085 reverentia:
2910 4046 3168 4100 congrua,
3232 4037 3324 4084 aut
3368 4030 3546 4084 animo

1955 4128 2104 4191 grata
2138 4136 2278 4173 esse.
2304 4119 2553 4173 Alluebat
2584 4118 2890 4189 frequenter
2919 4120 3088 4188 pedes
3118 4119 3253 4185 ejus,
3284 4126 3336 4173 et
3385 4133 3548 4172 oscu—

1954 4208 2166 4261 labatur
2197 4208 2383 4261 osculo
2415 4206 2593 4261 cordis
2643 4207 2724 4259 sui
2758 4223 2885 4273 eos,
2942 4206 3032 4275 qui
3067 4205 3254 4260 osculo
3311 4205 3419 4260 oris
3465 4207 3546 4261 sui

1960 4312 2068 4350 non
2100 4296 2435 4349 sinebantur.

2030 4386 2157 4439 Haec
2177 4392 2353 4436 autem
2387 4391 2436 4436 et
2469 4383 2572 4435 alia
2621 4384 2779 4453 Hugo
2832 4384 2940 4452 jam
2999 4384 3288 4455 episcopus
3343 4386 3546 4441 referre

1959 4474 2172 4527 auditus
2196 4480 2276 4526 est
2308 4472 2375 4526 de
2409 4487 2508 4524 suo
2534 4471 2805 4542 quondam
2846 4471 3274 4543 archiepiscopo,
3303 4475 3413 4543 jam
3461 4491 3547 4529 re-

1959 4571 2158 4634 gnante
2192 4563 2303 4631 (31)
2337 4561 2390 4614 in
2422 4560 2581 4615 c0310.
2620 4562 2696 4613 De
2729 4575 2833 4630 quo
2855 4560 3016 4614 etiam
3039 4562 3152 4616 haec
3197 4564 3544 4632 memorabat,

1960 4743 2066 4801 bus,
2098 4753 2223 4789 anno
2254 4742 2373 4788 1111
2414 4740 2569 4789 factus
2594 4740 3008 4802 archiepiscopus,
3033 4743 3081 4788 et
3119 4753 3246 4788 anno
3281 4743 3430 4800 1174,
3471 4742 3548 4791 die

1964 4811 2023 4857 14
2046 4807 2369 4870 Septembris,
2401 4813 2635 4866 mortuus,
2687 4807 2756 4855 uti
2800 4807 2950 4855 refert
2995 4807 3171 4864 Pagins
3218 4811 3347 4856 tomo
3394 4808 3454 4856 IV
3498 4809 3549 4857 in

1959 4876 2070 4924 erit.
2101 4874 2159 4924 ad
2185 4873 2463 4931 Baronium,
2493 4887 2546 4934 p.
2589 4875 2685 4924 6H-
2711 4875 2878 4921 contra
2923 4873 3300 4932 chschenium,
3328 4876 3407 4933 qui
3434 4887 3550 4924 con-

1962 4942 2115 4990 tendit
2143 4941 2274 4989 illum
2304 4940 2481 4988 obiisse
2508 4953 2636 4989 anno
2667 4941 2813 5002 H75,
2839 4939 2916 4987 die
2943 4939 2973 4986 8
2995 4939 3121 4999 Maii,
3150 4939 3196 4986 in
3224 4939 3328 4998 ejus
3351 4941 3478 4990 Vita.

2029 5041 2133 5103 (50)
2165 5044 2267 5090 Non
2289 5042 2507 5099 dubium,
2535 5043 2647 5101 quin
2677 5044 2847 5090 hausto
2874 5052 2985 5099 erga
3013 5041 3359 5092 Carthusianos
3397 5057 3424 5091 a
3451 5045 3550 5094 suis

1961 5109 2493 5170 parentibussingulari
2519 5109 2710 5157 atl'ectu.
2741 5110 2807 5156 De
2852 5107 2926 5154 his
2962 5107 3140 5155 ctenim
3180 5109 3226 5156 in
3277 5109 3382 5158 Vita
3423 5111 3550 5159 illius

1962 5178 2064 5224 haec
2086 5177 2326 5224 habentur
2358 5193 2367 5221 :
2409 5191 2426 5220 α
2452 5175 2717 5234 Religiosos
2760 5186 2852 5221 non
2882 5172 3020 5222 modo
3057 5175 3318 5237 suscipere,
3357 5177 3441 5225 sed
3468 5189 3549 5225 ex-

1963 5247 2130 5304 petere
2158 5242 2468 5304 satagebant,
2498 5242 2704 5289 maxime
2748 5253 2861 5288 vero
2907 5241 3332 5291 (Iarthusiensibus
3369 5247 3414 5290 et
3452 5244 3549 5291 Bo-

1960 5309 2346 5370 na3vallonsibus,
2379 5310 2423 5356 in
2461 5308 2634 5369 quibus
2669 5309 2877 5355 maxime
2915 5306 3312 5367 complacebant,
3341 5321 3550 5370 congrua

1960 5377 2089 5424 ferre
2117 5375 2296 5423 cibaria
2328 5379 2375 5423 et
2400 5375 2570 5423 salutis
2596 5373 2793 5422 consilia
2831 5373 2889 5420 ab
2924 5372 3125 5432 eisdem,
3155 5385 3250 5421 non
3278 5374 3416 5423 modo
3457 5375 3550 5424 sibi

1955 5441 2203 5502 sectanda,
2229 5443 2312 5490 sed
2339 5440 2558 5504 pluribus
2578 5440 2978 5489 communicanda
3003 5439 3202 5498 referre,
3231 5456 3250 5485 ν
3282 5443 3380 5489 etc.

2024 5525 2131 5589 (31)
2163 5525 2250 5574 Illo
2276 5526 2497 5575 videlicet
2525 5529 2772 5586 tempore,
2797 5537 2892 5585 quo
2916 5526 3080 5572 auctor
3104 5525 3196 5574 ista
3219 5524 3463 5578 scribebat
