3944 6056
400 158 502 213 959

399 279 546 351 quod
575 288 700 351 post
751 281 902 336 strati
951 282 1035 336 sui
1079 282 1408 355 ingressum,
1440 289 1497 336 ut
1526 281 1753 354 fatigata
1799 282 2069 344 diurnoA

1276 158 1331 213 S.
1374 156 1687 215 HUGONIS
1724 157 1948 213 EPIST.
1996 157 2318 214 LINCOLN.
2363 161 2526 217 0RD.
2570 114 2817 218 CARTH.

3606 164 3727 215 960

2684 283 2909 341 CAPUT
2955 282 3102 337 XIII.

397 368 589 424 labore
616 368 794 441 quiete
823 378 1091 426 nocturna
1120 370 1368 426 membra
1392 369 1674 439 relevaret,
1708 370 1837 425 dum
1849 372 1994 427 hunc
2095 372 2169 427 De
2182 374 2796 429 tentationeilliusalia
2816 373 2997 428 abilla
3009 373 3074 425 de
3101 387 3210 441 qua
3226 388 3417 442 supra,
3435 374 3714 444 capitulo

400 457 561 529 Hugo
590 457 645 511 in
682 457 823 513 lecto
851 466 1270 530 componeretet
1300 458 1543 515 vestibus
1576 459 1827 530 operiret,
1864 476 1996 530 quo-

399 545 530 601 tidie
559 546 700 602 hanc
730 547 1031 603 orationem
1064 564 1187 603 eum
1216 547 1467 617 proferre
1486 548 1738 603 audiebat
1770 565 1781 602 :
1809 571 1829 595 ι
1856 549 1998 603 Prae-

403 642 503 701 sta,
532 651 865 706 quaesumus,
898 636 1148 702 Domine,
1181 643 1238 690 ut
1266 636 1334 690 de
1365 636 1637 707 perceptis
1678 637 1997 691 muneribus

400 724 606 796 gratias
639 724 987 790 exhibentes,
1048 723 1311 780 beneficia
1366 725 1577 795 potiora
1636 741 1934 781 sumamus.
1974 748 1993 773 ι»

404 810 655 880 Quotidie
696 828 828 867 vero
888 820 940 867 et
997 812 1375 868 benedictione
1430 813 1637 884 potenti
1690 813 1999 867 ministrum

405 917 562 955 suum
590 901 875 972 Hugonem
909 901 1201 967 muniebat,
1234 908 1285 956 et
1329 900 1648 956 auctoritate
1708 900 2001 972 pontiﬁcali

408 1003 440 1042 a
469 988 707 1058 peccatis
739 988 991 1043 omnibus
1024 988 1362 1053 absolvebat,
1397 1004 1462 1045 ac
1492 989 1711 1043 monitis
1743 989 1998 1060 spiritua-

406 1076 551 1130 libus
578 1076 895 1132 instruebat.
929 1077 1076 1130 Nihil
1106 1077 1339 1148 denique
1371 1077 1576 1131 utilium
1628 1078 1997 1143 subtrahebat,

409 1164 506 1218 sed
527 1179 688 1219 omne
720 1165 1004 1220 consilium
1037 1165 1155 1230 Dei,
1191 1165 1338 1236 quod
1367 1165 1530 1220 sciret
1562 1165 1612 1219 ei
1641 1165 1997 1235 profuturum,

412 1259 465 1307 et
490 1251 740 1322 pluribus
768 1269 865 1324 per
895 1269 1039 1319 eum,
1063 1252 1141 1307 illi
1171 1253 1399 1308 sollicite
1429 1253 1828 1309 manifestabat.

1011 1455 1236 1513 CAPUT
1282 1456 1404 1511 XII.

2166 448 2379 516 octavo,
2405 450 2460 499 et
2497 446 2743 516 qualiter
2790 446 2857 498 ab
2902 445 3188 516 ipsumet:
3208 444 3375 516 illum
3424 448 3717 498 sanctum

2168 515 2448 585 quondam
2494 513 2740 586 priorem
2792 513 3104 569 Carthasim
3153 514 3469 586 Bri-silium,
3528 531 3716 584 quem

2168 601 2331 639 suum
2363 584 2708 642 nutritorem
2740 587 2975 649 vocavit,
3009 585 3239 638 exstitit
3296 584 3595 641 liberatus.
3634 586 3712 638 Et

2170 657 2445 711 inseritur
2474 656 2588 712 hcce
2634 656 2877 712 tentatio
2923 657 2985 710 in
3029 670 3235 724 magna
3272 656 3391 709 Vita
3426 655 3568 709 libro
3604 672 3711 711 se-

2170 728 2377 781 eundo.

2170 832 2335 886 Tanta
2364 847 2493 887 vero
2530 832 2579 887 ei
2625 830 2804 887 carnis
2857 831 3078 885 tentatio
3129 830 3305 885 subito
3354 840 3543 886 exorta
3596 842 3711 897 est,

2100 927 2318 991 tamque
2348 920 2618 985 continue,
2651 928 2868 990 tamque
2900 920 3206 989 importune
3236 919 3290 972 in
3320 935 3442 973 eum
3482 920 3713 975 debac-

2102 1010 2260 1062 chata
2292 1015 2391 1073 est,
2419 1017 2474 1062 ut
2494 1008 2674 1063 mallet
2695 1007 3090 1078 gehennalibus
3107 1006 3471 1061 interimtradi
3494 1009 3710 1078 poenis,

2102 1113 2264 1167 quam
2293 1096 2452 1150 tantis
2474 1096 2657 1166 urgeri
2676 1096 2928 1150 ﬂammis.
2954 1097 3087 1149 Tam
3117 1095 3313 1167 ingens
3344 1112 3550 1168 pugna,
3586 1106 3713 1150 tam

2103 1185 2241 1239 forte
2273 1193 2553 1240 certamen
2584 1184 2700 1248 fuit,
2728 1194 2781 1239 ut
2813 1184 2982 1238 solius
3012 1184 3210 1238 divinae
3257 1199 3364 1237 non
3423 1185 3718 1239 dubitctur

2105 1272 2320 1326 virtutis
2351 1272 2537 1337 fuisse,
2565 1273 2711 1344 quod
2748 1271 3059 1326 humanitus
3115 1288 3225 1325 non
3257 1272 3552 1337 cessisset;
3607 1273 3716 1327 sed

2105 1360 2328 1415 viriliter
2345 1361 2647 1415 resistendo
2664 1360 2994 1430 triumphum
3017 1360 3339 1430 reportavit.
3381 1359 3461 1414 Ad
3476 1360 3717 1430 plenum

2106 1456 2289 1503 autem
2309 1450 2465 1517 hujus
2494 1450 2717 1504 modum
2736 1464 3070 1519 congressus
3088 1464 3251 1503 nemo
3265 1448 3465 1503 referre
3489 1457 3713 1519 posset,

2107 1537 2301 1609 quibus
2330 1536 2611 1608 lacrymis,
2664 1536 2875 1608 quantis
2910 1536 3223 1609 gemitibus,
3284 1553 3443 1608 quam
3504 1540 3717 1592 crebra

414 1608 1809 1680 Qualiterdomuscarthmiwprocumtor8/7130th,
1826 1610 2078 1697 έρδίηηΒ
2108 1624 2467 1691 confessione,
2493 1642 2650 1697 quam
2688 1641 2879 1695 aspera
2910 1608 3292 1695 tlagellatione,
3328 1624 3417 1679 vel
3461 1624 3717 1679 divinum

487 1702 605 1752 tam
633 1698 1019 1769 spiritualiter
1039 1713 1208 1769 quam
1239 1698 1631 1769 temporaliter
1655 1701 1888 1752 strenue
1901 1714 2005 1767 gu-

486 1786 775 1852 bernabat,
797 1785 1054 1841 omnibus
1077 1800 1132 1840 se
1160 1785 1396 1841 reddens
1424 1787 1626 1842 merito
1646 1784 2008 1841 commenda-

490 1878 633 1928 tum.

487 2055 611 2110 Post
640 2054 777 2119 haec,
812 2068 933 2108 cum
957 2053 1071 2121 jam
1115 2052 1273 2123 Hugo
1302 2050 1357 2106 in
1410 2049 1605 2122 quietis
1657 2066 1770 2104 suae
1826 2048 2011 2103 nidulo

413 2160 511 2215 per
540 2141 670 2196 bina
702 2143 815 2211 (32)
846 2140 1060 2197 circiter
1091 2140 1257 2194 lustra
1286 2146 1546 2205 moratus,
1572 2146 1622 2194 et
1637 2138 1836 2193 mundo
1855 2137 2013 2208 plene

415 2237 683 2295 mortuus,
716 2228 914 2300 plumis
947 2228 1184 2300 undique
1216 2236 1268 2284 et
1298 2227 1492 2299 pennis
1520 2228 1687 2282 fultus
1742 2226 2011 2281 solidissi-

414 2319 539 2385 mis,
573 2318 643 2374 ad
673 2318 911 2373 volatum
944 2324 1086 2372 esset
1120 2316 1453 2387 aptissimus,
1482 2314 1919 2386 procurationem
1940 2322 2015 2370 to-

420 2407 526 2463 tius
557 2406 752 2462 domus
781 2406 850 2473 ei,
883 2412 1139 2477 quantum
1171 2405 1340 2469 licuit,
1375 2404 1643 2469 renitenti,
1679 2404 1829 2474 prior
1885 2420 2014 2457 suus

419 2495 710 2567 delegavit.
744 2495 991 2568 Regebat
1023 2494 1135 2563 (33)
1176 2509 1308 2565 ergo
1348 2493 1612 2548 industrie
1666 2491 2014 2547 commissam

420 2585 524 2639 sibi
554 2582 835 2649 familiam,
870 2582 1067 2637 fratres
1114 2582 1341 2637 sollicite
1402 2582 1724 2648 instruebat,
1768 2589 1819 2637 et
1867 2581 2017 2650 juxta

421 2672 555 2729 illud
585 2672 653 2727 de
682 2679 870 2726 sancto
897 2671 1173 2725 Honorato
1214 2670 1533 2725 Arelatense
1590 2670 1811 2735 dictum,
1874 2667 2018 2737 quod

423 2760 737 2831 frequenter
785 2759 840 2813 in
897 2773 989 2812 ore
1040 2757 1291 2822 habebat,
1345 2758 1678 2827 multumque
1710 2755 2013 2810 laudabat:

426 2870 449 2900 ι
484 2848 786 2919 Torpentes
821 2861 1038 2916 semper
1094 2844 1368 2901 excutiens
1390 2860 1423 2900 a
1452 2844 1684 2912 desidia,
1747 2844 2017 2899 ferventes

424 2936 617 3009 spiritu
652 2935 884 3007 cogebat
911 2935 979 2989 ad
1011 2934 1271 3006 requiem.
1312 2958 1333 2981 υ

494 3025 758 3081 Dominus
788 3032 967 3079 autem
996 3022 1270 3078 benedixit
1299 3021 1503 3089 domui,
1537 3021 1692 3078 valde
1723 3020 2016 3076 exuberare
2042 2995 2087 3055 Ο

424 3130 547 3171 eam
568 3113 773 3171 faciens
811 3113 866 3167 in
889 3112 1139 3167 omnibus
1169 3110 1346 3167 bonis.
1382 3110 1517 3179 Quis
1539 3110 1605 3165 ab
1637 3112 1865 3183 Hugone
1886 3124 2018 3165 con-

424 3204 545 3259 silio
576 3202 739 3258 etiam
769 3202 823 3255 in
853 3200 1241 3271 temporalibus
1272 3199 1580 3266 destitutus,
1602 3214 1711 3254 non
1728 3196 2020 3254 consilium

424 3291 607 3347 retulit
636 3288 1048 3346 necessitatibus
1101 3288 1213 3342 suis
1261 3287 1622 3359 profuturum,
1682 3285 2020 3358 sapientibus

428 3394 643 3452 quoque
672 3378 832 3447 hujus
863 3376 1047 3432 smculi
1103 3375 1481 3431 admirandum
1510 3374 1538 3429 τ
1577 3374 1747 3443 Quem
1805 3388 1936 3429 vero
1968 3372 2022 3426 in

427 3465 819 3539 temporalibus
850 3465 1100 3531 erudivit,
1134 3480 1296 3536 quem
1326 3479 1451 3520 mox
1496 3463 1562 3518 ad
1618 3468 1884 3533 perpetua
1913 3476 2024 3516 non

425 3556 713 3614 incendit?
760 3556 817 3610 In
861 3554 1098 3626 capitulo
1140 3553 1425 3609 monachis
1463 3552 1724 3617 inaudita,
1773 3550 2026 3605 fratribus

427 3656 481 3704 et
531 3644 895 3711 stecularibus,
948 3643 1039 3714 qui
1093 3642 1230 3698 forte
1285 3642 1651 3707 advenissent,
1708 3638 2029 3711 loquebatur

429 3737 658 3792 verbum
676 3733 773 3789 Dei
807 3753 820 3798 ;
855 3748 1120 3803 pauperes
1152 3730 1452 3800 recreabat,
1482 3738 1537 3784 ut
1558 3729 1757 3784 licebat
1804 3743 1919 3798 prae
1948 3727 2026 3781 ri-

428 3841 560 3899 gore
582 3822 810 3889 ordinis,
836 3821 1045 3875 diurnis
1067 3820 1229 3875 etiam
1260 3818 1535 3874 subsidiis.
1557 3819 1694 3872 Istos
1725 3832 1876 3881 vero,
1903 3830 2029 3872 cum

430 3917 596 3972 rebus
625 3914 885 3985 nequivit,
920 3911 1304 3968 consolabatur
1323 3909 1684 3976 sermonibus,
1727 3907 2030 3979 adimplens

431 4005 567 4061 illud
588 4003 687 4059 viri
737 4000 1031 4072 sapientis:
1066 4023 1087 4046 α
1123 4001 1286 4065 Ecce,
1319 3998 1511 4070 inquit,
1544 3997 1773 4052 verbum
1829 3997 2030 4051 bonum

435 4109 603 4164 super
632 4091 816 4146 datum
846 4089 1107 4160 Optimum
1130 4089 1324 4159 (Eccli.
1356 4101 1514 4155 xvm,
1538 4086 1647 4155 17).
1678 4110 1699 4134 ››
1723 4084 1928 4141 Omnes
1950 4084 2031 4138 in-

430 4192 581 4239 terea
609 4183 894 4252 Hugonem
926 4177 1307 4249 loquebantur,
1342 4176 1455 4231 sive
1484 4175 1655 4247 prior,
1691 4175 1808 4230 sive
1838 4188 2031 4229 mona-

431 4273 584 4336 chus,
614 4270 729 4326 sive
785 4283 1102 4331 conversus,
1136 4265 1368 4339 gratiam
1408 4262 1727 4319 attollebant
1778 4263 2032 4317 collatam

2110 1714 2393 1784 expetierit
2416 1714 2765 1783 adjutorium,
2799 1714 2885 1768 vel
2915 1729 3009 1768 cor
3026 1713 3362 1779 contriverit,
3396 1713 3483 1768 vel
3500 1730 3715 1784 corpus

2109 1803 2389 1873 proprium
2422 1802 2770 1857 cruciaverit.
2804 1801 2923 1856 Diei
2956 1818 3087 1856 vero
3130 1801 3409 1870 cujusdam
3464 1803 3719 1857 diluculo

2111 1891 2345 1946 visitavit
2377 1906 2500 1946 eum
2531 1892 2635 1946 hoc
2664 1890 2852 1945 ordine
2883 1890 3064 1946 oriens
3082 1906 3147 1945 ex
3177 1890 3286 1945 alto
3317 1889 3409 1944 Sol
3461 1891 3716 1959 justitiaz,

2112 1980 2329 2034 mittens
2359 1979 2614 2051 angelum
2638 1995 2813 2045 suum,
2849 1987 2901 2033 et
2923 1978 3155 2050 eripiens
3178 1994 3303 2034 eum
3325 1979 3393 2035 de
3440 1988 3719 2050 potestate

2113 2068 2458 2123 tenebrarum
2497 2068 2708 2123 harum.

2183 2157 2387 2229 Egerat
2415 2166 2631 2212 noctem
2659 2156 2804 2210 illam
2836 2156 2890 2210 in
2912 2156 3167 2222 tenebris,
3193 2156 3273 2212 sic
3304 2156 3420 2227 ipse
3439 2156 3715 2212 insomnis

2111 2261 2251 2315 pene
2281 2253 2468 2300 totam.
2497 2247 2727 2300 Demum
2757 2245 2973 2317 quidem
3006 2245 3223 2300 athleta:
3252 2244 3567 2309 fortissimo,
3594 2261 3700 2315 pro

2115 2342 2286 2389 strato
2318 2350 2420 2389 nec
2460 2342 2735 2405 superato,
2772 2350 2881 2388 non
2911 2333 3052 2389 victo
3094 2333 3192 2388 sed
3241 2332 3481 2403 fatigato,
3536 2334 3723 2388 tenuis

2114 2423 2358 2493 obrepsit
2380 2438 2562 2492 sopor.
2601 2421 2867 2476 Continuo
2912 2421 3057 2475 velut
3114 2421 3168 2474 in
3225 2437 3453 2477 excessu
3504 2422 3725 2491 positus

2114 2512 2245 2567 vidit
2275 2512 2444 2565 virum
2477 2512 2591 2582 (34)
2615 2511 2732 2577 Dei,
2760 2510 2848 2581 qui
2867 2526 2991 2564 eum
3014 2518 3331 2580 susceperat
3353 2511 3421 2563 ad
3440 2510 3719 2575 ordinem,

2115 2600 2265 2654 illum
2288 2607 2535 2654 sanctum
2559 2598 2832 2670 quondam
2856 2598 3096 2668 priorem
3113 2599 3411 2653 Carthusiaz
3429 2599 3695 2653 Basilium
3713 2641 3727 2667 ,

2116 2689 2263 2743 vultu
2294 2696 2343 2743 et
2376 2687 2571 2742 amictu
2602 2687 2854 2758 angelico
2885 2686 3185 2741 radiantem
3214 2687 3453 2741 astitisse
3482 2687 3606 2754 sibi,
3636 2703 3722 2742 se-

2117 2793 2220 2848 que
2252 2776 2331 2832 sic
2358 2792 2490 2832 voce
2524 2775 2719 2830 blanda
2748 2775 3167 2846 compellantem
3200 2791 3211 2829 :
3249 2797 3271 2823 α
3306 2775 3469 2843 Quid,
3516 2776 3718 2847 inquit,

2120 2865 2214 2919 tibi
2248 2872 2348 2930 est,
2374 2862 2448 2918 fili
2479 2863 2835 2919 charissime?
2855 2863 3050 2936 Surge,
3079 2871 3131 2919 et
3151 2863 3289 2919 velle
3321 2870 3471 2919 tuum
3496 2862 3724 2919 ﬁducia-

2116 2954 2238 3009 liter
2261 2969 2472 3008 enarra.
2498 2973 2519 3002 »
2558 2952 2651 3007 Ille
2682 2968 2813 3007 vero
2851 2952 2920 3006 ad
2943 2968 3065 3007 eum
3096 2952 3203 3006 ait:
3243 2973 3264 3001 ι
3301 2950 3346 3007 Ο
3376 2960 3528 3023 pater
3550 2952 3718 3018 bon'e,

2121 3050 2173 3099 et
2220 3043 2446 3097 nutritor
2501 3058 2655 3095 meus
2710 3040 2976 3112 piissime,
3042 3039 3228 3112 afﬂigit
3282 3056 3369 3095 me
3410 3057 3587 3112 usque
3647 3042 3721 3097 ad

2122 3135 2348 3183 mortem
2381 3126 2467 3181 lex
2498 3125 2705 3196 peccati
2736 3133 2787 3179 et
2820 3124 3031 3188 mortis,
3086 3142 3207 3195 qua:
3227 3132 3307 3180 est
3340 3125 3396 3179 in
3451 3126 3721 3180 membris

2120 3216 2294 3281 meis;
2328 3223 2378 3270 et
2406 3214 2508 3268 nisi
2538 3229 2691 3269 more
2724 3213 2881 3268 solito
2920 3212 3196 3267 auxilieris
3226 3213 3377 3279 mihi,
3412 3229 3481 3268 en
3510 3215 3719 3269 morie-

2123 3314 2210 3360 tur
2240 3320 2375 3375 puer
2403 3312 2546 3357 tuus.
2584 3325 2606 3348 ι
2628 3302 2728 3358 Vix
2752 3302 2953 3358 dictum
2978 3301 3364 3372 compleverat,
3398 3309 3451 3356 et
3496 3312 3723 3358 sanctus

2124 3394 2202 3449 sic
2230 3393 2457 3464 paucis:
2494 3415 2514 3439 «ι
2552 3393 2714 3457 Bene,
2739 3390 2931 3462 inquit,
2958 3390 3259 3446 auxiliabor
3280 3390 3397 3445 tibi.
3434 3410 3455 3440 ι
3488 3393 3724 3463 Moxque

2124 3481 2409 3553 patefactis
2438 3481 2721 3547 novacula,
2757 3495 2918 3551 quam
2951 3495 3116 3534 manu
3164 3479 3449 3533 videbatur
3502 3488 3716 3549 tenere,

2127 3570 2423 3627 visceribus
2455 3570 2569 3638 ejus
2599 3569 2755 3640 quasi
2786 3577 3043 3623 strumam
3066 3568 3282 3638 igneam
3314 3568 3439 3622 inde
3468 3568 3616 3623 visus
3639 3576 3722 3624 est

2128 3659 2455 3726 exsecuisse,
2490 3667 2542 3713 et
2571 3657 2787 3730 longius
2818 3665 2963 3712 extra
2984 3657 3173 3712 cellam
3204 3657 3523 3727 projecisse,
3562 3657 3725 3711 data-

2129 3766 2234 3820 que
2266 3747 2640 3803 benedictione
2670 3746 2913 3802 medicus
2944 3745 3187 3800 recessit.
3221 3746 3386 3816 Eger
3429 3754 3649 3800 sanatus
3677 3755 3731 3801 et

2130 3834 2232 3889 sibi
2255 3832 2496 3887 redditus
2517 3846 2709 3886 somno
2727 3830 2967 3901 fugiente
2994 3831 3199 3885 resedit
3223 3850 3236 3896 ;
3262 3830 3525 3901 laetusque
3558 3846 3723 3901 supra

2130 3917 2346 3972 modum
2377 3915 2445 3969 de
2475 3922 2691 3969 ostensa
2730 3913 2833 3966 sibi
2855 3912 3096 3968 claritate
3127 3912 3327 3966 nutritii
3359 3913 3461 3977 sui,
3495 3914 3729 3983 quiante

2131 4004 2339 4076 aliquot
2367 4005 2479 4072 (35)
2511 4018 2683 4057 annos
2712 4001 3044 4071 migraverat
3074 4001 3140 4055 ad
3190 4001 3499 4067 Dominum,
3552 4001 3729 4055 omni-

2132 4094 2295 4149 modo
2334 4093 2389 4146 in
2421 4092 2586 4147 corde
2617 4091 2739 4146 etin
2762 4106 2926 4145 carne
2957 4106 3015 4145 se
3049 4090 3251 4159 reperit
3281 4090 3641 4145 immutatum.

2204 4184 2405 4238 Horum
2446 4195 2715 4235 summam
2751 4195 2875 4235 cum
2905 4179 2972 4233 ab
3006 4179 3174 4249 ipsius
3206 4194 3302 4233 ore
3334 4179 3602 4251 Hugonis,
3637 4196 3730 4234 se-

2136 4272 2335 4327 cretius
2363 4286 2572 4325 mecum
2603 4268 2893 4339 loquentis,
2929 4267 3135 4338 pluries
3165 4267 3492 4337 acceperim,
3554 4268 3610 4321 in
3631 4284 3730 4322 ex-

431 4359 673 4432 Hugoni.
706 4357 870 4413 Dives
899 4358 1187 4428 Hugonem
1233 4354 1486 4409 laUdibus
1534 4352 1792 4408 eﬂ'el'ebat
1825 4371 1838 4419 ;
1891 4366 2027 4425 ege-
2050 4357 2101 4416 D
2132 4368 2299 4416 trema
2323 4361 2539 4415 demum
2560 4356 2887 4430 aegritudine
2906 4355 3122 4427 planius
3152 4364 3203 4409 et
3231 4355 3547 4428 diligentius
3569 4358 3734 4410 totius

433 4464 533 4502 nus
575 4445 806 4501 Domino
835 4444 1091 4515 precibus
1148 4444 1437 4515 Hugonem
1486 4440 1922 4505 commendabat,
1982 4446 2033 4494 et

437 4536 697 4607 coegenis
718 4532 1208 4590 commendandum
1232 4530 1596 4601 supplicabat.
1616 4529 1764 4583 Istud
1787 4543 1916 4583 vero
1941 4527 2029 4582 ille

433 4625 674 4680 votivum
705 4622 941 4688 dicebat,
973 4629 1231 4692 tanquam
1248 4627 1300 4674 et
1333 4618 1582 4675 frivolum
1618 4616 2023 4672 contemnebat.

507 4909 614 4976 (3‘2)
643 4912 713 4962 Ex
740 4908 835 4959 hoc
858 4908 965 4976 loco
990 4909 1147 4976 patet,
1170 4906 1421 4976 nugonem
1452 4915 1540 4976 an.
1569 4902 1698 4976 11676
1724 4906 1807 4976 aut
1838 4901 2033 4976 circiter

437 4968 831 5030 ad‘Carthusiam
859 4968 1068 5025 venis—se.
1099 4974 1215 5021 Bina
1244 4970 1426 5020 etenim
1452 4970 1599 5020 lustra
1622 4970 1817 5020 circiter
1840 4969 1889 5018 in
1912 4968 2032 5018 cella

436 5045 677 5109 implevit,
705 5056 767 5092 an
797 5043 927 5091 H73
951 5052 1043 5103 quo
1087 5037 1291 5109 Basilius
1330 5037 1450 5087 obiit
1477 5037 1747 5109 Carthusite
1788 5035 1948 5109 prior,
1988 5037 2037 5084 et

434 5102 861 5173 Hu'goaGuigone
901 5102 1306 5173 novoApriorein
1348 5106 1711 5173 procuratorem
1754 5102 2034 5173 assumitur.

436 5168 555 5231 Vide
580 5168 766 5236 tamen,
794 5188 899 5236 quae
934 5175 993 5224 de
1031 5171 1198 5223 lustris
1234 5170 1358 5220 infra
1401 5170 1462 5219 ad
1488 5168 1577 5219 lib.
1623 5183 1672 5232 v,
1715 5182 1759 5219 c.
1806 5168 1892 5229 ΞΟ,
1934 5170 2033 5218 not.

438 5246 557 5308 306,
585 5242 856 5294 observavi.

506 5328 613 5393 (33)
665 5326 818 5378 Annis
876 5325 1049 5374 saltem
1093 5325 1315 5383 quatuor,
1365 5322 1623 5381 antequam
1664 5319 1937 5369 mitteretur
1982 5318 2034 5367 in

506 5397 688 5445 taliam.

439 5397 688 5459 Angliam.

507 5480 615 5543 (34)
641 5478 833 5539 Insigne
858 5477 917 5526 de
942 5476 996 5524 Β.
1046 5473 1220 5523 Basilio
1262 5486 1321 5543 ex
1366 5471 1599 5543 relatione
1622 5472 1685 5543 _S.
1710 5468 1945 5543 ‘Hugonis
1978 5468 2039 5543 ab

435 5536 632 5597 auctore
652 5536 825 5594 nostro
837 5544 1178 5605 depromptum
1205 5536 1537 5605 testimonium
1560 5538 1635 5587 cui
1656 5539 1889 5586 consonat
1913 5538 2039 5605 quod

432 5613 492 5661 ab
541 5614 739 5661 auctore
787 5601 914 5676 Viue
955 5611 1008 5660 S.
1044 5601 1309 5676 'Anthelmi
1357 5604 1579 5676 Basilius-
1608 5604 1797 5676 dicatur
1843 5601 2041 5676 «mira:

439 5677 714 5730 sanctitatis
739 5678 789 5727 et
811 5675 1066 5727 devotione
1088 5674 1181 5726 vir.
1214 5695 1235 5717 ι
1268 5675 1335 5725 De
1359 5684 1455 5737 quo
1475 5670 1678 5736 proinde
1701 5668 1959 5727 Sausseius
1995 5668 2043 5718 in

2134 4458 2357 4505 eventus
2424 4447 2693 4511 ordinem,
2732 4445 2867 4499 sicut
2916 4460 3039 4498 eum
3093 4443 3256 4499 modo
3288 4442 3539 4516 digessi,
3603 4445 3733 4500 mihi

2131 4537 2430 4593 enarravit.
2464 4534 2736 4603 Quaerenti
2750 4548 2881 4589 vero
2902 4540 3077 4587 utrum
3103 4532 3338 4604 aliquem
3364 4540 3557 4603 postea
3571 4533 3730 4601 hujus

2133 4626 2365 4683 senserit
2395 4625 2451 4679 in
2481 4639 2644 4679 carne
2664 4639 2757 4677 sua
2778 4629 2983 4676 motum
3010 4636 3020 4673 :
3050 4644 3072 4667 ιι
3110 4622 3339 4684 Revera,
3366 4620 3557 4691 inquit,
3585 4622 3729 4692 quod

2132 4717 2366 4788 aliquem
2397 4712 2683 4777 senserim,
2718 4728 2826 4767 non
2861 4726 3023 4782 nego,
3084 4710 3181 4765 sed
3234 4710 3717 4780 simplicissimum,

2134 4896 2463 4959 Martyrologii
2487 4894 2723 4943 Gallicani
2755 4892 3109 4959 supplemento,
3139 4902 3195 4959 pA.
3230 4889 3379 4959 1125,
3408 4888 3724 4959 itascribit:

2144 4982 2163 5012 α
2190 4956 2351 5015 Pridie
2374 4964 2536 5012 Nonas
2559 4959 2686 5010 Junii
2730 4960 2778 5008 in
2802 4958 3058 5009 Carthusia
3084 4956 3257 5017 majori
3292 4956 3527 5017 depositio
3573 4958 3727 5006 sancti

2133 5031 2295 5082 Basilii
2321 5029 2449 5079 conf.
2478 5027 2693 5089 ejusdem
2721 5026 2904 5075 ordinis
2940 5024 3182 5085 generalis
3205 5037 3217 5071 :
3249 5023 3384 5083 cujus
3411 5023 3563 5071 sacris
3589 5022 3728 5073 insti-

2134 5097 2400 5149 tutionibus
2424 5100 2474 5145 et
2497 5093 2733 5154 exemplis
2756 5093 2881 5142 idem
2900 5092 3017 5141 ordo
3033 5091 3234 5140 mirifice
3253 5088 3431 5137 floruit.
3460 5106 3484 5134 υ
3516 5091 3577 5138 Et
3602 5090 3723 5139 idem

2138 5166 2315 5215 iterum
2340 5163 2541 5222 ibidem,
2571 5160 2653 5209 fol.
2688 5160 2831 5209 ηδι.
2876 5179 2895 5199 α
2932 5158 3067 5218 Apud
3105 5156 3466 5215 GratianOpolis
3495 5157 3723 5204 memoria

2143 5232 2270 5281 beati
2297 5230 2477 5291 Basilii,
2504 5227 2661 5276 octavi
2689 5225 2930 5288 generalis
2968 5225 3257 5291 Carthusiae,
3296 5222 3474 5291 ibidem
3511 5222 3722 5272 defuncti

2133 5298 2289 5360 pridie
2314 5288 2474 5345 Nonas
2510 5294 2659 5343 Junii.
2691 5312 2711 5333 ν
2743 5292 3060 5360 Memineruut
3098 5288 3333 5360 ejusdem_
3358 5288 3727 5360 interuprzeter-

2137 5354 2309 5415 missos
2333 5363 2391 5412 ad
2418 5363 2547 5413 diem
2568 5360 2600 5408 4
2622 5363 2671 5410 et
2705 5360 2760 5407 14
2791 5359 2976 5409 mensis
3001 5358 3130 5407 Junii
3156 5356 3279 5405 clar.
3306 5354 3629 5404 Bollandiani.

2208 5464 2316 5530 (55)
2346 5467 2449 5514 Non
2476 5468 2585 5513 ante
2613 5474 2789 5522 paucos
2813 5462 2934 5518 dies,
2974 5460 3043 5508 uti
3085 5457 3255 5530 Surius
3294 5457 3463 5530 habet.
3499 5458 3544 5530 A_
3580 5464 3727 5530 morte

2141 5523 2271 5584 enim
2298 5523 2459 5582 Basilii
2503 5531 2562 5580 ad
2612 5532 2738 5578 hanc
2784 5539 2936 5590 usque
2980 5528 3324 5585 tentatuoncm,
3351 5523 3634 5590 distinctam
3679 5525 3733 5573 ab

2141 5599 2406 5677 illa,.cujus
2433 5596 2487 5647 tit
2510 5610 2623 5659 cap.
2671 5596 2720 5655 8,
2759 5588 2959 5654 mentio,
2996 5596 3198 5656 quatuor
3233 5590 3405 5641 saltem
3449 5588 3735 5641 emuxerant

2146 5680 2280 5717 anni.
