3972 6052
185 175 278 227 961

1548 170 1730 225 VITA.
1771 198 1840 210 —-
1878 170 2005 226 LIB.
2046 170 2120 225 II.

3386 174 3489 228 962

192 304 243 352 et
273 312 433 368 quem
463 310 572 351 non
626 294 807 349 minus
848 300 1194 350 contemnere
1245 309 1406 366 quam
1437 294 1794 365 comprimere
1814 296 1868 355 Α
1895 294 2096 351 Verum
2130 309 2248 365 quae
2279 292 2349 347 ab
2378 306 2475 347 ore
2522 289 2666 346 illius
2723 290 2793 346 de
2832 288 3112 347 curatione
3140 292 3256 361 ejus
3286 292 3487 361 audivi,
3516 336 3531 351 .

193 393 339 440 esset
367 383 698 439 facillimum.
733 382 862 438 Hac
894 382 1102 438 idcirco
1134 383 1385 447 dixerim,
1407 383 1531 454 quia
1549 383 1708 438 aliter
1725 382 1793 438 de
1892 381 2177 439 verissime
2208 380 2470 454 expressi.
2511 401 2533 431 ι

193 474 277 529 his
298 472 464 527 alium
495 472 786 545 quemdam
818 473 930 542 (36)
959 471 1250 542 scripsisse
1292 471 1500 542 accepi,
1534 487 1792 527 asseren-

192 569 301 619 tem
332 561 609 627 videlicet,
644 561 791 632 quod
822 576 923 630 per
980 559 1195 615 beatam
1253 560 1543 632 virginem,
1604 559 1786 615 Domi-

1966 472 2085 525 Jam
2115 486 2254 527 vero
2282 470 2352 526 de
2383 467 2631 541 Hugonis
2658 467 2827 523 nostri
2856 467 2925 523 de
2956 467 3269 541 Burgu‘hdia
3291 469 3406 540 (37)
3439 470 3496 526 in

1895 559 2150 632 Angliam
2180 558 2532 614 translatione
2568 566 2621 613 et
2650 556 2821 627 gestis
2851 556 3097 625 ejusdem
3142 557 3497 629 sequentibus

195 667 317 704 nam
347 657 611 716 nostram,
646 649 745 704 Dei
776 647 1110 705 Genitricem
1142 648 1243 703 sibi
1304 656 1660 720 apparentem
1706 648 1794 704 vi-
1896 647 2209 715 tractaturi,
2273 646 2436 702 ﬁnem
2475 635 2843 718 'imponentes
2898 644 3231 715 praecedenti
3285 646 3492 716 libello,

198 739 410 804 sitatus,
444 737 828 794 eunuchizatns
857 745 909 791 et
940 737 1022 792 ira
1052 744 1270 793 curatus
1300 736 1477 805 fuerit,
1502 738 1644 810 quod
1670 738 1791 792 nul-

198 827 303 882 lam
326 826 586 898 deinceps
607 826 786 882 carnis
804 825 1164 882 titillationem
1187 825 1255 881 sit
1274 826 1497 882 omnino
1512 832 1788 898 expertus.

1885 736 2050 793 alium
2097 736 2461 793 advertamus.

1507 1083 1756 1155 Explicit
1787 1082 1927 1139 liber
1954 1082 2192 1153 primus.

1286 1322 1729 1386 PROLOGUS
1772 1324 1988 1385 LIBRI
2044 1322 2412 1387 SECUNDI.

274 1562 405 1617 Cum
466 1560 859 1617 Lincolniensis
910 1560 1171 1617 Ecclesiae
1227 1560 1578 1631 praesulatum
1641 1562 1800 1616 annis
1826 1569 2181 1663 Bcuratores
2220 1562 2568 1630 exstiterunt,
2621 1562 2809 1633 accepi
2843 1578 2856 1617 :
2890 1562 3140 1619 similiter
3190 1571 3244 1619 et
3280 1563 3503 1619 modum

202 1653 313 1721 jam
358 1652 516 1722 Ηυεο
575 1652 687 1720 (38)
745 1650 828 1704 bis
860 1650 1029 1716 senis,
1084 1658 1134 1704 et
1165 1649 1359 1704 diebus
1415 1649 1878 1722 quinquaginta”
1908 1666 2014 1722 quo
2071 1649 2269 1706 dilecta
2325 1666 2427 1705 sua
2471 1651 2759 1706 Carthusia
2815 1651 3089 1717 discessit,
3141 1668 3249 1723 quo
3279 1652 3504 1709 domum

209 1739 381 1795 tribus
412 1737 827 1811 religiosissime
856 1738 1306 1805 administrasset,
1340 1738 1542 1809 placuit
1601 1739 1805 1793 sancti-

211 1829 307 1883 tati
336 1845 449 1884 suae
477 1827 804 1899 parvitatem
850 1842 1031 1881 meam
1060 1826 1128 1881 de
1176 1826 1298 1883 vitae
1356 1828 1468 1896 (39)
1501 1826 1808 1882 claustralis

211 1916 499 1972 dulcedine
538 1916 593 1971 in
648 1914 1066 1971 sollicitudinem
1151 1931 1373 1970 suarum
1431 1914 1809 1987 qualecunque

215 2004 462 2061 solatium
517 2020 818 2069 assumere,
909 2019 1117 2075 suoque
1172 2003 1611 2074 inseparabiliter
1653 2004 1809 2059 lateri

216 2094 446 2150 sociare.
480 2096 525 2149 A
554 2108 662 2165 quo
687 2101 933 2163 tempore
968 2108 1141 2147 annos
1174 2100 1283 2147 tres
1315 2100 1367 2147 et
1398 2093 1515 2147 dies
1547 2092 1807 2164 quinque,

215 2197 378 2255 quam
407 2181 501 2237 diu
530 2182 735 2238 scilicet
783 2181 838 2235 in
889 2196 1117 2251 corpore
1148 2188 1336 2251 postea
1389 2181 1547 2247 vixit,
1596 2181 1666 2235 ab
1696 2182 1811 2250 ejus

213 2286 505 2343 nunquam,
562 2269 665 2325 nisi
738 2286 840 2341 per
896 2285 1063 2324 unam
1110 2269 1279 2324 solam
1356 2277 1600 2335 noctem,
1663 2269 1813 2325 abfui

215 2359 492 2427 comitatu,
567 2358 655 2413 die
714 2373 931 2429 semper
986 2373 1051 2414 ac
1131 2365 1291 2413 nocte
1348 2357 1632 2413 adhaerens
1681 2358 1731 2413 ei
1761 2366 1815 2413 et

214 2448 529 2503 ministrans
559 2445 663 2502 sibi
692 2446 817 2517 ipsi.
865 2446 1036 2514 Hujus
1092 2445 1259 2518 igitur
1307 2446 1482 2517 spatio
1558 2446 1815 2516 temporis

217 2536 398 2593 omnia
455 2536 588 2603 fere,
623 2551 743 2607 quae
771 2534 841 2589 de
877 2550 943 2591 eo
972 2533 1191 2590 libellus
1221 2550 1465 2605 praesens
1495 2534 1813 2601 continebit,

216 2634 310 2681 aut
363 2624 601 2697 propriis
629 2623 742 2680 vidi
771 2621 965 2690 oculis,
1005 2640 1035 2676 a
1067 2623 1272 2679 sanctis
1309 2623 1482 2695 ipsius
1528 2623 1686 2679 labiis
1717 2639 1815 2679 au—

218 2714 348 2771 divi.

290 2802 541 2869 Causam,
589 2817 695 2873 qua
734 2801 790 2855 in
820 2807 1067 2856 nostrum
1116 2800 1229 2871 (40)
1262 2798 1410 2857 venit
1456 2801 1667 2868 orbem,
1700 2808 1812 2855 tum

220 2890 290 2947 ab
320 2906 405 2960 eo,
441 2898 554 2947 tum
585 2898 636 2946 et
666 2889 735 2945 ab
765 2888 908 2958 aliis,
942 2888 1033 2961 qui
1062 2889 1222 2957 hujus
1265 2889 1531 2947 adventus
1574 2888 1657 2945 sui
1684 2904 1810 2960 pro-

1906 1738 2362 1794 Withamiensem
2411 1754 2444 1793 a
2474 1738 2843 1794 fundamentis
2860 1740 3280 1795 construendam
3313 1741 3505 1812 dispo-

1908 1827 2032 1894 suit,
2068 1827 2317 1895 instituit,
2358 1835 2411 1883 et
2473 1827 2601 1885 viris
2650 1828 2868 1899 optimis
2915 1828 3250 1900 adimplevit,
3294 1845 3357 1885 ac
3387 1836 3512 1900 post

1908 1916 2027 1971 hinc
2048 1916 2116 1969 ad
2169 1916 2540 1987 episcopatum
2580 1916 2827 1972 accessit.
2870 1917 2950 1973 De
2998 1917 3103 1986 his,
3154 1934 3273 1989 quae
3302 1918 3358 1973 in
3388 1918 3511 1989 epi-

1911 2012 2137 2075 scopatu
2168 2004 2358 2076 gessit,
2391 2011 2682 2076 antequam
2715 2004 2767 2060 ei
2786 2006 3063 2062 adhaerere
3094 2007 3405 2076 ompissem,
3436 2006 3507 2062 de

1912 2092 2177 2148 industria
2209 2102 2479 2164 praetereo
2512 2093 2815 2162 innumera,
2869 2094 3173 2149 certissime
3203 2101 3507 2166 comperta,

1912 2181 2102 2237 notitia
2129 2190 2451 2237 cunctorum
2492 2181 2835 2254 dignissima.
2889 2181 3029 2251 Quia
3075 2182 3221 2237 enim
3275 2183 3514 2255 plurima

1914 2286 1978 2325 ex
2008 2269 2091 2324 his
2135 2271 2401 2340 quosdam
2450 2286 2539 2326 me
2603 2271 2767 2341 longe
2826 2271 2941 2340 (41)
2980 2270 3257 2327 doctiores
3315 2271 3511 2327 litteris

1913 2358 2206 2414 mandasse
2237 2359 2442 2431 accepi,
2495 2359 2833 2431 superﬂuum
2861 2359 2970 2415 imo
3008 2367 3062 2414 et
3105 2368 3507 2431 praesumptuo-

1915 2463 2033 2502 sum
2062 2463 2187 2503 esse
2232 2446 2491 2517 judicavi,
2536 2447 2606 2503 ab
2660 2446 2781 2502 aliis
2827 2448 3216 2520 congruentius
3247 2448 3511 2521 exposita,

1914 2534 2220 2606 insipidiori
2278 2535 2497 2606 eloquio
2550 2534 2837 2606 replicare.
2896 2535 2979 2589 Ad
3010 2551 3079 2590 ea
3154 2552 3287 2592 vero
3335 2535 3516 2592 seria-

1915 2623 2011 2677 tim
2058 2623 2362 2689 referenda,
2416 2640 2647 2695 quorum
2693 2624 2827 2679 istos
2882 2624 3128 2680 notitiam
3212 2624 3393 2680 minus
3448 2624 3519 2680 ad

1916 2710 2183 2782 liquidum
2254 2711 2531 2767 credimus
2601 2719 2905 2780 assecutos,
2975 2713 3243 2769 calamum
3314 2713 3521 2784 pariter

1914 2799 2262 2857 intendentes
2289 2808 2341 2856 et
2378 2800 2636 2869 animum,
2670 2801 2777 2856 tale
2816 2800 3067 2859 invocato
3115 2802 3347 2874 Spiritus
3387 2817 3519 2858 san-

1919 2888 1991 2945 cti
2036 2889 2307 2959 adjutorio
2337 2905 2617 2947 sumamus
2646 2889 2946 2948 exordium.

1586 3119 1837 3189 Explicit
1874 3119 2165 3190 Prologus.

902 3428 929 3465 ί,
1282 3331 1655 3433 LIBER
1734 3328 2429 3433 SECUNDUS.

655 3602 1057 3660 CAPITULUM
1104 3602 1393 3659 PRIMUM.

236 3704 494 3775 Qualiter
535 3720 638 3775 pro
667 3705 824 3760 domo
856 3704 1274 3761 Carthasiensis
1322 3703 1559 3770 ordinis,
1604 3702 1667 3775 in
1703 3702 1823 3775 Αητ

298 3774 414 3843 glia
444 3772 594 3845 apud
628 3774 990 3831 Withamiam
1020 3774 1421 3842 construenda,
1472 3774 1726 3829 mittitur
1755 3772 1826 3827 ad

302 3844 668 3915 quaerendum
697 3848 998 3917 IIugonem.

304 3957 543 4030 Contigit
572 3974 636 4015 eo
666 3967 909 4032 tempore
937 3961 1007 4017 ad
1037 3975 1201 4033 reges
1227 3957 1566 4032 Angelorum
1604 3955 1825 4012 Henrici

308 4139 405 4198 (⁸56)
432 4138 549 4200 Quis
572 4138 639 4187 ita
661 4139 934 4203 scripserit,
962 4139 1120 4191 adhuc
1146 4139 1284 4189 latet.
1327 4138 1550 4189 Giraldus
1574 4136 1834 4187 Camhren-

240 4204 309 4253 sis
336 4206 461 4266 apud
489 4206 815 4256 Wartbonum
861 4210 992 4268 part.
1038 4220 1091 4267 ιι,
1119 4219 1230 4269 pag.
1258 4205 1397 4255 432:
1433 4226 1454 4246 α
1500 4204 1601 4253 Viri
1642 4204 1835 4265 quidem

237 4271 480 4333 Angelici,
512 4292 534 4314 ι
562 4276 613 4321 at
652 4272 761 4321 sine
810 4272 1032 4335 nomine,
1072 4273 1313 4332 meminit,
1359 4271 1446 4321 sed
1486 4270 1608 4320 nihil
1643 4270 1703 4319 de
1749 4270 1835 4319 Dei

235 4338 484 4387 Gcnitrice
511 4339 678 4388 habet.
709 4340 799 4399 Qui
819 4340 860 4388 si
880 4339 1154 4401 aliqualiter
1171 4352 1281 4389 cum
1296 4338 1376 4387 hic
1401 4337 1546 4387 dictis
1569 4337 1836 4397 discordat,

232 4403 391 4463 major
413 4404 688 4455 adhibenda
708 4405 827 4455 ﬁdes
846 4410 922 4455 est
943 4406 1149 4469 auctori,
1174 4405 1255 4471 qui
1276 4405 1428 4455 relata
1442 4417 1469 4453 a
1491 4405 1545 4454 S.
1573 4404 1772 4466 liugone
1789 4403 1838 4453 ln

242 4471 482 4520 extremis
506 4472 687 4522 hausit.

304 4552 414 4617 (37)
458 4555 671 4606 Subandi
710 4570 720 4599 :
758 4556 818 4605 de
862 4556 1135 4618 Burgundia
1184 4554 1289 4606 late
1333 4558 1546 4619 sumpta,
1601 4554 1650 4602 et
1694 4554 1841 4615 prout

235 4620 554 4684 Delphinatus
579 4623 669 4672 sub
702 4635 759 4673 ea
784 4623 1232 4683 comprehenditur.

310 4706 417 4767 (38)
446 4707 569 4756 Inito
608 4707 792 4756 calculo
816 4719 1053 4756 annorum
1097 4710 1145 4756 et
1184 4706 1394 4768 dierum,
1433 4707 1513 4769 qui
1554 4707 1603 4756 in
1644 4707 1840 4769 prologo

1857 3606 1903 3668 Ο
1926 3600 2153 3656 secundi
2187 3600 2429 3657 notitiam
2453 3599 2709 3656 virtutum
2729 3599 2903 3657 nostri
2934 3602 3181 3675 Hugonis
3201 3602 3403 3658 famam
3429 3602 3522 3658 tali

1935 3689 2226 3745 occasione
2254 3690 2594 3761 pervenisse.
2631 3689 2877 3759 Quadam
2907 3690 2978 3747 de
3008 3706 3141 3764 rege
3171 3693 3284 3762 (42)
3300 3691 3358 3746 in
3384 3700 3531 3747 tran-

1936 3778 2189 3833 smarinis
2220 3786 2440 3851 agente,
2473 3778 2621 3834 venit
2649 3778 2720 3834 ad
2765 3794 2890 3834 eum
2918 3779 3000 3835 vir
3061 3780 3277 3851 quidam
3332 3780 3532 3836 nobilis

1934 3867 2003 3921 de
2034 3867 2279 3937 partibus
2309 3868 2421 3938 (43)
2460 3867 2895 3923 Northmannize.
2929 3869 3041 3925 Rex
3088 3885 3217 3925 vero
3244 3869 3312 3924 de
3342 3869 3534 3926 ordine

1936 3956 2407 4011 Carthusiensium
2460 3956 2599 4012 inter
2646 3955 2753 4011 alia
2806 3964 3006 4013 mutuae
3061 3957 3534 4014 sermocinationis

2009 4132 2120 4199 (ω)
2147 4136 2217 4185 Ex
2242 4137 2505 4187 Carthusia
2530 4135 2706 4197 majori
2731 4135 2781 4185 in
2807 4136 3050 4198 Angliam,
3094 4149 3237 4199 quam
3265 4136 3377 4186 dum
3420 4149 3537 4188 nos-

1939 4203 2069 4252 trum
2094 4205 2236 4251 vocat
2259 4204 2447 4263 orbem,
2471 4203 2652 4252 indicat
2675 4215 2729 4251 se
2754 4202 2961 4265 Anglum
3006 4203 3155 4253 fuisse
3194 4203 3407 4254 natione.
3433 4205 3541 4254 Mo-

1940 4270 2295 4385 nachugigvero
2322 4268 2473 4319 fuisse
2498 4268 2902 4319 Cantuariensem
2928 4268 3090 4330 colligi
3115 4270 3305 4321 videtur
3346 4283 3408 4321 ex
3446 4271 3534 4322 lib.

1940 4348 1997 4385 v.
2019 4348 2070 4385 c.
2104 4340 2122 4361 θ
2180 4371 2193 4384 .

1940 4348 2070 4395 v,c.
2104 4340 2193 4385 ‘22.

2012 4435 2119 4499 (11)
2146 4436 2410 4500 Scripsisse
2434 4436 2493 4488 de
2526 4438 2579 4488 S.
2617 4438 2815 4499 Hugone
2861 4437 3112 4489 Giraldum
3155 4440 3536 4504 Cambrensem,

1941 4504 2201 4563 Rogerium
2227 4510 2276 4553 et
2316 4504 2554 4554 Parisium
2580 4505 2709 4566 lego.
2737 4506 2918 4555 Horum
2944 4506 3132 4568 primus
3180 4508 3431 4569 evulgatus
3462 4510 3540 4557 est

1942 4584 1969 4619 a
1993 4571 2269 4620 Warthono
2295 4572 2342 4620 in
2369 4572 2543 4633 Anglia
2564 4585 2723 4630 sacra,
2747 4572 2834 4622 sed
2861 4584 2957 4621 non
2983 4574 3107 4623 adeo
3132 4574 3281 4623 multa
3303 4575 3456 4624 refert
3479 4574 3539 4624 de

1943 4640 2132 4685 sancto.
2162 4637 2299 4687 Alter
2323 4638 2561 4697 allegatur
2586 4651 2612 4687 a
2636 4639 2788 4688 variis
2827 4642 2877 4688 et
2901 4639 2962 4688 de
2984 4644 3155 4690 sancto
3175 4640 3368 4691 videtur
3386 4640 3542 4702 scrip-

1944 4703 2063 4753 sisse
2089 4703 2375 4754 incidenter.
2420 4705 2616 4754 Tertius
2662 4705 2799 4768 plura
2847 4706 3084 4755 mutuavit
3108 4720 3170 4755 ex
3212 4707 3442 4768 Rogerio,
3493 4708 3543 4755 et

239 4771 534 4831 indicantur,
564 4776 697 4823 recte
722 4774 894 4823 Surius
931 4772 979 4822 in
1021 4773 1131 4822 Vita
1155 4774 1325 4823 scribit
1354 4792 1364 4821 :
1402 4794 1422 4814 ι
1450 4774 1627 4823 Tenuit
1664 4775 1838 4823 cathe—

1942 4772 2110 4819 nostro
2147 4775 2345 4820 auctore
2373 4776 2446 4820 est
2465 4770 2647 4831 junior.
2700 4774 2773 4821 An
2798 4772 2879 4821 alii
2904 4785 3021 4823 vero
3047 4785 3106 4822 eo
3130 4786 3232 4822 aevo
3256 4772 3315 4821 de
3341 4774 3542 4834 Hugone

238 4839 379 4887 dram
405 4839 728 4901 episcopalem
754 4839 895 4888 annis
939 4840 1216 4900 quindecim
1244 4844 1293 4890 et
1333 4839 1683 4901 quinquaginta
1730 4843 1839 4890 octo
1943 4836 2249 4898 scripserint,
2278 4837 2465 4897 ignoro.
2491 4838 2629 4900 Vide,
2660 4850 2767 4900 quae
2805 4838 3062 4890 observata
3107 4842 3222 4889 sunt
3260 4838 3321 4889 ab
3367 4838 3462 4888 alio
3484 4837 3546 4888 ad

238 4904 430 4954 diebus.
462 4922 480 4953 ι
517 4907 651 4968 Quod
668 4906 710 4954 si
738 4906 805 4955 ita
830 4907 966 4967 Hugo
992 4907 1266 4955 consecrari
1290 4906 1457 4956 debuit
1484 4907 1533 4955 in
1559 4908 1837 4969 episcopum

239 4971 289 5019 in
320 4972 439 5021 festo
466 4974 520 5022 S.
568 4972 782 5023 Matthazi
808 4973 1009 5035 apostoli
1036 4985 1161 5021 anno
1208 4973 1337 5021 1185
1375 4985 1471 5022 non
1503 4974 1745 5034 sequenti,
1791 4974 1841 5023 in

240 5050 386 5098 quem
437 5039 620 5101 passim
658 5051 848 5101 omnes,
894 5040 1151 5101 Rogerium
1194 5040 1365 5099 secuti,
1414 5040 1839 5090 consecrationem

246 5105 490 5165 rejiciunt.
513 5107 608 5156 Sed
622 5106 683 5156 de
704 5107 796 5155 hoc
833 5106 882 5155 in
924 5105 1267 5156 dissertatione
1288 5106 1422 5169 Operi
1442 5107 1556 5157 huic
1593 5107 1843 5171 praemissa

240 5170 434 5231 plenius
458 5173 638 5233 agitur.

316 5255 425 5317 (39)
454 5258 583 5306 Satis
608 5257 763 5306 innuit
804 5257 880 5307 bis
900 5257 1063 5307 verbis
1088 5260 1255 5307 auctor
1279 5270 1332 5307 se
1353 5258 1644 5308 monachum
1667 5258 1814 5308 fuisse
1830 5295 1844 5316 ,

243 5328 293 5373 et
321 5323 444 5372 idem
470 5323 727 5373 conﬁrmat
771 5323 877 5373 aliis
918 5326 967 5373 in
1009 5324 1148 5385 locis,
1186 5325 1461 5387 praesertim
1494 5324 1579 5373 lib.
1604 5338 1652 5384 v,
1683 5337 1726 5373 c.
1762 5323 1846 5383 9.3,

243 5390 325 5440 ubi
351 5392 461 5451 post
483 5388 567 5439 illa
596 5404 609 5439 :
642 5406 667 5436 α
689 5391 802 5440 Hmc
844 5391 955 5452 ipsi,
981 5391 1063 5451 qui
1085 5391 1281 5452 scripsit
1321 5391 1432 5453 ista,
1473 5390 1660 5440 locutus
1702 5395 1797 5448 est,
1824 5406 1849 5437 λ)

1944 4903 2028 4953 lib.
2059 4917 2133 4965 ιιι,
2161 4916 2269 4965 cap.
2298 4905 2348 4966 6,
2376 4906 2490 4953 nota
2517 4904 2607 4954 96.

2013 5010 2113 5075 (42)
2144 5032 2165 5054 α
2194 5014 2361 5062 Mense
2387 5013 2603 5075 Augusto
2630 5014 2808 5077 (inquit
2832 5013 3081 5064 Trivettus
3122 5013 3180 5063 ad
3208 5025 3385 5063 annum
3416 5012 3547 5063 1177

1943 5080 1990 5128 in
2016 5080 2255 5129 Chronico
2281 5094 2308 5129 a
2335 5081 2486 5143 Luca,
2510 5081 2741 5141 Acherio,
2764 5085 2883 5129 tom.
2910 5081 2993 5140 lli,
3016 5080 3183 5142 Spicil.
3204 5079 3357 5146 edito)
3380 5080 3552 5130 Henri-

1946 5159 2031 5195 cus
2056 5146 2317 5208 Anglorum
2343 5158 2429 5195 rex
2453 5147 2616 5197 senior
2639 5160 2750 5197 cum
2775 5146 2999 5196 Galfrido
3024 5147 3123 5195 ﬁlio
3146 5147 3270 5196 duce
3293 5148 3551 5198 Britanno-

1944 5225 2055 5263 rum
2082 5213 2131 5262 in
2170 5214 2571 5263 Northmanniam
2612 5213 2972 5264 transfretavit.
2996 5227 3021 5260 n
3050 5214 3283 5264 Baronius
3321 5214 3381 5264 ad
3422 5215 3552 5263 hunc

1946 5292 2127 5328 annum
2152 5280 2286 5330 addit
2309 5281 2465 5330 adhuc
2488 5281 2636 5331 fuisse
2660 5281 2840 5331 ibidem
2864 5292 3035 5341 regem
3060 5293 3112 5330 x1
3146 5281 3253 5330 Kal.
3280 5280 3481 5331 Octobr.

2024 5390 2130 5451 (43)
2158 5393 2298 5440 Anno
2338 5391 2485 5453 igitur
2516 5391 2640 5441 H77
2688 5391 2907 5442 creditur
2946 5392 3021 5442 vir
3057 5386 3134 5441 ille
3178 5391 3352 5441 nobilis
3391 5403 3553 5441 coram

244 5457 381 5507 addit
404 5460 511 5518 post
530 5470 683 5519 pauca
712 5475 723 5505 :
758 5473 783 5501 α
810 5456 908 5506 Sub
955 5457 1230 5507 testimonio
1274 5458 1409 5519 prius
1452 5457 1694 5521 ejusdem,
1739 5469 1852 5507 cum
1954 5470 2069 5519 rege
2105 5457 2152 5505 in
2177 5457 2368 5508 laudem
2406 5458 2621 5521 Hugonis
2647 5458 2938 5521 excurrisse,
2979 5462 3030 5509 et
3052 5458 3181 5509 circa
3224 5459 3371 5508 ﬁnem
3406 5458 3554 5520 hujus

244 5534 342 5586 quo
364 5522 650 5585 loquebatur
684 5524 911 5574 monachi
937 5526 986 5575 et
1014 5525 1288 5587 presbyteri
1314 5526 1407 5575 sui.
1450 5537 1477 5571 »

1955 5527 2038 5574 aut
2058 5524 2247 5575 initium
2272 5526 2523 5586 sequentis
2546 5526 2686 5588 Hugo
2710 5538 2795 5590 per
2819 5525 3008 5590 legatos
3026 5526 3206 5590 petitus
3230 5525 3279 5576 in
3305 5524 3541 5588 priorem.
