3972 6052
390 758 395 761 ·
465 744 811 799 Bathoniensi
868 745 1135 799 territorio
1194 745 1351 799 sitam
1384 789 1397 811 ,

398 240 402 243 τ
460 182 561 233 963

1348 179 1402 232 s.
1445 166 2009 234 HUGONIS'EPISC.
2052 178 2374 234 LINCOLN.
2418 180 2581 237 0RD.
2623 183 2871 237 CARTH.

3654 181 3760 235 964

464 302 633 357 verba
659 302 917 373 pleraque
950 302 1020 357 ab
1052 303 1245 358 eodem
1275 303 1548 373 inquirere
1574 304 1755 374 ccepit.
1779 305 1919 358 Nam
1940 305 2123 374 (440A
2155 304 2401 376 partibus
2459 306 2636 363 adhuc
2682 307 2880 361 nostris
2938 306 3264 362 sanctissimi
3320 288 3529 361 ordinis
3584 306 3747 373 hujus

464 390 666 445 dudum
697 399 895 446 sanctae
924 391 1069 445 illius
1102 392 1527 447 conversationis
1560 392 1701 447 fama
1721 401 2049 463 praeventus,

464 479 732 534 asciverat
770 479 839 535 de
868 479 1031 535 domo
1059 480 1283 551 praefata
1312 481 1577 551 quosdam
1608 480 1824 547 fratres,
1857 480 2053 551 quibus

466 575 519 623 et
546 584 612 622 ex
641 567 795 633 locis,
828 584 993 639 quam
1019 567 1122 637 ipsi
1160 568 1462 638 elegerant,
1496 568 1552 623 in
1591 568 1789 639 Anglia
1817 568 2057 624 contule-

466 664 551 709 rat
580 655 784 722 villam,
814 656 1021 712 scilicet
1050 656 1399 710 Witliamiam
1448 652 1559 726 (45)
1620 658 1969 728 appellatam,
1999 658 2053 710 in

1477 761 1598 801 cum
1665 745 1825 800 terris
1881 745 2049 813 silvis,

465 848 587 887 cum
650 832 870 902 pascuis
954 841 1005 887 et
1089 832 1308 887 vinariis
1343 876 1355 899 ,
1428 850 1528 889 nec
1610 850 1720 889 non
1800 842 1851 888 et
1936 833 2054 887 aliis

464 920 754 976 fundanda
810 919 951 974 illius
1008 921 1212 975 ordinis
1268 922 1453 976 domui
1524 922 1867 977 necessariis.
1950 921 2055 990 Qui

465 1024 597 1063 vero
642 1009 917 1079 prazdictis
976 1009 1233 1063 fratribus
1289 1011 1441 1081 prior
1498 1009 1673 1065 fuerat
1731 1010 2054 1082 designatus

468 1098 599 1166 (46),
633 1097 700 1151 ad
733 1097 900 1152 breve
932 1098 1019 1152 vix
1048 1106 1262 1167 tempus
1292 1098 1344 1151 in
1377 1098 1571 1168 Anglia
1601 1098 1802 1169 degere
1830 1098 2053 1169 acquie-

465 1185 564 1239 vit.
624 1185 898 1241 Vacationi
928 1201 1164 1256 namque
1187 1194 1238 1240 et
1278 1185 1444 1256 quieti
1476 1186 1782 1240 solitudinis
1813 1186 2055 1240 assuefa-

466 1281 603 1339 ctus,
634 1273 915 1344 negotium
945 1273 1322 1328 sollicitudinis
1352 1282 1515 1329 tantze
1545 1273 1933 1329 constructioni
1964 1274 2056 1327 de-

464 1361 635 1416 bitum
688 1370 867 1416 mente
913 1362 1145 1416 delicata
1190 1377 1297 1416 non
1331 1362 1551 1416 ferebat.
1596 1362 1851 1417 Taedebat
1909 1378 2051 1428 eum,

464 1450 574 1505 imo
605 1458 657 1505 et
688 1450 867 1505 socios
909 1451 1026 1517 ejus
1073 1466 1211 1520 pene
1244 1459 1484 1515 cunctos,
1523 1451 1654 1504 ritus
1696 1452 1874 1521 gentis
1920 1450 2055 1505 alie-

468 1538 701 1609 nigenae,
736 1539 907 1592 diaetae
942 1538 1193 1605 insolita},
1228 1546 1280 1593 et
1310 1546 1628 1595 caeterorum
1666 1555 1785 1609 quae
1816 1538 2057 1593 moribus

2153 396 2409 466 plantatio
2439 395 2703 451 cultorem
2730 396 2937 451 habere
2967 396 3223 451 meruerit
3262 403 3421 466 atque
3454 402 3741 462 rectorem,

2155 484 2407 539 videbitis
2438 501 2557 540 eam
2586 484 2862 541 laetissime
2902 484 2972 538 ad
3004 499 3218 539 omnem
3276 482 3453 538 subito
3508 482 3746 555 gratiam

2155 571 2532 629 fructificando
2594 572 2877 644 proficere.
2922 574 3055 627 Tota
3111 572 3333 642 insuper
3384 570 3665 633 Ecclesia;
3695 578 3751 623 ut

2155 670 2337 718 certus
2368 678 2507 727 sum,
2540 662 2839 733 Anglicana
2884 661 3029 716 illius
3057 661 3359 733 purissimae
3390 660 3671 730 religionis
3702 667 3754 713 et

2156 750 2581 822 religiosissima:
2607 749 2856 821 puritatis
2886 751 3057 804 nitore
3079 749 3359 805 venustius
3381 746 3745 803 decorabitur.

2156 839 2424 894 Caeterum
2455 840 2598 893 hunc
2627 839 2711 893 sui
2757 838 2825 894 de
2880 837 3027 893 facili
3057 853 3165 893 non
3221 838 3461 892 emittent
3488 836 3555 890 de
3586 836 3753 890 domo

2158 942 2274 982 sua.
2309 928 2430 997 Ipse
2488 943 2704 998 quoque
2753 927 2969 982 nonnisi
3016 934 3238 981 coactus
3268 933 3321 980 et
3362 925 3579 988 invitus,
3612 924 3754 978 alte-

2156 1015 2270 1069 rius
2300 1015 2649 1069 habitationis
2694 1014 2862 1069 adibit
2921 1014 3127 1069 sedem.
3188 1013 3490 1068 Favorabili
3519 1013 3753 1083 proinde

2156 1120 2218 1158 ac
2249 1112 2472 1158 strenua
2500 1120 2637 1174 opus
2669 1111 2752 1158 est
2790 1103 3063 1175 legatione
3100 1121 3113 1157 :
3145 1117 3377 1173 operosa
3432 1102 3597 1156 etiam
3626 1117 3751 1171 pre-

2157 1208 2281 1249 cum
2310 1192 2602 1247 ambitione
2633 1193 2932 1259 nitendum,
2958 1199 3244 1263 quatenus,
3272 1191 3376 1245 hoc
3407 1191 3521 1245 solo
3573 1204 3751 1261 quan-

2156 1282 2331 1336 tocius
2360 1281 2666 1352 impetrato,
2700 1288 2752 1336 et
2780 1289 2964 1335 vester
3002 1279 3072 1335 de
3100 1288 3295 1335 caetero
3336 1279 3547 1334 animus
3580 1293 3613 1333 a
3644 1278 3753 1331 sol—

2156 1369 2447 1424 licitudinis
2478 1370 2635 1438 hujus
2662 1368 2924 1423 molestiis
2952 1368 3239 1433 relevetur,
3276 1375 3330 1422 et
3356 1368 3474 1423 haec
3502 1366 3752 1420 sublimis

2156 1457 2350 1529 religio
2381 1458 2449 1512 ad
2478 1457 2710 1527 gloriam
2740 1456 3072 1513 excellentia:
3101 1464 3298 1511 vestrm
3333 1455 3603 1527 insignius
3629 1469 3755 1525 pro-

2158 1555 2408 1619 pagetur.
2446 1546 2737 1602 Invenietis
2787 1546 2931 1601 enim
2969 1546 3023 1600 in
3068 1559 3176 1599 uno
3204 1544 3307 1599 isto
3354 1544 3574 1598 homine
3629 1560 3752 1598 cum

467 1626 797 1681 advenarum
820 1635 870 1680 εἴ
889 1627 1027 1681 νοιίδ
1050 1626 1101 1679 in
1125 1626 1243 1682 S010
1266 1626 1560 1699 ροτοςινὶηο
1591 1626 1657 1681 de
1694 1626 1838 1681 faeni
1868 1635 2057 1698 parlu-
2079 1652 2132 1711 Β
2162 1642 2480 1690 caeterarum
2501 1635 2758 1690 virtutum
2780 1634 3018 1702 cumulo,
3044 1632 3304 1705 quidquid
3327 1632 3757 1705 longanimitatis

468 1714 613 1769 riunt
634 1713 1009 1769 oﬂ‘ensionem.
1058 1715 1194 1768 Nam
1223 1723 1275 1769 et
1330 1715 1744 1786 provincialium
1785 1715 2058 1770 nonnullis

466 1801 848 1857 formidolosus
882 1819 1064 1858 eorum
1096 1804 1378 1859 videbatur
1406 1820 1527 1859 esse
1560 1804 1613 1858 in
1646 1820 1775 1859 suos
1800 1803 1937 1858 fines
1961 1819 2057 1858 ac-

466 1906 672 1957 cessus,
708 1891 907 1945 frustra
938 1892 1143 1947 scilicet
1173 1892 1280 1948 illis
1327 1893 1694 1948 metuentibus
1727 1891 1851 1962 sibi,
1884 1908 1953 1947 ne
1983 1891 2058 1947 illi

464 1979 703 2050 propriis
761 1980 938 2035 minus
958 1981 1196 2036 contenti
1228 1981 1507 2048 limitibus,
1543 1997 1726 2035 eorum
1786 1996 2059 2050 occupan—

466 2066 550 2121 dis
576 2067 859 2139 jugeribus
888 2068 1178 2124 inbiarent.
1216 2070 1391 2135 Quem
1418 2094 1419 2097 η
1447 2068 1827 2141 indigenarum
1860 2070 2058 2124 adver-

466 2171 585 2210 sum
607 2172 666 2211 se
689 2156 790 2210 viri
839 2157 1155 2212 innocentes
1188 2157 1674 2227 motumpullulare
1728 2157 2047 2223 sentientes,

458 2244 706 2313 priorem
737 2260 894 2298 suum
923 2245 990 2299 ad
1022 2245 1242 2300 domum
1286 2245 1463 2300 redire
1507 2246 1891 2316 permiserunt,
1928 2262 2059 2316 qua-

466 2340 622 2386 tenus
650 2333 1046 2389 communicato
1088 2350 1210 2388 cum
1265 2334 1397 2389 viris
1454 2334 1657 2388 sanctis
1690 2333 1936 2399 consilio,
1973 2333 2057 2387 vel

465 2421 823 2493 animaequior
850 2422 967 2492 ipse
998 2422 1215 2489 rediret,
1249 2423 1335 2478 vel
1366 2422 1529 2477 alium
1562 2422 1682 2477 loco
1715 2438 1813 2476 suo
1844 2423 1911 2476 ad
1954 2423 2059 2477 hoc

464 2509 641 2580 magis
672 2509 1025 2566 sufficientem
1053 2511 1312 2566 destinari
1344 2512 1632 2566 obtineret.
1687 2511 1863 2566 Rediit
1901 2526 2053 2581 ergo,

465 2607 516 2652 et
545 2598 666 2654 loco
698 2600 813 2668 ejus
845 2598 981 2654 alius
1013 2600 1255 2666 mittitur,
1292 2600 1381 2671 qui
1411 2600 1569 2655 tzedio
1615 2600 1776 2653 simili
1807 2598 2053 2664 affectus,

464 2695 639 2742 morte
669 2687 829 2741 beata
877 2687 1041 2742 finem
1089 2688 1340 2743 laborum
1395 2696 1447 2743 et
1485 2689 1609 2742 vitae
1657 2688 1866 2742 initium
1900 2688 2057 2742 citius

465 2774 691 2844 accepit.
724 2775 937 2845 Reliqui
968 2776 1105 2830 inter
1134 2776 1232 2829 ista
1264 2776 1456 2829 fratres
1479 2777 1641 2830 variis
1698 2775 2057 2846 perturbatio-

467 2878 595 2917 num
616 2863 869 2932 procellis
896 2864 1220 2918 unanimiter
1241 2864 1594 2919 ﬂuctuabant.
1617 2865 1729 2919 Rex
1760 2864 1876 2934 ipse
1898 2879 2060 2935 ange-

468 2951 623 3005 batur
668 2951 979 3007 medullitus
1009 2953 1079 3007 ad
1109 2954 1243 3009 hinc.
1279 2953 1452 3022 Coepit
1496 2968 1732 3023 namque
1771 2952 2059 3023 imaginari

461 3042 571 3108 jam
594 3048 643 3095 et
659 3040 948 3111 pertimere
968 3040 1132 3096 futuri
1150 3050 1330 3096 notam
1351 3041 1581 3109 ruboris,
1608 3058 1713 3113 qua
1734 3041 2056 3095 inurendum

468 3144 527 3183 se
555 3137 778 3184 noverat
809 3130 953 3200 apud
982 3139 1266 3201 magnates
1294 3130 1583 3184 multarum
1614 3130 1667 3184 in
1700 3129 1925 3185 circuitu
1959 3144 2057 3183 na-

466 3216 691 3281 tionum,
726 3217 771 3270 si
797 3226 975 3287 erepta
1003 3219 1141 3273 adeo
1174 3219 1429 3285 salubria,
1480 3218 1618 3273 adeo
1663 3218 1870 3273 cunctis
1902 3226 2055 3273 exte-

468 3305 544 3360 ris
570 3306 825 3376 gentibus
846 3305 1177 3371 favorabilia,
1204 3307 1539 3379 nequivisset
1576 3322 1980 3361 consummare.

538 3450 584 3503 A
613 3446 727 3503 viro
756 3449 919 3519 igitur
938 3458 1238 3505 memorato
1269 3466 1430 3519 super
1452 3449 1534 3504 his
1564 3449 1669 3504 tale
1700 3448 1905 3518 recepit
1927 3463 2058 3503 con-

469 3536 646 3590 silium
681 3551 692 3589 :
724 3537 791 3591 ab
847 3538 951 3603 bis,
985 3538 1174 3609 inquit,
1236 3538 1454 3593 domine
1510 3537 1586 3591 mi
1632 3553 1744 3601 rex,
1806 3536 2057 3592 ﬂuctibus

466 3624 626 3681 unico
656 3641 753 3681 vos
790 3635 844 3681 et
877 3626 1253 3683 eﬂicacissimo
1283 3626 1515 3681 liberare
1546 3626 1773 3696 potestis
1804 3624 2053 3679 consilio.

465 3714 563 3767 Est
592 3714 648 3768 in
676 3714 840 3769 domo
869 3715 1167 3770 Carthusire
1197 3715 1416 3786 quidam
1436 3716 1753 3781 monachus,
1785 3714 2054 3768 natalibus

468 3801 686 3872 quidem
718 3803 912 3869 clarus,
948 3804 1043 3858 sed
1066 3819 1275 3859 morum
1306 3803 1623 3858 strenuitate
1652 3802 1817 3873 longe
1837 3802 2061 3871 pracla-

467 3889 596 3955 rior,
630 3891 848 3945 nomine
878 3893 1036 3961 Hugo
1065 3892 1133 3946 de
1174 3892 1405 3947 Avalim.
1458 3892 1557 3945 llic
1604 3891 1752 3945 omni
1800 3889 2061 3943 virtutum

468 3982 651 4057 gratia
680 3980 984 4042 decoratus,
1021 3980 1095 4033 ita
1123 3988 1203 4034 est
1223 3980 1475 4033 omnibus
1506 3979 1597 4049 qui
1628 3995 1752 4033 eum
1795 3986 2060 4033 noverunt

470 4079 728 4143 acceptus
760 4077 813 4124 et
842 4068 1135 4140 gratiosus,
1159 4075 1215 4121 ut
1242 4075 1463 4136 aspectu
1496 4066 1612 4121 solo
1650 4067 1892 4121 omnium
1922 4066 1975 4119 in
2000 4083 2057 4121 se

468 4160 649 4233 rapiat
675 4157 922 4213 affectus.
976 4155 1078 4225 Qui
1109 4172 1237 4211 vero
1260 4155 1419 4210 etiam
1450 4156 1518 4208 ab
1548 4170 1640 4210 ore
1671 4156 1786 4222 ejus
1830 4155 2059 4210 verbum

468 4250 657 4305 audire
676 4254 973 4311 merentur,
998 4253 1257 4315 tanquam
1285 4243 1526 4298 divinum
1556 4260 1614 4298 se
1648 4244 1731 4297 vel
1752 4244 2058 4316 angelicum

2163 1732 2215 1777 et
2244 1724 2566 1789 dulcedinis,
2603 1723 2863 1794 quidquid
2892 1721 3354 1794 magnanimitatis
3387 1728 3441 1776 et
3494 1736 3757 1776 mansue-

2159 1812 2360 1866 tudinis
2415 1812 2470 1866 in
2511 1812 2692 1883 aliquo
2740 1811 3045 1867 mortalium
3100 1810 3299 1881 poterit
3330 1809 3577 1881 reperiri.
3609 1808 3757 1864 Nulli

2159 1902 2319 1969 hujus
2343 1916 2465 1955 esse
2502 1901 2717 1972 ingrata
2765 1899 3013 1956 vicinitas
3060 1898 3521 1955 aut'cobabitatio
3570 1898 3752 1963 valet;

2159 1991 2336 2044 nullus
2368 1992 2511 2045 hunc
2566 1989 2777 2059 vitabit,
2808 1999 2866 2043 ut
2905 1988 3304 2060 alienigenam;
3338 1987 3517 2042 nullus
3545 2001 3657 2041 non
3697 1993 3756 2039 ut

2158 2080 2351 2146 civem,
2408 2079 2590 2133 nullus
2630 2095 2740 2133 non
2796 2086 2855 2133 ut
2899 2076 3279 2143 domesticum,
3311 2084 3368 2130 ut
3423 2075 3667 2140 fratrem,
3701 2081 3759 2128 ut

2158 2168 2393 2222 amicum
2414 2168 2677 2236 intimum,
2711 2167 2863 2221 illum
2902 2165 3173 2236 respiciet.
3208 2165 3347 2221 Nam
3365 2171 3419 2219 et
3446 2164 3565 2234 ipse
3591 2178 3757 2218 omne

2158 2256 2454 2310 humanum
2505 2270 2680 2327 genus
2730 2270 2838 2309 non
2895 2253 3052 2309 aliter
3096 2268 3261 2323 quam
3307 2252 3533 2323 propria
3572 2258 3749 2305 atten-

2158 2344 2236 2397 dit
2265 2343 2495 2409 viscera,
2530 2343 2817 2398 universos
2864 2342 3111 2397 homines
3141 2339 3487 2413 amplectitur
3517 2348 3569 2393 et
3597 2337 3753 2392 fovet

2159 2431 2299 2485 ulnis
2344 2440 2395 2485 et
2440 2432 2652 2503 gremio
2679 2431 2853 2487 unicae
2892 2431 3187 2486 charitatis.

2230 2521 2356 2576 Haec
2389 2529 2441 2575 et
2470 2521 2525 2575 in
2551 2520 2694 2576 hunc
2731 2521 2951 2576 modum
2972 2519 3208 2591 plurima
3238 2519 3356 2590 ipse
3384 2518 3616 2573 dixerat.
3651 2519 3754 2573 Di-

2161 2610 2303 2665 centi
2363 2625 2578 2681 quoque
2629 2626 2725 2665 rex
2780 2609 3006 2663 multum
3084 2607 3422 2680 applaudens
3452 2617 3505 2662 et
3547 2608 3759 2679 gratias

2157 2714 2346 2769 agens,
2382 2698 2568 2770 dirigit
2615 2712 2777 2768 quam
2827 2696 3109 2752 celerrime
3152 2712 3279 2752 cum
3321 2695 3516 2752 litteris
3585 2696 3759 2766 regiis

2159 2786 2229 2841 ad
2258 2786 2478 2841 domum
2506 2794 2749 2841 sanctam
2773 2785 3073 2840 Carthusiaz
3118 2784 3458 2839 venerabiles
3517 2784 3749 2855 legatos,

2159 2874 2436 2929 dominum
2469 2873 2720 2929 videlicet
2758 2873 3121 2945 Reginaldum
3171 2876 3282 2942 (47)
3335 2872 3757 2927 Bathoniensem

2160 2963 2498 3033 episcopum,
2554 2962 2999 3035 cognominatum
3053 2961 3375 3026 Lumbracb,
3410 2969 3462 3016 et
3519 2975 3643 3015 cum
3690 2974 3758 3014 eo

2160 3051 2302 3106 viros
2334 3050 2595 3121 quosdam
2637 3060 2888 3105 strenuos
2932 3058 2985 3104 et
3027 3049 3339 3105 industrios.

2800 3237 3024 3292 CAPUT
3094 3237 3159 3291 II.

2162 3383 2418 3448 Qualiter
2438 3382 2635 3435 nuntii
2650 3379 2721 3433 ad
2746 3379 3105 3435 Carthasiam
3140 3381 3428 3435 veniente:
3468 3394 3637 3449 super
3657 3395 3756 3450 pc-

2232 3453 2433 3506 tz'tione
2464 3467 2569 3506 sua
2610 3452 2956 3505 invenerunt
2984 3453 3196 3521 fratre:
3242 3450 3755 3521 dissentientes.“

2230 3523 2415 3594 qualis
2443 3522 2886 3594 eratAscntentia
2916 3519 3095 3590 ἱρείας
3125 3521 3191 3575 de
3222 3519 3753 3594 ipsaicataudienda,

2231 3590 2285 3647 ἐι
2318 3592 2417 3648 ltoc
2446 3597 2531 3646 est
2564 3590 2694 3663 Cap.
2731 3595 2782 3657 3,
2821 3594 2883 3646 in
2912 3593 3058 3646 serie
3089 3590 3307 3662 magna:
3344 3593 3496 3646 Vitae.

2237 3716 2527 3771 Venientes
2558 3724 2733 3770 autem
2766 3715 2909 3786 regis
2948 3715 3113 3785 legati
3141 3716 3210 3769 ad
3269 3714 3631 3781 Carthusiam,
3670 3728 3763 3767 as-

2162 3813 2375 3874 sumpto
2405 3818 2591 3858 secum
2624 3802 2926 3859 venerabili
2958 3804 3069 3872 (48)
3106 3802 3612 3873 Gratianopolitano
3635 3802 3758 3872 epi-

2162 3908 2345 3962 SCOpO,
2382 3892 2553 3962 ipsius
2608 3892 2710 3947 loci
2760 3892 3089 3954 dioecesano,
3149 3891 3350 3946 litteras
3404 3890 3622 3945 Domini
3674 3889 3758 3944 sui

2162 3980 2327 4051 priori
2358 3989 2409 4035 et
2454 3980 2709 4035 fratribus
2758 3988 3113 4049 praesentatas
3165 3980 3526 4050 persuasoriis
3573 3978 3760 4033 verbis

2161 4068 2475 4139 suppliciter
2505 4076 2557 4122 et
2588 4077 2808 4122 strenue
2838 4075 3263 4139 prosequuntur.
3318 4067 3587 4121 Omnibus
3617 4082 3751 4121 vero

2160 4157 2227 4210 ad
2268 4156 2500 4227 primum
2530 4156 2859 4212 contristatis
2880 4155 3140 4222 auditum,
3166 4156 3319 4226 prior
3339 4170 3503 4226 quam
3522 4154 3756 4209 maxime

2161 4245 2527 4311 conturbatur,
2590 4245 3009 4316 procrastinatur
3053 4260 3239 4299 eorum
3270 4243 3574 4315 reSponsio,
3616 4259 3756 4298 con-

469 4338 709 4411 gaudent
739 4335 1020 4391 oraculum
1062 4334 1394 4405 percepisse.
1448 4334 1601 4387 Hunc
1658 4334 1703 4387 si
1761 4333 1975 4389 novella
2005 4334 2059 4409 in
2081 4326 2132 4385 D
2164 4333 2404 4389 scientiae
2445 4342 2499 4388 et
2527 4341 2648 4388 vota
2670 4349 2837 4403 super
2853 4332 3075 4404 negotio
3105 4332 3196 4386 tali
3228 4332 3589 4387 discutiuntur
3620 4332 3758 4386 inte-

540 4516 649 4581 (M)
675 4518 832 4576 Anno,
877 4518 929 4563 ut
966 4514 1175 4574 videtur,
1216 4516 1344 4563 H75
1384 4526 1469 4564 rex
1511 4514 1640 4581 enim
1666 4514 1901 4562 Henricus
1920 4513 2058 4581 juxta

469 4586 667 4643 Pagium
694 4584 742 4632 in
768 4582 949 4631 criticis
974 4582 1029 4629 ad
1057 4582 1245 4630 initium
1274 4582 1453 4630 mensis
1484 4580 1593 4629 Julii
1624 4591 1752 4628 anno
1784 4581 1907 4628 tl7t
1949 4580 2061 4627 visi-

470 4652 589 4702 tavit
614 4650 829 4700 tumbam
855 4648 950 4696 divi
977 4649 1177 4696 Thema:
1208 4667 1217 4694 :
1249 4651 1295 4696 et
1323 4648 1400 4696 illa
1451 4647 1665 4705 visitata,
1694 4645 1830 4705 juxta
1860 4646 2059 4695 Trivct-

470 4724 571 4769 tum
616 4720 663 4766 in
691 4716 947 4773 Chronico,
989 4715 1129 4764 rediit
1166 4715 1214 4763 in
1257 4714 1677 4763 Northmanniam.
1721 4714 1835 4761 Post
1874 4713 2057 4761 Pascha

467 4798 581 4835 vero
601 4784 745 4833 annui
777 4784 902 4831 1175
930 4795 941 4828 :
974 4782 1077 4830 Rex
1101 4782 1262 4830 senior
1286 4781 1453 4841 (verba
1475 4784 1585 4828 sunt
1606 4776 1839 4842 'l‘rivetti)
1863 4782 1912 4827 et
1936 4779 2059 4827 ﬁlius

470 4853 573 4913 ejus
600 4864 684 4901 rex
706 4850 888 4911 junior,
918 4849 964 4896 in
992 4848 1213 4908 Angliam
1240 4846 1599 4895 transfretavit.
1638 4866 1656 4887 ι

536 4935 638 4998 (45)
666 4935 773 4994 Vel,
814 4936 866 4981 ut
910 4933 958 4980 in
1001 4932 1263 4980 Monastico
1302 4931 1568 4991 Anglicano
1617 4930 1811 4991 legitur,
1854 4929 1903 4977 in
1946 4942 2062 4990 agro

468 5001 842 5052 Someisctensi.

537 5092 645 5157 (46)
669 5095 790 5141 Dum
816 5092 946 5154 prior
971 5092 1141 5153 primis
1178 5091 1224 5139 in
1270 5090 1486 5139 William
1533 5104 1591 5139 ex
1634 5087 2061 5157 Angliawrediitin

466 5155 865 5220 Carthusiam,et
889 5160 1011 5209 alter
1045 5158 1157 5207 inde
1184 5158 1294 5207 illuc
1339 5157 1514 5205 missus
1556 5158 1697 5206 citius
1745 5156 1881 5216 obiit,
1924 5155 2062 5203 facile

471 5228 731 5277 triennium
762 5226 901 5286 abiit,
951 5229 1212 5285 antequam
1256 5225 1389 5285 Hugo
1422 5224 1742 5273 Withamiam
1784 5224 2063 5271 mitteretur

479 5295 611 5356 prior
632 5294 826 5343 tertius.

536 5377 637 5441 (t7)
681 5377 887 5425 Baronio
953 5378 1096 5433 teste,
1126 5374 1418 5437 Reginaldus
1456 5387 1580 5423 anno
1626 5375 1753 5423 1175
1778 5375 2058 5436 designatus

465 5445 734 5506 episc0pus,
766 5445 1079 5491 consecratur
1111 5454 1237 5489 anno
1275 5442 1498 5502 sequenti
1524 5456 1549 5489 a
1575 5442 1625 5490 S.
1658 5442 1797 5489 Petro
1823 5442 2058 5490 Tarenta-

464 5505 635 5573 siensi,
663 5513 715 5560 ut
738 5509 891 5559 refert
934 5509 1267 5558 Henschenius
1310 5508 1359 5556 in
1399 5508 1605 5571 praelim.
1651 5507 1709 5557 ad
1734 5505 1836 5566 ejus
1877 5507 2056 5557 Vitam.

2160 4514 2247 4574 Qui
2270 4526 2379 4562 eum
2406 4526 2531 4563 anno
2558 4513 2686 4562 1178
2712 4513 2889 4563 missus
2913 4513 3059 4561 fuerit
3082 4512 3271 4573 legatus
3310 4513 3541 4562 adversus
3564 4511 3768 4560 lucreti-

2158 4594 2242 4629 cos
2267 4581 2546 4637 Tolosanos,
2577 4584 2625 4629 et
2648 4592 2773 4629 anno
2798 4580 3019 4640 sequenti
3045 4579 3322 4627 interfuerit
3344 4579 3545 4628 concilio
3564 4579 3766 4627 Latera-

2162 4648 2319 4705 nensi,
2349 4659 2441 4695 non
2469 4647 2674 4695 obscure
2702 4646 2961 4708 colligitur,
2994 4645 3129 4694 illum
3156 4646 3293 4693 circa
3320 4645 3465 4694 ﬁnem
3504 4657 3585 4693 an.
3632 4644 3761 4692 H77

2163 4713 2363 4762 missum
2386 4714 2532 4762 fuisse
2557 4714 2617 4762 ad
2642 4712 2949 4764 Carthusiam
2994 4725 3080 4773 pro
3121 4712 3406 4773 postulando
3452 4712 3501 4760 in
3543 4711 3761 4773 priorem

2163 4782 2378 4843 llugone.

2232 4907 2339 4973 (1:8)
2364 4911 2578 4958 Praeerat
2603 4922 2657 4958 eo
2683 4911 2900 4969 tempore
2932 4907 3229 4968 episcopatui
3268 4908 3479 4956 Joannes
3517 4919 3573 4956 ex
3601 4907 3763 4957 domi-

2164 4987 2333 5024 norum
2360 4976 2421 5024 de
2446 4977 2718 5037 Sassenage
2740 4974 3002 5035 propagine
3024 4976 3158 5022 ortus
3178 5013 3191 5035 ,
3209 4986 3270 5022 ex
3292 4974 3618 5023 Carthasiano
3642 4976 3769 5035 epis-

2162 5055 2328 5102 copus.
2356 5044 2423 5091 De
2449 5056 2542 5103 quo
2566 5044 2617 5091 in
2643 5042 2768 5091 serie
2808 5040 3140 5102 episcoporum
3183 5052 3241 5088 ex
3278 5040 3447 5089 ordine
3488 5044 3766 5102 assumpto-

2163 5121 2264 5157 rum
2288 5109 2353 5157 ita
2377 5110 2607 5158 scribitur
2634 5127 2645 5155 :
2686 5129 2705 5149 ε
2735 5109 2790 5155 D.
2817 5108 3027 5155 Joannes
3052 5118 3109 5155 ex
3135 5106 3459 5155 Carthusiano
3506 5108 3766 5169 cpiscopus

2160 5172 2870 5237 Gratianopolitanus,optimis
2893 5172 3105 5221 moribus
3141 5172 3272 5221 domi
3317 5174 3531 5234 forisque
3567 5178 3765 5233 specta-

2162 5245 2259 5300 tus,
2287 5243 2346 5290 ab
2367 5254 2492 5290 anno
2516 5243 2644 5291 1165
2663 5252 2817 5301 usque
2842 5240 2902 5288 ad
2928 5240 3133 5288 Kalend.
3163 5239 3313 5299 Junii,
3359 5252 3450 5299 qua
3487 5240 3566 5287 die
3614 5241 3767 5289 ςωιοδ

2158 5320 2285 5356 anno
2314 5308 2443 5357 1194
2464 5309 2617 5357 addit.
2646 5324 2664 5353 »
2706 5306 2870 5356 Abbas
2894 5306 3123 5355 Morotius
3170 5306 3231 5355 de
3260 5306 3386 5355 illius
3430 5306 3579 5364 obitu,
3614 5319 3763 5365 quem

2159 5375 2217 5422 ad
2244 5387 2396 5424 annos
2416 5376 2576 5436 plures
2620 5373 2805 5433 differt,
2848 5374 2953 5422 haec
2992 5372 3201 5421 scribit:
3242 5394 3259 5412 -
3289 5372 3499 5422 Subinde
3536 5373 3769 5421 aetatibus

2161 5441 2260 5489 suis
2286 5442 2512 5503 expletis,
2541 5440 2865 5503 placidissima
2913 5439 3024 5487 vita:
3068 5439 3298 5501 clausula,
3347 5451 3454 5488 sese
3478 5439 3539 5488 ad
3563 5440 3770 5489 aeterni-

2164 5510 2316 5557 tatem
2342 5509 2631 5570 composuit.
2666 5528 2683 5556 ν
