3972 6052
238 195 341 246 965

1589 189 1774 244 VlTA.
1815 213 1883 224 —-—
1922 186 2051 241 LIB.
2101 191 2172 243 Il.

3437 195 3539 247 666

242 315 340 368 rim
373 315 727 388 singulorum.
760 316 911 370 Prior
940 315 1146 386 primus
1177 315 1421 386 petitioni
1451 315 1666 385 penitus
1697 327 1832 367 con-
1855 309 1908 367 A
1938 311 2172 384 denique
2203 315 2256 368 in
2288 329 2388 368 sua
2403 315 2662 384 petitione
2695 315 3069 384 exaudiantur,
3093 324 3149 370 ut
3177 316 3452 387 gaudeant
3482 334 3540 373 se

241 403 474 468 tradicit,
509 413 559 458 et
590 403 820 458 fratrum
851 403 905 457 in
937 404 1156 458 diversa
1188 404 1419 458 variatur
1457 402 1740 457 sententia.
1775 401 1843 454 Hi

242 491 406 546 talem
457 491 653 559 virum,
689 500 741 546 et
771 492 1110 546 universitati
1157 492 1361 546 ordinis
1395 494 1506 560 (49)
1536 491 1674 545 adeo
1706 506 1840 560 pro-

244 578 500 644 futurum,
533 580 586 633 in
621 589 729 633 tam
760 588 963 635 remota
994 581 1112 635 loca
1143 580 1305 652 dirigi
1338 580 1642 634 nullatenus
1673 594 1842 648 opor-

247 675 360 722 tere
391 669 665 723 dicebant.
700 669 823 736 Alii,
854 685 1085 740 quorum
1116 686 1254 723 unus
1283 669 1533 724 dominus
1556 668 1668 737 (50)
1697 669 1842 721 Bovo

247 755 343 810 fuit
374 758 556 827 (quem
603 765 793 827 postea
837 757 1073 827 priorem
1122 757 1432 813 Withamim
1480 757 1595 811 huic
1645 756 1842 826 smpius

244 844 566 899 referentem
611 845 938 916 audivimus)
971 861 1003 900 a
1034 847 1148 900 Deo
1179 846 1373 900 exiisse
1421 845 1648 900 verbum
1699 844 1844 915 regis

247 933 580 999 asserebant,
629 949 730 988 nec
789 941 963 988 tutum
1009 935 1387 989 contradicere
1427 950 1549 988 esse
1595 932 1844 1003 plurimis

246 1021 545 1075 rationibus
595 1020 917 1076 edocebant.
957 1043 977 1072 ι
1014 1023 1142 1089 Vos,
1190 1023 1361 1093 inquit
1405 1024 1568 1086 Bovo,
1624 1020 1845 1076 nescitis

248 1108 562 1180 quidquam,
614 1125 715 1163 nec
765 1110 1037 1181 cogitatis,
1086 1110 1214 1181 quia
1263 1125 1498 1180 superna
1562 1107 1844 1179 dispositio

249 1196 377 1252 facit
408 1197 524 1252 hazc
553 1199 731 1251 omnia
762 1206 816 1251 ut
839 1199 1048 1252 ordinis
1077 1199 1234 1268 hujus
1265 1198 1520 1254 sanctitas
1542 1214 1641 1268 per
1670 1197 1844 1252 virum

248 1294 494 1340 sanctum
522 1303 694 1356 usque
727 1286 780 1339 in
811 1303 1096 1356 supremos
1139 1287 1322 1340 mundi
1374 1288 1573 1341 limites
1601 1285 1845 1356 splendi-

251 1371 373 1428 dius
404 1375 694 1429 elucescat.
729 1374 836 1428 Sed
868 1391 1044 1445 neque
1074 1375 1272 1445 putetis
1301 1375 1450 1428 illum
1482 1375 1572 1428 diu
1601 1375 1701 1428 sub
1733 1390 1846 1427 mo-

248 1460 339 1516 dio
371 1461 705 1517 latebrarum
751 1471 1058 1517 nostrarum
1106 1479 1270 1533 posse
1318 1463 1579 1518 cohiberi.
1631 1462 1846 1517 Credite

248 1564 384 1604 mere
431 1550 704 1620 parvitati,
738 1550 877 1604 inter
904 1551 1177 1620 praecipua
1224 1551 1482 1606 Ecclesize
1529 1558 1730 1606 sanctae
1760 1550 1846 1603 Iu-

1942 401 2142 470 utilius,
2177 419 2341 473 quam
2371 403 2658 474 petierunt,
2695 404 2997 458 exauditos.
3041 428 3060 452 ιι

2567 564 2793 618 CAPUT
2825 565 2914 617 lU.

1949 687 2205 753 Qualiter
2235 689 2460 742 demum
2488 688 2780 741 obtentum
2811 693 2912 751 est,
2948 692 3012 741 ut
3061 688 3243 741 adiret
3275 688 3539 757 Angliam

2015 759 2163 827 [Iugo
2196 759 2265 811 ad
2297 775 2480 827 regem
2502 761 2772 829 _ven£ens,
2811 763 2866 812 et
2894 759 3144 829 qualiter
3180 759 3543 813 ll’t’thamiam

2015 845 2143 882 cum
2177 829 2381 883 honore
2411 827 2682 884 deductus
2711 831 2806 882 sit.

2017 933 2159 988 Licet
2191 942 2370 987 autem
2402 934 2520 989 haec
2565 951 2686 1004 quae
2717 933 2997 1004 praemissa
3048 942 3189 998 sunt,
3225 952 3320 990 seu
3353 943 3405 989 et
3436 936 3543 990 alia

1945 1035 2044 1091 pro
2076 1023 2158 1075 sui
2190 1023 2533 1077 excusatione
2573 1022 2855 1076 instantius
2886 1023 3045 1093 Hugo
3093 1031 3538 1094 prosequeretur,

1946 1110 2156 1164 interna
2181 1118 2358 1164 tamen
2388 1111 2740 1181 dispositione
2764 1119 2954 1166 cuncta
2985 1112 3225 1166 suaviter
3250 1113 3543 1166 moderan-

1946 1198 2012 1252 tis
2041 1199 2321 1267 sapientite
2351 1199 2470 1264 Dei,
2505 1199 2810 1252 nullatenus
2842 1200 3012 1269 potuit
3041 1208 3200 1253 nutus
3230 1200 3314 1254 sui
3345 1199 3540 1255 effectu

1946 1287 2167 1357 privari.
2203 1287 2310 1340 Sed
2341 1303 2441 1340 nec
2472 1287 2666 1356 prioris
2697 1287 2915 1356 quidem
2947 1288 3324 1357 patrocinium,
3359 1290 3543 1360 Hugo-

1947 1391 2071 1428 nem
2101 1375 2334 1428 retinere
2365 1375 2652 1444 cupientis,
2679 1375 2727 1428 ei
2759 1384 2940 1429 contra
2970 1376 3357 1444 dispositarum
3377 1393 3407 1429 a
3429 1377 3544 1430 Deo

1948 1479 2128 1516 rerum
2158 1463 2405 1517 ordinem
2449 1471 2661 1532 poterat
2705 1463 3015 1533 suffragari.
3070 1464 3360 1536 Utriusque
3412 1480 3544 1518 vero

1949 1551 2326 1615 contradictio,
2360 1560 2412 1606 et
2461 1551 2655 1622 prioris
2699 1551 2953 1605 videlicet
3001 1560 3052 1605 et
3101 1552 3364 1621 Hugonis,
3416 1553 3544 1606 dum

250 1637 477 1691 minaria
504 1638 680 1708 ipsum
714 1639 768 1692 in
799 1639 946 1720 brevi
977 1639 1206 1692 audietis
1251 1657 1416 1710 super
1459 1638 1846 1695 candelabrum
1869 1659 1922 1720 B
1952 1639 2257 1695 nescienter
2284 1640 2472 1694 nititur
2517 1639 2793 1710 refragari,
2847 1639 3188 1709 compellitur
3236 1641 3548 1695 necessario

252 1725 608 1781 ecclesiastici
640 1712 919 1798 regiminis
951 1727 1251 1782 sublimari.
1285 1727 1497 1782 Dudum
1543 1728 1686 1782 enim
1718 1727 1848 1781 mihi

251 1814 539 1868 virtutibus
562 1815 720 1886 Hugo
739 1815 1028 1885 episcopus
1051 1817 1164 1887 (51)
1187 1817 1364 1886 potius
1386 1817 1533 1871 visus
1557 1824 1658 1883 est,
1684 1832 1848 1887 quam

251 1903 549 1957 monachus
578 1903 868 1957 exstitisse.
908 1924 930 1952 ι
1359 1967 1364 1972 η

325 1991 631 2045 Postulatus
674 1991 894 2046 demum
942 1992 1098 2063 llugo
1149 2009 1315 2063 super
1361 1995 1478 2048 hmc
1514 2009 1666 2047 suam
1715 2009 1849 2063 pro-

251 2077 392 2133 ferre
441 2079 780 2144 sententiam,
831 2088 884 2134 et
915 2096 1068 2134 suam
1106 2081 1321 2150 aperire
1369 2081 1716 2150 voluntatem,
1783 2083 1850 2135 ita

252 2166 408 2220 citius
442 2167 556 2220 ait:
594 2191 615 2214 «
650 2167 922 2223 Voluntati
967 2185 1103 2223 mem
1156 2186 1319 2239 super
1361 2178 1500 2223 statu
1550 2185 1670 2224 meo
1719 2170 1851 2223 nihil

252 2255 465 2325 penitus
499 2272 782 2311 reservare
809 2256 916 2324 jam
951 2257 1160 2327 pridem
1190 2257 1414 2313 edoctus
1446 2257 1539 2312 fui.
1575 2257 1719 2324 Quid
1749 2274 1846 2312 au-

255 2351 361 2398 tem
395 2343 462 2399 de
491 2344 575 2397 his
605 2361 733 2399 vere
766 2345 1015 2410 sentiam,
1049 2346 1217 2400 libere
1263 2363 1546 2416 exponam.
1584 2347 1642 2400 In
1672 2347 1852 2401 medio

254 2439 450 2486 vestrae
500 2433 799 2487 sanctitatis
861 2434 1049 2487 tandiu
1114 2444 1483 2501 conversatus,
1534 2436 1755 2490 monitis
1803 2443 1856 2489 et

255 2520 515 2589 exemplis
539 2521 736 2574 vestris
758 2521 813 2574 in
835 2529 1040 2575 tantum
1063 2521 1297 2590 adjutus,
1325 2539 1603 2595 nunquam
1621 2523 1707 2580 vel
1757 2540 1855 2594 per

255 2624 422 2662 unum
464 2609 608 2664 diem
656 2609 896 2663 animam
943 2627 1117 2665 meam
1170 2611 1444 2666 custodire
1493 2612 1644 2667 scivi.
1701 2613 1854 2668 Unde

253 2696 442 2762 miror,
478 2698 750 2768 quomodo
780 2697 834 2751 in
867 2698 1128 2768 sapientis
1155 2699 1384 2767 alicujus
1407 2700 1647 2754 animum
1671 2716 1857 2755 ascen-

253 2783 424 2848 deret,
459 2784 604 2856 quod
651 2784 720 2839 ad
765 2785 995 2840 aliorum
1043 2787 1317 2857 regendas
1369 2788 1577 2843 animas
1626 2806 1725 2859 per
1769 2805 1856 2844 me

254 2873 430 2943 ipsum
461 2872 600 2927 mitti
620 2873 836 2945 longius
859 2875 1192 2930 debuissem.
1226 2876 1474 2944 Qualiter
1505 2893 1631 2932 vero
1660 2893 1857 2932 novam

254 2961 475 3017 domum
508 2962 785 3016 instituere
819 2963 1144 3032 suﬂicerem,
1181 2965 1273 3035 qui
1321 2967 1665 3037 antiquorum
1698 2966 1858 3021 insti-

254 3057 367 3104 tuta
396 3066 614 3105 servare
643 3050 910 3121 nequivi?
937 3053 1171 3106 Puerilia
1203 3061 1324 3107 sunt
1368 3055 1471 3108 ista
1500 3071 1620 3124 quas
1663 3056 1846 3121 audio,

253 3154 355 3194 nec
404 3138 808 3194 deliberationis
856 3148 1015 3195 tantm
1073 3141 1266 3211 spatio,
1318 3141 1470 3196 salvo
1531 3143 1851 3198 reverentiae

253 3234 448 3282 vestra:
478 3227 836 3297 beneplacito,
863 3227 1202 3299 aliquatenus
1224 3229 1408 3300 digna.
1434 3229 1665 3284 Omissis
1686 3231 1852 3302 igitur

254 3316 323 3370 de
353 3323 553 3370 caetero
585 3315 779 3369 talibus
810 3331 944 3371 cura
973 3324 1026 3370 et
1055 3317 1333 3389 negotium
1362 3318 1594 3372 arduum
1626 3318 1714 3384 sit,
1752 3335 1854 3374 nec

253 3405 465 3474 patiens
513 3403 806 3469 dilationis,
843 3413 1133 3476 vestraque
1164 3406 1374 3461 intersit
1401 3406 1633 3462 solerter
1663 3408 1852 3477 provi-

256 3492 408 3557 dere,
443 3509 512 3547 ne
543 3491 689 3562 regis
718 3493 860 3547 illius
891 3502 1068 3564 coepta
1099 3494 1168 3548 ad
1199 3495 1502 3564 periculum
1552 3495 1854 3550 animarum

255 3596 320 3636 ac
349 3581 557 3635 ordinis
587 3581 758 3636 sancti
789 3581 1026 3636 dedecus
1056 3583 1391 3653 protelentur
1419 3583 1621 3638 diutius
1650 3584 1853 3654 imper—

256 3668 416 3725 fecta.
452 3672 494 3723 li
523 3669 698 3736 vobis,
741 3678 833 3723 aut
863 3687 927 3725 ex
977 3672 1189 3725 caeteris
1239 3672 1490 3726 domibus
1521 3673 1732 3739 vestris,
1771 3673 1854 3727 vi-

256 3774 374 3812 rum
403 3759 711 3829 quempiam
743 3759 813 3812 ad
844 3760 948 3815 hoc
968 3775 1104 3830 opus
1135 3760 1388 3816 idoneum
1423 3761 1626 3833 eligite,
1651 3770 1703 3816 et
1735 3778 1855 3817 cum

258 3845 376 3900 istis
404 3846 615 3901 mittite.
653 3847 792 3901 Viris
824 3856 1006 3903 autem
1038 3848 1173 3916 istis,
1208 3857 1464 3921 tanquam
1497 3850 1853 3920 sapientibus,

257 3941 309 3989 et
340 3951 436 3990 vos
466 3935 742 4005 sapienter
770 3937 1118 4007 respondete,
1154 3938 1292 3992 velle
1324 3955 1422 3992 vos
1453 3955 1640 3993 eorum
1672 3947 1856 3994 votum

257 4022 473 4090 melius,
508 4039 673 4094 quam
704 4023 808 4094 ipsi
838 4024 1127 4094 postulant,
1154 4025 1474 4097 adimplere,
1508 4028 1857 4099 assignantes

259 4110 358 4177 eis,
391 4127 502 4166 non
530 4128 711 4183 quem,
745 4120 929 4182 utpote
979 4113 1213 4183 decepti,
1268 4115 1365 4169 sed
1412 4115 1647 4186 qualem,
1682 4123 1739 4169 ut
1764 4133 1857 4170 re-

255 4199 437 4271 ligiosi
466 4207 518 4254 et
547 4199 786 4269 discreti,
824 4209 1088 4271 quaerunt.
1132 4202 1253 4256 Non
1303 4203 1520 4274 expedit
1567 4204 1710 4259 enim
1757 4204 1858 4258 de-

256 4295 442 4357 ceptos
486 4289 540 4341 in
587 4304 824 4358 persona
874 4289 1128 4359 postulati
1177 4290 1533 4346 inconsultius
1590 4292 1856 4360 exaudiri,

256 4371 385 4442 quia
413 4372 590 4443 decipi
619 4372 674 4427 in
705 4373 960 4443 qualitate
988 4389 1239 4444 persona:
1269 4391 1370 4430 nec
1400 4375 1502 4446 ipsi
1527 4375 1732 4430 volunt.
1769 4376 1856 4431 Sic
1879 4365 1932 4426 D

326 4548 436 4613 (49)
464 4553 536 4603 Ex
561 4553 637 4602 his
662 4553 921 4615 colligitur,
940 4553 1063 4616 quod
1084 4555 1257 4617 Guigo,
1281 4555 1398 4604 tunc
1420 4556 1550 4617 prior
1566 4555 1858 4616 Carthusite,

256 4618 335 4678 qui
365 4619 708 4681 meditabatur,
736 4620 808 4668 uti
833 4623 882 4669 et
907 4621 1046 4682 paulo
1075 4625 1182 4681 post
1223 4622 1358 4681 fecit,
1389 4623 1639 4682 resignare
1671 4635 1861 4685 priora-

255 4685 346 4745 tui,
371 4685 579 4734 voluerit
602 4687 737 4736 illum
764 4699 857 4735 una
899 4700 1009 4737 cum
1034 4689 1317 4748 gener-alata
1343 4688 1394 4737 in
1434 4693 1656 4739 nostrum
1698 4691 1858 4749 llugo—

255 4763 369 4799 nem
392 4753 680 4801 transferre.
711 4753 845 4802 Unde
881 4765 969 4802 nec
997 4755 1191 4810 mirum.
1228 4755 1269 4803 si
1303 4755 1572 4814 legatorum
1616 4756 1856 4819 petitioni,

256 4820 488 4892 quantum
514 4819 688 4880 potuit,
714 4819 963 4881 restiterit,
987 4833 1096 4882 nec,
1127 4820 1217 4870 nisi
1245 4824 1461 4883 coactus,
1505 4835 1612 4872 eum
1651 4836 1678 4871 a
1703 4835 1755 4871 se
1779 4823 1857 4872 di-

257 4884 470 4933 miserit.

327 4966 434 5028 (50)
462 4968 550 5016 Hic
574 4973 648 5018 est
673 4969 753 5018 ille
781 4970 930 5029 Bovo,
971 4970 1050 5031 qui
1097 4971 1284 5031 Hugoni
1330 4971 1377 5020 in
1405 4972 1623 5033 prioratu
1663 4972 1856 5022 Witha-

255 5034 438 5082 mensis
459 5035 733 5084 Carthusite
761 5036 993 5085 successit
1023 5056 1033 5084 :
1064 5041 1112 5086 et
1137 5038 1212 5087 cui
1237 5038 1394 5097 Guigo
1419 5039 1616 5100 exprior
1639 5040 1854 5089 Carthu-

257 5100 342 5168 site
372 5120 393 5168 ᾳ
423 5101 710 5168 Turdulum
730 5102 790 5150 de
809 5103 1163 5164 quadripartito
1182 5104 1315 5153 cella:
1331 5105 1585 5168 exercitio,
1616 5123 1634 5152 υ
1672 5119 1698 5155 a
1726 5106 1856 5155 Chir-

257 5167 420 5215 ﬂectio
441 5168 492 5216 S.
521 5168 564 5216 ⁴1.
592 5167 795 5229 editum,
825 5169 1125 5232 inscripsisse
1149 5171 1381 5220 creditur.

330 5250 586 5319 (5})‘Esse
601 5252 781 5319 iterata
806 5253 866 5302 de
889 5253 1048 5303 futuro
1067 5255 1282 5317 Hugonis
1328 5256 1611 5318 episcopatu
1646 5258 1855 5319 pracdic-

259 5316 348 5385 tio,
376 5316 538 5367 Prima
559 5318 643 5366 lib.
672 5333 707 5378 ι,
736 5332 778 5369 c.
833 5320 884 5381 9,
927 5321 1055 5370 facta
1081 5334 1109 5371 a
1134 5316 1271 5382 sene,
1317 5335 1419 5384 prae
1455 5316 1599 5372 astate
1645 5316 1854 5385 parietes

257 5383 393 5431 cellte
417 5395 515 5433 sua:
537 5397 772 5446 nusquam
819 5387 1104 5447 deserente;
1133 5389 1286 5438 altera
1321 5383 1359 5437 'a
1388 5389 1597 5446 Bovone,
1646 5383 1726 5450 qui
1757 5391 1851 5440 ali-

258 5453 376 5509 quot
394 5453 508 5512 post
549 5463 703 5502 annos
728 5465 754 5502 e
780 5453 901 5503 cella
951 5453 1000 5502 in
1048 5455 1272 5518 Angliam
1313 5455 1524 5515 transiit,
1577 5455 1854 5520 ibidemque

1950 1729 2198 1782 famulari
2227 1729 2470 1798 operanti
2519 1728 2862 1782 invisibiliter
2907 1729 3192 1796 majestati.
3247 1730 3404 1796 Nam,
3440 1745 3548 1800 quo

1950 1816 2285 1887 pertinacius
2314 1817 2462 1886 prior
2493 1816 2797 1881 resistebat,
2832 1824 2884 1870 et
2913 1833 3019 1887 quo
3063 1817 3346 1870 instantius
3391 1819 3549 1889 Hugo

1952 1922 2010 1960 se
2041 1906 2109 1960 ad
2147 1906 2251 1959 hoc
2289 1905 2701 1960 insuﬂicientem
2741 1905 3040 1970 asserebat,
3084 1922 3148 1959 eo
3174 1907 3549 1960 vehementius

1953 1994 2192 2064 episcOpi
2221 2002 2518 2063 prtesentes
2548 2009 2672 2048 cum
2703 1994 2816 2047 suis
2859 1993 3315 2058 consiliatoribus,
3343 1995 3550 2062 junctis

1952 2082 2172 2136 tandem
2204 2081 2307 2134 sibi
2338 2082 2662 2152 quibusdam
2711 2081 2938 2135 fratrum
2985 2083 3054 2136 de
3104 2091 3373 2137 conventu
3420 2092 3550 2137 natu

1952 2171 2267 2238 majoribus,
2300 2178 2354 2223 ut
2386 2169 2559 2232 fieret,
2595 2170 2736 2240 quod
2784 2186 2875 2224 rex
2908 2178 3088 2224 tantus
3137 2171 3386 2240 petierat,
3419 2188 3550 2241 per-

1953 2259 2239 2330 urgebant.
2273 2257 2418 2326 Quid
2445 2258 2603 2328 plura
2626 2259 2654 2312 ‘2
2684 2258 2932 2311 Fratrum
2977 2258 3196 2313 tandem
3230 2259 3554 2314 universitas

1954 2362 2077 2402 cum
2106 2346 2383 2417 precibus,
2418 2357 2528 2400 tum
2561 2354 2612 2400 et
2644 2346 2946 2400 rationibus
2977 2362 3166 2401 eorum
3197 2347 3288 2418 qui
3321 2348 3556 2403 advene-

1953 2443 2074 2489 rant
2103 2435 2244 2490 victa
2273 2435 2583 2505 petentibus
2613 2435 2775 2490 cedit.

2030 2525 2186 2595 llugo
2205 2539 2332 2578 vero
2354 2523 2622 2578 assentire
2644 2524 2922 2596 ﬂagitatus
2953 2541 2984 2578 a
2999 2525 3227 2590 cunctis,
3245 2526 3297 2579 in
3315 2526 3555 2596 priorem

1957 2628 2079 2666 cum
2111 2611 2258 2665 aliud
2289 2627 2395 2666 non
2425 2620 2628 2681 posset,
2662 2613 2988 2666 transfundii
3021 2613 3365 2668 sententiam.
3399 2614 3554 2670 Scie-

1957 2701 2049 2754 bat
2096 2702 2237 2754 enim
2271 2699 2325 2753 id
2358 2700 2462 2754 sibi
2491 2701 2558 2753 ab
2589 2700 2680 2754 illo
2725 2701 2815 2771 qui
2846 2718 2971 2755 eum
3019 2710 3074 2755 ut
3117 2702 3352 2756 animam
3401 2718 3556 2757 suam

1955 2787 2228 2858 diligeret,
2263 2797 2314 2842 et
2334 2804 2364 2842 a
2387 2804 2445 2842 se
2475 2788 2782 2842 nullatenus
2814 2789 3061 2860 elongari
3092 2798 3324 2859 Optaret,
3358 2791 3442 2846 vix
3467 2799 3558 2845 aut

1956 2893 2235 2947 nunquam
2266 2877 2476 2948 injungi
2506 2893 2688 2947 posse.
2723 2876 2896 2945 Quem
2929 2879 3148 2932 monitis
3179 2879 3422 2949 episcopi
3453 2881 3553 2946 sui,

1957 2973 2275 3020 cunctorum
2305 2965 2468 3019 etiam
2491 2965 2854 3034 gemebundis
2885 2966 3161 3036 precibus,
3182 2967 3273 3036 qui
3304 2967 3553 3034 aderant,

1962 3053 2359 3123 interpellatum
2393 3054 2469 3107 sic
2519 3054 2704 3108 dicunt
2734 3055 2813 3108 eis
2863 3054 2953 3125 qui
2982 3054 3280 3109 intererant
3325 3072 3558 3126 respon-

1909 3190 1915 3194 .
1965 3142 2148 3195 disse:
2188 3165 2209 3187 «
2246 3142 2386 3195 Vivit
2417 3141 2715 3195 Dominus!
2752 3158 3029 3213 nunquam
3059 3142 3160 3196 iste
3193 3145 3370 3198 sermb
3401 3161 3561 3214 egre-

1965 3229 2140 3283 dietur
2170 3246 2234 3283 ex
2267 3245 2361 3284 ore
2392 3246 2535 3296 meo,
2563 3245 2669 3300 quo
2696 3230 2918 3298 jubeam
2949 3232 3234 3301 Hugonem
3265 3249 3442 3286 meam
3475 3249 3562 3287 se-

1965 3325 2234 3372 nectutem
2273 3318 2386 3388 (33'2)
2436 3318 2693 3372 deserere
2737 3335 2940 3389 suaque
2991 3319 3305 3375 dulcissima
3335 3329 3387 3375 et
3429 3338 3560 3391 per-

1965 3406 2271 3460 necessaria
2303 3407 2592 3476 praesentia
2624 3407 2962 3461 Carthusiam
3003 3407 3244 3463 viduare.
3283 3430 3304 3458 ι
3338 3408 3444 3476 Qui
3473 3410 3561 3463 ni-

1965 3494 2073 3548 mia
2099 3495 2503 3564 importunitate
2543 3495 2915 3550 universorum
2965 3497 3183 3550 tandem
3233 3498 3476 3563 obrutus,
3512 3506 3564 3552 et

1966 3582 2096 3653 quid
2141 3583 2346 3638 faceret
2393 3599 2621 3653 prorsus
2652 3600 2762 3638 non
2810 3583 3113 3650 inveniens,
3166 3601 3462 3641 conversus
3491 3587 3563 3640 ad

1965 3671 2254 3725 Dominum
2323 3671 2880 3742 Gratianopolitanum
2929 3673 3047 3726 ait:
3087 3694 3108 3722 α
3157 3675 3278 3728 Jam
3345 3674 3562 3744 quidem

1965 3766 2140 3812 ratum
2171 3767 2253 3814 est
2284 3759 2427 3830 quod
2457 3760 2524 3813 de
2545 3776 2631 3814 me
2660 3760 2769 3814 dixi
2796 3779 2808 3814 :
2834 3762 3166 3832 Hugonema
3189 3779 3274 3816 me
3307 3778 3411 3816 vox
3442 3778 3565 3816 mea

1966 3856 2058 3901 aut
2091 3864 2243 3901 mens
2277 3864 2398 3902 mea
2430 3864 2708 3919 nunquam
2740 3849 3058 3904 removebit.
3093 3851 3169 3904 Tu
3195 3850 3308 3918 jam
3340 3851 3560 3916 videris,

1966 3943 2019 3989 tu
2051 3936 2342 4006 episcopus
2364 3943 2550 3991 noster
2579 3953 2658 4004 es,
2680 3946 2734 3991 tu
2767 3947 2924 4008 pater
2944 3937 3058 4005 (53)
3090 3946 3139 3992 et
3158 3938 3318 3994 frater
3337 3947 3523 3994 noster
3549 3955 3560 3992 :

1965 4025 2009 4078 si
2040 4024 2090 4079 ei
2121 4025 2224 4080 hoc
2254 4025 2527 4096 injungas,
2558 4027 2602 4080 si
2633 4027 2941 4096 praecipias,
2967 4043 3070 4099 ego
3100 4043 3207 4082 non
3233 4028 3563 4094 contradico,

1963 4127 2073 4167 non
2104 4115 2320 4168 resisto.
2353 4140 2372 4160 υ
2402 4115 2514 4168 Nec
2546 4115 2704 4184 plura
2733 4115 2941 4170 locutus
2966 4115 3076 4183 jam
3108 4132 3295 4171 vocem
3326 4117 3454 4170 ﬂetu
3485 4117 3566 4170 in-

1964 4209 2351 4272 terrumpente,
2375 4202 2629 4271 lacrymis
2658 4203 2993 4274 indulgebat,
3019 4203 3214 4273 quibus
3246 4204 3440 4258 mentis
3471 4219 3567 4260 an-

1964 4289 2065 4342 xiae
2090 4289 2286 4343 leniret
2315 4289 2579 4344 dolorem.

2034 4377 2262 4431 Videres
2285 4378 2397 4444 jam
2429 4393 2526 4447 per
2555 4393 2652 4432 ora
2685 4387 3000 4433 cunctorum
3018 4379 3163 4434 rivos
3194 4380 3362 4436 ﬂuere
3392 4381 3569 4452 lacry-

1962 4554 2148 4624 Hugoni
2173 4555 2221 4604 in
2248 4556 2466 4624 prioratu
2509 4556 2763 4618 successit,
2808 4559 2857 4607 ct
2903 4558 2963 4608 ad
3007 4573 3188 4610 annum
3238 4575 3386 4624 usque
3443 4561 3566 4612 1200

1963 4621 2120 4671 cidem
2147 4622 2368 4684 przefuit.

2032 4704 2141 4769 (52)
2185 4707 2329 4756 Senio
2354 4708 2502 4770 igitur
2531 4709 2844 4768 gravabatur,
2875 4712 2954 4772 qui
2995 4716 3109 4760 tunc
3137 4713 3268 4772 prior
3294 4716 3400 4762 erat
3440 4714 3554 4762 Car-

1961 4774 2154 4831 thusire,
2184 4786 2278 4822 non
2306 4775 2528 4835 Basilius,
2556 4780 2610 4824 ut
2656 4776 2810 4824 refert
2837 4777 3124 4839 Dorlandus,
3150 4782 3315 4840 utpote
3360 4783 3568 4840 quatuor

1958 4845 2039 4889 aut
2066 4840 2275 4902 quinque
2303 4841 2362 4889 ab
2408 4843 2520 4891 hinc
2546 4842 2688 4891 annis
2733 4846 2969 4905 mortuus,
3016 4857 3105 4892 nec
3143 4845 3442 4905 Jancclinus,
3474 4846 3566 4894 hoc

1959 4907 2360 4974 temporeadlute
2385 4912 2604 4971 vegetus,
2633 4909 2713 4969 qui
2764 4910 2962 4969 triginta
2990 4910 3144 4974 tribus
3169 4911 3308 4959 annis
3335 4913 3443 4972 post
3468 4912 3571 4960 Hu-

1957 4985 2130 5032 gonem
2155 4972 2296 5022 obiit.
2325 4975 2421 5024 Sed
2445 4975 2597 5035 Guigo
2635 4975 2768 5037 prior
2794 4977 2980 5025 medius
3004 4972 3134 5025 inter
3155 4977 3299 5026 istum
3323 4980 3369 5026 et
3416 4978 3566 5040 hunc,

1958 5040 2101 5089 homo
2129 5040 2324 5088 omnino
2351 5053 2519 5102 senex,
2548 5046 2596 5091 et
2643 5042 2734 5103 bis,
2771 5046 2821 5091 ut
2867 5043 3074 5099 videtur,
3108 5043 3241 5104 prior
3275 5044 3566 5106 Carthusite,

1957 5118 2044 5154 nec
2067 5106 2432 5221 distitttguendus
2456 5109 2515 5156 ab
2542 5110 2741 5169 Hugone
2767 5147 2781 5170 ,
2807 5108 2885 5170 qui
2913 5109 3146 5171 regimine
3171 5111 3222 5159 S.
3252 5111 3566 5160 Anthelmum

1957 5185 2184 5221 nrzecesm
2223 5210 2234 5220 .

1955 5185 2209 5233 prtecessu
2223 5210 2234 5220 .

2026 5256 2133 5318 (55)
2163 5260 2324 5319 Pater,
2364 5273 2456 5321 qua
2484 5261 2736 5321 episcopus
2761 5261 3081 5322 diazcesanus,
3106 5263 3278 5321 frater,
3309 5275 3402 5323 qua
3425 5275 3562 5311 com-

1958 5326 2218 5386 professus,
2247 5329 2360 5376 tunc
2388 5328 2541 5376 factus
2565 5328 2740 5389 (inquit
2765 5327 3018 5391 )lorotius)
3060 5346 3078 5373 τι
3118 5329 3315 5390 quando
3345 5330 3561 5390 praefec-

1959 5395 2065 5440 tura
2095 5394 2380 5442 monasterii
2429 5395 2481 5443 S.
2522 5394 2717 5442 Roberti
2762 5394 2950 5457 abiens,
2999 5396 3290 5445 secretiores
3338 5395 3555 5446 latebras

1956 5459 2082 5509 inter
2106 5460 2478 5510 Carthusienses
2505 5459 2814 5521 conquisivit.
2849 5481 2868 5502 ο
