3972 6052
389 152 493 207 967

1244 155 1300 209 S.
1343 154 1659 211 HUGONIS
1698 154 1920 211 EPISC.
1969 151 2298 210 LINCOLN.
2347 152 2517 211 0RD.
2567 153 2815 210 CARTH.

3586 154 3696 207 968

379 290 614 331 marum.
647 274 953 347 Episcopus
974 283 1027 331 et
1056 276 1191 348 ipse,
1216 286 1274 333 ut
1304 287 1421 333 erat
1449 278 1746 350 piissimus,
1779 293 1975 334 mona-
2006 281 2062 341 Α
2081 277 2135 333 lo
2161 278 2312 349 pacis
2342 278 2692 345 valefaciens,
2725 294 2849 333 cum
2897 275 3003 330 illis
3032 274 3226 347 legatis
3257 276 3369 346 (55)
3400 276 3681 346 profectus

380 366 515 420 chus
546 364 704 420 valde
748 365 1010 420 honestus
1061 373 1113 421 et
1157 374 1495 435 mansuetus,
1528 367 1982 439 compellentibus

380 454 651 521 omnibus,
684 462 741 509 ut
770 454 1042 525 promissa
1071 455 1223 510 sibia
1244 456 1424 527 priore
1454 456 1510 510 in
1540 458 1826 528 Hugonem
1856 465 1979 512 ute-

378 550 529 598 retur
564 550 848 615 potestate,
899 544 972 598 ita
1020 544 1254 614 primum
1300 545 1589 600 universos
1638 546 1976 617 alloquitur:

384 653 405 677 α
445 630 586 699 Quia
631 631 807 703 vobis,
838 631 1037 687 fratres
1081 632 1410 700 charissimi,
1464 650 1601 704 quos
1648 649 1754 689 non
1802 634 1980 687 minus

379 720 792 776 conversatione
830 736 993 792 quam
1038 721 1381 791 professione
1427 722 1745 777 Christianae
1792 721 1979 793 perfe-

381 809 574 864 ctionis
620 809 830 880 apicem
876 810 1263 866 conscendisse
1329 810 1676 865 manifestum
1726 818 1826 877 est,
1880 826 1979 866 nos

379 897 598 954 desides
629 906 679 953 et
708 915 739 952 a
771 898 1007 954 culmine
1054 907 1253 955 vestrae
1301 899 1600 954 sanctitatis
1640 899 1806 972 longe
1838 899 1979 954 infe-

379 988 577 1053 riores,
608 1003 718 1043 non
746 1003 974 1044 necesse
1027 996 1111 1043 est
1139 989 1433 1045 ostendere
1482 988 1610 1060 quid
1638 988 1693 1042 in
1720 988 1826 1055 his,
1860 1004 1980 1059 quae

381 1076 481 1132 Dei
507 1083 649 1143 sunt,
683 1092 847 1148 agere
895 1076 1162 1147 debeatis,
1192 1084 1283 1131 aut
1316 1077 1479 1133 etiam
1524 1093 1746 1133 monere
1784 1084 1977 1149 quate-

380 1180 481 1220 nus
511 1165 667 1223 vobis
697 1165 891 1221 melius
921 1166 1160 1238 cognita,
1187 1174 1408 1221 strenue
1439 1166 1775 1237 compleatis,
1803 1166 1895 1237 qui
1924 1166 1978 1219 in

381 1254 527 1310 omni
557 1255 669 1310 vita
694 1263 877 1310 vestra
906 1270 1014 1311 non
1046 1272 1166 1327 quae
1194 1263 1375 1311 vestra
1408 1263 1550 1321 sunt,
1581 1255 1678 1309 sed
1704 1271 1823 1326 quae
1851 1255 1978 1309 Jesu

380 1343 599 1410 Christi,
651 1359 752 1399 vos
799 1358 1040 1415 quaarere
1098 1344 1485 1414 comprobatis.
1536 1345 1650 1399 Hoc
1695 1359 1861 1399 unum
1910 1343 1981 1397 ad

380 1424 705 1487 memoriam
733 1431 910 1499 vobis,
946 1430 1176 1486 Domine
1209 1432 1376 1502 prior,
1410 1432 1507 1486 sed
1539 1439 1591 1487 et
1620 1439 1834 1498 vestrae,
1869 1430 1978 1486 fra-

383 1527 514 1586 tres,
565 1520 899 1576 universitati
960 1520 1331 1577 revocandum
1374 1520 1579 1591 putavi,
1634 1521 1778 1593 quod
1824 1520 1979 1577 vobis

382 1616 507 1664 ante
538 1608 727 1663 oculos
771 1615 1024 1680 ponatur,
1073 1609 1306 1680 qualiter
1335 1610 1387 1663 in
1437 1625 1567 1665 casu
1617 1608 1890 1665 simillimo
1920 1625 1979 1664 se
2003 1642 2056 1701 B

382 1696 683 1752 habuerunt
713 1698 1156 1767 praedecessores
1184 1698 1373 1753 vestri.
1406 1723 1426 1746 η
1462 1698 1593 1753 Cum
1626 1698 1767 1753 enim
1800 1698 1870 1753 ad
1902 1698 1984 1751 in-

384 1785 633 1840 stantiam
665 1786 841 1842 sancti
887 1786 1317 1841 Cenomanensis
1348 1794 1473 1842 tunc
1503 1786 1744 1857 episcopi
1774 1787 1984 1841 Bertir-

387 1874 583 1929 ramini
612 1875 725 1945 (54)
755 1875 810 1929 in
841 1874 1097 1931 occiduas
1143 1875 1441 1931 Galliarum
1470 1883 1658 1946 partes
1699 1875 1983 1929 sanctissi-

386 1979 508 2020 mus
562 1963 886 2019 Benedictus
944 1964 1202 2021 dilectum
1249 1972 1301 2020 et
1345 1972 1589 2020 sanctum
1656 1962 1983 2033 discipulum

386 2069 543 2107 suum
570 2053 819 2107 Maurum
846 2051 1136 2107 fundandae
1165 2053 1344 2123 gratia
1365 2052 1647 2124 religionis
1669 2051 1986 2107 monasticae

384 2141 694 2206 destinaret,
731 2140 962 2195 similem
994 2141 1068 2194 ibi
1092 2141 1297 2197 luctum
1327 2149 1380 2196 et
1409 2142 1584 2197 luctus
1623 2156 1845 2197 causam
1875 2155 1986 2195 non

387 2228 730 2297 dissimilem,
760 2228 942 2299 legitis
974 2237 1240 2284 exortum.
1288 2229 1463 2297 Quem
1496 2247 1651 2284 suum
1702 2229 1903 2299 pariter
1933 2236 1986 2283 et

384 2316 609 2371 fratrum
640 2316 883 2372 dolorem
915 2333 980 2372 ea
1012 2325 1233 2373 sanctus
1263 2318 1364 2372 Dei
1392 2318 1598 2373 ratione
1626 2317 1981 2388 compescuit,

384 2414 442 2461 ut
469 2406 781 2461 ostenderet
812 2421 1002 2461 servos
1032 2406 1131 2462 Dei
1161 2406 1467 2462 nullatenus
1488 2406 1799 2462 contristari
1823 2423 1985 2476 super

384 2495 489 2564 his,
523 2511 642 2566 quae
674 2494 813 2550 velle
842 2495 1093 2551 noverint
1121 2496 1413 2550 Dominum
1445 2512 1621 2550 suum.
1657 2495 1761 2551 Ubi
1783 2503 1835 2549 et
1866 2512 1986 2549 ver-

381 2584 511 2639 bum
540 2583 715 2639 intulit
743 2584 1009 2639 memoria
1040 2584 1422 2656 dignissimum
1459 2602 1471 2639 :
1507 2607 1529 2635 «
1564 2585 1647 2639 Ne
1696 2584 1855 2650 forte,
1889 2584 1981 2649 ait,

385 2673 491 2729 hac
518 2672 639 2744 ipsa
668 2680 856 2727 nostra
894 2672 1112 2727 tristitia
1159 2674 1294 2739 Deo,
1330 2673 1475 2744 quod
1521 2672 1699 2727 absit!
1732 2672 1983 2727 invenia-

382 2778 505 2816 mur
544 2763 835 2817 contraire.
883 2761 991 2815 Sed
1021 2769 1091 2830 te,
1128 2769 1181 2816 et
1211 2763 1389 2833 Hugo,
1424 2761 1590 2815 frater
1638 2761 1981 2830 charissime,

383 2850 441 2904 in
469 2850 572 2905 hoc
614 2865 830 2921 quoque
874 2838 1075 2905 imitari
1121 2848 1244 2905 eum
1294 2850 1564 2918 convenit,
1618 2866 1780 2920 quem
1828 2849 1984 2920 sequi

385 2955 603 3010 semper
646 2937 806 2995 dulce
854 2938 1111 3005 habuisti,
1162 2938 1499 3010 unigenitum
1547 2937 1740 2992 Filium
1789 2936 1984 2991 summi

382 3000 574 3095 Patris,
609 3027 699 3100 qui
728 3028 797 3083 de
826 3000 1231 3083 altissimo'suae
1252 3000 1546 3083 divinitatis
1574 3043 1673 3098 pro
1690 3026 1982 3082 multorum
2008 3000 2054 3061 Ο

381 3116 557 3171 salute
586 3100 656 3171 ad
685 3116 963 3187 publicum
995 3116 1252 3189 dignatus
1281 3125 1364 3172 est
1395 3116 1543 3171 exire
1574 3116 1826 3171 humanas
1854 3132 1983 3171 con-

384 3204 727 3261 versationis.
779 3206 847 3259 Et
875 3212 931 3259 tu
962 3204 1129 3276 igitur
1169 3204 1514 3277 peregrinari
1545 3205 1613 3259 ad
1644 3204 1920 3260 modicum
1952 3220 1985 3259 a

384 3294 489 3349 tuis
520 3293 879 3359 charissimis,
912 3293 1214 3364 postposito
1244 3294 1461 3349 interim
1505 3293 1700 3365 quietis
1728 3294 1866 3348 adeo
1894 3293 1982 3348 di-

387 3382 542 3437 lectae
568 3381 803 3452 silentio,
826 3398 929 3453 pro
959 3398 1023 3437 eo
1047 3399 1116 3437 ne
1146 3382 1440 3448 cuncteris,
1464 3382 1518 3435 in
1546 3382 1829 3452 praesentis
1860 3382 1985 3437 vitae

387 3471 595 3537 exsilio,
620 3478 675 3525 ut
706 3470 755 3525 ei
777 3472 1087 3542 perenniter
1107 3471 1455 3541 postmodum
1476 3471 1704 3526 socieris
1730 3471 1783 3524 in
1804 3470 1983 3525 beati-

386 3559 586 3615 tudinis
625 3576 735 3614 suae
782 3576 975 3631 regno.
1027 3561 1141 3615 Hoc
1186 3576 1311 3632 ego,
1364 3559 1490 3614 licet
1538 3558 1814 3631 indignus,
1865 3558 1983 3614 vice

382 3648 554 3719 ipsius
583 3648 639 3702 in
669 3648 1044 3704 remissionem
1074 3656 1418 3719 peccatorum
1458 3656 1695 3717 tuorum,
1728 3649 1796 3703 ob
1835 3663 1984 3703 como

383 3736 762 3808 pensationem
792 3737 956 3791 etiam
986 3744 1317 3792 aeternorum
1363 3736 1732 3807 prmmiorum,
1769 3736 1865 3789 tibi
1893 3736 1982 3789 in-

376 3826 567 3896 jungo,
604 3833 657 3879 et
688 3824 743 3877 in
771 3825 825 3879 vi
855 3824 1181 3880 obedientia:
1220 3824 1445 3879 firmiter
1492 3824 1772 3895 praecipio.
1808 3826 1983 3896 Perge

384 3912 568 3983 itaque
599 3928 791 3982 SOSpeS
820 3920 871 3967 et
901 3912 1028 3967 felix
1075 3928 1197 3967 cum
1229 3912 1635 3967 venerabilibus
1683 3912 1812 3967 viris
1843 3912 1980 3979 istis,

383 4001 477 4072 qui
509 4008 561 4055 te
605 4015 805 4055 vocare
854 4008 1138 4068 venerunt,
1189 4016 1485 4070 curamque
1529 4001 1744 4070 suscipe
1790 4001 1985 4055 domus

383 4088 697 4143 Withamiae
728 4088 783 4142 in
812 4088 1029 4160 Anglia,
1062 4087 1273 4144 favente
1297 4088 1547 4153 Domino,
1572 4089 1979 4157 construendae;

378 4177 574 4248 praesis
621 4193 839 4249 quoque
884 4184 1217 4242 constanter,
1251 4185 1304 4231 et
1334 4177 1511 4247 prosis
1550 4177 1815 4232 instanter
1862 4177 1985 4232 loco

382 4274 436 4320 et
465 4264 723 4320 fratribus
773 4264 847 4320 ibi
897 4266 1271 4338 congregatis,
1304 4266 1357 4319 in
1388 4265 1609 4321 nomine
1663 4266 1898 4331 Domini,
1934 4274 1987 4320 et

381 4354 808 4425 congregandis.
839 4374 860 4403 ι

456 4444 610 4498 Hanc
654 4443 812 4513 Hugo
871 4441 1241 4498 diﬁinitionem
1286 4443 1597 4514 aliquandiu
1644 4442 1876 4513 pedibus
1924 4458 1984 4497 se

384 4529 654 4602 pontificis
684 4530 1027 4585 advolvendo
1074 4531 1286 4585 irritare
1317 4532 1516 4595 nitens,
1554 4546 1655 4586 nec
1685 4531 1982 4602 quidquam

382 4619 712 4690 proficiens,
760 4618 924 4673 cessit
981 4627 1299 4689 postremo;
1368 4636 1599 4689 seseque
1645 4620 1980 4674 orationibus

383 4708 623 4764 omnium
653 4707 998 4779 praesentium
1017 4709 1429 4775 commendans,
1455 4707 1711 4762 fratribus
1739 4708 1793 4762 in
1822 4724 1984 4763 oscu-

450 4885 558 4949 (54)
587 4887 717 4937 Alias
742 4886 1149 4945 Bertichramum,
1179 4888 1540 4948 Bertramnum,
1568 4889 1687 4947 etc.,
1713 4885 1771 4936 de
1796 4898 1909 4948 quo,
1932 4890 1983 4936 et

379 4955 506 5004 facto
528 4954 607 5003 hic
633 4957 830 5002 narrato
862 4952 970 5002 vide
1015 4952 1362 5015 Mabillonium,
1393 4956 1524 5003 tomo
1565 4953 1581 5000 l
1609 4952 1867 5002 Annalium
1896 4955 1982 5002 Be-

382 5021 520 5083 ned.,
546 5032 595 5081 p.
626 5020 739 5077 107,
766 5022 816 5069 et
840 5019 1125 5069 Bollandum
1150 5019 1200 5067 in
1223 5018 1333 5068 Vita
1357 5020 1409 5069 S.
1437 5019 1586 5069 Mauri
1615 5018 1821 5069 abbatis.

454 5103 561 5167 (55)
587 5103 801 5163 Quorum
825 5116 949 5153 unus
972 5105 1021 5153 et
1043 5103 1313 5166 praecipuus
1355 5103 1648 5165 Reginaldus
1689 5102 1982 5152 Bathonien-

381 5170 472 5234 sis,
496 5170 576 5231 qui
600 5182 711 5219 cum
736 5180 864 5219 anno
892 5172 1023 5219 117s
1059 5173 1226 5219 contra
1265 5169 1534 5219 Tolosanos
1561 5170 1735 5231 egerit,
1762 5172 1811 5218 et
1853 5182 1979 5219 anno

384 5236 606 5298 sequenti
648 5237 850 5285 concilio
896 5237 1209 5286 Lateranensi
1255 5236 1553 5296 interfuerit,
1603 5237 1670 5285 uti
1715 5236 1819 5297 jam
1869 5240 1983 5286 ante

386 5304 570 5364 monui,
596 5303 679 5352 vix
720 5302 937 5364 dubium,
978 5303 1093 5365 quin
1131 5304 1261 5353 circa
1286 5302 1431 5353 ﬁnem
1469 5314 1548 5351 an.
1582 5301 1707 5351 H77
1730 5314 1826 5353 una
1872 5315 1979 5353 cum

383 5372 585 5431 Hugone
610 5369 671 5420 ad
690 5382 854 5433 regem
879 5369 1090 5419 venerit.

453 5451 564 5518 (56)
588 5454 733 5519 Hum,
757 5453 947 5506 scilicet
970 5453 1388 5516 Anglosaxonibus
1412 5454 1539 5506 idem
1575 5456 1669 5514 est,
1701 5454 1828 5516 quod
1864 5453 1981 5505 Ger-

2083 375 2184 433 est,
2214 368 2285 423 ad
2314 384 2504 440 regem
2534 367 2697 435 venit,
2724 366 3051 437 tandemque
3074 381 3197 420 cum
3230 363 3413 420 favore
3442 364 3679 418 maximo

2082 457 2152 511 ab
2181 456 2301 527 ipso
2349 457 2627 523 dimissus,
2661 464 2713 512 et
2743 454 3099 511 Withamiam
3147 470 3267 510 cum
3318 453 3526 508 honore
3575 453 3679 507 de-

2082 545 2293 610 ductus,
2330 553 2586 616 tanquam
2616 544 2848 618 angelus
2878 542 3095 599 Domini
3125 557 3156 596 a
3184 541 3372 612 paucis
3393 541 3677 607 fratribus,

2081 633 2174 706 qui
2198 642 2327 705 tunc
2358 634 2433 689 ibi
2463 643 2633 702 erant,
2656 634 2710 689 in
2740 634 2979 705 priorem
3010 631 3302 703 suscipitur
3319 646 3441 687 cum
3473 629 3679 703 gaudio

2080 721 2359 778 ineffabili.

2704 866 2928 922 CAPUT
2959 865 3050 920 IV.

2085 1006 2340 1080 Qualiter
2388 1012 2564 1074 statu,
2616 1024 2780 1080 quem
2822 1008 3042 1063 invenit
3087 1006 3235 1079 apud
3291 1005 3679 1080 Withamiara,

2153 1079 2401 1145 visitata,
2453 1079 2525 1135 ad
2570 1076 2757 1149 regem
2814 1094 3089 1143 reversus,
3117 1076 3345 1148 'fecerit
3409 1077 3563 1149 uilla:
3616 1076 3685 1131 de

2159 1149 2400 1206 Witham
2432 1150 2861 1217 habitatoribus,
2886 1150 3017 1205 inde
3041 1150 3393 1214 discessuris,
3420 1148 3681 1218 largissi-

2152 1236 2241 1276 me
2269 1222 2570 1292 provideri.

2153 1345 2363 1401 Invenit
2410 1352 2592 1401 autem
2633 1344 2852 1411 fratres,
2886 1344 3033 1400 velut
3079 1343 3217 1399 alter
3244 1343 3445 1414 Joseph
3478 1343 3532 1397 in
3562 1343 3682 1397 Do-

2080 1433 2268 1501 thaim,
2320 1434 2464 1505 quod
2528 1434 2919 1505 interpretatur
2964 1433 3238 1505 defectus.
3304 1430 3685 1487 Consistebant

2082 1521 2333 1594 equidem
2354 1522 2409 1577 in
2439 1522 2575 1579 silva
2603 1523 2750 1577 haud
2780 1522 2967 1593 procul
2987 1520 3184 1594 aregia
3214 1528 3341 1576 tunc
3371 1520 3497 1576 villa
3516 1533 3686 1575 voca-

2082 1610 2208 1666 bulo
2236 1612 2499 1679 Witham,
2528 1629 2647 1683 quae
2677 1612 2985 1666 futurorum
3014 1611 3245 1682 quodam
3268 1608 3541 1681 praesagio
3573 1607 3685 1662 tale

2084 1716 2282 1756 nomen
2313 1701 2547 1756 creditur
2577 1701 2782 1755 sortita.
2815 1700 3022 1755 Dicitur
3043 1715 3278 1770 namque
3308 1698 3493 1752 Latine
3513 1714 3685 1751 man-

2083 1790 2185 1857 sio,
2222 1789 2335 1845 sive
2367 1790 2638 1845 habitatio
2670 1790 2785 1861 (56)
2817 1804 3029 1853 sensus,
3056 1788 3199 1859 quod
3230 1785 3557 1841 excellenter
3584 1802 3688 1856 per

2085 1879 2377 1934 adventum
2424 1878 2527 1934 viri
2575 1879 2752 1947 hujus,
2804 1877 3095 1933 Christiani
3142 1875 3470 1947 philosophi,
3528 1874 3688 1930 locus

2083 1967 2184 2023 iste
2216 1966 2352 2022 efﬁci
2381 1967 2579 2023 meruit
2609 1967 2663 2020 in
2692 1983 2774 2035 re,
2808 1966 3050 2022 attractis
3092 1966 3329 2037 undique
3358 1964 3427 2019 ad
3456 1964 3687 2019 odorem

2085 2056 2289 2111 notitiae
2322 2073 2432 2112 suae
2463 2056 2596 2112 viris
2626 2056 2875 2121 sensatis,
2911 2056 2965 2109 in
2994 2054 3141 2111 omni
3172 2053 3339 2109 verbo
3369 2061 3421 2107 et
3449 2052 3505 2105 in
3531 2052 3689 2107 omni

2086 2161 2250 2200 sensu
2279 2145 2766 2216 praestantissimis.
2800 2143 2905 2213 Qui
2933 2150 3215 2198 manentes
3264 2142 3467 2196 ibidem
3496 2148 3547 2196 et
3577 2140 3687 2194 ha—

2086 2232 2318 2288 bitantes
2367 2249 2619 2305 corpore,
2653 2234 2721 2288 ad
2751 2233 2899 2288 illam
2948 2240 3208 2287 aeternam
3254 2230 3495 2301 patriam,
3528 2229 3687 2297 cujus

2085 2322 2342 2391 perfectis
2384 2322 2496 2390 jam
2536 2323 2788 2377 sensibus
2832 2321 3037 2394 gaudia
3080 2325 3433 2392 przegustant,
3467 2318 3686 2388 cegita-

2084 2410 2230 2465 tione
2262 2418 2313 2465 et
2341 2410 2595 2466 aviditate
2626 2411 2836 2465 inhiare
2867 2426 2976 2464 non
3007 2416 3244 2465 cessant.

2159 2498 2311 2566 Quos
2343 2507 2523 2554 autem
2554 2499 2758 2555 invenit
2788 2499 3000 2566 fratres,
3034 2497 3309 2552 habebant
3334 2495 3391 2550 hi
3422 2494 3534 2563 (57)
3563 2493 3683 2549 cel-

2084 2587 2224 2642 lulas
2256 2604 2322 2643 ex
2351 2588 2628 2644 asseribus
2656 2596 2956 2655 contextas,
2982 2586 3126 2643 vallo
3148 2584 3448 2655 perexiguo
3470 2591 3522 2637 et
3542 2582 3688 2653 palis

2085 2675 2493 2748 circumseptas.
2525 2678 2584 2731 In
2616 2676 2699 2731 his
2730 2684 3003 2747 utcunque
3030 2690 3206 2745 usque
3227 2674 3295 2727 ad
3325 2681 3538 2741 tempus
3559 2686 3679 2725 cor-

2086 2766 2341 2821 rectionis
2373 2782 2431 2820 se
2463 2765 2810 2836 recipientes,
2846 2765 3115 2829 omnibus,
3148 2771 3205 2817 ut
3243 2761 3483 2816 breviter
3529 2759 3688 2814 dica-

2087 2861 2193 2920 tur,
2227 2862 2317 2907 aut
2347 2870 2487 2925 pene
2516 2854 2767 2908 omnibus
2814 2851 3139 2909 necessariis
3171 2866 3236 2906 ac
3266 2849 3462 2904 debitis
3512 2847 3688 2903 ordini

2087 2958 2185 2998 suo
2219 2942 2567 2997 adminiculis
2597 2950 2747 2997 erant
2779 2949 3052 2997 carentes.
3079 2941 3270 3011 Neque
3300 2938 3459 2993 etiam
3490 2935 3689 2990 diffini-

2086 3038 2199 3085 tum
2231 3038 2349 3086 erat
2374 3047 2547 3102 usque
2570 3030 2874 3098 adhuc,ubi
2904 3030 3094 3098 major,
3112 3028 3203 3083 ubi
3223 3027 3400 3082 minor
3427 3024 3687 3091 ecclesia,

2085 3120 2482 3175 monachorum
2530 3120 2702 3185 cellae,
2737 3127 2791 3175 et
2818 3119 3115 3175 claustrum
3144 3134 3266 3172 cum
3316 3115 3536 3170 fratrum
3581 3114 3689 3168 do-

2085 3207 2354 3263 munculis
2416 3216 2470 3263 et
2520 3207 2795 3278 hospitum
2850 3204 3167 3262 diversoriis
3212 3203 3386 3274 aptius
3452 3201 3693 3257 construi

2087 3297 2424 3352 debuissent.
2459 3296 2659 3352 Villam
2703 3296 3090 3367 supradictam,
3126 3309 3313 3349 eorum
3357 3294 3469 3362 jam
3498 3289 3692 3345 ditioni

2088 3401 2389 3450 cessuram,
2422 3385 2754 3440 habitatores
2808 3384 3020 3455 pristini
3048 3383 3226 3438 adhuc
3274 3380 3602 3445 incolebant,
3639 3386 3693 3432 et

2086 3474 2319 3528 necdum
2342 3473 2621 3543 provisum
2652 3473 2731 3527 eis
2762 3472 2951 3539 fuerat,
2975 3480 3033 3526 ut
3055 3470 3214 3526 sedes
3244 3485 3373 3524 suas
3404 3469 3519 3523 sine
3540 3483 3692 3521 mur-

2085 3578 2261 3627 mure,
2297 3561 2415 3617 sine
2459 3562 2541 3615 sui
2588 3561 2831 3631 laesione,
2879 3560 3036 3616 novis
3084 3559 3286 3615 vellent
3333 3565 3424 3612 aut
3464 3563 3692 3627 possent

2088 3650 2498 3705 successoribus
2532 3650 2749 3705 cedere.

2158 3739 2254 3792 llis
2285 3746 2336 3793 et
2367 3738 2486 3793 aliis
2528 3738 2595 3792 de
2630 3739 2751 3803 situ,
2786 3738 2855 3793 de
2887 3736 3142 3809 qualitate
3192 3736 3314 3802 loci,
3349 3751 3448 3790 nec
3495 3748 3605 3788 non
3635 3741 3691 3787 et

2087 3827 2155 3882 de
2198 3827 2431 3893 caeteris,
2480 3844 2601 3897 quae
2644 3826 2945 3882 necessitas
2982 3825 3190 3879 ordinis
3237 3823 3517 3895 ﬂagitabat
3565 3822 3690 3876 loco

2088 3914 2401 3979 convenire,
2435 3915 2523 3969 vel
2554 3914 2764 3968 utilitati
2795 3913 2998 3968 ibidem
3035 3911 3479 3968 conversantium
3506 3910 3690 3964 inser-

2086 4004 2222 4072 vire,
2257 4003 2510 4075 diligenti
2541 4002 2756 4057 solertia
2787 4001 3090 4072 perspectis
3119 4016 3183 4056 ac
3213 4000 3492 4071 sigillatim
3536 4014 3688 4068 pra:-

2086 4092 2302 4155 notatis,
2336 4091 2495 4161 Hugo
2516 4099 2701 4145 noster
2730 4090 2894 4157 (inter
2916 4106 3011 4145 eos
3042 4090 3117 4143 ita
3148 4089 3456 4145 condictum
3487 4086 3689 4153 fuerat)

2086 4180 2151 4234 ad
2182 4195 2371 4251 regem
2400 4179 2556 4234 citius
2584 4179 2883 4249 repedavit.
2917 4179 3153 4248 Cumque
3183 4178 3252 4232 de
3291 4176 3520 4248 singulis
3540 4174 3690 4245 quod

2088 4268 2190 4321 sibi
2221 4268 2507 4323 videbatur
2548 4266 2905 4336 exposuisset,
2940 4282 3035 4320 rex
3067 4267 3120 4319 in
3149 4266 3401 4321 omnibus
3449 4262 3692 4332 pruden-

2002 4358 2055 4416 D
2086 4356 2215 4411 tiam
2244 4356 2389 4410 illius
2421 4364 2471 4410 et
2500 4355 2823 4409 modestiam
2869 4355 3194 4418 admiratus,
3227 4367 3561 4425 quaecunque
3594 4350 3689 4404 ille

2086 4444 2372 4514 disposuit,
2403 4450 2455 4497 et
2486 4444 2575 4498 ille
2607 4443 2947 4513 approbavit,
2973 4451 3025 4496 et
3053 4458 3171 4513 quae
3193 4440 3484 4511 postulavit
3511 4438 3691 4493 liben-

2085 4542 2168 4587 ter
2197 4532 2437 4587 indulsit.
2473 4534 2550 4586 Ac
2578 4531 2752 4601 primo
2797 4530 3017 4600 quidem
3061 4530 3347 4584 universos
3396 4526 3688 4583 convocari

2086 4621 2209 4675 fecit
2240 4620 2566 4690 prmdiorum
2596 4619 2681 4673 vel
2712 4635 2893 4673 rerum
2925 4618 3280 4689 quarumlibet
3309 4630 3686 4687 possessores,

2089 4726 2225 4781 quos
2254 4709 2374 4765 loco
2401 4708 2600 4765 cedere
2630 4707 2932 4779 oportebat,
2965 4723 3033 4762 ne
3062 4706 3299 4778 quolibet
3341 4704 3569 4775 strepitu
3598 4712 3692 4757 aut

2088 4888 2244 4937 manis
2267 4887 2428 4947 Haim,
2461 4885 2659 4935 Ilaimat
2696 4881 2743 4931 id
2791 4886 2887 4945 est,
2932 4885 3118 4935 mansio
3150 4885 3336 4947 patria.
3387 4881 3504 4944 Wit,
3555 4881 3687 4933 idem

2086 4955 2211 5017 quod
2246 4955 2390 5017 Witz,
2419 4965 2609 5003 sensus.
3088 4958 3095 4965 "

2151 5054 2253 5119 (57)
2279 5056 2473 5105 Cellulae
2498 5067 2555 5103 ex
2582 5054 2856 5111 asseribus,
2898 5052 3104 5103 ecclesia
3147 5051 3361 5101 nondum
3403 5051 3677 5113 designata,

2080 5122 2345 5172 claustrum
2370 5134 2461 5171 nec
2485 5122 2789 5178 inchoatum,
2816 5120 2978 5182 plures
3018 5119 3081 5168 ad
3120 5131 3286 5177 regem
3327 5130 3574 5176 accessus,
3628 5120 3677 5166 et

2086 5189 2200 5249 alia,
2227 5201 2333 5248 qua:
2358 5189 2449 5238 hoc
2476 5192 2525 5236 et
2563 5188 2783 5249 sequenti
2833 5187 2992 5248 capite
3039 5185 3339 5246 referuntur,
3382 5188 3431 5233 et
3479 5183 3675 5232 tandem

2087 5256 2323 5317 completa
2347 5255 2435 5305 sub
2460 5256 2659 5315 Hugone
2681 5252 2905 5311 :editicia,
2931 5254 3121 5314 septem
3149 5257 3231 5301 aut
3267 5256 3375 5300 octo
3415 5250 3557 5299 facile
3582 5263 3679 5317 ain-

2085 5334 2176 5371 nos
2198 5316 2531 5383 requirebant,
2557 5324 2609 5371 ut
2633 5320 3005 5382 perﬁcerentur.
3030 5319 3163 5380 Quod
3188 5318 3295 5368 ideo
3337 5317 3519 5366 dictum
3546 5316 3677 5383 volo,

2084 5400 2146 5439 ne
2178 5382 2428 5451 nugonem
2453 5388 2608 5439 serius
2646 5398 2775 5437 anno
2822 5387 2948 5435 H78
2982 5386 3032 5435 in
3072 5385 3298 5447 Angliam
3340 5383 3531 5434 venisse
3572 5382 3685 5443 quis

2084 5455 2355 5509 existimet.
