3972 6052
197 229 298 280 969

1571 230 1747 284 VITA.
1792 259 1859 271 -—-
1898 232 2024 286 LIB.
2071 233 2134 285 II.

3392 240 3494 291 970

194 350 514 421 frequentiae
544 353 911 423 cujuscunque
937 367 1183 419 accessu,
1210 352 1514 407 solitudinis
1544 370 1654 409 suae
1682 355 1788 409 alta
1810 358 1865 416 Α
1893 356 2305 426 possessoribus
2335 357 2597 426 pristinis,
2625 371 2848 427 quarum
2866 357 2943 412 illi
2957 359 3064 427 jam
3100 360 3339 431 pretium
3367 376 3495 431 pos-

198 438 415 494 silentia
443 439 787 511 interrumpi,
820 448 911 495 aut
959 441 1151 496 saltem
1198 442 1552 512 interpellari,
1585 443 1671 497 vel
1705 443 1792 496 in-

196 528 450 597 terpolari
480 528 566 583 vel
619 530 831 585 modice
885 530 1205 600 potuissent.
1266 530 1476 599 Quibus
1532 547 1597 585 ex
1643 540 1794 601 parte

195 615 342 685 regis
365 616 513 686 optio
543 617 665 671 data
694 624 778 672 est
805 618 859 671 in
904 619 1199 685 communi,
1233 627 1289 672 ut
1318 635 1348 673 e
1406 619 1619 673 duobus
1651 619 1796 689 quod

194 704 569 775 unusquisque
598 706 877 760 maluisset
896 706 1141 778 eligeret.
1165 708 1345 778 Agros
1376 707 1581 763 scilicet
1610 716 1662 762 et
1692 709 1794 762 ha-

194 791 400 846 bitandi
429 792 547 848 loca
577 793 887 849 conditione
943 795 1083 864 pari,
1142 802 1199 848 ut
1255 796 1400 865 apud
1446 795 1794 849 Withamiam

195 879 409 935 fuerant
434 881 629 946 sortiti,
662 889 751 936 aut
778 882 832 935 in
862 882 1052 952 regiis,
1084 882 1175 936 ubi
1192 882 1506 954 elegissent,
1540 883 1795 939 maneriis

198 968 538 1039 reciperent;
593 977 686 1024 aut
717 970 987 1048 ‘pristinm
1043 970 1318 1025 servitutis
1360 970 1494 1043 jugo
1540 970 1790 1036 absoluti,

197 1072 334 1127 quas
364 1057 580 1123 vellent,
614 1058 870 1130 regiones
900 1058 1072 1113 libere
1103 1060 1173 1113 ad
1220 1058 1532 1114 incolendas
1564 1059 1791 1113 adirent.

264 1146 414 1201 Tunc
444 1146 566 1201 aliis
596 1154 783 1211 terras,
808 1146 928 1201 aliis
944 1146 1255 1217 petentibus
1277 1147 1605 1212 libertatem,
1640 1148 1796 1217 Hugo

193 1234 332 1302 juris
353 1234 575 1306 benigni
592 1234 875 1289 aemulator
895 1235 1271 1291 tenacissimus
1292 1236 1413 1307 regi
1439 1236 1514 1289 ait
1552 1252 1563 1290 :
1600 1258 1619 1282 α
1653 1237 1792 1302 Jam,

198 1322 434 1391 domine,
476 1324 580 1378 hoc
637 1323 795 1377 etiam
852 1323 1125 1393 provideri
1179 1339 1407 1379 necesse
1462 1331 1580 1390 est,
1613 1332 1669 1378 ut
1698 1339 1797 1394 pro

196 1410 448 1467 domibus
477 1410 563 1466 vel
593 1412 1004 1483 quibuscunque
1025 1412 1080 1467 in
1101 1411 1339 1468 culturas
1368 1420 1422 1466 et
1450 1412 1623 1468 varias
1655 1420 1799 1467 stru-

198 1508 378 1554 cturas
408 1499 712 1570 sumptibus
741 1508 831 1555 aut
852 1500 1139 1555 sudoribus
1168 1500 1395 1556 istorum
1425 1500 1799 1570 compensatio

199 1588 547 1657 pecuniarum
577 1588 860 1655 tribuatur,
891 1596 1158 1659 quatenus
1209 1589 1262 1642 in
1320 1589 1469 1644 nullo
1497 1589 1797 1644 detrimen-

1895 443 2154 512 sidentes,
2200 445 2391 499 iterato
2449 446 2596 515 ipsas
2653 454 2743 501 aut
2798 448 2978 516 pretio
3035 448 3374 515 distrahunt,
3407 457 3497 503 aut

1894 532 1960 585 ad
1990 532 2127 587 alias
2157 532 2487 587 transferunt
2517 534 2712 589 iterum
2750 535 3150 591 inhabitandas.
3184 536 3306 607 Ipse
3363 552 3495 591 vero

1895 620 2052 690 Hugo
2083 620 2284 689 locum,
2315 629 2371 676 ut
2401 622 2563 677 modo
2591 622 2847 689 cernitur,
2870 632 3147 680 exstruere
3176 624 3491 680 festinabat.

2492 791 2712 847 CAPUT
2742 792 2803 846 V.

1899 929 2157 1007 Qualiter
2178 932 2287 987 loci
2315 934 2739 1007 constructione
2777 950 2878 1004 pro
2909 938 3242 1007 sumptuum
3270 936 3496 1007 defectu

1968 1002 2303 1077 nullatenus
2320 1004 2673 1077 procedente,
2709 1002 2895 1073 fratre
2921 1002 3155 1062 Girdrdo
3184 1002 3371 1077 regem.
3400 1007 3495 1062 ad-

1967 1076 2139 1148 eunte
2163 1089 2293 1148 cum
2313 1078 2507 1148 nostra
2520 1075 2765 1148 lfugone,
2791 1080 2847 1130 et
2862 1078 2979 1145 regi
3000 1077 3162 1132 verba
3181 1075 3497 1148 asperrima

1963 1144 2311 1222 proferente,
2343 1145 2592 1222 Hugpnis
2610 1144 3143 1222 exstititpa’tientia
3162 1144 3493 1222 approbata,

1969 1215 2131 1285 cujus
2151 1228 2225 1268 ex
2248 1217 2385 1285 tunc
2407 1215 2479 1269 ad
2498 1230 2685 1285 regem
2705 1215 3081 1283 familiaritas
3100 1221 3183 1275 est
3196 1215 3496 1275 uehemené

1972 1283 2086 1338 tius
2116 1284 2471 1351 conﬁrmata.

1892 1442 1897 1445 Α
1970 1415 2181 1471 Accidit
2211 1415 2435 1481 interea,
2468 1417 2691 1485 majoris
2741 1419 3162 1475 constructionis
3203 1422 3317 1489 jam
3346 1429 3495 1493 parte

1900 1504 2285 1559 convenienter
2313 1504 2585 1575 explicita,
2620 1522 2808 1577 regem
2840 1507 3004 1562 variis
3034 1509 3193 1578 regni
3223 1510 3366 1565 curis
3393 1510 3497 1565 de-

1900 1600 2108 1647 tentum
2149 1592 2328 1648 minus
2378 1593 2655 1648 intendere
2702 1595 3026 1664 quibusdam
3066 1595 3287 1652 fabricis
3333 1596 3499 1669 perfi-

201 1684 311 1731 tum
337 1692 439 1746 per
468 1692 568 1731 nos
612 1676 1023 1744 sustinentibus,
1074 1677 1210 1732 laetis
1238 1677 1347 1732 laeti
1370 1720 1384 1744 ,
1418 1686 1470 1732 et
1517 1677 1797 1734 benevolis
1817 1710 1870 1773 B
1900 1680 2128 1743 ciendis,
2164 1696 2388 1751 quarum
2408 1697 2539 1735 usus
2559 1681 2839 1737 videretur
2865 1684 3335 1753 pernecessarius.
3367 1685 3500 1742 Inde

200 1765 556 1820 succedamus
585 1764 747 1835 grati.
786 1785 808 1814 ι
843 1765 925 1820 Ad
958 1766 1061 1821 hoc
1092 1765 1145 1820 in
1201 1766 1408 1835 primis,
1470 1781 1595 1821 cum
1652 1765 1796 1821 velut

200 1852 471 1908 difficilem
505 1854 550 1908 si
580 1854 861 1909 exhiberet
890 1870 1006 1922 rex,
1038 1854 1202 1909 illein
1230 1855 1466 1909 bonitate
1487 1855 1796 1926 praecipuus

198 1950 250 1996 et
281 1942 337 1995 in
365 1941 669 1997 interventu
699 1949 953 1997 strenuus
981 1942 1195 2011 adjecit,
1230 1943 1419 1998 dicens
1454 1960 1466 1997 :
1505 1964 1527 1992 ι
1562 1943 1793 2009 Revera,

200 2030 391 2100 inquit,
424 2030 641 2084 domine
668 2030 761 2096 mi,
796 2031 899 2085 nisi
930 2047 1104 2101 usque
1161 2032 1231 2086 ad
1288 2031 1509 2086 obolum
1566 2032 1799 2087 novissi-

198 2134 346 2173 mum
376 2134 539 2188 super
567 2119 820 2173 omnibus
851 2119 1187 2175 satisfactum
1207 2119 1367 2175 fuerit
1387 2120 1537 2191 prius
1567 2120 1799 2175 homini-

200 2208 302 2261 bus
332 2206 470 2273 istis,
502 2207 657 2262 locus
687 2207 832 2263 idem
871 2223 979 2263 non
1037 2208 1236 2278 poterit
1292 2208 1527 2264 conferri
1556 2209 1731 2264 nobis.
1771 2229 1793 2258 υ

199 2296 275 2349 Ita
307 2310 438 2351 vero
466 2311 698 2352 mercem
733 2296 856 2363 sibi,
887 2304 947 2351 ut
987 2292 1225 2367 putabat,
1277 2296 1332 2350 in
1378 2297 1526 2352 nullo
1553 2295 1799 2369 profutu-

201 2399 321 2439 ram
379 2400 562 2439 emere
620 2400 716 2440 rex
774 2384 1106 2455 compulsus,
1164 2385 1220 2439 in
1279 2386 1492 2457 tuguria
1548 2384 1802 2441 videlicet

200 2472 584 2539 vetustissima,
620 2473 772 2545 tigna
814 2473 1053 2541 cariosa,
1099 2489 1163 2529 ac
1219 2474 1483 2545 parietina
1538 2474 1800 2530 semiruta

200 2562 423 2617 multum
457 2560 645 2616 effudit
673 2578 748 2617 aes
778 2576 877 2632 pro
897 2561 1048 2617 brevi
1078 2563 1391 2617 commodo.

272 2652 471 2705 Verum
500 2649 808 2722 negotiator
837 2649 937 2705 iste
968 2650 1166 2717 bonus,
1201 2650 1408 2705 tantillo
1437 2666 1545 2705 non
1574 2659 1799 2707 conten-

197 2747 283 2793 tus
316 2738 485 2805 lucro,
520 2738 626 2793 nisi
640 2738 903 2808 justitiam
924 2754 1178 2796 servasse
1198 2739 1395 2810 potius,
1419 2756 1580 2811 quam
1602 2739 1799 2797 fecisse

198 2827 630 2883 misericordiam
696 2828 799 2882 sibi
843 2827 1135 2897 videretur,
1202 2828 1274 2882 ita
1322 2828 1436 2899 regi
1483 2843 1577 2884 ore
1622 2828 1798 2885 faceto

202 2932 394 2970 rursus
423 2915 538 2970 infit
572 2932 584 2970 :
622 2937 645 2966 ι
678 2916 800 2983 Eia,
824 2916 1044 2971 domine
1082 2917 1156 2970 mi
1178 2933 1296 2983 rex,
1322 2932 1452 2972 ecce
1468 2916 1524 2971 in
1541 2926 1687 2972 terra
1709 2925 1801 2973 tua

199 3004 424 3076 propria
452 3004 676 3060 divitem
704 3012 757 3060 te
787 3004 1041 3060 domibus
1068 3005 1378 3060 numerosis
1415 3006 1625 3060 advena
1682 3006 1799 3076 ipse

1899 1768 2201 1839 sumptibus
2232 1769 2285 1823 in
2317 1768 2589 1839 stipendia
2618 1769 2997 1826 deficientibus
3025 1771 3257 1829 artifices
3286 1772 3500 1845 queruli

1897 1857 2137 1927 priorem
2169 1865 2221 1913 et
2263 1856 2459 1913 fratres
2505 1857 2828 1928 importunis
2866 1860 3057 1917 crebro
3102 1861 3287 1919 verbis
3314 1862 3497 1918 laces-

1899 1946 2107 2001 sebant.
2142 1946 2278 2002 Hinc
2311 1946 2576 2017 quosdam
2616 1962 2646 2001 e
2686 1945 2945 2002 fratribus
2992 1948 3064 2003 ad
3112 1950 3320 2005 curiam
3347 1949 3502 2021 prior

1898 2033 2203 2102 destinavit,
2237 2034 2329 2106 qui
2357 2034 2477 2105 regi
2509 2050 2673 2106 super
2712 2036 3023 2105 hujusmodi
3050 2036 3268 2094 defectu
3297 2051 3502 2109 oppor-

1900 2129 2026 2175 tune
2058 2129 2435 2193 suggererent,
2467 2123 2720 2194 huncque
2758 2124 3001 2194 suppleri
3043 2125 3369 2182 obtinerent.
3402 2124 3501 2180 Ille

1899 2209 2249 2279 provisurum
2279 2210 2501 2281 negotio
2532 2226 2611 2278 se,
2646 2218 2697 2267 et
2735 2212 3051 2267 necessaria
3095 2212 3251 2269 citius
3279 2212 3503 2284 pollice-

1900 2305 1984 2353 tur
2002 2296 2316 2352 missurum.
2348 2297 2612 2367 Redeunt,
2638 2298 2729 2371 qui
2762 2299 2916 2354 missi
2945 2299 3176 2367 fuerant,
3208 2300 3343 2357 nihil
3367 2315 3505 2372 prae-

1899 2392 1983 2440 ter
2012 2385 2178 2440 verba
2208 2394 2572 2456 reportantes.

1972 2473 2359 2529 Dissimulante
2408 2474 2622 2532 interim
2678 2475 2926 2547 principe
2975 2476 3123 2549 quod
3176 2475 3506 2549 promiserat

1900 2562 2220 2633 adimplere,
2281 2572 2551 2619 cessatum
2600 2572 2685 2619 est
2731 2563 2972 2620 funditus
3018 2564 3086 2619 ab
3128 2580 3318 2637 opere.
3350 2565 3506 2620 Prior

1899 2650 1999 2705 sub
2075 2650 2289 2707 silentio
2360 2652 2735 2708 sustinendum
2799 2652 3046 2722 credidit,
3095 2661 3156 2707 ut
3206 2669 3299 2709 rex
3354 2640 3511 2710 motui

1900 2739 2123 2810 proprio
2153 2740 2297 2810 quod
2356 2740 2610 2811 expedire
2653 2749 2880 2796 noverat
2927 2741 3154 2812 exsequi
3185 2741 3502 2798 studuisset.

1901 2827 2125 2892 Verum,
2176 2828 2296 2898 ipso
2352 2828 2552 2884 diutius
2606 2828 2940 2901 negligente,
2998 2829 3193 2886 iterata
3237 2829 3505 2901 interpel-

1901 2914 2043 2969 latur
2085 2916 2380 2987 legatione,
2441 2917 2762 2988 iterumque,
2826 2916 2969 2973 sicut
3022 2918 3193 2989 prius,
3254 2918 3502 2987 verbum,

1901 3018 2012 3058 non
2041 3004 2245 3071 datum,
2280 3012 2605 3076 reportatur.
2667 3006 2813 3059 Inter
2869 3006 2987 3060 haec
3031 3005 3202 3060 multa
3246 3005 3505 3062 dilatione

202 3101 254 3147 et
283 3075 488 3164 egenus
517 3093 639 3149 feci.
680 3114 701 3144 υ
736 3094 820 3148 Ad
850 3094 972 3150 haec
1002 3094 1292 3149 subridens
1333 3110 1427 3148 rex
1461 3110 1473 3149 :
1513 3115 1535 3145 ι
1571 3094 1680 3159 Sic,
1709 3075 1801 3148 in-
1824 3075 1872 3137 Ο
1898 3099 2168 3161 protracta
2208 3075 2424 3148 taedium
2482 3093 2755 3163 subrepsit
2812 3092 3089 3149 fratribus.
3149 3093 3381 3161 Quidam
3438 3110 3506 3150 ex

203 3182 333 3252 quit,
368 3182 654 3248 ditescere,
686 3198 791 3253 ego
821 3198 930 3237 non
961 3182 1249 3252 cupiebam
1282 3198 1295 3234 :
1330 3181 1529 3237 divitiae
1558 3182 1675 3237 istae
1698 3183 1810 3251 jam

200 3286 342 3341 pene
369 3286 601 3341 egenum
630 3287 719 3325 me
749 3271 1009 3326 fecerunt.
1072 3271 1180 3325 Sed
1229 3286 1329 3325 nec
1386 3270 1500 3326 scio
1559 3270 1645 3325 cui
1702 3270 1810 3325 sint

199 3358 322 3413 usui
350 3374 483 3429 Opes
508 3359 672 3413 istae?
705 3379 728 3408 ι
764 3360 913 3414 Tunc
943 3359 1101 3429 Hugo
1149 3359 1252 3414 hoc
1281 3358 1445 3413 modo
1499 3358 1675 3413 elicita
1710 3374 1809 3428 per

203 3447 319 3513 ejus
350 3462 675 3518 responsum
704 3448 995 3503 occasione
1024 3446 1339 3517 proferendi
1378 3447 1523 3517 quod
1553 3446 1807 3502 intende-

208 3534 301 3589 bat
336 3550 348 3587 :
387 3555 409 3584 ι
442 3536 525 3589 En
556 3535 717 3600 bene,
749 3535 940 3605 inquit,
965 3542 1023 3589 ut
1056 3534 1233 3599 video,
1259 3534 1647 3605 parvipenditis
1665 3550 1808 3589 com-

202 3622 461 3678 mercium
492 3623 658 3678 istud.
716 3623 833 3677 Fiat
895 3623 1062 3694 igitur
1120 3623 1264 3693 quod
1319 3630 1559 3677 vestram
1616 3623 1808 3678 deceat

203 3712 651 3782 magnitudinem,
684 3720 732 3767 et
764 3711 896 3766 mihi
923 3727 1034 3766 non
1062 3711 1283 3766 habenti
1312 3711 1405 3765 ubi
1449 3719 1611 3782 caput
1641 3711 1805 3767 recli-

205 3817 331 3856 nem
361 3801 559 3856 dentur
586 3800 704 3856 istze
734 3800 907 3855 aedes.
954 3823 974 3848 η
1018 3800 1252 3869 Stupens
1282 3799 1351 3854 ad
1382 3800 1524 3855 hanc
1552 3799 1802 3870 postula-

205 3889 409 3944 tionem
440 3905 552 3959 rex,
579 3897 631 3943 et
652 3888 1011 3959 postulantem
1031 3903 1153 3944 cum
1174 3887 1527 3943 admiratione
1549 3889 1803 3943 intuitus:

206 3999 227 4027 α
266 3977 310 4032 Ο
342 3985 412 4044 te,
466 3978 655 4048 inquit,
717 3978 998 4031 dominum
1049 3976 1391 4031 mirabilem]
1424 3978 1565 4032 Num
1623 3984 1800 4047 putas,

202 4067 342 4136 quod
378 4082 543 4121 novas
600 4066 794 4121 domus
851 4066 1007 4120 vobis
1062 4081 1391 4136 nequeamus
1435 4066 1803 4121 construere?

205 4154 375 4209 Dicito
407 4163 583 4209 tamen
615 4155 743 4225 quid
773 4162 830 4208 tu
860 4154 985 4208 inde
1017 4153 1267 4209 faceres?
1304 4178 1325 4201 υ
1361 4154 1427 4207 Et
1453 4154 1543 4207 ille
1578 4169 1588 4206 :
1625 4178 1644 4199 «ι
1681 4156 1802 4208 Non

202 4243 382 4307 decet,
415 4243 605 4313 inquit,
648 4243 892 4314 regalem
941 4242 1355 4312 amplitudinem
1384 4243 1452 4296 de
1501 4242 1802 4312 quibusque

199 4331 439 4385 minimis
467 4332 828 4402 interrogare.
862 4332 989 4386 Haec
1017 4330 1192 4401 prima
1239 4338 1319 4384 est
1366 4330 1551 4400 petitio
1582 4346 1707 4385 mea
1733 4330 1803 4385 ad

1911 3182 2014 3251 his,
2047 3181 2212 3237 etiam
2240 3181 2346 3236 bile
2374 3182 2647 3247 commoti,
2682 3179 2865 3237 verbis
2896 3181 2955 3236 in
2982 3180 3224 3253 priorem
3253 3182 3505 3253 asperio-

1909 3270 2059 3326 ribus
2086 3270 2430 3325 invehuntur.
2466 3269 2702 3325 Desidiae
2731 3270 2873 3324 enim
2904 3269 3064 3325 simul
3121 3278 3176 3325 et
3210 3270 3504 3344 negligen-

1909 3358 1997 3413 tim
2026 3358 2295 3424 incusant,
2330 3358 2473 3428 quod
2502 3374 2600 3429 per
2649 3357 2891 3429 seipsum
2930 3373 3141 3431 regem,
3173 3358 3300 3415 licet
3328 3358 3386 3414 in
3415 3375 3507 3415 re-

1909 3446 2069 3503 motis
2097 3454 2380 3517 agentem,
2437 3462 2540 3517 pro
2597 3452 2746 3501 tanto
2798 3447 3020 3517 negotio
3065 3448 3181 3515 jam
3235 3446 3366 3503 olim
3396 3463 3508 3504 non

1908 3536 2149 3590 adiisset.
2181 3535 2369 3591 Frater
2405 3542 2587 3590 autem
2645 3533 2888 3605 quidam,
2938 3534 3208 3591 Girardus
3263 3535 3379 3606 (58)
3408 3550 3509 3591 no-

1906 3624 2073 3692 mine,
2107 3623 2189 3678 vir
2215 3622 2417 3678 austeri
2445 3623 2665 3695 quidem
2697 3622 2923 3693 ingenii,
2983 3622 3081 3678 sed
3110 3622 3251 3679 bene
3279 3623 3509 3694 religio-

1908 3729 2019 3780 sus,
2054 3720 2106 3767 et
2138 3727 2390 3767 sermone
2413 3710 2555 3766 inter
2602 3719 2893 3783 magnates
2922 3718 2975 3766 et
3018 3710 3293 3782 principes
3321 3710 3509 3768 effica-

1907 3800 2178 3864 cissimus,
2209 3799 2408 3855 talibus
2446 3799 2685 3870 priorem
2716 3798 2910 3854 affatur
2964 3799 3143 3856 verbis
3178 3814 3192 3854 :
3225 3820 3249 3851 ι
3284 3798 3509 3869 Quous-

1906 3906 2031 3960 que,
2092 3889 2284 3960 inquit,
2370 3888 2590 3943 domine
2644 3888 2818 3959 prior,
2880 3887 3207 3960 palpandum
3248 3888 3509 3957 judicatis

1904 3978 2179 4034 hominem
2206 3977 2575 4045 durissimum,
2624 3991 2727 4032 nec
2772 3976 2951 4048 potius
3003 3976 3185 4048 palam
3213 3976 3263 4034 ei
3292 3977 3508 4033 denun-

1904 4066 2047 4121 tiatis
2078 4074 2134 4120 ut
2190 4074 2529 4122 consummet
2562 4065 2718 4121 citius
2776 4064 3024 4132 aedificia,
3074 4065 3272 4138 quibus
3318 4082 3509 4122 carere

1904 4171 2011 4209 non
2041 4155 2200 4210 debet
2242 4155 2416 4209 forma
2444 4154 2653 4209 ordinis
2696 4154 2906 4209 nostri?
2933 4162 3043 4221 aut,
3078 4154 3124 4209 si
3154 4153 3383 4210 ulterius
3410 4154 3509 4210 dif-

1904 4244 2042 4298 ferre
2089 4243 2352 4309 maluerit,
2402 4242 2783 4297 valefacientes
2833 4242 2883 4296 ei
2939 4242 3007 4295 ad
3052 4241 3287 4312 patriam
3335 4250 3389 4297 et
3434 4242 3505 4297 ad

1903 4331 2123 4386 domum
2168 4329 2443 4400 prOpriam
2495 4329 2672 4383 redire
2702 4344 2807 4383 una
2864 4345 2987 4384 cum
3042 4329 3200 4385 nobis
3252 4330 3505 4385 omnibus

202 4428 275 4485 te,
309 4428 381 4485 et,
414 4435 538 4476 cum
570 4421 638 4473 sit
666 4420 900 4486 modica,
935 4435 1032 4475 cur
1083 4435 1290 4474 moram
1344 4419 1523 4488 patior
1551 4418 1606 4473 in
1637 4434 1873 4495 exau-D
1896 4419 2154 4474 maturius
2184 4418 2466 4473 festinetis.
2498 4423 2583 4471 An
2610 4417 2789 4471 minus
2818 4417 3255 4485 animadvertitis,
3290 4418 3418 4489 quia
3446 4418 3504 4475 in

204 4508 406 4563 diendo
427 4510 454 4563 Ε)
480 4530 503 4559 r
529 4510 679 4565 Tunc
702 4526 791 4563 rex
812 4508 1057 4563 alludens
1078 4508 1332 4577 (libenter
1352 4507 1495 4561 enim
1524 4506 1803 4576 ingenium

202 4596 345 4659 viri,
374 4606 427 4651 ut
477 4606 592 4651 erat
648 4597 1139 4667 prudentissimus,
1181 4596 1345 4668 longa
1400 4596 1803 4651 concertatione

203 4686 493 4739 verborum
523 4686 860 4755 explorabat)
895 4703 906 4739 :
944 4707 965 4732 α
1003 4684 1069 4753 Ο,
1094 4684 1282 4755 inquit,
1307 4685 1581 4739 hominem
1602 4684 1655 4737 in
1685 4684 1803 4738 solo

203 4774 501 4845 peregrino
528 4790 667 4843 pene
692 4775 804 4842 jam
837 4774 1129 4828 violentum
1156 4773 1167 4826 l
1200 4773 1319 4837 iste,
1356 4773 1400 4826 si
1432 4773 1636 4827 viribus
1667 4773 1801 4826 nite-

204 4870 375 4927 retur,
412 4862 541 4933 quid
582 4870 785 4934 ageret,
847 4862 939 4933 qui
993 4862 1178 4916 verbis
1237 4861 1305 4915 ita
1353 4861 1675 4930 extorquet?
1728 4876 1796 4915 ne

201 4966 336 5005 vero
394 4950 552 5004 nobis
606 4951 821 5004 duriora
877 4949 1175 5004 inferantur
1232 4950 1298 5003 ab
1356 4965 1458 5018 eo,
1508 4948 1597 5002 fiat
1652 4950 1797 5019 quod

204 5038 389 5111 exigit.
422 5060 442 5089 υ
478 5040 625 5095 Tunc
655 5040 743 5094 ille
774 5054 1067 5094 concessas
1084 5038 1185 5092 sibi
1216 5038 1361 5093 aedes
1391 5038 1628 5093 omnium
1650 5038 1797 5092 dedit

272 5220 373 5282 (58)
402 5218 536 5270 Idem
579 5232 689 5269 cum
732 5220 833 5281 illo,
870 5220 929 5269 de
974 5230 1065 5278 quo
1100 5219 1150 5268 in
1190 5218 1301 5268 Vita
1341 5220 1393 5267 S.
1442 5218 1691 5268 Anthelmi
1728 5219 1795 5267 ita

204 5287 477 5338 scribitur:
512 5301 536 5333 α
562 5287 779 5337 Aderant
819 5290 981 5336 autem
1023 5298 1084 5335 ex
1126 5285 1394 5335 Carthusiaa
1438 5285 1670 5333 fratribus
1703 5286 1796 5334 duo

207 5367 385 5417 genere
413 5353 618 5417 nobiles,
647 5354 732 5403 sed
756 5354 1030 5402 humilitate
1053 5365 1109 5401 ac
1134 5352 1244 5401 ﬁdei
1267 5352 1495 5417 firmitate
1513 5351 1791 5411 nobiliores,

203 5416 358 5482 Αγωο
382 5420 628 5480 videlicet,
659 5422 733 5469 vir
757 5421 1001 5481 quondam
1022 5420 1069 5468 in
1088 5419 1261 5469 saeculo
1302 5416 1587 5479 magniﬁcus
1626 5430 1681 5466 ac
1708 5430 1797 5479 po-

208 5493 337 5550 tens,
366 5489 414 5536 et
440 5486 677 5538 Girardus
715 5487 758 5536 ei
783 5490 963 5538 Virtute
1002 5498 1096 5537 non
1133 5486 1308 5548 impar,
1337 5509 1357 5529 ν
1391 5488 1487 5534 etc.
1516 5486 1602 5534 llic
1632 5485 1795 5547 igitur,

423 5580 661 5634 Parnon.
694 5579 873 5635 CLIII.

1904 4506 2110 4563 ordinis
2140 4504 2309 4561 nostri
2338 4505 2607 4560 redundat
2623 4504 2873 4573 injuriam
2895 4512 3037 4560 tanta
3058 4505 3205 4561 circa
3226 4522 3328 4562 nos
3357 4506 3503 4564 illius

1903 4594 2131 4659 incuria,
2165 4602 2217 4649 et
2245 4609 2343 4648 nos
2372 4593 2476 4664 ipsi
2506 4601 2790 4664 pateamus
2836 4602 3154 4650 cunctorum
3212 4594 3270 4649 in
3298 4594 3500 4652 circui-

1904 4692 1959 4738 tu
1990 4682 2266 4747 derisioni,
2305 4683 2397 4754 qui
2425 4690 2502 4738 tot
2526 4684 2640 4751 jam
2669 4683 2999 4754 temporibus
3028 4683 3116 4739 hic
3143 4699 3497 4739 commanen-

1903 4781 2003 4839 tes,
2038 4772 2249 4843 exiguis
2281 4772 2621 4843 nequivimus
2663 4771 3054 4828 mansiunculis
3110 4772 3229 4827 istis
3281 4772 3497 4828 culmen

1901 4860 2224 4931 imponere?
2255 4860 2411 4928 Quod
2442 4861 2488 4914 si
2518 4860 2847 4916 verecundia
2895 4861 3077 4915 innata
3126 4876 3224 4916 vos
3253 4860 3491 4927 cohibet,

1897 4965 1965 5004 ne
1996 4949 2203 5005 homini
2232 4948 2377 5014 huic,
2409 4965 2529 5019 quae
2559 4950 2735 5017 decet,
2768 4949 3081 5019 proferatis,
3117 4948 3293 5019 ipsum
3322 4948 3495 5005 adea-

1897 5055 2018 5093 mus
2049 5038 2270 5109 pariter,
2301 5046 2372 5105 et,
2398 5054 2516 5107 qum
2539 5038 2588 5093 ei
2609 5038 2849 5094 dicturus
2881 5054 3002 5092 sum
3033 5052 3157 5108 ego,
3192 5036 3442 5106 audietis,
3468 5062 3491 5086 η

1894 5217 2021 5268 sicut
2044 5220 2094 5267 S.
2125 5217 2386 5267 Anthelmo
2411 5216 2471 5266 ad
2499 5221 2705 5267 mortem
2730 5228 2898 5278 usque,
2925 5215 2993 5265 ita
3022 5218 3131 5277 post
3158 5216 3284 5267 illius
3309 5216 3494 5268 obitum

1895 5282 2079 5345 Hugoni
2100 5284 2255 5334 astitit
2278 5285 2324 5333 in
2352 5284 2523 5346 Anglia
2553 5297 2567 5334 :
2594 5285 2643 5333 in
2670 5296 2763 5346 qua
2788 5286 2929 5332 notus
2954 5284 3097 5333 Petro
3118 5284 3327 5335 Cellensi
3352 5283 3413 5333 ab
3437 5296 3496 5333 eo

1896 5352 1943 5400 in
1971 5355 2231 5400 comment.
2263 5351 2309 5399 in
2330 5351 2416 5400 lib.
2445 5351 2553 5411 Job,
2580 5363 2623 5399 c.
2654 5365 2709 5410 ιι,
2739 5350 2804 5399 ita
2830 5348 3050 5400 laudatur
3078 5365 3089 5394 :
3130 5366 3148 5397 α
3185 5350 3368 5400 Nudius
3403 5353 3497 5400 ter-

1897 5419 1991 5467 tius
2016 5418 2113 5468 vidi
2139 5418 2396 5478 quemdam
2421 5416 2690 5468 Gerardum
2725 5417 2941 5480 nomine,
2978 5417 3339 5470 Cartbusiensis
3364 5416 3498 5467 ordi-

1897 5485 1971 5533 nis
1994 5485 2213 5535 fratrem.
2243 5485 2329 5546 Qui
2356 5497 2499 5547 super
2524 5486 2704 5545 omnia,
2741 5501 2757 5531 ι
2795 5487 2889 5534 etc.

3218 5580 3277 5630 31
