3972 6052
429 212 526 265 971

1322 203 1379 258 S.
1421 199 1734 259 HUGONIS
1772 195 1990 253 EPISC.
2032 190 2360 249 LINCOLN.
2410 189 2575 246 0RD.
2617 188 2866 245 CARTH.

3617 184 3726 236 972

503 328 823 387 Convocatis
853 334 1034 383 autem
1064 326 1272 382 cunctis
1318 325 1595 392 fratribus,
1630 332 1683 379 et
1722 325 1941 394 negotio
1963 318 2017 372 in
2038 318 2094 377 Α
2124 312 2386 384 temporis
2415 312 2532 383 ipse
2562 310 2922 367 reminiscens
2949 312 3094 361 totus
3123 299 3728 394 inhorresceretl'liunc

432 434 721 477 commune
750 417 989 488 prolato,
1024 414 1224 486 placuit
1272 415 1523 470 omnibus
1575 412 1870 468 Girardum
1900 429 2024 470 cum

434 508 619 579 priore
656 504 931 578 proficisci
959 504 1029 559 ad
1058 520 1267 576 regem.
1300 504 1369 557 Et
1414 502 1562 573 prior
1595 519 1608 556 :
1645 526 1665 549 α
1704 502 2020 571 Consilium,

436 596 627 668 inquit,
662 602 901 650 vestrum
930 602 981 648 et
1012 608 1115 663 ego
1145 598 1421 664 gratanter
1450 598 1694 660 accepto.
1746 591 2029 646 Verumta-

437 700 563 739 men
615 682 802 750 vobis,
852 681 1018 736 frater
1074 680 1327 745 Girarde,
1371 678 1769 750 providendum
1817 678 1919 733 erit
1946 686 2023 743 ut,

440 769 901 844 quemadmodum
920 769 1111 838 libere,
1134 768 1207 822 ita
1235 775 1289 822 et
1317 767 1564 823 modeste
1594 782 1692 822 vos
1713 766 1956 821 habeatis
1972 766 2027 819 in

441 875 695 914 sermone
730 865 933 915 vestro.
967 857 1101 911 Cum
1159 856 1301 910 enim
1353 856 1438 924 sit,
1470 862 1528 909 ut
1584 870 1713 910 vere
1762 853 2026 924 comperi,

442 948 699 1020 princeps
719 946 821 1001 iste
850 944 1065 1016 sagacis
1103 944 1396 1000 admodum
1422 943 1628 1015 ingenii
1684 950 1735 997 et
1763 942 2030 998 inscruta-

443 1036 567 1094 bilis
602 1034 717 1090 fere
774 1032 959 1102 animi,
1010 1033 1218 1099 forsan,
1280 1040 1338 1086 ut
1387 1038 1555 1086 tentet
1586 1046 1687 1086 nos
1724 1030 2031 1086 dissimulat

442 1123 699 1180 exaudire
736 1137 857 1179 nos.
890 1121 1002 1177 Scit
1031 1120 1217 1192 procul
1272 1120 1437 1175 dubio
1465 1118 1835 1190 perfectionis,
1870 1134 2031 1190 quam

443 1212 678 1284 professi
705 1227 914 1277 sumus,
946 1225 1110 1281 quam
1140 1209 1370 1264 maxime
1400 1208 1685 1273 interesse,
1724 1207 1857 1261 illud
1887 1207 2029 1262 divi-

441 1317 570 1356 num
589 1299 813 1371 implere
856 1299 1261 1363 documentum,
1291 1312 1398 1367 quo
1428 1296 1625 1351 dicitur
1652 1295 1809 1351 nobis
1846 1310 1859 1349 :
1914 1316 1935 1346 ι
1972 1296 2033 1350 In

446 1411 468 1441 ι
504 1387 762 1461 patientia
792 1395 970 1442 vestra
989 1384 1338 1457 possidebitis
1375 1384 1586 1439 animas
1614 1392 1825 1440 vestras
1873 1385 2029 1453 (Luc.

446 1500 469 1529 ι
491 1492 614 1544 xxx,
650 1478 774 1546 19);
812 1496 833 1526 ι
866 1491 970 1531 nec
997 1489 1105 1529 non
1138 1481 1189 1529 et
1206 1473 1337 1528 illud
1356 1473 1655 1528 beatissimi
1676 1472 1828 1527 Pauli
1860 1488 1872 1526 :
1912 1494 1934 1523 ι
1972 1473 2031 1527 In

446 1587 471 1619 ι
503 1566 763 1629 οηπιὶδιιε
803 1563 1158 1619 exbibeamus
1186 1578 1308 1628 nos,
1342 1561 1481 1617 sicut
1514 1561 1613 1616 Dei
1642 1560 1939 1628 ministros,
1978 1561 2035 1615 in

2126 418 2273 471 vero,
2307 417 2433 457 cum
2462 400 2565 455 ista
2592 397 2905 471 proferebat
2935 397 3096 450 heros
3125 392 3235 459 ille,
3286 390 3374 447 cui
3419 406 3485 445 ex
3528 388 3731 459 Spiritu

2125 491 2227 546 Dei
2254 490 2480 545 libertas
2509 496 2659 543 tanta
2688 488 2805 553 fuit,
2832 487 2989 557 Hugo
3011 489 3159 537 tanto
3187 480 3305 536 vice
3334 479 3481 551 regis
3512 476 3729 531 suffun-

2128 579 2360 634 debatur
2390 578 2610 642 rubore,
2644 584 2700 631 ut
2731 575 2819 631 vix
2862 570 3238 629 confusionem
3284 568 3467 624 cordis
3496 566 3580 621 sui
3610 565 3731 635 ipse

2128 667 2407 722 toleraret.
2427 665 2682 720 Monebat
2703 663 2926 718 fratrem
2946 660 3147 714 talibus
3168 656 3343 712 eﬁ‘atis
3362 670 3603 726 parcere,
3638 660 3732 707 aut

2128 755 2343 826 penitus
2373 754 2549 808 silere.
2585 754 2785 808 Verum
2816 750 2889 816 is,
2923 758 2982 804 ut
3037 756 3154 803 erat
3175 743 3522 802 conscientiae
3550 740 3735 813 purio-

2130 843 2203 897 ris
2232 850 2285 897 et
2315 840 2632 898 reverendae
2658 838 2895 905 canitiei,
2930 834 3213 908 sanguinis
3234 833 3393 889 etiam
3425 832 3538 903 (60)
3561 843 3733 903 gene-

2130 930 2263 1000 rosi,
2293 929 2427 984 nihil
2455 928 2709 998 ducebat,
2741 940 3080 999 quaecunque
3127 923 3369 987 dixisset,
3417 919 3547 991 quin
3575 918 3732 973 dice-

2132 1026 2216 1074 ret
2243 1018 2349 1073 alia
2380 1026 2541 1089 atque
2566 1016 2693 1087 alia,
2726 1015 2924 1087 quibus
2952 1012 3251 1085 principem
3299 1008 3599 1080 corrigeret
3641 1013 3735 1059 aut

2133 1106 2395 1174 erudiret,
2428 1114 2481 1161 et
2509 1105 2617 1161 alia
2643 1104 2822 1159 adhuc
2850 1102 3084 1158 dicendo
3123 1100 3486 1155 subnecteret.
3520 1097 3733 1150 Interea

2133 1212 2264 1251 vero
2294 1211 2406 1262 rex,
2443 1210 2544 1249 nec
2572 1193 2752 1249 vultus
2798 1190 3120 1255 immutavit,
3154 1204 3255 1243 nec
3281 1186 3509 1243 verbum
3540 1182 3733 1249 edidit,

2133 1283 2241 1338 imo
2273 1282 2467 1338 tacitus
2498 1290 2546 1338 et
2578 1280 2901 1353 tranquillus
2929 1279 3199 1334 dicentem
3230 1273 3498 1339 sustinuit,
3531 1287 3736 1344 quous-

2134 1388 2240 1443 que
2268 1371 2539 1435 universa,
2590 1386 2712 1442 quae
2763 1376 2945 1423 mente
3002 1365 3343 1436 concepisset
3399 1361 3585 1427 frater,
3633 1375 3734 1415 ore

2135 1460 2447 1531 parturiret.
2483 1459 2727 1514 Tandem
2756 1456 2847 1512 ille
2878 1456 3106 1511 satiatus
3137 1449 3590 1525 praecordialique
3614 1463 3741 1519 par-

2135 1549 2388 1605 turitione
2418 1555 2740 1603 exoneratus
2769 1544 2932 1601 ﬁnem
2973 1544 3099 1600 fecit
3146 1538 3632 1613 objurgationibus,
3685 1545 3737 1591 et

446 1674 469 1704 ι
503 1653 667 1708 multa
688 1626 1034 1724 patientiam
1052 1653 1173 1707 Cor.
1193 1666 1267 1715 vr,
1298 1625 1377 1719 ⁷4).
1404 1674 1424 1699 »
1446 1649 1756 1705 Multavero
1777 1625 2034 1720 patientia
2063 1668 2116 1729 Β
2138 1638 2351 1729 silentio
2380 1636 2523 1691 labia
2552 1634 2886 1729 ﬂagellantia
2922 1632 3252 1697 concedens,
3282 1628 3531 1701 spiritum
3563 1625 3736 1682 conti-

442 1741 500 1795 in
528 1756 594 1796 eo
623 1722 1024 1811 comprobatur,
1058 1738 1103 1794 si
1132 1738 1301 1793 multa
1347 1738 1624 1794 contraria
1664 1738 1778 1793 sive
1806 1738 2036 1793 adversa
2063 1722 2111 1729 —
2137 1726 2272 1795 mliti
2304 1734 2355 1782 θῐ
2384 1741 2576 1782 vocem
2606 1722 2889 1795 Γθρτθδείί·

441 1828 496 1883 in
554 1829 723 1885 multa
778 1829 997 1883 lenitate
1054 1834 1335 1898 supportet
1389 1826 1777 1899 longanimitas
1830 1825 2031 1881 multa:

440 1917 695 1988 patientia
726 1917 870 1972 enim
900 1916 1017 1972 sine
1048 1915 1457 1990 longanimitate
1514 1932 1624 1971 non
1681 1915 1877 1982 multa,
1937 1915 2035 1969 sed

442 2014 593 2061 curta
621 2006 743 2074 erit,
777 2005 984 2077 absque
1013 2004 1230 2060 lenitate
1264 2020 1395 2060 vero
1424 2019 1648 2075 prorsus
1679 2003 1825 2058 nulla
1854 2003 1976 2058 erit.
2008 2026 2029 2051 ιο

513 2094 818 2165 Assumptis
865 2093 1030 2166 igitur
1074 2094 1223 2164 prior
1259 2107 1464 2161 secum,
1509 2092 1769 2163 praedicto
1797 2090 2033 2148 Girardo

443 2191 496 2238 et
542 2183 648 2238 alio
679 2182 869 2249 fratre,
898 2181 1119 2237 nomine
1149 2181 1403 2252 Cynardo
1470 2182 1604 2251 (59),
1657 2180 1950 2251 grandaevo
1982 2186 2035 2234 et

440 2270 844 2342 probatissimae
873 2270 929 2325 in
949 2277 1131 2326 sancta
1157 2268 1423 2340 religione
1461 2269 1689 2334 virtutis,
1724 2268 1794 2323 ad
1840 2284 2033 2341 regem

438 2358 717 2431 profectus
748 2367 848 2415 est.
882 2357 1032 2427 Quos
1079 2357 1169 2414 ille
1199 2374 1410 2427 omnes,
1455 2374 1518 2412 ac
1548 2358 1594 2412 si
1651 2357 1905 2413 caelestes
1936 2372 2033 2411 an-

437 2447 614 2519 gelos,
695 2447 1076 2503 venerabiliter
1152 2446 1451 2517 excipiens,
1507 2446 1575 2500 ad
1614 2445 2033 2501 insinuationem

436 2535 686 2591 instantis
715 2536 919 2607 negotii
947 2534 1147 2591 blanda
1175 2535 1405 2601 locutus,
1453 2534 1594 2589 bona
1637 2533 1925 2605 pollicitus,
1949 2533 2033 2587 dio

438 2623 653 2680 lationis
685 2639 959 2680 excusans
989 2639 1230 2691 causam,
1250 2622 1482 2679 celerius
1494 2622 1673 2678 omnia
1697 2621 2032 2693 perficienda

436 2712 780 2784 promittens,
840 2720 1089 2783 sumptus
1146 2720 1330 2767 tamen
1390 2710 1862 2782 inpraesentiarum
1920 2726 2031 2765 non

436 2800 680 2866 contulit,
714 2816 814 2856 nec
865 2800 1083 2872 quando
1124 2807 1271 2855 esset
1315 2798 1605 2854 collaturus
1661 2799 1864 2854 certius
1907 2798 2030 2853 inti-

441 2888 630 2945 mavit.
654 2889 789 2943 Tum
820 2903 955 2944 vero
1004 2887 1322 2943 infrendens
1354 2886 1521 2943 frater
1565 2886 1850 2952 Girardus,
1883 2902 2029 2942 sua:-

439 2992 546 3049 que
585 2976 763 3048 potius
810 2975 1216 3032 deliberationis
1265 2975 1531 3047 pristinaa,
1563 2990 1727 3047 quam
1775 2974 2028 3030 admoni-

433 3065 597 3121 tionis
626 3065 729 3120 sibi
758 3064 912 3122 factte
967 3080 1201 3135 memor,
1241 3081 1433 3137 regem
1474 3064 1789 3135 aggreditur
1842 3063 2033 3119 durius

435 3169 693 3227 arguere.
725 3154 958 3209 Demum
990 3169 1003 3208 :
1043 3176 1064 3203 ι
1101 3152 1401 3225 Quidquid,
1461 3152 1556 3221 ait,
1608 3152 1675 3208 de
1725 3160 1921 3209 caetero
1952 3152 2033 3208 vi-

434 3258 554 3297 sum
612 3242 768 3298 vobis
824 3241 1003 3311 fuerit,
1062 3241 1282 3296 domine
1321 3257 1433 3308 rex,
1500 3248 1590 3295 aut
1649 3240 1898 3297 faciendo
1945 3241 2033 3296 vel

431 3330 733 3386 omittendo
780 3345 947 3402 opere
977 3329 1249 3397 inchoato,
1288 3344 1411 3384 mea
1459 3329 1686 3385 ulterius
1727 3345 1838 3385 non
1875 3329 2032 3384 inter-

435 3419 558 3474 erit.
591 3419 781 3474 Totum
812 3418 966 3475 vobis
999 3434 1231 3489 regnum
1254 3424 1497 3473 vestrum
1527 3418 1771 3489 quietum
1791 3418 1949 3483 cedo,
1979 3426 2032 3472 et

432 3507 503 3563 ad
532 3516 776 3563 nostram
834 3507 1279 3562 Cartbusiensem
1338 3522 1582 3561 eremum
1639 3506 1793 3561 vobis
1823 3505 2031 3562 valefa-

433 3596 585 3653 ciens
612 3612 740 3652 mox
772 3596 984 3652 redibo.
1020 3595 1294 3651 Putatisne
1323 3611 1421 3651 vos
1468 3595 1627 3651 nobis
1676 3595 1909 3667 gratiam
1938 3611 2033 3651 ex-

433 3685 647 3754 hibere,
684 3686 730 3740 si
759 3693 942 3742 vestro
991 3700 1093 3740 nos
1124 3684 1211 3741 vel
1241 3700 1380 3755 pane
1410 3684 1783 3751 substentetis,
1817 3698 1940 3740 cum
1966 3698 2033 3739 eo

433 3774 651 3845 penitus
698 3789 807 3829 non
862 3772 1135 3845 egemus?
1189 3773 1392 3828 Verum
1444 3773 1614 3828 satius
1644 3780 1726 3828 est
1774 3771 1934 3827 nobis
1961 3772 2031 3827 ad

435 3876 576 3917 saxa
604 3869 914 3917 nostrarum
944 3862 1240 3932 confugere
1269 3861 1506 3932 Alpium,
1570 3877 1736 3932 quam
1774 3860 1842 3915 ad
1871 3860 2031 3916 talem

435 3948 713 4005 hominem
742 3949 949 4005 habere
1011 3948 1342 4019 conﬂictum,
1387 3950 1477 4021 qui
1516 3957 1701 4016 totum,
1755 3949 1901 4019 quod
1931 3964 2031 4018 pro

438 4054 536 4092 sua
586 4036 760 4093 salute
819 4037 1044 4108 geritur,
1090 4044 1345 4108 tanquam
1396 4037 1666 4107 perditum
1713 4037 2028 4091 arbitratur.

437 4126 650 4182 Habeat
681 4125 784 4181 sibi
812 4125 973 4181 citius
1003 4124 1325 4191 amissurus,
1360 4132 1432 4191 et,
1465 4124 1553 4181 cui
1590 4126 1783 4191 nescit,
1815 4125 2032 4181 relictu-

438 4231 535 4270 rus
565 4230 718 4287 opes,
754 4229 889 4287 quas
936 4221 1139 4270 tantum
1171 4221 1346 4281 amat;
1381 4228 1484 4269 nec
1530 4214 1771 4269 Christus
1797 4214 1881 4267 bis
1910 4214 2032 4285 dig-

2204 1814 2398 1870 Habito
2428 1821 2551 1885 post
2577 1814 2693 1868 haec
2722 1811 2791 1867 ab
2831 1809 3097 1867 universis
3144 1805 3456 1879 aliquandiu
3496 1804 3606 1859 alto
3652 1802 3735 1858 si-

2132 1902 2317 1971 lentio,
2351 1902 2535 1974 priore
2563 1901 2769 1957 vultum
2791 1915 2906 1971 pra:
2928 1897 3245 1955 confusione
3260 1894 3613 1965 deprimente,
3648 1907 3738 1948 re-

2132 2008 2257 2063 gem
2290 1999 2471 2047 autem
2490 1989 2806 2061 aspiciente,
2836 1995 3111 2057 aestusque
3138 1984 3333 2039 mentis
3362 1983 3506 2038 illius
3536 1997 3602 2037 ex
3631 1996 3737 2051 ge-

2134 2079 2307 2135 stibus
2336 2079 2506 2150 ipsius
2533 2077 2923 2148 perpendente,
2959 2075 3038 2131 sic
3058 2073 3275 2129 tandem
3302 2072 3421 2144 ipse
3450 2087 3545 2126 rex
3575 2085 3738 2125 orsus

2134 2175 2216 2224 est
2244 2167 2421 2239 loqui:
2449 2188 2470 2217 σι
2497 2166 2770 2234 Quidnam
2788 2172 2866 2231 tu,
2886 2163 3057 2235 inquit
3074 2163 3144 2217 ad
3165 2162 3472 2234 Hugonem,
3505 2158 3738 2213 medita-

2132 2255 2348 2311 bundus
2378 2263 2556 2311 tecum
2598 2254 2871 2310 deliberas
2896 2294 2909 2319 ,
2942 2252 3025 2307 vir
3072 2251 3213 2307 bone
3234 2250 3262 2305 ?
3286 2250 3429 2305 Num
3475 2247 3636 2303 etiam
3668 2252 3728 2299 tu

2130 2344 2281 2399 abire
2302 2344 2566 2414 disponis,
2591 2351 2641 2398 et
2662 2342 2855 2398 cedere
2873 2340 3033 2396 nobis
3044 2354 3276 2412 regnum
3296 2334 3576 2392 nostrum?
3599 2359 3621 2383 ι»
3647 2333 3735 2388 Ad

2132 2447 2294 2503 quem
2321 2430 2413 2487 ille
2443 2430 2712 2485 submisse
2730 2436 2784 2484 et
2803 2428 3000 2484 leniter
3030 2444 3044 2482 :
3080 2450 3101 2475 α
3147 2427 3273 2481 Non
3300 2424 3439 2479 adeo
3460 2424 3529 2478 de
3554 2421 3737 2489 vobis,

2129 2519 2322 2591 inquit,
2356 2518 2586 2574 Domine
2628 2518 2901 2588 despero;
2929 2516 3109 2587 potius
3154 2513 3454 2585 compatior
3499 2510 3739 2581 impedi-

2129 2608 2327 2663 mentis
2358 2608 2550 2664 vestris
2578 2614 2629 2662 et
2658 2604 3129 2676 occupationibus,
3163 2602 3362 2675 quibus
3390 2599 3741 2672 praepediun-

2128 2704 2216 2751 tur
2244 2696 2505 2752 salutaria
2548 2696 2745 2750 anima:
2792 2701 2988 2749 vestra:
3036 2692 3232 2747 studia.
3283 2689 3549 2761 Occupati
3587 2688 3741 2744 enim

2130 2785 2282 2851 estis,
2316 2793 2388 2850 et,
2422 2799 2546 2840 cum
2585 2782 2851 2839 Dominus
2894 2780 3183 2850 adjuverit,
3234 2780 3373 2834 bene
3426 2792 3740 2849 proseque-

2128 2872 2261 2929 mini
2290 2881 2471 2943 empta
2502 2871 2761 2927 salubria.
2801 2892 2822 2922 ι
2865 2871 3016 2925 Tunc
3065 2885 3163 2924 rex
3216 2866 3530 2938 complexus
3587 2882 3735 2931 eum,

2129 2962 2204 3017 ita
2235 2978 2357 3019 cum
2381 2962 2691 3031 juramento
2722 2959 2797 3014 ait
2828 2976 2843 3013 :
2881 2980 2903 3006 α
2940 2959 3045 3014 Per
3092 2956 3319 3013 salutem
3352 2954 3546 3011 anima“:
3574 2969 3737 3020 mete,

2054 3021 2101 3082 Ο
2132 3051 2261 3105 dum
2291 3050 2479 3107 vitales
2509 3049 2727 3120 spirabo
2754 3063 2937 3114 auras,
2970 3055 3028 3102 tu
3059 3061 3092 3102 a
3119 3060 3243 3101 meo
3274 3059 3447 3115 regno
3479 3058 3587 3098 non
3616 3043 3739 3098 dis-

2131 3138 2295 3195 cedes
2320 3157 2335 3206 ;
2369 3130 2548 3195 tecum
2576 3137 2776 3209 partiar
2805 3136 2952 3191 enim
2979 3133 3207 3192 consilia
3254 3131 3524 3197 salutaria,
3560 3138 3740 3187 tecum

2133 3235 2184 3282 et
2215 3226 2395 3282 studia
2420 3226 2613 3281 animae
2634 3223 3123 3283 meae-necessaria.
3170 3244 3189 3273 ι
3215 3221 3363 3276 Misit
3392 3219 3664 3290 extemplo
3686 3227 3742 3274 et

2134 3323 2403 3387 sumptus,
2435 3330 2683 3387 opusque
2721 3328 2936 3369 summa
2965 3327 3089 3369 cum
3116 3304 3368 3367 instantia
3389 3307 3550 3379 jussit
3578 3323 3740 3364 com-

2127 3403 2287 3475 pleri.
2328 3427 2349 3451 ι

2729 3508 2953 3565 CAPUT
2983 3508 3073 3563 VI.

2139 3616 2288 3685 Quod
2308 3632 2414 3672 rex
2437 3616 2655 3699 Hugoni
2666 3614 2911 3698 credidit
2916 3632 3039 3687 pra:
3049 3614 3549 3699 caeteris‘omnibu:
3571 3614 3633 3669 in
3652 3610 3744 3699 Itis

2204 3704 2326 3759 quae
2355 3703 2473 3743 suae
2501 3683 2746 3741 salutem
2779 3683 2989 3741 auia—tce
3009 3686 3429 3757 contingebant,
3453 3688 3509 3740 et
3541 3683 3686 3757 quod
3706 3700 3744 3738 α

2203 3758 2403 3813 multis
2424 3758 2567 3829 regis
2589 3758 2746 3825 ﬁlius
2765 3758 3100 3829 putabatur;
3122 3761 3178 3812 et
3197 3757 3339 3828 quod
3352 3758 3549 3829 ipsum
3570 3771 3743 3829 super

2204 3830 2378 3884 varii:
2396 3826 2712 3883 excessibus
2729 3826 3034 3898 arguendo,
3051 3843 3167 3882 non
3185 3826 3435 3882 cessabat
3456 3828 3637 3881 sacris
3658 3826 3747 3879 in-

2204 3902 2456 3969 formare
2487 3899 2999 3961 exhortationibus,
3044 3900 3177 3969 quia
3216 3900 3336 3968 ejus
3368 3898 3525 3952 varia
3548 3910 3742 3951 conso-

2208 3968 2420 4025 latione
2446 3970 2622 4024 levius
2655 3968 2875 4038 ferebat
2895 3969 3148 4033 adversa,
3172 3972 3228 4023 et
3249 3970 3435 4038 fretu:
3455 3969 3577 4037 ejus
3604 3984 3739 4021 ora-

2212 4040 2454 4095 tionibus
2468 4040 2770 4110 superabat
2787 4040 3039 4109 facilius,
3066 4043 3123 4093 et
3142 4039 3398 4094 consiliis
3419 4040 3742 4094 instructus

2205 4110 2673 4181 circumspectius
2704 4110 3044 4165 declinabat.

2204 4215 2333 4272 Post
2362 4216 2480 4271 haec
2508 4215 2764 4286 princeps
2795 4214 2887 4270 ille
2915 4229 3150 4287 magnus
3199 4214 3304 4271 viri
3349 4214 3450 4271 Dei
3498 4213 3742 4270 crebrius

441 4311 617 4373 natur,
651 4318 755 4359 nec
784 4303 1073 4376 quisquam
1090 4302 1446 4369 Christianus,
1479 4302 1806 4374 participari.
1850 4327 1871 4349 υ
1905 4304 2034 4358 Haac
2061 4374 2094 4376 _
2136 4303 2418 4360 fruebatur
2445 4303 2736 4375 colloquio,
2769 4310 2823 4359 et
2863 4303 3093 4359 consilio
3142 4302 3377 4375 amplius
3422 4300 3745 4358 delectaba-

440 4390 532 4459 ita,
565 4391 675 4447 imo
706 4399 759 4446 et
793 4374 880 4445 bis
910 4374 1107 4447 similia
1137 4391 1266 4446 satis
1295 4391 1537 4460 duriora,
1572 4391 1788 4447 Girardi
1818 4390 2032 4445 blandi-
2059 4374 2113 4433 D
2140 4402 2251 4447 tur.
2291 4393 2407 4448 Nec
2434 4400 2588 4448 erant
2606 4392 2787 4457 multi;
2821 4393 2918 4447 sed
2948 4400 3019 4462 et,
3044 4400 3102 4447 ut
3130 4408 3163 4447 a
3181 4374 3366 4447 multis
3393 4390 3743 4460 credebatur,

450 4486 625 4533 menta
648 4479 719 4534 ad
746 4487 950 4534 tantum
980 4479 1374 4535 dominatorem
1431 4480 1742 4535 referuntur
1772 4479 1960 4535 fuisse.

519 4566 665 4635 Quid
687 4584 816 4624 vero
836 4568 926 4639 pio
959 4568 1100 4625 inter
1115 4568 1219 4624 ista
1240 4577 1294 4624 et
1312 4569 1560 4624 modesto
1572 4568 1741 4640 priori
1762 4584 1860 4623 suo
1872 4568 2036 4622 animi

453 4656 633 4723 fuerit,
686 4656 954 4712 referebat
995 4657 1113 4728 ipse
1174 4658 1373 4729 sapius
1405 4657 1519 4725 jam
1578 4656 1866 4728 episcOpus
1910 4657 2040 4711 talia

447 4760 572 4802 eum
610 4752 665 4802 et
706 4752 856 4801 tanta
899 4752 1268 4818 prosecutum,
1319 4754 1371 4801 et
1420 4747 1610 4801 borum
1664 4753 1788 4816 post
1835 4753 2040 4800 tantum

526 4919 632 4984 (59)
660 4921 727 4970 De
747 4932 843 4984 quo
865 4920 975 4971 vide
998 4920 1137 4984 plura
1164 4919 1289 4971 infra
1316 4919 1402 4970 lib.
1431 4933 1498 4981 IV,
1524 4933 1569 4969 c.
1600 4919 1683 4970 12.

529 5023 632 5083 (60)
680 5024 753 5074 Ex
798 5024 995 5083 familia,
1032 5026 1085 5071 ut
1124 5022 1333 5081 videtur,
1380 5024 1608 5073 comitum
1656 5023 2048 5073 Nivernensium.

461 5089 638 5139 Comes
663 5101 868 5150 namque
897 5090 1209 5139 Nivernensis
1232 5089 1409 5139 dicitur
1433 5103 1458 5139 a
1487 5089 1749 5150 Dor-laudo,
1786 5094 1833 5139 et
1870 5103 1898 5137 a
1939 5092 2049 5140 Mo-

468 5156 589 5205 rotio
618 5174 628 5202 :
658 5158 735 5217 qui
760 5159 926 5205 tamen
953 5168 1061 5206 eum
1101 5154 1397 5204 confundunt
1434 5168 1539 5205 cum
1587 5155 1862 5213 Guillelmo,
1907 5158 2051 5206 etiam

467 5234 525 5272 ex
550 5223 725 5272 comite
752 5222 1053 5283 Nivernensi,
1092 5222 1429 5279 (‘arthusiano,
1474 5225 1595 5271 Acta
1638 5221 1889 5284 utriusque
1929 5236 2055 5273 com-

466 5289 731 5339 miscendo.
760 5290 886 5351 Quos
910 5289 1270 5349 distinguendos
1296 5290 1499 5349 constat,
1525 5292 1628 5337 tum
1660 5300 1719 5337 ex
1744 5290 1851 5338 Vita
1875 5292 1926 5339 S.
1950 5292 2052 5340 An-

466 5356 659 5414 thclmi,
688 5356 737 5404 in
782 5369 874 5417 qua
912 5356 1161 5416 utriusque
1206 5356 1259 5403 fit
1301 5356 1499 5414 mentio,
1544 5359 1646 5404 tum
1685 5356 1794 5416 quia
1814 5369 1874 5406 ex
1906 5356 2047 5417 epist.

467 5421 671 5484 Eugenii
696 5434 832 5484 papa:
858 5422 919 5470 ll]
946 5426 993 5471 et
1017 5434 1077 5471 ex
1099 5422 1250 5471 altera
1273 5423 1326 5471 S.
1350 5421 1580 5471 Bernardi
1604 5420 1663 5471 ad
1682 5422 1817 5471 Idam
1839 5423 2055 5473 comitis-

467 5498 572 5536 sam
612 5488 737 5549 apud
762 5487 1024 5538 Acherium
1050 5491 1169 5537 tom.
1214 5489 1273 5537 ll.
1307 5487 1499 5551 Spicil.,
1525 5501 1574 5550 p.
1608 5488 1728 5550 515,
1753 5500 1865 5538 nov.
1910 5490 2048 5551 edit.,

470 5556 659 5603 constat
703 5553 1013 5605 Guillelmum
1052 5558 1165 5605 ante
1209 5566 1385 5605 annum
1418 5555 1545 5605 1155
1570 5558 1810 5606 mortuum
1835 5575 1847 5617 ;
1875 5556 2053 5607 Gerar-

2142 4481 2228 4537 vel
2254 4497 2393 4535 unus
2423 4482 2521 4535 sub
2552 4480 2699 4535 omni
2728 4481 2847 4550 ejus
2877 4488 3175 4553 potestate,
3225 4480 3281 4535 in
3309 4496 3416 4552 quo
3443 4479 3620 4550 magis
3649 4496 3746 4534 re-

2146 4569 2453 4640 quiesceret
2482 4569 2702 4640 spiritus
2732 4570 2868 4638 ejus,
2904 4585 3067 4641 quam
3096 4569 3152 4624 in
3196 4569 3375 4640 priore
3405 4568 3743 4624 Witbamim.

2146 4658 2279 4711 Erat
2305 4665 2485 4711 autem
2512 4665 2755 4728 potestas
2785 4658 2901 4727 ejus
2930 4658 3118 4726 multa,
3151 4657 3237 4713 cui
3284 4664 3397 4712 tota
3439 4672 3560 4713 cum
3590 4663 3748 4726 parte

2149 4746 2261 4816 (61)
2291 4745 2523 4801 maxima
2540 4746 2808 4802 Hiberniae
2828 4746 3096 4803 serviebat
3124 4745 3343 4819 Anglia,
3375 4745 3461 4801 cui
3488 4743 3750 4799 Neustria

2149 4924 2264 4976 dum
2290 4938 2404 4975 vero
2428 4925 2587 4976 adhuc
2607 4926 2788 4976 vixisse
2812 4926 2901 4976 sub
2927 4927 3127 4989 Hugone
3165 4930 3355 4977 certum
3382 4928 3474 4976 est.
3500 4927 3569 4976 De
3610 4926 3748 4976 Guil-

2150 4992 2303 5041 lermo
2329 4994 2389 5043 ad
2407 5006 2488 5043 an.
2518 4992 2649 5043 H38
2681 4994 2749 5043 ita
2772 4993 2944 5042 scribit
2984 4994 3269 5044 Guillelmus
3312 4992 3373 5042 de
3408 4993 3588 5055 Nangis
3619 4993 3747 5054 apud

2152 5059 2412 5108 Acherium
2438 5059 2603 5121 Spicil.
2632 5063 2751 5109 tom.
2780 5060 2863 5121 lll,
2890 5074 3001 5123 pag.
3029 5061 3077 5109 3.
3110 5081 3129 5101 σ
3159 5058 3387 5110 Florebat
3426 5061 3573 5110 etiam
3613 5060 3750 5109 Guil-

2155 5124 2337 5173 Iermus
2384 5126 2697 5175 Nivcrncnsis
2743 5138 2906 5175 comes
2948 5127 3180 5188 insignis;
3206 5126 3343 5187 cujus
3386 5126 3578 5176 devotio
3622 5126 3747 5175 mira

2154 5192 2344 5245 enituit,
2373 5191 2486 5241 dum
2511 5192 2568 5242 de
2603 5194 2787 5254 potenti
2814 5193 3031 5255 principe
3055 5193 3219 5244 saeculi
3254 5194 3418 5244 factus
3445 5197 3518 5243 est
3546 5193 3596 5241 in
3620 5191 3751 5242 Car-

2155 5258 2315 5306 thusia
2341 5258 2537 5308 humilis
2562 5272 2746 5322 pauper
2767 5260 2975 5309 Christi.
3014 5280 3036 5302 ι

2221 5360 2318 5420 (61)
2346 5362 2383 5410 A
2409 5366 2544 5423 patre
2569 5362 2802 5412 Henricus
2826 5362 3224 5423 Andegavensem
3243 5362 3491 5423 ducatum,
3520 5361 3749 5423 Angliam

2152 5439 2262 5476 cum
2287 5428 2511 5478 Neustria
2528 5428 2638 5489 jure
2662 5432 2883 5480 materno
2905 5428 3131 5491 obtinuit,
3158 5429 3444 5482 Hiberniam
3469 5433 3631 5481 autem
3652 5428 3752 5478 sibi

2152 5494 2302 5544 armis
2325 5493 2551 5556 subjecit.
