3972 6052
292 165 397 219 9¹73

1647 162 1836 217 VITA.
1885 190 1953 201 --
1994 162 2117 215 LIB.
2162 162 2228 215 ll.

3486 168 3589 221 974

294 304 418 344 cum
450 286 785 360 Andegavia,
834 287 1123 359 Aquitania
1179 302 1392 359 quoque
1440 302 1566 343 cum
1595 286 1887 352 Gasconia,
1913 289 1967 347 A
1995 302 2116 357 quae
2145 284 2379 358 denique
2410 303 2559 341 suam
2589 286 2760 357 ipsrus
2782 288 3171 360 contingebant
3199 288 3448 344 salutem.
3483 289 3589 344 Cu-

299 391 403 431 nec
431 392 539 431 non
563 384 616 429 et
646 374 997 431 finitimarum
1054 376 1345 448 regionum
1391 384 1598 431 tractus
1655 376 1809 430 multi
1837 384 1890 429 et

296 464 486 536 magni
509 464 878 533 subjacebant.
904 467 963 518 In
989 465 1237 519 omnibus
1285 480 1417 518 vero
1449 464 1609 518 terris
1639 464 1722 517 his
1740 464 1889 517 nulla

297 552 681 608 inveniebatur
708 569 940 623 persona
970 553 1340 624 cujuscunque
1380 554 1585 624 gradus
1615 561 1705 606 aut
1734 553 1888 607 ordi-

295 642 401 707 nis,
436 641 523 696 cui
554 642 809 696 libentius
855 642 1204 707 auscultaret,
1239 649 1291 696 et
1319 642 1404 697 cui
1450 641 1753 712 promptius
1784 642 1888 696 ob-

296 737 643 800 temperaret,
677 745 839 801 quam
860 730 1064 785 homini
1096 730 1239 796 huic,
1264 730 1320 783 in
1349 730 1617 799 omnibus,
1654 746 1774 800 quae
1805 745 1890 783 ra-

297 818 372 872 tio
402 816 593 872 salutis
640 818 834 872 anime
892 833 1003 874 sure
1034 818 1103 873 ab
1146 834 1210 873 eo
1244 818 1443 889 inquiri
1495 834 1590 873 seu
1646 817 1889 873 exaudiri

297 905 572 977 exigebat.
607 907 779 961 Tanta
825 906 1061 978 denique
1090 906 1457 961 familiaritate
1514 907 1591 961 illi
1648 906 1889 977 seipsum

294 995 684 1061 committebat,
706 1003 818 1050 tam
835 994 1103 1068 singulari
1132 995 1334 1050 amoris
1363 995 1652 1067 privilegio
1682 996 1889 1051 cunctis

294 1082 411 1139 fere
449 1082 700 1140 omnibus
730 1083 1059 1155 praeferebat
1103 1084 1275 1151 illum,
1310 1092 1364 1138 ut
1395 1084 1683 1139 crederent
1710 1092 1761 1139 et
1794 1100 1887 1139 as-

294 1180 535 1227 sererent
562 1172 913 1243 pertinaciter
944 1172 1209 1237 nonnulli,
1241 1173 1386 1228 hunc
1414 1171 1556 1227 illius
1578 1171 1743 1226 filium
1766 1188 1887 1227 esse

292 1260 615 1326 naturalem,
649 1268 702 1316 et
730 1262 892 1330 hujus
920 1260 1074 1315 illum
1112 1260 1413 1332 genitorem
1470 1260 1637 1316 fuisse
1695 1277 1887 1316 cama-

290 1349 419 1405 lem.

365 1437 611 1493 Vidimus
632 1445 755 1508 post
775 1445 1008 1493 mortem
1036 1436 1182 1511 regis
1230 1438 1489 1493 Richardi
1536 1438 1669 1509 (62),
1706 1438 1883 1507 hujus,

294 1526 364 1580 de
395 1542 503 1597 quo
524 1526 818 1596 loquimur,
852 1525 947 1581 filii
976 1525 1123 1596 regis
1161 1533 1214 1581 et
1235 1525 1589 1593 successoris,
1650 1542 1773 1581 cum
1803 1543 1889 1581 es-

1990 391 2079 428 ras
2126 383 2305 429 tamen
2336 383 2677 431 terrenorum
2710 376 2765 429 in
2794 377 2941 431 nullo
2972 392 3095 431 cum
3141 377 3234 432 illo
3302 378 3584 442 tractabat,

1991 463 2116 533 quia
2146 464 2264 518 sola
2294 464 2409 534 ipse
2440 465 2681 519 cmlestia
2709 466 2953 531 curabat,
3006 466 3140 534 sola,
3174 466 3588 537 quibuscunque

1988 560 2175 622 posset
2201 550 2395 619 modis,
2428 554 2681 617 amanda,
2718 555 3011 624 quaerenda
3044 562 3096 608 et
3144 554 3440 610 obtinenda
3496 555 3586 608 in-

1990 640 2256 695 culcabat.
2316 640 2490 709 Quam
2546 641 2726 696 multis
2784 650 2963 697 tamen
3018 643 3163 697 bona
3209 659 3426 715 quoque
3474 650 3586 698 ter-

1990 744 2123 783 rena
2155 728 2400 801 Hugonis
2429 730 2646 784 hortatu
2676 730 2766 785 ille
2796 731 3100 798 contulerit,
3148 732 3362 802 quoties
3392 732 3501 786 iras
3530 731 3585 785 in

1990 817 2333 872 clementiam
2349 834 2449 889 per
2470 819 2754 890 Hugonem
2778 820 3104 886 mutaverit;
3138 828 3191 875 et
3211 820 3297 875 his
3323 835 3355 874 a
3386 820 3584 892 quibus

1990 904 2229 960 offensus
2259 915 2422 971 esset,
2448 906 2660 962 veniam
2683 908 3018 963 concesserit
3044 928 3058 975 ;
3091 917 3221 979 quot
3249 908 3511 964 ecclesias
3531 916 3585 963 et

1990 992 2108 1049 loca
2139 993 2392 1065 religiosa
2422 995 2667 1067 Hugonis
2698 996 2920 1051 obtentu
2948 996 3261 1067 protexerit,
3310 996 3583 1067 rebusque

1990 1082 2314 1137 necessariis
2343 1081 2703 1152 ampliaverit,
2736 1084 3059 1155 perlongum
3110 1091 3255 1140 esset
3301 1084 3583 1155 sigillatim

1992 1185 2302 1225 recensere.
2338 1170 2590 1224 Monebat
2617 1171 2761 1226 hunc
2785 1173 2939 1244 Hugo
2962 1172 3199 1239 assidue,
3224 1188 3333 1228 non
3365 1172 3420 1226 in
3439 1186 3584 1227 vana

1990 1248 2256 1329 ventoque
2284 1257 2550 1332 fugaciori
2578 1259 2764 1313 mundi
2798 1261 3158 1331 prosperitate
3207 1268 3369 1331 atque
3398 1267 3583 1331 poten-

1992 1346 2061 1400 tia
2086 1345 2383 1415 confidere,
2407 1362 2515 1402 non
2545 1346 2600 1400 in
2629 1347 2839 1403 incerto
2870 1349 3177 1404 divitiarum
3207 1365 3446 1420 sperare,
3480 1349 3579 1405 sed

1989 1434 2043 1489 in
2076 1436 2191 1489 Deo
2219 1434 2361 1503 vivo,
2392 1435 2485 1505 qui
2515 1450 2648 1490 vera
2677 1443 2757 1489 est
2806 1435 3079 1502 fortitudo,
3116 1445 3169 1492 et
3219 1438 3311 1508 qui
3340 1445 3493 1493 certa
3521 1444 3575 1493 et

1990 1531 2191 1578 aeterna
2222 1531 2305 1577 est
2335 1523 2610 1578 beatitudo
2642 1524 2985 1593 sperantibus
3014 1534 3067 1579 et
3115 1524 3495 1581 confitentibus
3524 1525 3581 1579 in

294 1621 378 1669 set
424 1615 579 1685 Hugo
608 1615 663 1667 in
691 1613 891 1668 finibus
921 1614 1246 1685 Aquitaniae,
1280 1614 1594 1669 innumeras
1648 1614 1887 1686 undique
1915 1641 1967 1700 Β
1992 1628 2070 1667 sc.
2103 1611 2376 1668 Suadebat
2407 1612 2456 1667 ei
2485 1611 2641 1667 facile
2669 1612 2931 1682 tribuere,
2953 1613 3205 1684 perituris
3226 1626 3583 1684 permansura

296 1702 527 1758 diversae
591 1702 918 1759 conditionis
938 1710 989 1758 et
1029 1703 1308 1774 dignitatis
1351 1711 1561 1758 turmas
1610 1704 1679 1757 ad
1708 1703 1889 1774 ipsum

297 1805 644 1859 concurrere,
676 1807 780 1847 nec
827 1792 984 1847 aliter
1029 1806 1193 1863 quam
1218 1808 1251 1847 a
1278 1792 1429 1864 regis
1487 1790 1724 1847 defuncti
1756 1809 1888 1864 ger-

294 1895 478 1949 mano,
516 1897 681 1951 super
708 1888 851 1936 statu
883 1895 981 1935 suo
1029 1880 1207 1951 ipsum
1246 1880 1553 1936 consulere.
1585 1882 1890 1936 Contende-

299 1969 433 2023 bant
461 1968 748 2024 nobiscum
792 1969 996 2039 plures,
1046 1969 1197 2023 illum
1229 1968 1453 2023 fratrem
1511 1969 1661 2041 regis
1684 1985 1889 2025 nuncu-

297 2064 525 2128 pantes;
556 2073 657 2112 nec
687 2058 986 2113 credebant
1034 2056 1193 2112 nobis
1246 2058 1315 2112 de
1368 2057 1510 2112 illius
1563 2058 1889 2130 cognatione

296 2153 385 2200 aut
413 2145 700 2217 progenie,
733 2146 881 2217 quod
910 2162 1097 2201 verum
1123 2161 1471 2213 noveramus,
1497 2146 1885 2202 asserentibus.

301 2255 324 2284 ι
359 2235 493 2300 Nos,
531 2233 809 2304 inquiunt,
851 2234 979 2305 quid
1012 2250 1201 2290 verum
1230 2235 1516 2300 habeatur,
1551 2234 1619 2289 de
1648 2234 1732 2289 his
1768 2251 1891 2290 me-

296 2322 400 2377 lius
418 2322 638 2389 scimus,
664 2330 715 2377 et
730 2322 1055 2395 agnovimus
1087 2322 1408 2378 evidentius.
1432 2323 1696 2378 Dominus
1725 2339 1891 2395 quon-

298 2411 427 2466 dam
457 2428 548 2468 rex
580 2418 765 2467 noster
794 2412 1061 2467 Henricus
1090 2427 1369 2484 nunquam
1400 2420 1679 2468 externum
1711 2412 1891 2467 homi-

299 2516 445 2566 nem,
470 2508 527 2555 ut
555 2499 718 2555 istum
740 2500 975 2569 amabat,
1002 2508 1059 2555 ut
1080 2501 1243 2555 istum
1274 2501 1597 2567 honorabat,
1632 2501 1700 2555 de
1721 2500 1886 2567 nullo,

294 2596 351 2643 ut
404 2589 473 2643 de
531 2588 653 2657 isto,
711 2587 1019 2644 conﬁdebat
1074 2589 1298 2659 nemini,
1359 2596 1417 2644 ut
1462 2589 1569 2655 isti,
1653 2590 1891 2659 seipsum

296 2676 574 2732 credebat.
607 2677 725 2731 Nisi
755 2678 853 2732 iste
883 2685 1029 2732 esset
1057 2677 1200 2732 ﬁlius
1230 2678 1345 2746 ejus
1376 2678 1544 2749 (quod
1574 2677 1732 2732 etiam
1762 2694 1891 2733 cor-

296 2766 443 2835 poris
464 2763 641 2820 forma
681 2766 978 2820 consimilis
1008 2765 1163 2820 fateri
1208 2766 1492 2837 probatur)
1524 2782 1801 2838 nunquam
1833 2782 1892 2821 se

296 2861 349 2907 et
397 2869 494 2908 sua
522 2862 631 2908 tam
662 2854 974 2924 specialiter
1003 2854 1082 2909 illi
1103 2864 1432 2925 exponeret,
1466 2870 1569 2911 nec
1598 2855 1654 2909 in
1684 2862 1892 2910 tantum

300 2941 525 2995 honoris
582 2943 786 2997 cultum
842 2942 1117 2998 hominem
1173 2943 1536 3015 alienigenam
1576 2952 1720 2999 tanta
1769 2960 1891 2999 cum

304 3028 556 3083 instantia
584 3040 951 3099 promoveret.
990 3052 1012 3081 ι
1048 3033 1115 3086 Et
1140 3032 1257 3087 haec
1286 3032 1502 3103 quidem
1532 3032 1607 3085 illi
1642 3049 1653 3086 :

371 3139 393 3168 α
434 3118 630 3173 Verum
661 3134 761 3173 nos
816 3119 963 3190 quod
1018 3120 1301 3175 verissime
1346 3120 1547 3175 scimus
1580 3120 1889 3176 firmissime

296 3206 611 3272 asserimus,
646 3208 775 3278 quia
802 3223 911 3262 non
935 3207 1098 3262 istam
1145 3208 1194 3263 ei
1234 3225 1403 3285 penes
1435 3225 1622 3281 regem
1654 3210 1891 3280 gratiam

296 3294 676 3350 conciliaverat
698 3311 825 3351 caro
856 3303 907 3350 et
938 3297 1185 3369 sanguis,
1206 3297 1302 3353 sed
1318 3298 1574 3353 revelatio
1606 3298 1777 3351 Patris
1799 3299 1891 3369 qui

293 3383 451 3439 estin
480 3384 653 3439 caelis.
712 3385 852 3438 Nam
896 3385 1147 3440 conscius
1202 3385 1374 3456 ipsius
1431 3386 1605 3457 quiin
1658 3386 1887 3441 excelsis

292 3480 429 3542 erat,
464 3472 749 3527 manifeste
794 3481 1016 3529 noverat
1064 3489 1228 3544 quam
1287 3474 1521 3539 sincero,
1560 3490 1725 3544 quam
1755 3490 1888 3545 per-

292 3559 433 3616 fecto
506 3560 705 3616 aﬂ'ectu
763 3562 965 3626 cordis,
1026 3562 1203 3632 ipsum
1260 3562 1460 3618 relictis
1518 3562 1770 3617 omnibus
1798 3563 1887 3618 ille

293 3658 636 3720 sequeretur,
669 3650 779 3721 qui,
842 3650 944 3704 nisi
999 3658 1222 3721 prepter
1268 3650 1464 3721 ipsum,
1523 3651 1655 3706 nihil
1704 3668 1888 3707 amare

292 3737 517 3793 sciebat.
549 3758 571 3787 ι
606 3738 720 3793 Rex
753 3753 969 3809 quoque
999 3746 1154 3794 acute
1186 3738 1242 3793 id
1266 3728 1454 3809 ipsum
1499 3739 1789 3810 pervidens
1838 3748 1889 3795 et

292 3827 659 3897 perpendens,
693 3825 832 3881 sicut
877 3828 1017 3882 hanc
1049 3842 1081 3882 a
1108 3828 1225 3881 Deo
1249 3828 1481 3897 gratiam
1509 3827 1748 3883 noscitur
1766 3844 1888 3898 per-

292 3914 526 3983 cepisse,
582 3922 640 3968 ut
695 3914 843 3969 viros
890 3914 1047 3969 bona:
1107 3915 1536 3970 conversationis
1577 3916 1887 3971 testimonio

292 4003 555 4073 probatos
587 4001 793 4057 arctius
814 4002 1084 4072 diligeret,
1108 4011 1255 4058 tanto
1287 4020 1406 4058 eum
1433 4021 1543 4075 prae
1565 4005 1774 4059 caeteris
1795 4021 1887 4060 co-

289 4088 383 4143 luit
417 4090 758 4155 eminentius,
786 4098 985 4162 quanto
1015 4099 1262 4145 senserat
1284 4092 1434 4146 illum
1474 4092 1640 4147 divini
1688 4093 1887 4148 amoris

291 4176 501 4232 facibus
532 4180 766 4250 flagrare
797 4179 1166 4235 excellentius.
1198 4181 1314 4235 Nec
1355 4180 1500 4234 enim
1532 4182 1584 4235 in
1635 4198 1886 4235 sermone

290 4267 690 4332 asscntationis,
751 4268 953 4322 nedum
1032 4268 1374 4333 adulationis,
1432 4268 1529 4322 fuit
1591 4269 1885 4339 aliquando

287 4355 431 4425 apud
462 4372 606 4409 eum.
663 4355 984 4422 Enimvero,
1048 4356 1262 4426 qualem
1321 4364 1546 4411 noverat
1602 4357 1880 4427 expedire,

288 4443 391 4497 sibi
420 4444 617 4514 primo,
652 4443 848 4499 deinde
879 4444 1024 4511 suis,
1076 4452 1353 4515 postremo
1385 4445 1676 4511 universis,
1731 4446 1881 4499 illum

288 4531 510 4602 cupiens
539 4532 803 4599 exhiberi,
838 4532 1068 4587 instabat
1099 4540 1401 4604 opportune
1442 4534 1749 4604 importune
1782 4549 1881 4604 pro

290 4635 454 4675 causa
482 4628 533 4675 et
555 4620 794 4691 negotio,
827 4636 928 4691 pro
960 4629 1205 4691 tempore
1237 4631 1290 4676 et
1318 4622 1457 4688 loco,
1492 4618 1750 4693 arguens,
1784 4622 1882 4676 ob-

289 4722 514 4761 secrans
545 4716 595 4762 et
626 4707 914 4778 increpans
945 4724 1068 4763 eum
1100 4709 1155 4763 in
1185 4709 1331 4763 omni
1361 4710 1623 4780 patientia
1653 4719 1703 4765 et
1732 4710 1883 4766 suavi

288 4796 535 4851 doctrina
559 4797 822 4863 miscens,
857 4798 1010 4865 juxta
1034 4797 1090 4851 S.
1127 4798 1400 4853 Benedicti
1433 4798 1717 4871 egregiam
1751 4815 1882 4853 sen-

290 4883 533 4950 tentiain,
599 4885 935 4955 temporibus
996 4889 1269 4957 tempora,
1320 4888 1627 4942 terroribus
1657 4887 1881 4943 blandi-

287 4977 502 5028 menta.

361 5062 439 5115 De
472 5061 616 5115 illius
643 5062 825 5133 itaque
853 5063 1020 5118 rebus
1050 5064 1310 5117 duntaxat
1353 5080 1449 5119 seu
1479 5064 1716 5135 negotiis
1745 5080 1880 5121 con-

295 5148 578 5203 siliabatur
596 5150 696 5204 iste
727 5167 849 5205 cum
880 5151 990 5217 illo,
1028 5168 1149 5222 quae
1193 5152 1483 5217 Christum,
1536 5169 1655 5223 quae
1682 5152 1879 5207 Eccle-

288 5238 445 5307 siam,
475 5255 595 5310 quae
631 5240 784 5312 regni
816 5240 1275 5311 tranquillitatem,
1310 5257 1430 5312 quae
1453 5241 1636 5311 populi
1665 5256 1877 5310 pacem,

1914 2998 1961 3060 Ο

1989 1715 2327 1771 comparare,
2360 1700 2732 1773 indigentibus
2760 1702 3162 1758 communicare
3182 1702 3324 1759 bona
3341 1716 3581 1757 momen-

1988 1794 2166 1854 tanea,
2200 1804 2322 1843 cum
2353 1789 2551 1859 quibus
2610 1790 2888 1845 sortiretur
2914 1800 3143 1846 aeterna.

2062 1877 2238 1947 Super
2266 1878 2432 1933 variis
2477 1879 2795 1934 excessibus
2825 1880 3023 1949 saepius
3053 1879 3317 1951 arguebat
3345 1894 3492 1946 eum,
3525 1883 3576 1931 et

1989 1965 2059 2019 ad
2087 1967 2474 2021 correctionem
2517 1968 2707 2022 sedulo
2762 1967 3040 2023 invitabat.
3075 1968 3413 2039 Corripiebat
3456 1981 3580 2021 eum

1989 2054 2467 2110 vehementissime
2497 2072 2598 2126 pro
2616 2055 2862 2111 ecclesiis
2883 2057 3289 2112 cathedralibus
3312 2064 3365 2112 et
3387 2070 3573 2112 εαξοο-

1989 2141 2093 2196 biis
2122 2143 2455 2211 vacantibus,
2491 2160 2612 2215 qua
2640 2144 2695 2198 in
2728 2161 2890 2200 manu
2920 2162 3014 2199 sua
3072 2146 3253 2200 illicite
3281 2145 3479 2215 saepius
3514 2158 3581 2199 ac

1989 2230 2081 2285 diu
2121 2231 2413 2297 detinebat,
2447 2240 2499 2286 et
2528 2249 2628 2303 per
2656 2248 2851 2288 manus
2878 2250 3097 2289 suorum
3120 2234 3356 2305 pessime
3384 2240 3581 2287 tracta-

1991 2320 2115 2385 bat;
2148 2320 2202 2375 in
2234 2318 2596 2390 praeﬁciendis
2626 2322 2843 2377 tandem
2875 2323 3147 2394 episcopis
3192 2331 3245 2378 et
3296 2320 3583 2378 abbatibus

1991 2423 2111 2463 eum
2170 2408 2319 2463 abuti
2368 2418 2627 2479 usurpata
2656 2426 2686 2464 a
2716 2410 3216 2481 praedecessoribus
3270 2412 3381 2466 suis
3425 2421 3585 2484 pote-

1992 2503 2128 2551 state
2152 2497 2528 2552 convincebat.
2566 2498 2877 2553 Insinuabat
2920 2500 3158 2554 omnium
3213 2516 3351 2571 pene
3406 2503 3582 2559 malo-

1991 2601 2113 2639 rum
2139 2601 2357 2640 causam
2388 2593 2441 2641 et
2469 2586 2757 2642 materiam
2787 2588 2841 2641 in
2871 2587 3074 2659 populo
3105 2589 3206 2643 Dei
3261 2605 3361 2660 per
3397 2591 3583 2663 indig-

1991 2688 2091 2729 nos
2116 2673 2385 2745 pullulare
2430 2675 2703 2745 praelatos,
2736 2692 2833 2745 per
2890 2691 2984 2731 eos
3042 2675 3235 2742 foveri,
3295 2694 3392 2748 per
3432 2679 3584 2750 ipsos

1990 2762 2201 2834 augeri,
2236 2779 2336 2832 per
2377 2778 2471 2818 eos
2502 2772 2551 2818 et
2584 2764 2788 2835 vigere.
2840 2764 2947 2818 Pro
2979 2764 3063 2818 his
3094 2765 3344 2820 omnibus
3375 2783 3507 2823 vero
3530 2769 3585 2822 in

1992 2849 2114 2904 illos
2143 2852 2414 2922 praacipue
2445 2868 2636 2921 poenas
2665 2852 2850 2907 divino
2872 2853 3152 2907 asserebat
3174 2854 3380 2922 judicio
3410 2864 3587 2911 retor-

1992 2939 2257 3009 quendas,
2282 2940 2373 3011 qui
2400 2940 2596 2994 talibus
2624 2941 2677 2994 in
2723 2957 2913 2996 eorum
2958 2942 3297 3010 promotione
3336 2952 3588 3000 auctores

1995 3044 2054 3082 se
2086 3036 2177 3081 aut
2201 3027 2445 3083 fautores
2478 3045 2589 3083 non
2620 3028 2929 3084 timuissent
2976 3029 3234 3085 exhibere
3265 3048 3281 3084 :
3317 3054 3340 3080 ιι
3376 3041 3431 3088 et
3459 3034 3589 3104 quid

1992 3132 2222 3171 necesse
2252 3125 2351 3181 est,
2386 3116 2583 3182 aiebat,
2610 3134 2643 3171 ο
2672 3118 2930 3189 princeps
2952 3118 3373 3188 sapientissime,
3397 3128 3457 3175 ut
3484 3138 3584 3192 pro

1991 3220 2135 3261 vano
2194 3206 2561 3276 cujuscunque
2616 3204 2804 3260 favore
2860 3222 3113 3275 persona;
3167 3214 3245 3263 tot
3302 3209 3588 3264 animabus

1991 3301 2219 3348 mortem
2249 3292 2447 3348 inferas
2468 3294 2831 3364 perniciosam
2851 3294 2881 3347 ?
2910 3304 2985 3349 tot
3012 3296 3081 3350 de
3112 3297 3418 3367 perditione
3446 3299 3589 3353 mul-

1991 3390 2189 3447 torum,
2222 3382 2421 3436 Christi
2469 3390 2642 3438 morte
2670 3384 3091 3453 redemptorum,
3139 3385 3421 3456 dispendia
3468 3388 3586 3443 Deo

1990 3470 2223 3543 irroges,
2258 3470 2463 3541 tibique
2498 3471 2727 3542 proinde
2776 3480 2855 3526 tot
2911 3473 3300 3543 suppliciorum
3337 3475 3588 3531 cumulos

1989 3559 2045 3613 in
2072 3558 2309 3614 futurum
2338 3576 2570 3629 reponas
2586 3560 2613 3613 ‘2
2634 3569 2833 3630 quanto
2856 3561 3026 3615 satius
3054 3562 3252 3617 liberas
3283 3563 3586 3636 quibusque

1990 3648 2287 3703 electiones
2311 3649 2462 3716 juxta
2493 3664 2760 3704 canonum
2792 3648 2926 3704 scita
2963 3649 3295 3721 relinquens,
3354 3652 3589 3722 teipsum

1990 3744 2067 3791 tot
2114 3737 2379 3791 malorum
2421 3736 2732 3806 labyrintho
2789 3739 3086 3809 explicares
3110 3782 3123 3805 ,
3157 3747 3209 3794 et
3235 3749 3352 3796 tuas
3382 3741 3451 3795 ad
3481 3743 3587 3797 hoc

1988 3833 2193 3879 tantum
2223 3834 2405 3896 partes
2436 3826 2811 3895 interponeres
2845 3834 2919 3895 ut,
2969 3828 3061 3897 qui
3116 3828 3231 3883 Deo
3279 3838 3580 3900 acceptum,

1989 3922 2042 3969 et
2071 3915 2123 3967 in
2153 3914 2238 3967 his
2267 3931 2388 3984 quae
2418 3915 2516 3969 Dei
2539 3922 2682 3985 sunt,
2705 3915 2908 3986 populo
2936 3916 3030 3969 tibi
3063 3917 3269 3972 credito
3291 3926 3343 3972 et
3363 3919 3581 3974 subdito

1988 4002 2331 4073 profuturum
2354 4002 2644 4075 eligerent,
2678 4005 3052 4074 praevalerent,
3086 4013 3139 4060 et
3167 4006 3221 4059 in
3253 4008 3581 4062 contrarium

1987 4091 2221 4146 nitentes
2249 4092 2303 4145 in
2333 4092 2447 4145 suis
2478 4092 2845 4147 molitionibus
2877 4092 2995 4146 elisi
3036 4092 3375 4149 deﬁcerent?
3411 4120 3432 4143 ››
3467 4097 3582 4152 Hac

1990 4179 2133 4233 enim
2164 4180 2393 4243 ratione,
2430 4180 2661 4250 provida
2693 4188 3003 4235 sanctorum
3034 4182 3254 4236 Patrum
3284 4182 3576 4254 dispensa-

1989 4266 2061 4321 tio
2091 4267 2145 4320 in
2174 4267 2537 4336 praeficiendis
2568 4268 2922 4324 ecclesiarum
2960 4269 3282 4337 rectoribus,
3313 4271 3580 4328 Christia-

1906 4354 1958 4413 D
1986 4354 2227 4409 nissimis
2258 4354 2386 4408 olim
2416 4354 2755 4424 principibus
2784 4356 2963 4411 locum
2995 4358 3233 4413 noscitur
3262 4374 3581 4417 accommo-

1983 4443 2144 4498 dasse
2174 4458 2283 4497 non
2314 4450 2634 4511 extremum,
2670 4460 2777 4513 quo
2805 4460 2906 4514 per
2934 4461 3121 4500 eorum
3154 4447 3581 4504 sincerissimam

1984 4531 2325 4602 diligentiam
2353 4531 2784 4599 ambitiosorum,
2818 4532 2865 4588 si
2892 4550 3013 4604 quae
3044 4536 3379 4605 emersisset,
3412 4546 3581 4595 teme-

1985 4619 2113 4673 ritas
2143 4618 2354 4675 facilius
2395 4629 2752 4691 premeretur,
2801 4622 3184 4695 religiosorum
3217 4641 3349 4681 vero
3380 4627 3577 4681 unani-

1986 4708 2145 4763 mitas
2174 4708 2230 4762 in
2253 4709 2443 4763 studiis
2473 4708 2586 4763 suis
2616 4710 2799 4779 robur,
2835 4718 2886 4765 et
2915 4712 2972 4765 in
3011 4712 3148 4768 votis
3198 4710 3448 4768 effectum
3477 4730 3575 4770 ex-

1984 4797 2219 4867 peditius
2249 4806 2693 4868 consequeretur.

2054 4886 2273 4940 Talibus
2306 4886 2464 4957 lIugo
2495 4886 2777 4942 insistebat
2808 4888 3068 4959 eloquiis,
3104 4896 3156 4942 et
3204 4889 3579 4959 hujuscemodi

1983 4990 2117 5045 erga
2146 4973 2449 5045 principem
2479 4976 2706 5030 vacabat
2736 4977 2955 5031 monitis
2974 5023 2987 5046 ,
3028 4977 3240 5046 quoties
3292 4980 3578 5036 occasione

1982 5063 2340 5135 qualicunque
2362 5065 2477 5133 ejus
2498 5064 2749 5119 utebatur
2770 5064 3023 5119 familiari
3053 5080 3297 5135 accessu,
3324 5078 3418 5125 aut
3450 5086 3574 5141 quo—

1983 5152 2083 5207 ties
2117 5152 2404 5207 secretiori
2449 5152 2591 5208 illius
2638 5153 2947 5223 potiebatur
3001 5152 3182 5211 affatu.
3241 5158 3311 5211 Et
3353 5158 3576 5229 quidem

1982 5240 2189 5296 ratione
2218 5240 2500 5312 multiplici
2549 5243 2729 5313 ipsum
2779 5241 2964 5297 adibat
3017 5241 3377 5315 frequentius,
3431 5263 3578 5303 nunc

359 5414 468 5482 (62)
509 5415 641 5468 Obiit
683 5428 811 5469 anno
860 5417 1009 5482 1199,
1052 5417 1130 5471 die
1169 5419 1202 5469 6
1226 5418 1420 5482 Aprilis,
1457 5418 1726 5470 Richardus
1749 5429 1864 5482 rex,
1893 5417 2031 5481 cujus
2054 5418 2268 5483 exequiis
2293 5420 2347 5470 S.
2392 5420 2545 5484 Hugo,
2572 5420 2641 5471 uti
2680 5420 2906 5483 refertur,
2951 5421 3017 5472 lib
3042 5436 3092 5486 ν,
3125 5434 3170 5475 c.
3216 5424 3295 5487 its,
3339 5424 3577 5478 interfuit.
