3972 6052
409 167 515 221 975
1303 163 1359 218 S.
1404 162 1716 219 IIUGONIS
1754 162 1969 218 EPISC.
2014 160 2333 217 LINCOLN.
2377 162 2546 219 0RD.
2595 166 2794 221 CART.
3595 172 3701 223 9‘76

416 285 715 342 accersitus
768 286 837 340 ab
892 285 1031 356 ipso,
1061 300 1203 341 nunc
1232 300 1330 355 pro
1360 285 1523 341 variis
1583 286 1796 351 domus,
1840 300 2001 356 quam
2022 286 2078 346 Α
2702 289 2927 345 CAPUT
2963 291 3096 345 VIII.

408 373 681 429 fundabat
725 381 779 429 et
837 372 1085 446 regebat,
1129 373 1541 430 necessitatibus
1570 373 1708 427 ultro
1755 374 1822 427 ad
1880 389 2002 428 eum
2112 374 2367 449 Qualiter
2424 376 2702 449 devotioni
2762 380 3021 433 totaliter
3049 381 3201 449 [Iugo
3229 378 3577 445 intendebat,
3612 382 3695 435 ita

414 478 673 535 pergens.
704 462 1075 534 Emergebant
1104 477 1231 517 vero
1267 460 1601 517 creberrime
1631 468 1758 517 tunc
1788 470 1995 532 tempo-

2182 447 2322 535 (ιιιοεί
2343 447 2405 535 in
2433 449 2649 535 somnis
2677 448 2830 535 ha'no‘
2852 447 3176 535 dictionem,
3209 452 3405 535 Arnen,
3442 452 3507 505 de
3555 467 3695 505 con-

418 550 493 604 ris
516 516 657 621 oregi
683 550 809 605 hinc
840 550 964 604 inde
995 549 1225 604 adversa
1253 549 1503 619 plurima,
1538 566 1658 620 quas
1672 550 1875 619 jugiter
1902 549 1995 603 viri

2178 516 2483 571 suetudine
2510 519 2866 588 proferebat;
2897 523 2952 574 et
2977 522 3222 591 qualiter
3249 524 3423 575 etiam
3453 537 3509 576 se
3529 537 3693 591 gere-

2178 586 2271 640 bat
2307 589 2369 641 in
2398 603 2635 647 mensa:
2666 593 2722 642 et
2751 590 2913 647 quod.
2947 605 3334 647 quamcunque
3369 591 3600 647 habebat
3633 592 3694 645 in

487 638 498 648 ,
537 636 547 647 .
601 606 633 621 υ
672 637 683 648 ,
995 637 1005 647 ,
1243 606 1270 647 ,ι
1491 606 1502 616 ’
1554 606 1570 620 ι
1640 606 1690 646 ,·
1736 606 1768 619 υ
2178 606 2271 640 σαι
2307 606 2369 641 in
2398 606 2635 653 mensa,-
2666 606 2722 642 et
2751 606 2913 660 quoa,
2947 606 3334 662 quamcunque
3369 606 3518 647 naoet

416 637 716 708 spirituahs
745 636 1116 693 consolatione
1146 652 1292 693 vana
1322 636 1528 692 ferebat
1548 636 1738 702 levms,
1763 652 2007 692 nonnun—
2177 658 2439 712 manibus
2470 660 2914 730 occupationem,
2947 676 3006 716 se
3037 664 3219 717 totum
3247 662 3297 716 ei
3329 662 3518 717 dabat.

419 740 581 796 quam
612 741 745 782 vero
780 725 1095 797 superabat,
1131 725 1302 780 fretus
1333 726 1449 794 ejus
1479 725 1834 792 orationibus,
1867 725 2007 780 faci-

422 814 546 881 lius,
577 814 895 885 plerumque
922 822 1102 869 autem
1135 814 1250 882 ejus
1291 814 1585 869 instructus
1614 813 1855 870 consiliis
1899 814 2005 868 cir-

418 902 785 974 cumspectius
815 910 906 958 aut
934 902 1253 973 prudentius
1282 902 1609 958 declinabat.

2180 770 2301 840 Ipse
2352 770 2467 839 jam
2523 772 2795 842 completa
2834 773 2947 843 (63)
3004 772 3363 830 aediﬁcatione
3416 775 3698 846 utriusque

2106 858 2427 926 mansionis,
2462 858 2693 914 fratrum
2739 860 2944 917 scilicet
2972 870 3025 916 et
3079 864 3491 933 monachorum,
3524 862 3699 918 solitis

2108 953 2310 1002 sancta:
2338 948 2769 1003 conversationis
2798 950 3091 1017 exercitiis,
3126 966 3230 1023 quo
3274 951 3518 1017 liberius,
3552 966 3617 1007 eo
3647 957 3701 1007 et

1011 1044 1236 1100 CAPUT
1292 1046 1406 1100 v11,
2106 1034 2406 1104 impensius
2436 1036 2684 1092 vacabat.
2717 1038 2955 1108 Tempus
2980 1054 3140 1094 omne
3170 1040 3316 1111 quod
3363 1040 3540 1095 somni
3578 1039 3698 1095 sola

426 1151 680 1223 Qualiter
700 1168 812 1223 rex
833 1152 895 1206 in
915 1151 1168 1223 periculo
1189 1152 1368 1206 maris
1390 1152 1712 1206 Britannici
1732 1153 1995 1206 constitu-

2131 1124 2409 1178 tecessitas
2466 1124 2569 1178 sibi
2626 1126 2847 1181 minime
2902 1126 3252 1195 vindicasset,
3295 1127 3547 1195 orationi,
3606 1135 3699 1182 aut

493 1227 603 1286 tus,
647 1210 1044 1277 liberatiohem
1102 1237 1261 1276 suam
1311 1223 1546 1292 ΔΠυθογιὶ
1601 1222 1914 1292 ascripsit;
1947 1225 2004 1275 et
2105 1210 2343 1277 lectioni,
2377 1220 2469 1266 aut
2524 1213 2879 1279 meditationi,
2930 1215 3017 1270 vel
3060 1216 3327 1287 spirituali
3379 1215 3698 1287 indulgebat

488 1308 701 1375 unt-iere.
728 1292 1021 1347 dicebatur
1068 1292 1226 1375 quod.
1252 1290 1323 1345 ad
1352 1290 2005 1375 po’ntiﬁcalenqudum
2106 1298 2385 1355 eollationi
2415 1301 2530 1356 sive
2582 1302 2962 1357 exhortationi.
3025 1303 3349 1375 Quanquam
3405 1303 3697 1359 dormienti

487 1364 777 1464 niteretur
799 1378 937 1464 leum
962 1362 1297 1464 quantocius
1323 1377 1668 1433 promovere,
1700 1364 1747 1416 si
1783 1362 1855 1416 ad
1876 1378 1995 1432 por-

2131 1388 2342 1457 :orpori,
2376 1389 2573 1443 mentis
2602 1406 2876 1461 nunquam
2904 1390 3394 1448 dormituritionem
3412 1392 3697 1464 subripere

670 1434 681 1446 ,
925 1436 937 1446 ,
1195 1433 1205 1444 ,
2108 1433 2342 1457 ---,,---,
2377 1433 2573 1443 ...ν-..υ
2603 1433 2876 1461 ...ψη-μ...
2905 1433 3697 1464 ..ν............υ..υ...νεωηη...

492 1436 614 1488 tum
660 1433 966 1488 modum"
1014 1435 1320 1487 ervemret'
2104 1475 2455 1544 credidisses,
2481 1477 2526 1531 si
2558 1477 2608 1532 ei
2638 1476 2959 1533 familiarius
2989 1479 3320 1547 adbaereres,
3346 1480 3394 1535 si
3423 1480 3699 1536 dormien-

485 1554 724 1625 Contigit
753 1562 929 1609 autem
959 1554 1078 1609 vice
1108 1554 1339 1625 quadam
1397 1570 1585 1627 regem
1643 1570 1765 1609 cum
1825 1554 2003 1610 classe
2025 1636 2066 1640 _
2106 1570 2213 1617 tem
2248 1563 2529 1619 sollicitius
2558 1565 2906 1634 observares,
2932 1567 2979 1621 si
3010 1567 3351 1636 referentem,
3384 1585 3506 1640 quae
3526 1568 3695 1625 corde

417 1658 523 1698 non
554 1642 771 1699 modica
800 1642 1036 1698 medium
1065 1642 1290 1713 pelagus
1310 1684 1324 1712 ,
1370 1642 1512 1698 inter
1549 1643 1857 1698 Neuslriam
1888 1643 2003 1698 Bri-
2024 1636 2077 1698 Β
2103 1650 2255 1723 vigili
2286 1652 2423 1707 inter
2452 1654 2667 1725 soporis
2696 1670 2866 1709 nexus
2897 1655 3089 1727 spiritu
3145 1655 3282 1713 liber
3335 1636 3692 1729 percepisset,

415 1730 764 1801 tanniamque
826 1730 1149 1799 limitatum,
1212 1730 1513 1787 sulcantem
1562 1730 1725 1785 nimia
1778 1740 2002 1801 repente
2104 1739 2396 1795 studiosius
2449 1742 2776 1798 attendisses
2809 1758 2822 1797 :
2855 1744 3074 1800 audires
3121 1745 3268 1801 hunc
3323 1745 3527 1802 centies
3568 1760 3694 1802 cum

412 1818 633 1874 suborta
654 1826 974 1889 tempestate
994 1834 1135 1890 pene
1154 1819 1488 1891 naufragari.
1512 1820 1555 1873 A
1574 1820 1747 1889 prima
1768 1819 2003 1892 denique
2104 1828 2409 1883 vehementi
2441 1829 2660 1901 spiritus
2713 1830 3061 1902 impulsione,
3094 1848 3217 1889 cum
3266 1832 3389 1889 forti
3420 1833 3690 1888 labiorum

413 1906 598 1977 vigilia
626 1907 800 1963 noctis
845 1922 996 1962 mare
1051 1907 1418 1963 intumescens
1472 1907 1775 1963 furentibus
1807 1909 1999 1976 ventis,
2101 1915 2488 1987 impressione,
2522 1918 2637 1975 sive
2668 1919 2723 1974 in
2751 1920 2839 1975 die
2869 1921 2987 1977 sive
3016 1920 3072 1975 in
3099 1929 3259 1977 nocte
3296 1922 3689 1993 quiescentem,

414 1995 595 2049 nimiis
640 1995 877 2051 motibus
905 2004 997 2051 aut
1056 1995 1342 2062 obsistere,
1373 2003 1462 2050 aut
1517 1996 1741 2053 allidere
1799 1997 1995 2068 visum,
2101 2005 2390 2075 mysticum
2457 2006 2589 2061 illud
2658 2024 2754 2064 ore
2819 2009 2979 2064 toties
3055 2010 3340 2066 Dominico
3412 2010 3688 2079 iteratum,

408 2097 578 2139 naves
619 2083 830 2140 medias
878 2100 1021 2139 nunc
1064 2084 1221 2139 astris
1250 2084 1511 2153 inserere,
1561 2101 1706 2141 nunc
1752 2101 2000 2158 mergere
2105 2116 2126 2137 η
2162 2096 2354 2159 Amen,
2393 2115 2415 2144 ι
2449 2094 2602 2166 quasi
2638 2096 3044 2152 conclusionem
3075 2098 3371 2169 praemissae
3426 2098 3691 2154 orationis

406 2166 607 2255 abysso
647 2166 947 2223 laborabat.
982 2168 1095 2223 Hoc
1139 2166 1529 2222 elementorum
1577 2168 1728 2232 ludo.
1789 2169 1994 2235 neSCiO.
2097 2180 2386 2251 proferre;
2419 2182 2551 2237 nihil
2574 2199 2705 2239 vero
2735 2182 2884 2239 aliud
2912 2184 2982 2239 ab
3028 2166 3123 2241 ore
3181 2186 3518 2255 dormientis,
3550 2186 3695 2243 sicut

412 2267 483 2308 an
506 2254 709 2326 aliquid
738 2255 792 2310 in
814 2255 918 2310 hoc
948 2256 1185 2309 humana
1225 2255 1445 2325 pertulit
1497 2256 1735 2312 conditio
1787 2256 1997 2312 luctuo-
2096 2268 2375 2341 plerisque
2405 2270 2575 2325 moris
2604 2279 2705 2340 est,
2742 2279 2834 2327 aut
2864 2288 3028 2329 voces
3058 2282 3148 2328 aut
3176 2274 3346 2331 verba
3368 2254 3692 2330 somﬁiando

410 2341 540 2398 sius.
572 2343 683 2398 Sub
713 2344 816 2400 hac
832 2350 1007 2400 morte
1036 2344 1156 2414 ipsa
1194 2343 1457 2399 amariore
1490 2344 1680 2399 mortis
1734 2344 1992 2418 imagine,

2131 2356 2365 2424 mittere,
2400 2358 2697 2430 aliquando
2740 2360 3090 2431 procedebat,
3124 2362 3223 2418 sed
3253 2362 3446 2419 leniter
3473 2372 3525 2418 et
3545 2364 3691 2436 quie-

406 2445 517 2487 Ποῦ
553 2432 825 2489 modicum
856 2432 1116 2504 temporis
1144 2447 1439 2503 expensum
1482 2432 1714 2489 docebat
1747 2433 1995 2506 SingUIOS
2096 2445 2305 2501 tissime
2337 2448 2640 2518 pausando,
2668 2465 2811 2503 nunc
2840 2465 2942 2520 per
2994 2449 3281 2506 intervalla
3308 2452 3510 2518 rarius,
3541 2432 3692 2508 nunc

404 2520 796 2593 naViganlium,
826 2536 987 2577 omne
1032 2520 1157 2577 Vita?
1191 2521 1436 2612 mqualis
1483 2521 1718 2612 Spatium
1746 2522 1834 2578 Vix
1874 2522 1993 2577 eXi-
2094 2550 2225 2589 vero
2254 2534 2611 2607 frequentius,
2644 2545 2922 2607 protracta
2950 2539 3343 2611 aliquantulum
3370 2541 3542 2611 prima
3571 2540 3692 2612 syl-

404 2625 573 2683 guum
598 2609 837 2681 reputari
870 2617 1201 2665 momentum
1231 2610 1277 2664 si
1305 2624 1477 2682 sagax
1507 2610 1782 2681 inspector
1810 2628 1991 2666 rerum

2131 2622 2238 2689 tba,
2271 2631 2324 2678 et
2364 2624 2553 2679 ultima
2590 2625 2646 2680 in
2684 2634 2897 2682 acutum
2928 2609 3077 2683 velut
3113 2609 3405 2697 jaculando
3461 2609 3689 2698 emissa,

399 2698 545 2753 illius
581 2697 980 2768 contempletur
1006 2712 1281 2754 occasum.
1304 2698 1393 2753 Nil
1422 2714 1538 2763 rex,
1573 2699 1647 2754 nil
1675 2699 1884 2769 consul,
1915 2699 1991 2755 nil
2090 2710 2387 2767 innumeris
2443 2713 2653 2769 vicibus
2698 2715 2997 2785 repetebat.
3030 2716 3148 2772 Nec
3204 2732 3336 2773 vero
3388 2718 3605 2783 mirum,
3641 2697 3688 2770 si

402 2793 616 2856 potens,
645 2785 721 2839 nil
747 2785 901 2841 fortis
920 2794 1009 2841 aut
1036 2786 1207 2853 dives,
1240 2785 1315 2840 nil
1372 2785 1595 2856 quilibet
1660 2788 1841 2843 senior
1897 2795 1991 2843 aut
2090 2798 2381 2855 dormienti
2437 2816 2548 2856 non
2603 2801 2836 2858 deerant
2879 2803 3091 2859 interna
3147 2805 3435 2873 sei-cuiuis,
3494 2805 3687 2860 intima

396 2874 633 2943 juveniS,
666 2881 835 2929 totum
865 2874 995 2930 illud
1026 2874 1377 2944 causabatur,
1409 2874 1553 2965 quod
1573 2883 1795 2931 eatenus
1818 2875 1988 2930 ViXiS-
2088 2885 2309 2942 claritas
2341 2896 2394 2943 et
2422 2903 2575 2945 mera
2605 2890 2862 2962 suavitas,
2895 2908 3056 2964 quem
3112 2892 3428 2965 vigilantem
3458 2901 3685 2948 externa

399 2970 503 3029 sel.
552 2970 606 3018 ει
653 2961 799 3034 φιοά
841 2978 1091 3018 serenum
1142 2962 1434 3036 aliquando
1476 2962 1701 3053 vidisset
1729 2971 1783 3019 ει
1838 2972 2057 3049 πολι-ο
2085 2976 2314 3042 vanitas,
2366 2992 2514 3033 caeca
2570 2961 2879 3050 curiositas,
2913 2961 2967 3036 et
2994 2961 3209 3053 impura
3267 2981 3513 3053 voluptas
3566 2981 3683 3038 suis

396 3050 644 3140 quillum.
675 3052 800 3140 Jami
822 3051 925 3107 sub
953 3051 1397 3140 oculisrprmsens
1441 3053 1629 3109 mortis
1672 3052 1853 3125 imago
1884 3068 1983 3109 00·-
2086 3063 2305 3121 irretire
2334 3064 2607 3121 illecebris
2649 3066 2957 3124 nullatenus
2985 3050 3366 3140 praevalebant.

396 3139 558 3211 gebat
584 3139 873 3195 nonnullos
903 3140 1104 3195 habere
1134 3139 1189 3195 in
1219 3141 1359 3196 votis
1402 3143 1572 3213 ipsius
1601 3141 1812 3213 pridem
1846 3156 1984 3197 acu-
2157 3152 2290 3207 cum
2320 3169 2447 3209 vero
2498 3170 2761 3226 corporea
2805 3139 3051 3212 sumebat
3095 3157 3371 3225 alimenta,
3405 3174 3529 3214 cum
3557 3158 3683 3214 τεο-

392 3226 535 3283 leum
566 3227 870 3299 pertulisse.
905 3227 1114 3298 Quibus
1141 3246 1298 3285 mens
1355 3230 1539 3286 sanior
1597 3239 1727 3299 erst,
1761 3229 1983 3286 confes-

2131 3240 2239 3295 .bus
2261 3248 2464 3298 tereret
2492 3242 2672 3298 cibum
2724 3245 3033 3301 nutrimenti
3082 3247 3304 3315 terreni,
3334 3254 3461 3302 tunc
3502 3248 3682 3318 potis-

393 3315 535 3370 sioni
563 3323 912 3386 peccatorum
960 3316 1300 3387 insistebant,
1353 3335 1419 3374 ex
1449 3318 1829 3390 desperatione
1861 3320 1985 3374 vitae
2086 3328 2281 3384 simum
2310 3347 2468 3386 aures
2491 3333 2608 3401 ejus
2651 3332 2984 3400 esuricbaut,
3018 3342 3069 3389 εί
3100 3335 3419 3392 hauriebam
3449 3315 3683 3391 vui-bum

390 3407 679 3476 prmsentis
723 3404 1139 3460 sollicitudinem
1168 3405 1360 3462 futura:
1395 3407 1690 3478 capientes.
1726 3407 1984 3463 Precibus
2084 3417 2204 3473 Dei,
2241 3418 2297 3473 Si
2326 3436 2448 3474 cum
2479 3419 2737 3476 fratribus
2765 3438 2863 3493 pro
2884 3438 3037 3478 more
3061 3424 3211 3493 juxta
3231 3425 3682 3480 consuetudinem

392 3490 641 3563 plerique
688 3493 1068 3565 gemebundis,
1120 3494 1367 3566 votisque
1421 3496 1490 3550 ad
1556 3494 1887 3585 Dominum,
1916 3495 1984 3551 ad
2084 3505 2191 3560 diei
2221 3506 2345 3561 festi
2375 3508 2722 3565 refectorium
2765 3490 3186 3583 ingressus'una
3227 3528 3350 3568 cum
3378 3513 3481 3568 illis
3511 3528 3678 3585 pran-

392 3588 614 3636 sanctos
634 3589 688 3636 et
728 3582 799 3637 ad
829 3591 1049 3638 sanctas
1091 3582 1557 3639 succlamitabant.
1621 3584 1735 3639 Rex
1767 3584 1985 3640 tandem
2084 3594 2258 3663 deret,
2293 3604 2453 3667 ριιουι
2481 3604 2712 3653 οωιειοοε
2741 3582 2858 3670 ipsé
2890 3600 3147 3656 monebat
3182 3610 3233 3657 et
3262 3582 3678 3668 docebat;ocu-

391 3675 445 3722 ει
474 3667 591 3739 ipse
620 3669 677 3724 in
704 3669 824 3727 hac
869 3671 1034 3726 verba
1065 3671 1309 3742 Ρΐοΐυρίί
1342 3689 1355 3727 ε
1394 3696 1414 3719 “
1452 3671 1520 3739 Ο,
1580 3672 1774 3744 inquit.
1810 3672 1856 3727 si
1902 3672 1983 3727 Vi-
2082 3681 2167 3738 los
2196 3684 2251 3737 in
2298 3700 2505 3751 mensa,
2552 3667 2777 3741 manus
2806 3687 2862 3742 in
2910 3689 3155 3753 scutella.
3199 3698 3251 3745 et
3299 3705 3458 3745 aures
3496 3667 3583 3746 ad
3611 3690 3680 3746 li-

388 3755 583 3828 gilaret
613 3772 757 3813 nunc
785 3758 1188 3813 Carthusiensis
1219 3761 1377 3831 Hugo
1432 3776 1587 3815 meus
1614 3760 1625 3814 l
1677 3760 1722 3814 si
1754 3761 1983 3817 secretis
2084 3770 2259 3837 brum,
2291 3788 2387 3828 οοι-
2415 3782 2593 3828 θυιθηι
2626 3775 2695 3829 ad
2724 3776 2900 3830 Deum
2931 3777 3187 3833 habebat,
3222 3778 3279 3834 si
3312 3778 3461 3833 solus
3482 3778 3680 3835 edebat

390 3844 699 3933 intenderet
724 3846 888 3901 modo
944 3846 1233 3915 precibus!
1268 3848 1313 3901 si
1344 3847 1431 3902 vel
1479 3847 1813 3904 solemnibus
1860 3864 1981 3903 cum
2082 3859 2135 3913 in
2166 3859 2358 3915 cellula
2391 3862 2526 3931 (64),
2561 3863 2933 3933 partiebantur
2981 3866 3084 3920 sibi
3126 3866 3264 3922 liber
3323 3875 3375 3923 et
3431 3868 3679 3923 mensula

389 3932 502 3986 suis
554 3932 811 3987 fratribus
839 3933 1129 3989 interesset
1155 3934 1316 3989 modo
1346 3934 1651 3990 divinorum
1682 3935 1982 3990 oﬂiciorum
2082 3947 2366 4004 oculorum
2396 3932 2596 4005 ofﬁcia,
2644 3952 2793 4007 Tunc
2825 3953 2967 4007 enim
2989 3953 3196 4008 lumina
3225 3955 3340 4023 ejus
3388 3971 3447 4009 se
3476 3954 3678 4011 δίεπε-

396 4020 657 4115 θΧουῘξίίεν
726 4034 835 4075 non
904 4021 975 4075 ίῐᾶ
1030 4021 1084 4075 in
1145 4022 1368 4094 longum
1416 4022 1523 4078 mei
1562 4023 1981 4079 ObliViscel‘eml‘
2081 4035 2283 4090 hebant
2311 4037 2573 4106 vicissim,
2606 4040 2731 4095 hinc
2761 4040 2900 4096 liber
2944 4050 3185 4113 apertus,
3226 4020 3351 4098 hinc
3380 4044 3536 4115 panis
3558 4053 3676 4100 erat

394 4107 570 4205 ρθυεςί
608 4128 631 4159 ι
666 4108 815 4205 Tunc
834 4124 1001 4205 (ξΐεωει
1024 4116 1077 4166 εἴ
1290 4110 1659 4205 ing-8191560115
1690 4130 1702 4166 ε
1743 4135 1763 4159 α
1809 4112 1976 4205 Petis.
2080 4124 2379 4195 appositus.
2403 4127 2540 4181 Nam
2563 4128 2843 4200 pulmenta
2874 4107 3043 4185 rarius
3083 4107 3496 4201 adficiebantur,
3532 4149 3674 4205 aqua

395 4195 583 4268 inquit,
608 4196 696 4253 cui
725 4196 896 4252 servit
922 4198 1070 4268 prior
1127 4198 1436 4287 Withamim
1465 4199 1519 4253 in
1548 4201 1796 4266 veritate,
1838 4200 1981 4254 illius
2082 4212 2194 4267 sola
2225 4214 2424 4286 sapius
2467 4195 2723 4286 poculum
2754 4218 2913 4273 simul
2951 4227 3001 4274 ει
3051 4195 3339 4289 jusuenum
3362 4195 3494 4275 fuit;
3536 4195 3673 4277 cun-

390 4284 695 4340 interventu
754 4294 806 4341 et
852 4286 1079 4350 meritis,
1114 4280 1271 4342 nobis
1300 4286 1356 4341 in
1404 4296 1550 4343 tanta
1597 4305 1693 4359 pro
1742 4289 1980 4359 peccatis

395 4374 595 4402 ηΛηιιιεη
639 4374 884 4402 ληηημοεη
920 4375 1054 4402 τηρ-ιιι
1087 4375 1437 4402 ,In-_nl.n_-2-
1487 4376 1781 4402 -l-......a.\..
1809 4378 1942 4402 _:_-

2131 4306 2378 4357 Lmentum
2409 4304 2493 4359 his
2510 4305 2683 4376 epulis
2708 4306 3159 4376 pretiosissimum
3206 4326 3477 4381 nunquam
3506 4309 3679 4365 defuit

394 4374 597 4428 nostris
638 4374 890 4444 angustia
914 4375 1055 4443 juste
1085 4375 1441 4445 deprehensis
1484 4376 1781 4433 clementer
1809 4378 1970 4433 mise-
2001 4374 2053 4402 ν
2085 4406 2263 4445 sermo
2294 4390 2411 4446 Dei.

394 4477 590 4559 rorem»
626 4462 1075 4559 [ierunt-quidam
1118 4465 1280 4559 etiam
1311 4464 1525 4521 vovisse
1557 4482 1679 4521 eum
1712 4468 1882 4559 quod
1912 4466 1983 4520 ad
2154 4480 2213 4532 lu
2242 4484 2391 4533 omni
2422 4496 2656 4552 namque
2697 4490 2943 4554 tempore
2983 4492 3033 4539 ei
3065 4486 3119 4538 in
3164 4485 3310 4540 omni
3349 4486 3490 4552 loco,
3525 4486 3674 4559 quod

392 4548 761 4647 ΡοοίίίίοαῙίῖτη
791 4550 1053 4647 “uelem?
1080 4552 1306 4647 gradum
1340 4554 1661 4647 (Ῑιξαηίοοίυε
1690 4553 1840 4609 illum
1861 4570 1980 4647 ριόο
2081 4566 2205 4626 loci.
2239 4567 2383 4637 quod
2417 4548 2676 4639 temporis
2700 4548 2969 4641 ﬂagitaret
3001 4573 3160 4639 ratio,
3193 4574 3297 4629 hoc
3333 4582 3385 4629 et
3419 4548 3557 4647 ipse.
3585 4576 3672 4629 fa-

395 4653 636 4705 movere,
663 4637 709 4691 si
729 4638 1018 4694 meruisset
1038 4639 1323 4696 incolumis
1345 4642 1414 4696 ad
1435 4650 1649 4711 portum
1673 4642 1975 4712 pervenire.
2081 4653 2274 4718 ciebat,
2308 4656 2411 4710 hoc
2442 4665 2492 4710 ρι
2513 4637 2631 4711 uuis
2661 4637 2931 4731 ageudum
2961 4637 3231 4717 mouebat,
3266 4662 3418 4719 Adeo
3438 4637 3587 4718 ζνοιιιι
3616 4664 3673 4719 in

390 4726 505 4781 Nec
533 4740 699 4791 mora.
732 4726 913 4797 pelagi
938 4727 1142 4799 fragor.
1203 4738 1485 4784 ventorum
1521 4730 1678 4785 turbo
1737 4730 1981 4785 subsedit
2080 4742 2317 4797 habitum
2359 4745 2461 4799 sibi
2492 4726 2730 4801 verterat
2783 4748 3240 4805 ordinatissimam
3269 4760 3322 4805 et
3362 4751 3671 4807 saluberri-

389 4822 441 4912 et
484 4814 744 4912 evanﬂuit‘;
777 4814 977 4869 cadunt
1025 4816 1236 4883 fluctus,
1283 4817 1420 4871 redit
1491 4832 1628 4872 aura
1683 4818 1876 4881 lenior,
1928 4826 1981 4872 et
2080 4845 2221 4884 mum
2289 4832 2694 4901 institutionem,
2742 4844 2799 4891 ιιι
2850 4853 3070 4908 semper
3124 4846 3268 4894 ιοιυε
3349 4848 3401 4894 οι
3458 4840 3675 4912 integer

389 4901 583 4957 fretum
615 4902 851 4957 funditus
868 4904 1256 4973 complanatur,
1294 4922 1462 4960 naves
1493 4907 1762 4961 universas
1793 4914 1978 4977 optato

2135 4920 2353 4974 derelur
2382 4921 2434 4974 in
2464 4938 2548 4989 eo,
2574 4923 2640 4977 ad
2670 4925 2812 4995 quod
2841 4901 3265 4983 eum-intendere
3284 4901 3672 4998 prmscribebat

388 4990 664 5059 potiuntur
701 4990 896 5055 littore,
931 4992 1237 5046 referuntur
1286 4994 1580 5064 gratiarum
1639 4995 1877 5048 actiones
1909 4995 1979 5049 ab

2136 5008 2180 5061 ci
2208 5009 2488 5077 praisentis
2516 5018 2605 5063 aut
2638 5012 2789 5066 horae
2827 5013 3131 5083 dispositio,
3166 5024 3219 5070 et
3262 5025 3317 5070 ut
3365 5018 3467 5072 hoc
3490 5017 3671 5087 ipsum

388 5078 658 5133 universis
687 5078 885 5134 divina:
917 5078 1237 5143 clementim,
1272 5088 1324 5135 et
1355 5098 1448 5136 rex
1499 5082 1566 5136 de
1588 5091 1785 5137 caetero
1818 5099 1979 5137 vene-

2134 5090 2237 5144 iam
2270 5098 2513 5163 tempore
2543 5095 2858 5164 quiescendi
2879 5078 3191 5153 observaret
3208 5100 3260 5153 in
3284 5078 3675 5156 lectulo-Nun-

391 5166 583 5221 rationi
632 5166 729 5221 viri
762 5168 858 5221 Dei
887 5184 946 5223 se
978 5176 1147 5223 totum
1176 5168 1410 5223 devovit.
2079 5194 2238 5249 quam
2272 5196 2392 5234 eum
2425 5180 2669 5248 lectulus,
2707 5184 3001 5241 dummodo
3033 5196 3178 5242 esset
3235 5188 3540 5255 incolumis,
3580 5189 3668 5245 vel

454 5343 724 5428 (ﬁatque?
745 5344 1201 5428 _alihilpr‘2emisi,
1230 5349 1417 5397 sentem
1455 5352 1537 5397 aut
1562 5351 1670 5399 octo
1723 5362 1891 5415 annos,
1925 5357 1978 5404 ut
2075 5360 2498 5413 (Iarthusiensium
2524 5364 2941 5428 consuetudinem,
2969 5364 3139 5417 diebus
3165 5371 3353 5418 tantum
3398 5368 3665 5419 Dominicis

385 5412 725 5473 compleretur,
755 5412 1051 5474 requirebat.
1879 5412 1886 5415 ⁷
2077 5430 2123 5475 ct
2146 5427 2331 5478 festivis
2356 5429 2498 5480 simul
2527 5430 2573 5480 in
2609 5412 2865 5482 ré're'c'tbiid
2878 5412 3267 5485 Ruﬁnian};

454 5494 559 5557 (64)
584 5495 758 5545 Diebus
806 5508 976 5558 nempe
1004 5496 1249 5547 ferialibus
1282 5497 1407 5548 intra
1442 5498 1975 5566 hebdomadam,juxta
