3972 6052
247 296 349 350 977

1598 295 1783 349 VITA.
1832 322 1900 336 —
1938 294 2063 350 LIB.
2108 296 2174 349 Il.

3436 297 3539 351 978

244 419 314 473 ad
345 424 673 472 momentum
704 418 874 474 tenuit
906 418 1236 491 vigilantem.
1272 419 1412 484 Mox,
1448 427 1503 472 ut
1526 420 1640 487 ejus
1663 434 1840 472 mem-
1862 420 1915 481 Δ
1945 428 2229 490 aperuerat
2259 420 2416 492 Hugo
2447 428 2631 475 noster
2662 420 3135 489 perseverantibus
3162 420 3217 473 in
3247 420 3536 491 pulsando,

249 506 345 559 bra
400 513 626 560 stratum
656 506 980 577 excepisset,
1008 508 1167 561 etiam
1201 508 1319 577 ipsa
1349 522 1603 577 soporem
1642 507 1847 576 pariter

247 593 613 664 excipiebant.
636 594 691 649 Si
712 595 931 665 quando
950 595 1327 665 intempestive
1360 596 1413 648 in
1446 595 1685 665 quolibet
1718 610 1845 649 casu

249 682 574 738 excitaretur
630 698 660 735 a
718 698 941 745 somno,
992 683 1279 738 confestim
1327 683 1411 737 vel
1444 684 1513 737 ad
1543 683 1845 737 orationem

249 770 529 842 surgebat,
590 770 677 824 vel
728 771 827 825 sub
859 780 1133 826 momento
1182 771 1496 827 solvebatur
1546 787 1734 825 rursus
1791 771 1843 824 in

253 873 525 929 soporem.

890 931 1113 987 CAPUT
1144 932 1238 986 IX.

254 1018 611 1091 Qualiterrad
640 1022 827 1091 ipsum
859 1020 1008 1090 apud
1051 1021 1407 1075 Wilhamiam
1456 1021 1845 1088 con/luebatur

320 1105 421 1159 pro
453 1090 653 1145 solatio
681 1091 987 1161 capiendo;
1015 1095 1069 1144 et
1101 1091 1243 1161 quod
1273 1091 1445 1145 multi
1466 1107 1596 1146 cum
1625 1107 1687 1144 eo
1718 1092 1844 1145 reli-

314 1160 494 1227 gionis
523 1176 639 1215 sua:
668 1162 843 1215 vitam
873 1160 1075 1215 ducere
1106 1162 1437 1231 cupiebant,
1474 1163 1591 1231 ipse
1652 1165 1844 1215 tamen

318 1246 423 1285 nec
456 1232 585 1295 cito,
619 1246 720 1285 nec
744 1232 915 1301 facile
942 1232 1241 1302 pulsantes
1276 1232 1600 1303 recipiebat.

319 1335 414 1389 llis
443 1343 495 1391 et
517 1335 825 1405 hujusmodi
858 1335 1151 1405 spiritualis
1174 1335 1476 1407 disciplinae
1500 1336 1691 1391 studiis
1740 1337 1843 1391 ﬂo-

246 1430 401 1477 rente
426 1424 569 1493 apud
602 1412 947 1478 Withamiam
974 1425 1225 1496 Hugone,
1284 1432 1334 1478 et
1376 1440 1499 1478 cum
1551 1426 1663 1478 suis
1715 1440 1845 1478 con-

244 1510 524 1581 discipulis
559 1512 848 1566 salubriter
886 1512 1321 1582 pliilOSOphante,
1383 1513 1730 1567 conﬂuebant
1778 1513 1845 1565 ad

246 1614 366 1653 eum
412 1599 631 1669 plurimi
676 1600 907 1656 diversa:
964 1599 1288 1655 conditionis
1344 1616 1440 1654 seu
1488 1599 1845 1671 professionis

246 1687 350 1741 viri
378 1686 622 1759 religiosi
653 1688 787 1757 (65),
820 1696 1042 1758 aspectu
1076 1688 1219 1741 illius
1270 1696 1322 1742 et
1370 1687 1530 1742 affatu
1588 1688 1844 1743 azdificari

249 1775 441 1829 instrui
464 1783 516 1830 et
546 1792 767 1831 munere
799 1783 993 1847 optatae
1024 1776 1409 1831 consolationis
1454 1777 1685 1832 refoveri
1728 1793 1843 1832 cer-
1874 1768 1925 1827 B

247 1863 354 1917 tius
375 1872 786 1933 praesumentes.
820 1865 935 1919 Nec
964 1880 1091 1919 vero
1123 1880 1221 1919 sua
1253 1864 1564 1935 quempiam
1597 1881 1723 1934 spes
1752 1864 1846 1918 fal-

245 1952 408 2016 lebat,
442 1952 621 2007 nullus
650 1952 705 2005 in
736 1960 884 2022 parte
915 1952 1004 2022 pio
1033 1952 1385 2006 fraudabatur
1416 1952 1595 2007 cordis
1624 1952 1843 2007 deside-

250 2040 353 2095 rio.
380 2040 601 2095 Cunctis
621 2040 767 2110 apud
788 2040 1147 2095 Withamiam
1170 2040 1419 2111 exempla
1433 2040 1700 2095 dabantur
1720 2057 1845 2111 per-

251 2128 408 2183 facta:
440 2128 743 2201 religionis,
774 2144 966 2183 omnes
997 2128 1121 2183 inde
1151 2128 1844 2199 reportabantdocumenta

250 2232 396 2273 sanae
423 2215 813 2285 instructionis,
848 2226 900 2271 et
931 2217 1157 2289 quisque
1192 2215 1387 2272 affectu
1420 2217 1725 2288 replebatur
1742 2218 1845 2288 piae

250 2304 573 2360 devotionis.
602 2305 739 2360 Hinc
785 2305 961 2360 subito
988 2321 1084 2375 per
1126 2321 1317 2360 omnes
1347 2305 1643 2361 Britanniae
1685 2305 1841 2373 fines,

252 2400 457 2448 sancta:
487 2392 645 2461 hujus
692 2392 963 2464 opinionis
1007 2393 1301 2465 fragrantia
1347 2393 1582 2449 suaviter
1626 2392 1841 2459 diffusa,

249 2480 537 2536 multorum
567 2481 868 2551 praecordia
899 2487 1058 2537 tantae
1088 2481 1391 2537 dulcedinis
1416 2481 1679 2537 afﬁciebat
1721 2498 1844 2554 gra-

252 2570 347 2634 tia,
382 2577 439 2624 ut
470 2568 573 2625 viri
602 2568 996 2637 litteratissimi,
1030 2569 1306 2640 variisque
1335 2569 1487 2624 ditati
1524 2569 1842 2638 redditibus,

250 2658 455 2713 relictis
477 2657 635 2727 hujus
664 2657 852 2713 mundi
877 2657 1111 2728 pompis,
1145 2666 1343 2713 sanctae
1370 2667 1421 2712 et
1451 2658 1677 2713 sincerae
1699 2658 1844 2712 illius

252 2745 681 2802 conversationis
709 2746 1067 2802 humilitatem
1123 2753 1234 2801 tota
1290 2746 1578 2802 devotione
1627 2753 1847 2818 expete-

249 2842 389 2900 rent,
415 2841 634 2905 totaque
655 2834 937 2890 alacritate
980 2834 1239 2892 subirent.

323 2922 644 2977 Gaudebant
667 2921 1013 2977 illustrissimi
1053 2923 1465 2992 disciplinarum
1520 2922 1844 2978 scholarium

247 3009 490 3083 magistri
520 3010 620 3065 sub
651 3010 781 3064 tanti
811 3010 1121 3081 magisterio
1166 3010 1406 3065 doctoris
1447 3010 1578 3064 illud
1621 3010 1847 3081 implere

251 3097 609 3169 apostolicum
632 3115 644 3151 :
670 3119 691 3148 «
712 3097 766 3152 Si
797 3098 918 3169 quis
939 3097 1151 3153 videtur
1179 3097 1318 3153 inter
1342 3114 1438 3153 vos
1461 3098 1678 3169 sapiens
1700 3113 1841 3163 esse,
1868 3121 1914 3182 ο

252 3185 447 3241 stultus
476 3184 759 3253 efficiatur,
792 3194 848 3239 ut
874 3186 942 3240 sit
962 3186 1179 3256 sapiens
1211 3187 1259 3256 (Ι
1288 3186 1406 3242 Cor.
1433 3201 1514 3251 ιιι,
1542 3188 1650 3255 t0).
1689 3206 1710 3235 ι
1738 3186 1846 3240 Ab-

254 3273 436 3329 dicata
462 3274 644 3345 itaque
672 3289 812 3328 vana
870 3273 1057 3329 mundi
1104 3274 1363 3345 sapientia
1412 3274 1512 3328 sub
1562 3274 1846 3343 disciplina

253 3362 609 3433 praeceptoris
640 3363 775 3417 adeo
804 3362 951 3418 docti
999 3361 1305 3418 efficiuntur
1336 3370 1388 3417 et
1424 3363 1529 3433 ipsi
1585 3362 1847 3417 docibiles

252 3452 371 3515 Dei,
407 3450 679 3506 tramitem
717 3451 1039 3505 Christianae
1071 3450 1427 3521 philosophia:
1482 3450 1849 3506 indeclinabili

252 3539 376 3595 vita:
406 3546 688 3609 carpentes
718 3539 1059 3594 rectitudine.
1091 3540 1346 3593 Nonnulli
1379 3554 1595 3611 quoque
1628 3547 1677 3594 et
1724 3554 1846 3593 mo-

254 3628 573 3693 nachorum,
607 3642 709 3682 nec
755 3635 807 3682 et
851 3643 916 3682 ex
964 3627 1290 3683 clericorum
1348 3628 1631 3681 ordinibus
1675 3643 1847 3699 regu-

250 3714 448 3769 larium
478 3715 577 3769 sub
608 3715 822 3788 virgam
852 3731 912 3771 se
940 3714 1157 3771 solertis
1203 3715 1503 3771 transferre
1561 3715 1850 3786 cupiebant

254 3803 511 3873 pastoris,
550 3803 733 3875 sagaci
761 3803 1015 3859 nimirum
1045 3803 1226 3858 animo
1270 3804 1692 3874 perpendentes,
1727 3817 1849 3859 cor-

255 3906 439 3961 poreae
471 3890 695 3961 quidem
721 3907 938 3962 pascua:
992 3892 1319 3957 ariditatem,
1365 3909 1486 3963 quae
1532 3907 1701 3963 penes
1726 3907 1849 3947 eum

257 3979 651 4050 reperiebatur,
685 3980 1015 4050 pinguedine
1072 3980 1373 4051 spiritualis
1427 3980 1695 4036 alimonia:
1724 3981 1853 4035 ube-

259 4068 369 4121 rius
397 4068 755 4138 compensari.
790 4070 913 4138 Ipse
941 4084 1070 4124 vero
1095 4069 1440 4139 praepositus,
1474 4076 1533 4123 ut
1563 4077 1675 4124 erat
1724 4084 1850 4139 pru-

257 4157 395 4211 dens
423 4172 519 4227 per
539 4156 722 4211 omnia
753 4164 805 4210 et
834 4156 1281 4227 circumspectus,
1313 4174 1415 4213 nec
1436 4158 1543 4213 cito
1574 4174 1674 4213 nec
1694 4157 1851 4213 facile

257 4244 527 4313 aperiebat
549 4244 905 4315 pulsantibus.
942 4246 1213 4300 Probabat
1247 4261 1478 4316 namque
1509 4246 1760 4317 spiritus,
1794 4253 1853 4300 ut

258 4340 443 4387 monet
470 4333 782 4403 Apostolus,
818 4334 862 4387 si
891 4350 955 4388 ex
989 4334 1103 4389 Deo
1134 4342 1335 4399 essent,
1389 4342 1440 4387 et
1491 4334 1706 4405 quidem
1742 4348 1851 4388 non

257 4420 375 4474 sine
406 4385 694 4530 dultiedineI
741 4385 793 4476 et
840 4422 949 4476 leni
992 4422 1227 4494 quadam
1269 4385 1578 4493 as’peritajte.
1631 4421 1929 4530 AperuitD
1955 4385 2441 4530 ἕειῖῖἲέξέ

257 4516 433 4563 autem
465 4508 783 4579 quibusdam
832 4518 955 4581 post
1002 4510 1240 4582 largiora
1278 4510 1631 4582 probamenta
1660 4526 1853 4581 perse-

262 4597 577 4651 verantibus
608 4597 663 4651 in
689 4596 977 4669 pulsando.

893 4705 1120 4760 CAPUT
1151 4705 1220 4759 X.

259 4791 335 4845 De
360 4794 786 4863 rapostatatione
815 4795 1066 4863 fratrum
1088 4794 1324 4849 Andreae
1344 4798 1399 4849 et
1430 4795 1765 4859 Alexandri,
1801 4798 1858 4849 et

333 4862 693 4935 de'conviciis
722 4880 786 4918 ac
817 4865 1175 4935 blasphemiis
1225 4865 1547 4919 earumdem
1577 4866 1639 4919 in
1672 4867 1855 4935 Hugo-

334 4948 467 4987 nem
499 4937 552 4987 et
586 4933 842 4989 ordinem
875 4933 1335 4989 Crirtlz‘usiensem
1362 4936 1570 4989 illatis.

333 5021 400 5076 Ut
429 5027 610 5077 autem
641 5036 706 5076 ex
738 5020 841 5076 fine
870 5021 1071 5094 patuit,
1102 5037 1211 5078 non
1258 5022 1312 5077 in
1361 5023 1629 5092 omnibus,
1663 5023 1859 5095 quibus

332 5198 435 5263 (65)
459 5202 591 5252 Inter
615 5201 705 5252 hos
728 5203 947 5253 Andreas
974 5206 1021 5252 et
1049 5202 1340 5263 Alexander,
1368 5204 1427 5253 de
1449 5205 1619 5265 quibus
1644 5218 1752 5266 cap.
1780 5216 1861 5253 se-

261 5268 429 5329 quenti
455 5268 695 5318 Robertus
721 5270 872 5331 prior,
903 5273 952 5319 et
976 5269 1258 5331 Radulphus
1292 5270 1518 5330 sacrista,
1546 5283 1655 5331 cap.
1688 5272 1767 5326 12.
1814 5274 1863 5320 et

262 5334 508 5383 Walterus
524 5335 666 5397 (apud
683 5336 1006 5386 Wbartonum
1031 5336 1078 5384 in
1105 5336 1278 5399 Anglia
1299 5348 1457 5397 sacra,
1472 5341 1599 5398 part.
1620 5350 1655 5399 ι,
1673 5350 1721 5398 p.
1741 5335 1859 5399 586)

263 5412 323 5449 ex
345 5400 505 5461 priore
534 5401 876 5453 Barthoniensi
908 5404 1261 5454 Carthasianus
1286 5403 1465 5465 factus,
1489 5402 1569 5465 qui
1593 5405 1758 5453 tamen
1803 5403 1865 5453 ad

269 5466 538 5528 prioratum
564 5467 731 5518 rediit.

339 5584 808 5663 (66_)-ln_M_onastico
829 5590 1121 5663 Anglicano,
1149 5594 1188 5663 t._
1223 5592 1268 5652 l,
1296 5604 1345 5652 p.
1375 5590 1468 5663 195
1493 5594 1541 5639 et
1554 5590 1675 5663 _197_,
1705 5591 1867 5653 appel-

263 5652 394 5702 latur
418 5652 769 5705 ltlichelniense
794 5658 842 5705 et
867 5656 1158 5706 Micelnense
1178 5658 1227 5706 in
1254 5669 1370 5719 agro
1397 5658 1690 5710 Dorsetensi.

1948 507 2347 578 beneplacitum
2379 507 2475 561 fuit
2524 509 2773 563 Domino.
2809 508 3073 562 Abierunt
3121 508 3264 562 enim
3319 508 3540 577 quidam

1948 604 2265 662 retrorsum,
2303 612 2533 667 quorum
2564 598 2670 651 duo
2694 604 2848 650 erant
2868 597 3115 650 Andreas
3138 603 3191 650 et
3210 596 3539 651 Alexander.

1949 684 2193 739 Andreas
2214 685 2517 740 monachus
2538 685 2841 739 habebatur
2872 693 2922 739 et
2951 684 3178 739 sacrista
3196 684 3536 750 monasterii,

1947 772 2092 842 quod
2121 772 2493 828 Mulchelneiae
2526 772 2637 843 (66)
2668 780 3045 844 nuncupatur;
3088 772 3394 827 Alexander
3424 774 3540 841 (67)

1947 859 2242 927 saecularis,
2278 868 2333 915 ut
2364 861 2559 931 vulgus
2590 861 2844 931 loquitur,
2889 861 3168 916 exstiterat
3227 860 3539 916 canonicus.

2018 947 2177 1001 Versi
2197 962 2432 1019 namque
2454 948 2508 1002 in
2531 948 2871 1013 seditionem,
2898 949 3183 1019 Hugonem
3205 946 3393 1001 durius
3413 962 3540 1004 exa-

1948 1034 2262 1090 cerbabant.
2318 1036 2566 1090 Andreas
2627 1044 2901 1106 utcunque
2956 1034 3165 1089 furebat
3219 1034 3539 1101 modestius,

1947 1123 2253 1177 Alexander
2284 1139 2411 1178 vero
2444 1124 2558 1177 sine
2587 1123 2970 1177 moderaminis
3002 1129 3223 1193 aSpectu
3248 1123 3413 1177 multa
3445 1137 3545 1178 suo

1949 1211 2114 1266 Paulo
2137 1212 2249 1280 (68)
2278 1211 2425 1265 mala
2445 1211 2787 1265 ostendebat.
2835 1234 2854 1257 ‹‹
2886 1210 3160 1265 Seduxisti
3188 1226 3310 1277 nos,
3343 1211 3535 1282 inquit,

1945 1300 2203 1368 pessime,
2229 1308 2281 1353 et
2302 1298 2552 1352 induxisti
2586 1299 2637 1351 in
2668 1298 2846 1353 locum
2876 1298 3116 1352 horroris
3147 1307 3199 1353 et
3219 1306 3383 1355 vastae
3412 1298 3545 1354 soli-

1912 1430 1913 1433 η
1946 1386 2169 1451 tudinis,
2202 1386 2442 1456 privatos
2477 1394 2529 1440 et
2565 1394 2754 1440 exutos
2814 1385 3233 1441 habitationibus
3288 1386 3538 1453 ammnis,

1947 1475 2218 1545 rebusque
2247 1474 2443 1545 opimis
2476 1482 2557 1528 :et
2580 1473 2730 1544 quasi
2760 1488 2868 1527 non
2902 1482 3084 1528 essent
3106 1473 3374 1546 religiosae
3394 1475 3539 1544 quie-

1946 1562 2012 1615 tis
2042 1562 2349 1617 habitacula
2382 1562 2434 1615 in
2467 1562 2684 1626 szeculo,
2720 1560 2793 1615 ita
2824 1561 2962 1615 inter
2992 1561 3211 1617 frutices
3251 1561 3407 1616 nobis
3456 1561 3540 1616 fe-
3632 1632 3635 1633 ν

1948 1650 2066 1705 rino
2096 1652 2260 1705 modo
2291 1659 2339 1704 et
2372 1666 2519 1704 more
2538 1648 2965 1705 delitescendum
2995 1648 3327 1720 praescribis.
3348 1649 3531 1704 Abun-

1947 1738 2034 1791 dat
2065 1740 2241 1792 omnis
2272 1747 2417 1792 terra
2447 1737 2832 1809 religiosorum
2862 1737 3099 1791 virorum
3133 1737 3382 1801 ceetibus,
3437 1736 3531 1790 ubi

1946 1837 1998 1883 et
2074 1826 2496 1883 cohabitantium
2579 1824 2859 1879 multitudo
2953 1825 3018 1878 ad
3097 1824 3383 1893 solatium,
3488 1832 3541 1881 et

1944 1916 2207 1986 perfectio
2252 1915 2381 1969 satis
2464 1914 2621 1969 nobis
2692 1910 2959 1967 sufficeret
3032 1914 3101 1966 ad
3184 1913 3539 1984 exemplum:

1945 2011 1998 2058 et
2047 2020 2175 2059 ecce
2250 2002 2369 2067 soli,
2422 2003 2539 2056 sine
2598 2000 2811 2066 solatio,
2872 2016 2987 2070 prae
3038 2000 3248 2056 accidia
3302 2000 3545 2073 languidi

1946 2101 1995 2149 et
2027 2099 2320 2162 torpentes,
2354 2091 2626 2146 neminem
2658 2089 2782 2144 totis
2822 2090 3013 2144 diebus
3070 2089 3336 2158 videmus,
3381 2105 3544 2161 quem

1945 2180 2236 2244 imitemur,
2270 2180 2367 2235 sed
2397 2180 2628 2250 parietes
2651 2179 2815 2245 solos,
2852 2178 3047 2250 quibus
3068 2177 3417 2245 includimur,
3451 2177 3539 2233 in-

1945 2277 2174 2323 tuemur.
2210 2268 2316 2323 Sed
2347 2283 2448 2322 nec
2476 2267 2669 2322 cedent
2699 2266 2855 2322 nobis
2883 2266 3108 2321 nimium
3153 2265 3277 2321 licet
3332 2273 3543 2338 argutae

1945 2357 2186 2411 rationes
2210 2364 2334 2411 ture.
2354 2355 2651 2411 Manifestis
2685 2355 2828 2410 enim
2849 2363 2902 2411 et
2926 2354 3245 2411 rectissimis
3265 2354 3547 2410 sententiis

1944 2446 2145 2501 nostris
2176 2460 2392 2515 semper
2420 2444 2744 2500 adversatur
2775 2459 2957 2500 sermo
2988 2451 3136 2499 tuus.
3182 2444 3262 2497 Ita
3292 2458 3422 2499 vero
3443 2458 3541 2497 ra-

1945 2533 2179 2588 rissimae
2209 2532 2388 2589 adhuc
2416 2531 2643 2587 interris
2673 2539 2725 2587 et
2751 2531 2981 2588 novella:
2998 2531 3158 2600 hujus
3188 2530 3539 2603 legisjugum

1945 2621 2104 2676 nobis
2133 2620 2457 2692 portandum
2496 2619 2779 2691 ingeritur,
2830 2635 2896 2677 ac
2948 2620 2994 2675 si
3041 2618 3265 2690 perierit
3318 2617 3540 2690 ubique,

1946 2718 2314 2781 praeterquam
2344 2708 2489 2780 apud
2518 2707 2946 2774 Carthusienses,
2980 2706 3353 2763 Christianitas
3408 2713 3539 2774 tota,

1948 2805 2000 2853 et
2032 2798 2119 2853 vix
2141 2795 2483 2868 paucissimis
2512 2796 2855 2851 homunculis
2884 2795 2967 2850 via
2999 2795 3067 2850 sit
3113 2802 3395 2866 comperta
3450 2809 3542 2848 sa-

1947 2887 2090 2941 lutis.
2126 2888 2346 2951 Verum,
2383 2900 2519 2956 quos
2550 2884 2762 2956 potiora
2793 2900 2901 2939 non
2948 2883 3132 2950 latent,
3191 2884 3292 2939 hac
3337 2881 3546 2937 inutilia

1948 2982 2001 3029 et
2030 2989 2169 3030 vana
2198 2973 2399 3028 diutius
2429 2981 2615 3027 tenere
2646 2987 2749 3028 nec
2778 2971 2998 3037 debent,
3031 2986 3133 3028 nec
3161 2970 3358 3025 valent.
3398 2990 3418 3022 ι
3446 2969 3545 3025 His

1948 3078 2083 3131 ergo
2116 3069 2167 3116 et
2197 3061 2393 3114 talibus
2414 3075 2628 3114 sacrum
2648 3059 2799 3113 illum
2830 3058 3080 3113 ordinem
3107 3057 3369 3130 arguebat
3427 3057 3545 3111 bla-

1947 3148 2227 3221 sphemiis,
2262 3156 2313 3202 et
2350 3146 2545 3202 talibus
2583 3147 2754 3202 virum
2810 3146 2909 3202 Dei
2965 3144 3233 3201 alliciebat
3285 3144 3544 3202 conviciis

1946 3237 2183 3293 hominis
2204 3235 2509 3306 pervicacia
2546 3235 2755 3289 vesani.

2018 3325 2247 3380 Dolebat
2277 3324 2481 3379 interea
2533 3324 2689 3395 Hugo
2727 3323 2987 3394 periculis
3045 3338 3252 3388 eorum,
3314 3321 3405 3394 qui
3434 3322 3547 3391 jam

1949 3413 2297 3469 firmaverant
2327 3412 2429 3467 sibi
2454 3426 2761 3467 sermonem
2782 3426 3012 3482 nequam
3032 3410 3342 3481 apostasia).
3363 3409 3541 3465 Time-

1950 3504 2042 3558 bat
2071 3517 2287 3573 quoque
2310 3500 2627 3556 scandalum
2657 3498 2996 3554 infirmorum
3043 3513 3110 3554 ac
3138 3506 3388 3554 recenter
3407 3513 3544 3553 con-

1949 3605 2255 3657 versorum,
2318 3604 2452 3660 quos
2495 3595 2695 3658 praeter
2759 3586 3097 3642 inevitabiles
3180 3586 3543 3657 undecunque

1950 3679 2281 3749 prodeuntes
2304 3676 2659 3731 tentationum
2681 3681 2842 3729 aestus
2872 3673 3244 3729 vehementius
3278 3673 3551 3742 hujusmo-

1950 3767 2006 3822 di
2053 3765 2399 3838 exagitabant
2453 3771 2835 3834 tempestuosae
2893 3761 3170 3833 procellae.
3228 3762 3359 3817 Erat
3402 3761 3547 3816 enim

1951 3854 2171 3925 spiritus
2199 3869 2406 3918 eorum,
2436 3851 2577 3907 male
2607 3851 2815 3907 scilicet
2834 3850 3204 3916 robustorum,
3229 3849 3543 3905 velutturbo

1951 3942 2236 4014 impellens
2257 3941 2521 4012 parietem
2552 3945 2755 3995 sanctae
2788 3937 2935 3993 illius
2964 3937 3259 4005 societatis,
3284 3945 3336 3993 et
3352 3936 3549 3993 discin-

1952 4031 2088 4086 dens
2118 4045 2215 4101 pro
2236 4029 2441 4084 viribus
2472 4042 2815 4099 compagem.
2850 4025 3121 4094 Quantum
3150 4025 3387 4097 denique
3417 4040 3548 4081 mce-

1953 4119 2256 4184 stitudinis,
2290 4125 2658 4189 quantumque
2696 4115 2840 4169 taedii
2880 4129 3096 4170 sacrum
3152 4114 3284 4169 illud
3335 4122 3543 4184 pectus,

1952 4208 2008 4261 in
2040 4207 2275 4262 fraterna
2304 4205 2680 4276 compassione
2712 4211 2761 4258 et
2792 4219 2918 4257 vera
2948 4202 3146 4273 pietate
3175 4200 3546 4268 tenerrimam,

1953 4295 2302 4365 occupaverit
2331 4310 2432 4366 pro
2448 4307 2638 4349 amara
2653 4290 2867 4345 illorum
2888 4288 3268 4355 obstinatione,
3293 4289 3545 4365 necipse,

2328 4383 2423 4437 ulit
2480 4380 2602 4437 ullis
2649 4380 2840 4454 potuit,
2899 4386 2957 4434 ut
3010 4380 3210 4453 sapius
3254 4376 3545 4446 fatebatur,
3590 4420 3593 4421 ν

2025 4560 2270 4618 Vidimus
2310 4568 2492 4616 autem
2526 4567 2716 4632 postea
2775 4560 2918 4614 hunc
2955 4559 3131 4630 ipsum
3184 4556 3551 4614 Alexandrum
3586 4598 3595 4599 κ

1955 4652 2088 4722 (69),
2123 4649 2535 4705 Cluniacensem
2564 4648 2923 4713 monachum,
2956 4647 3121 4703 rebus
3152 4646 3253 4701 sibi
3300 4646 3549 4717 aliquan-

1956 4738 2123 4794 tulum
2152 4738 2467 4795 cedentibus
2498 4746 2693 4795 contra
2732 4744 2934 4802 votum,
2985 4734 3393 4807 permutationis
3437 4749 3551 4789 suae

1955 4828 2288 4899 paenitudine
2310 4828 2550 4893 ductum,
2582 4826 2830 4898 Hugonis
2860 4834 2987 4881 tunc
3017 4822 3257 4895 episcopi
3293 4821 3550 4876 ambitio-

1959 4916 2073 4971 sius
2100 4915 2332 4986 gratiam
2364 4915 2673 4985 implorare,
2705 4914 2864 4969 nobis
2891 4913 3053 4967 etiam
3099 4909 3424 4980 multiplices
3464 4908 3553 4963 in-

1959 5003 2239 5078 geminare
2268 5018 2480 5075 preces,
2534 5017 2662 5075 quo,
2704 5002 3010 5058 interventu
3057 5005 3261 5065 nostro,
3320 4996 3553 5053 reditum

2031 5178 2133 5243 (67)
2150 5182 2220 5231 Ad
2244 5191 2387 5241 quem
2414 5180 2572 5228 exstat
2587 5177 2788 5242 epistola
2813 5176 2944 5227 Petri
2964 5173 3223 5236 Blesensis,
3248 5173 3337 5224 sub
3362 5184 3555 5225 numer.

1963 5246 2048 5309 86,
2071 5259 2163 5308 qua
2188 5258 2296 5297 eum
2323 5247 2379 5296 ad
2406 5246 2728 5297 constantiam
2756 5245 2958 5293 animat.

2033 5356 2133 5419 (68)
2162 5357 2342 5407 Allusio
2369 5356 2428 5407 ad
2455 5354 2571 5406 illud
2593 5354 2813 5405 Timoth.
2838 5366 2947 5417 cap.
2975 5366 3041 5403 tv.
3082 5366 3100 5396 α
3129 5350 3405 5403 Alexander
3439 5363 3562 5402 aera-

1965 5424 2065 5473 rius
2092 5424 2241 5474 multa
2269 5423 2386 5475 mihi
2413 5423 2539 5473 mala
2562 5420 2791 5471 ostendit.
2823 5437 2841 5467 ι

2036 5526 2137 5588 (69)
2168 5527 2265 5578 Sub
2291 5526 2443 5576 tribus
2486 5523 2669 5576 ultimis
2711 5524 2825 5574 vita:
2850 5526 2902 5576 S.
2946 5525 3163 5588 Hugonia
3208 5522 3366 5581 annis,
3392 5520 3565 5584 quibus

1970 5597 2139 5644 auctor
2163 5595 2272 5644 vitae
2292 5593 2477 5656 Hugoni
2506 5591 2729 5642 adhaesit.
