3972 6052
405 247 507 302 9¹Ζ9

1318 245 1374 299 s.
1416 242 1731 301 HUGONIS
1767 238 1985 297 EPISC.
2025 232 2351 291 meouv.
2392 193 2557 289 can.
2600 230 2806 288 cana.

3594 232 3701 283 980

404 379 710 429 mereretur
740 372 809 427 ad
846 371 981 439 veri.
1026 378 1085 426 ιιῑ
1140 371 1436 437 asserebat:
1496 368 1738 442 Ρατεάίδί
1782 368 1995 424 incaute
2024 366 2079 428 Α
2099 377 2393 436 cerissimas
2419 374 2695 433 charitatis
2725 372 2942 444 insigne
2972 370 3354 427 documentum
3383 368 3499 425 fuit.
3524 370 3699 443 Igitur

405 460 674 533 perditam
699 460 1057 515 mansionem.
1091 462 1309 526 Verum,
1363 458 1499 514 sicut
1553 474 1650 529 per
1678 456 2000 528 Apostolum

410 549 614 605 dictum
643 548 808 603 estde
831 548 975 603 Esau
1007 565 1062 603 τα
1083 550 1205 604 Non
1228 546 1773 617 invenitpmnitentiae
1795 545 1996 610 locum,

410 653 720 710 quanquam
753 652 874 691 cum
904 637 1163 707 lacrymis
1192 635 1495 707 inquisierit
1533 650 1655 690 eam
1679 634 1859 705 (Hebr.
1891 647 1997 695 xu,

411 725 524 796 17).
562 748 583 773 ιι
619 724 795 781 Rediit
824 733 1004 780 autem
1033 731 1083 779 et
1103 731 1436 780 memoratus
1465 724 1732 788 Andreas,
1766 721 2001 776 nominis

411 813 495 868 sui
525 813 732 869 honore
769 814 1060 883 mutilatus,
1120 814 1190 869 ad
1236 821 1365 869 nota
1431 814 1543 883 (70)
1602 810 1841 866 infantiae
1891 825 2002 864 suae

415 909 700 967 cunabula.

1016 1034 1240 1092 CAPUT
1262 1035 1359 1090 XI.

419 1169 672 1238 Qualiter
683 1168 974 1241 difﬁcilem
991 1185 1048 1241 se
1071 1168 1327 1241 habuerit
1346 1172 1537 1225 noster
1551 1170 1700 1239 Hugo
1722 1169 1793 1224 ad
1810 1183 2003 1224 eorum

483 1240 884 1323 receptioncm,
917 1240 1222 1323 quisemel’
1262 1243 1720 1323 apostatassent;
1750 1254 1805 1294 et
1835 1254 2002 1323 quam

487 1315 680 1436 genere
719 1311 1156 1436 gersistentiam
1204 1312 1265 1365 in
1306 1328 1409 1367 sua
1450 1311 1722 1380 religione
1754 1311 2002 1380 quietem

525 1397 541 1436 ι
570 1397 729 1437 exerz
772 1422 784 1435 .

485 1512 713 1583 Semper
743 1513 899 1583 Hugo
931 1510 1274 1566 difﬁcillimus
1322 1509 1699 1566 inveniebatur
1729 1510 1799 1564 ad
1861 1510 2001 1567 reci-

413 1601 641 1672 piendos
664 1599 832 1655 semel
851 1615 1106 1670 egressos
1119 1600 1189 1653 ab
1209 1599 1420 1665 ordine,
1445 1613 1541 1653 seu
1562 1599 1882 1666 monachos,
1907 1615 2003 1654 seu

413 1704 729 1758 conversos,
765 1702 1017 1743 asserens
1049 1704 1206 1759 quam
1236 1687 1469 1741 maxime
1487 1685 1610 1740 huic
1638 1687 1887 1760 religioni
1919 1703 2003 1744 ca-

415 1776 647 1831 vendam
677 1760 869 1831 sedulo
897 1776 1233 1831 instabilium
1260 1775 1532 1830 levitatem
1555 1774 1857 1846 palearum.
1892 1776 2009 1832 Hoc

413 1864 684 1937 siquidem
713 1864 932 1920 nomine
987 1864 1109 1919 illos
1150 1863 1503 1935 exprimebat,
1557 1863 1647 1936 qui
1675 1864 1745 1918 ad
1796 1864 2007 1920 facilem

415 1953 727 2009 tentationis
755 1961 964 2009 motum
1022 1961 1343 2023 separantur
1370 1970 1403 2008 a
1432 1954 1667 2025 collegio
1714 1952 2004 2021 bonorum,

415 2043 631 2100 excussi
668 2043 738 2099 ab
767 2057 896 2098 area
923 2042 1069 2098 inita:
1106 2042 1485 2112 professionis.
1536 2043 1858 2110 Hujusmodi
1912 2044 2012 2099 ho-

414 2133 590 2189 mines
619 2132 675 2187 in
701 2130 824 2188 aliis
854 2131 1193 2187 commodius
1214 2130 1457 2186 habitare
1489 2147 1653 2202 posse
1683 2131 1821 2187 locis
1873 2131 2009 2187 reli-

412 2220 586 2296 giosis
609 2219 843 2287 dicebat,
876 2219 932 2274 in
951 2219 1147 2292 quibus
1176 2218 1296 2275 vitae
1323 2218 1512 2275 activae
1540 2218 1827 2291 disciplina
1848 2220 2011 2275 etiam

414 2310 548 2366 istos
577 2308 901 2381 quandoque
942 2313 1229 2380 promovet
1280 2307 1350 2362 ad
1406 2307 1655 2363 salutem.
1694 2310 1773 2364 Eo
1829 2317 2010 2365 autem

414 2398 557 2471 ipso,
588 2397 735 2471 quod
765 2396 955 2454 talium
978 2403 1202 2468 experta
1231 2403 1285 2451 et
1307 2396 1540 2468 probata
1569 2397 1799 2453 societas
1844 2414 2010 2469 repu-

416 2486 598 2544 dietur
653 2487 725 2542 ab
773 2485 966 2542 ordine
1026 2484 1419 2555 Carthusiensi,
1479 2492 1589 2540 tam
1638 2485 1743 2542 illis
1801 2487 2011 2543 consuli

416 2574 617 2643 aiebat,
640 2574 751 2649 qui,
794 2590 864 2630 ne
905 2574 1301 2647 ingrediantur,
1359 2573 1715 2646 repelluntur,
1764 2591 1928 2648 quam
1959 2583 2010 2632 et

418 2664 544 2730 illis,
584 2663 676 2736 qui
695 2663 839 2719 intus
870 2661 1116 2729 admissi,
1148 2662 1314 2735 quieti
1341 2663 1567 2720 interius
1588 2672 1903 2732 morantur;
1935 2672 2006 2730 et,

417 2767 543 2810 cum
572 2752 692 2808 istis
719 2750 776 2807 id
806 2751 875 2807 ad
903 2751 1047 2823 quod
1067 2751 1246 2806 minus
1274 2750 1458 2806 idonei
1488 2759 1611 2807 sunt
1637 2767 1745 2807 non
1795 2751 2010 2808 confer-

415 2849 520 2910 tur,
554 2840 675 2897 aliis
704 2856 896 2897 eorum
918 2854 1144 2896 accessu
1166 2838 1609 2911 impedimentum
1640 2855 1749 2895 non
1792 2840 2009 2914 irroga—

418 2938 527 2986 tur.
550 2928 764 2986 Nullius
792 2944 943 2997 vero,
972 2926 1269 3000 quamlibet
1298 2927 1498 2997 dilecti,
1542 2929 1839 3000 quamlibet
1865 2946 2010 3001 prae-

419 3018 706 3076 eminentis
753 3016 875 3084 viri,
927 3016 1231 3072 nullatenus
1285 3015 1603 3071 admittebat
1669 3016 1725 3071 in
1753 3018 1856 3072 hoc
1878 3032 2009 3074 casu

2099 482 2239 540 pene
2263 467 2375 537 jam
2430 480 2528 537 pro
2585 461 2973 519 consuetudine
3028 458 3171 514 illius
3226 458 3435 514 ordinis
3479 458 3699 531 integro

2100 557 2328 612 fratrum
2374 546 2623 617 numero,
2673 549 2920 607 aediﬁciis
2951 563 3168 619 quoque
3200 546 3546 618 regularibus
3593 546 3698 601 de—

2101 652 2286 700 center
2352 638 2769 705 consummatis,
2824 635 3164 694 sedilicandis
3218 634 3589 691 indesinenter
3645 635 3699 688 in

2102 740 2291 788 sancto
2320 729 2602 802 prOposito
2632 728 2737 783 sibi
2768 725 3189 783 commissarum
3212 723 3394 779 ovium
3415 722 3700 778 animabus

2100 820 2231 875 boni
2259 818 2416 887 hujus
2446 815 2684 888 pastoris
2713 814 3030 887 invigilabat
3052 811 3292 868 solertia.
3326 812 3384 866 In
3415 812 3569 880 cujus
3598 826 3701 867 nc-

2101 908 2233 980 gotii
2288 922 2400 962 non
2453 906 2732 962 mediocre
2799 901 3143 972 adjutorium,
3192 899 3364 955 sacris
3421 899 3705 955 codicibus

2100 994 2473 1061 conﬁciendis,
2498 990 2881 1064 comparandis
2927 997 2999 1056 et,
3032 988 3230 1060 quibus
3260 994 3444 1058 posset
3488 987 3696 1054 modis,

2102 1082 2449 1155 acquirendis
2468 1081 2616 1137 haud
2654 1095 2880 1152 segnem
2925 1092 3151 1149 operam
3181 1075 3546 1147 impendebat.
3605 1075 3705 1130 His

2102 1172 2247 1227 enim
2277 1178 2330 1226 et
2356 1185 2457 1241 pro
2476 1168 2687 1225 deliciis
2715 1175 2767 1223 et
2778 1180 2879 1238 pro
2894 1164 3098 1221 divitiis
3109 1172 3356 1235 tempore
3379 1163 3697 1235 tranquillo,

2100 1260 2186 1315 his
2214 1258 2409 1315 bellico
2444 1257 2543 1312 sub
2595 1256 2879 1328 procinctu
2908 1269 3010 1326 pro
3038 1252 3159 1308 telis
3186 1251 3275 1309 vel
3303 1251 3485 1317 armis,
3516 1250 3602 1306 his
3643 1250 3701 1305 in

2101 1348 2245 1404 fame
2264 1363 2360 1418 pro
2392 1345 2667 1410 alimonia,
2701 1351 2754 1399 et
2783 1344 2839 1398 in
2866 1342 3133 1415 languore
3162 1355 3262 1412 pro
3290 1338 3523 1401 medela.
3568 1339 3704 1394 reli-

2101 1435 2273 1508 giosis
2303 1433 2736 1506 quibuscunque,
2767 1430 3011 1487 maxime
3039 1429 3208 1484 vitam
3259 1426 3574 1499 gerentibus
3614 1442 3708 1483 so-

2102 1523 2355 1591 litariam,
2383 1522 2644 1577 utendum
2671 1536 2794 1576 esse
2822 1517 3181 1575 memorabat.

2174 1612 2311 1667 Hinc
2363 1609 2589 1682 contigit
2617 1617 2675 1665 ut
2732 1624 2856 1665 cum
2913 1622 3047 1680 rege
3092 1605 3414 1662 familiarius
3470 1604 3707 1677 quodam

2028 1721 2080 1781 Β
2111 1702 2357 1766 tempore
2408 1709 2582 1766 agens
2651 1694 2721 1748 de
2774 1692 3005 1764 penuria
3056 1690 3325 1746 librorum
3354 1690 3707 1744 intersereret

2111 1783 2491 1840 mentionem:
2536 1798 2569 1836 a
2625 1797 2731 1853 quo
2788 1780 3120 1849 admonitus,
3180 1786 3240 1835 ut
3294 1777 3708 1835 conscribendis

2111 1889 2210 1943 per
2248 1871 2608 1927 conductitios
2646 1870 2943 1940 scriptores
2988 1867 3141 1923 libris
3185 1866 3480 1929 insisteret,
3532 1881 3710 1920 mem-

2114 1961 2309 2016 branas
2332 1959 2436 2015 sibi
2459 1959 2652 2015 deesse
2682 1957 2980 2029 respondit.
3013 1957 3151 2012 Tum
3178 1955 3270 2012 ille
3306 1974 3320 2011 :
3356 1977 3379 2003 α
3414 1957 3481 2010 Et
3528 1970 3709 2027 quan-

2109 2056 2245 2115 tum,
2288 2049 2381 2113 ait,
2415 2047 2663 2119 pecuniae
2691 2047 2787 2102 tibi
2807 2046 2891 2102 vis
2945 2045 3186 2102 conferri
3227 2044 3299 2098 ad
3344 2043 3710 2115 supplendum

2110 2138 2255 2192 hunc
2282 2136 2556 2192 defectum
2575 2136 2603 2189 εν
2622 2165 2690 2176 --
2718 2136 2859 2202 Una,
2911 2134 3106 2206 inquit,
3138 2149 3328 2189 marca
3369 2131 3583 2205 argenti
3613 2131 3710 2186 diu

2113 2224 2354 2281 sufficiet.
2394 2248 2416 2273 ››
2452 2224 2567 2280 Rex
2597 2224 2666 2279 ad
2687 2224 2804 2280 haec
2837 2222 3126 2279 subridens
3162 2238 3175 2277 :
3214 2244 3236 2269 «
3279 2221 3347 2288 Ο,
3400 2221 3493 2287 ait,
3539 2235 3709 2292 quam

2112 2314 2469 2370 immoderate
2498 2328 2697 2384 gravas
2724 2313 2826 2368 hos
2845 2312 2874 2366 ?
2908 2335 2930 2361 ι»
2991 2311 3267 2382 Jussitque
3295 2310 3354 2366 in
3410 2307 3709 2366 continenti

2112 2399 2304 2454 decem
2331 2412 2549 2453 marcas
2588 2395 2758 2463 fratri,
2791 2395 2883 2468 qui
2927 2410 3049 2451 cum
3091 2410 3158 2451 eo
3211 2402 3351 2461 erat,
3407 2392 3704 2449 numerari.

2112 2486 2367 2543 Promisit
2395 2485 2557 2542 etiam
2588 2500 2754 2541 unam
2784 2483 3189 2550 bibliothecam,
3207 2482 3493 2554 utriusque
3513 2483 3706 2538 Testa-

2111 2574 2279 2630 menti
2307 2590 2506 2646 corpus
2535 2573 2746 2647 integre
2773 2572 3157 2639 continentem,
3181 2587 3241 2628 se
3257 2570 3708 2627 transmissurum

2113 2663 2182 2719 ei.
2216 2663 2395 2719 Rediit
2423 2662 2569 2735 prior
2611 2663 2855 2718 domum.
2895 2662 2965 2717 Et
3021 2677 3117 2717 rex
3144 2659 3402 2732 promissi
3458 2658 3543 2715 sui
3596 2673 3711 2714 non

2110 2752 2418 2817 immemor,
2492 2751 2717 2823 inquirit
2779 2750 3011 2807 sollicite
3066 2749 3453 2805 bibliothecam
3502 2748 3709 2818 optime

2111 2840 2436 2907 confectam,
2470 2855 2631 2911 quam
2682 2839 2732 2895 ei
2770 2838 3022 2896 conferre
3048 2837 3331 2910 potuisset.
3382 2835 3713 2909 Suggeritur

2113 2928 2333 2984 demum
2410 2927 2681 2984 curiosius
2770 2926 3067 2999 quaerenti,
3144 2926 3441 2982 monachos
3521 2923 3711 2980 Sancti

2112 3016 2379 3073 Withonii
2411 3018 2523 3086 (72)
2553 3016 2838 3089 egregiam
2865 3015 3068 3073 recenti
3098 3014 3375 3071 etdecenti
3389 3028 3555 3086 opere
3568 3028 3711 3069 con-

418 3124 635 3181 preces,
660 3106 911 3165 omnibus
942 3107 997 3162 in
1028 3105 1302 3162 communi
1333 3105 1574 3161 auditum
1596 3105 1856 3163 claudens
1882 3107 2011 3163 red-
2032 3077 2080 3138 Ο
2112 3104 2307 3161 fecisse
2339 3104 2742 3172 bibliothecam,
2770 3104 2825 3159 in
2847 3120 2951 3176 qua
2998 3104 3070 3159 ad
3124 3118 3374 3160 mensam
3431 3102 3713 3158 edentium

419 3198 604 3265 eundi,
640 3196 733 3270 qui
762 3202 954 3269 sponte
989 3194 1378 3262 deseruissent,
1411 3195 1466 3249 in
1508 3194 1704 3267 quibus
1753 3211 1811 3251 se
1858 3195 2013 3267 prius

419 3285 788 3344 intractabiles
825 3283 1218 3353 exhibuissent,
1253 3291 1407 3356 septa
1435 3283 1592 3339 ovilis
1623 3283 1724 3339 sui.

491 3374 712 3453 Zelabat
740 3390 841 3448 per
868 3373 1053 3431 omnia
1083 3388 1306 3429 suorum
1336 3372 1594 3445 quietem,
1646 3381 1899 3447 tanquam
1928 3375 2012 3430 sui

417 3464 591 3537 ipsius
621 3463 872 3527 salutem.
907 3461 1201 3519 Videbatur
1230 3468 1411 3519 autem
1431 3462 1499 3528 ei,
1533 3477 1643 3517 non
1671 3462 1847 3518 solum
1863 3463 2013 3535 ipsos

420 3553 660 3625 quietem
698 3553 838 3609 hanc
895 3551 1238 3624 perturbare,
1290 3550 1383 3623 qui
1434 3549 1621 3624 aliqua
1672 3549 2013 3623 improbitate

423 3643 726 3699 Sabbatum
745 3640 966 3698 illorum
985 3648 1235 3698 sanctum
1264 3647 1318 3696 et
1375 3639 1663 3697 delicatum
1706 3655 2011 3711 praesume-

420 3738 547 3789 rent
569 3730 864 3799 infestare;
899 3728 1009 3785 imo
1039 3737 1093 3787 et
1117 3729 1239 3785 illos
1290 3727 1382 3801 qui
1424 3726 1650 3785 infestos
1695 3727 2012 3785 dissimula-

421 3826 545 3878 rent
570 3823 655 3877 vel
683 3819 925 3877 inclusos
945 3818 1258 3891 reprimere,
1283 3816 1370 3873 vel
1406 3816 1753 3874 infestaturos
1804 3826 1857 3874 et
1905 3833 2011 3874 ex-

421 3909 595 3978 cluso,
626 3924 696 3967 ne
722 3907 1161 3984 ingrederentur,
1204 3906 1551 3980 negligenter
1584 3919 1794 3963 arcere.

1030 4074 1253 4131 CAPUT
1298 4073 1421 4131 XII.

430 4198 709 4267 Qualiter,
746 4196 879 4272 licet
909 4201 1054 4272 esset
1101 4198 1382 4272 dehlibris
1400 4201 1847 4272 congregationis
1900 4215 2017 4255 sure
2047 4213 2050 4217 ‘

498 4269 831 4325 necessariis
848 4268 1241 4340 perquirendis
1280 4268 1581 4336 sollicitas,
1603 4268 2014 4327 'bibliothecam

500 4342 613 4411 (17)
648 4344 843 4395 tamen
870 4355 972 4411 per
1000 4356 1187 4410 regem
1241 4340 1350 4396 sibi
1379 4359 1415 4396 a
1444 4341 1738 4399 monachis
1805 4340 2014 4397 Witho-

495 4411 791 4482 niensibus
844 4411 1184 4482 acquisitam
1259 4427 1333 4466 ea:
1390 4412 1650 4469 inaudito
1709 4412 2012 4468 charitatis

493 4482 706 4552 affectu
734 4481 891 4536 ultro
914 4480 1073 4535 reddi
1099 4483 1260 4552 fecit.
1297 4483 1445 4540 Unde
1485 4484 1774 4539 convaluit
1802 4499 1876 4539 ex
1907 4483 2008 4538 illo

490 4552 811 4624 prwsertim
834 4555 1081 4621 tempore
1102 4553 1257 4608 inter
1276 4554 1578 4624 monachos
1602 4555 2009 4610 Wintonienses
2030 4576 2043 4587 ι

490 4622 547 4679 et
594 4622 995 4695 Witharnenses
1028 4625 1298 4695 eremitas
1327 4623 1555 4695 dilectio
1584 4626 1876 4695 specialis,
1908 4640 2012 4695 per

487 4710 660 4821 quam
712 4693 981 4776 Robertus
1023 4694 1183 4777 prior
1247 4693 1919 4778 cathedram—ecclesiae,
1951 4699 2007 4778 et

534 4765 766 4821 adulfus
793 4766 1056 4821 sacrtsta.
1097 4763 1525 4820 thhamzenses
1554 4764 1740 4821 effect-1
1761 4768 2007 4820 solitam

534 4765 766 4835 adulfus
786 4763 1056 4835 sacris-ta,
1097 4763 1525 4820 Withamienses
1554 4764 1740 4835 effecti
1761 4765 2011 4820 solitarii

487 4834 677 4903 sunt;
722 4834 795 4889 ad
850 4849 1110 4906 quorum,
1142 4835 1484 4890 instantiam
1541 4834 1896 4906 inscripsisse
1952 4851 2010 4891 se

485 4907 693 4962 asserit
719 4904 902 4962 Vitain
930 4904 1115 4961 nostri
1139 4906 1389 4975 Hugonis
1417 4906 1668 4976 ejusdem
1702 4904 1968 4963 dictator.

483 5028 638 5086 Libet
666 5028 940 5087 succincte
971 5028 1220 5102 quaedam
1237 5042 1302 5085 ex
1330 5028 1504 5101 gestis
1525 5029 1647 5096 viri,
1667 5029 1814 5101 pleni
1834 5029 2010 5101 gomi-

413 5134 500 5174 nm
528 5117 852 5185 dilectionis,
898 5117 999 5175 Dei
1053 5117 1306 5174 videlicet
1360 5124 1415 5172 et
1467 5117 1718 5188 proximi,
1777 5117 2005 5186 referre,

411 5206 559 5281 quod
588 5206 851 5277 ejusdem,
884 5223 1004 5280 qua:
1029 5206 1083 5262 in
1112 5205 1205 5263 illo
1234 5207 1587 5264 vehementer
1621 5206 1856 5277 emicuit,
1889 5206 2006 5264 sin-

480 5386 590 5455 (το)
619 5389 670 5439 ld
692 5390 787 5452 est,
810 5386 1203 5450 Mulchelneiam,
1229 5387 1300 5438 uti
1334 5387 1653 5451 interpretor.

483 5438 587 5537 ξπ)
614 5438 665 5524 id
692 5438 786 5534 est,
816 5484 956 5523 sacra
979 5472 1152 5535 Biblia,
1180 5438 1285 5538 (ius
1316 5438 1501 5524 veteres
1540 5474 1720 5538 passim
1745 5438 2007 5527 bibliothe-

415 5551 523 5591 cam
546 5540 813 5591 vocabant.

480 5620 587 5688 (72)
615 5623 748 5675 Alias
771 5624 822 5675 in
845 5624 1182 5689 Martyrologio
1220 5625 1439 5678 Romano
1479 5625 1539 5677 ad
1582 5627 1711 5680 diem
1752 5628 1783 5679 2
1823 5628 2006 5680 mensis

2112 3195 2339 3249 fratrum
2371 3193 2483 3266 legi
2510 3192 2813 3249 debuisset.
2857 3192 2977 3262 Quo
3009 3192 3101 3248 ille
3147 3198 3446 3263 comperto,
3504 3191 3711 3263 oppido

2112 3282 2339 3354 gavisus
2367 3289 2468 3350 est,
2502 3282 2843 3354 accessitque
2873 3281 3194 3354 quantocius
3210 3281 3279 3336 ad
3297 3279 3537 3352 priorem
3564 3280 3712 3335 illius

2111 3370 2396 3438 Ecclesiae,
2443 3377 2500 3427 et
2526 3371 2629 3427 sub
2657 3370 2838 3426 multae
2866 3369 3388 3441 recompensationis
3431 3367 3712 3440 pollicita-

2110 3459 2259 3516 tione
2288 3459 2477 3516 donari
2504 3459 2611 3516 sibi
2639 3475 2836 3516 munus
2866 3466 3111 3530 optatum
3138 3458 3310 3530 petiit,
3353 3465 3518 3530 atque
3549 3457 3712 3513 citius

2110 3548 2440 3621 impetravit.
2471 3551 2659 3621 Itaque
2703 3548 2855 3621 prior
2908 3547 3222 3603 Withamiaa
3269 3562 3392 3604 cum
3445 3545 3713 3601 fratribus

2112 3636 2244 3706 suis,
2278 3636 2612 3693 bibliotheca
2629 3637 2786 3710 regio
2814 3652 3038 3692 munere
3075 3642 3328 3707 suscepta
3360 3643 3412 3690 et
3441 3635 3708 3705 inspecta,

2111 3741 2223 3781 non
2250 3725 2603 3783 mediocriter
2634 3734 2687 3782 et
2715 3725 2821 3798 ipsi
2848 3725 3011 3780 laetati
3034 3731 3179 3793 sunt,
3213 3731 3267 3780 et
3293 3723 3351 3779 in
3379 3738 3446 3780 eo
3481 3723 3709 3794 potissi-

2110 3830 2259 3871 mum
2288 3815 2465 3888 gavisi
2485 3814 2633 3888 quod
2663 3813 2789 3886 styli
2817 3813 3149 3886 elegantiam
3199 3812 3471 3884 totiusque
3522 3812 3710 3883 operis

2116 3910 2451 3959 venustatem
2513 3901 2794 3974 operosior
2850 3900 3158 3958 emendatio
3211 3898 3495 3956 sublimius
3551 3914 3711 3956 com-

2111 3991 2414 4047 mandaret.

2183 4077 2419 4152 Contigit
2443 4084 2567 4150 post
2595 4078 2700 4135 hoc
2728 4077 3016 4150 quemdam
3047 4094 3113 4133 ex
3144 4077 3426 4134 monachis
3444 4075 3708 4134 Ecclesia:

2111 4167 2509 4225 Withoniensis
2566 4168 2702 4238 (73),
2778 4165 3150 4223 aediﬁcationis
3234 4167 3432 4239 gratia,
3489 4165 3709 4223 venisse

2112 4255 2468 4312 Withamiam
2501 4255 2716 4324 :Quem
2776 4255 2930 4326 prior
2957 4271 3112 4312 more
3169 4270 3268 4311 suo
3316 4269 3526 4310 summa
3582 4269 3707 4310 cum

2112 4343 2427 4401 affabilitate
2455 4352 2641 4415 optato
2669 4341 2924 4400 reﬁciens
2959 4350 3161 4401 sanetae
3219 4342 3562 4399 discretionis
3592 4358 3707 4399 suae

2030 4439 2083 4499 D
2111 4433 2400 4505 colloquio,
2435 4433 2623 4490 didicit
2651 4441 2875 4505 repente
2905 4433 2975 4488 ab
2995 4448 3080 4499 eo,
3114 4447 3239 4489 cum
3268 4439 3471 4505 quanta
3488 4431 3706 4503 suppli-

2111 4522 2324 4578 catione
2352 4522 2615 4577 Dominus
2644 4538 2737 4577 rex
2795 4520 3180 4578 bibliothecam
3234 4521 3412 4592 ipsam
3447 4520 3708 4592 dignatus

2110 4609 2269 4665 fuerit
2295 4626 2329 4666 a
2356 4609 2539 4682 priore
2568 4626 2667 4666 suo
2697 4610 2991 4682 postulare.
3025 4633 3046 4656 «ι
3072 4610 3141 4665 Et
3161 4625 3262 4665 nos
3283 4609 3503 4681 quidem
3529 4609 3585 4663 in
3616 4624 3713 4674 eo,

2109 4698 2200 4767 ait,
2233 4697 2397 4755 etiam
2428 4699 2768 4771 gratulamur
2796 4699 3116 4770 impensius,
3149 4697 3296 4769 quod
3326 4704 3526 4753 vestrm
3554 4697 3709 4752 illam

2110 4786 2397 4842 contulerit
2427 4786 2717 4843 sanctitati.
2742 4785 2877 4855 Quae
2904 4786 2951 4841 si
2978 4786 3134 4841 vobis
3162 4801 3262 4857 per
3289 4785 3474 4841 omnia
3502 4784 3705 4856 placet,

2109 4870 2248 4926 bene
2276 4886 2368 4926 res
2394 4870 2679 4941 processit.
2697 4871 2789 4926 Sin
2820 4870 2975 4938 alias,
3010 4878 3062 4926 et
3083 4869 3181 4924 sia
3203 4876 3387 4924 vestra
3413 4875 3709 4924 consuetu-

2108 4957 2234 5013 dine
2262 4958 2490 5014 dissidet
2520 4958 2702 5030 aliqua
2723 4959 2808 5014 sui
2833 4966 3008 5031 parte,
3042 4972 3143 5012 nos
3171 4957 3275 5013 ista
3302 4973 3405 5029 pro
3436 4956 3592 5012 libitu
3612 4973 3709 5013 ve-

2108 5054 2219 5103 stro
2250 5046 2414 5118 longe
2441 5047 2725 5104 meliorem
2744 5045 2903 5104 citius
2933 5045 3281 5103 conﬁciemus
3301 5060 3405 5117 pro
3436 5053 3620 5101 vestra
3649 5046 3708 5101 in

2107 5134 2356 5192 omnibus
2377 5136 2733 5207 dispositione
2754 5135 3113 5192 ordinandam
3127 5176 3140 5190 .
3179 5135 3333 5191 Hanc
3353 5133 3496 5191 enim
3513 5141 3707 5190 nostro

2106 5224 2228 5281 usui
2256 5231 2566 5297 nostraeque
2592 5224 2990 5292 consuetudini,
3025 5239 3130 5281 nec
3158 5222 3275 5280 sine
3303 5221 3491 5296 magni
3530 5222 3708 5278 sudo-

2102 5398 2216 5449 Julii
2238 5400 2395 5450 sancti
2415 5400 2683 5451 Swithuni.
2716 5401 2784 5450 De
2809 5411 2903 5463 quo
2926 5398 3226 5450 Bollandiani
3245 5397 3309 5449 ad
3332 5398 3516 5450 dictam
3541 5396 3700 5457 diem,

2104 5468 2155 5516 et
2176 5466 2497 5531 Mabillonius,
2525 5470 2624 5518 tom
2650 5467 2712 5516 111
2733 5467 2933 5531 Annal.,
2959 5479 3009 5530 p.
3037 5466 3124 5517 98.

2173 5566 2281 5632 (75)
2303 5569 2416 5620 Sive
2440 5569 2813 5630 Wintoniensis,
2854 5569 2915 5621 de
2952 5582 3046 5632 qua
3069 5566 3179 5620 vide
3210 5569 3423 5620 Monast.
3470 5567 3707 5632 Anglica-

2102 5647 2219 5688 num
2244 5640 2284 5686 t.
2312 5636 2353 5701 1,
2379 5649 2427 5701 p.
2451 5637 2511 5689 31
2540 5640 2588 5689 et
2612 5636 2662 5687 in
2686 5634 2941 5699 addcndis,
2967 5636 3048 5688 fol.
3077 5636 3198 5687 979.
