3972 6052
320 161 419 214 981

1438 159 1623 215 VITA.
1672 188 1739 199 -
1778 158 1903 213 LIB.
1946 157 2037 213 IlI.
2081 188 2149 199 —
2187 156 2491 215 PROLOG.

3509 160 3612 215 982

322 283 403 337 ris
458 282 705 353 impensa
762 282 987 339 fecimus
1033 297 1358 339 consonare.
1400 306 1421 332 η
1465 283 1547 337 Ad
1606 283 1724 338 haec
1772 281 1997 353 priorA
2027 282 2292 337 restitutio
2310 281 2534 354 pretiosi
2566 297 2756 338 revera
2786 282 2988 338 laboris
3015 282 3202 339 vestri.
3257 282 3314 339 Si
3340 298 3473 339 vero
3531 282 3620 337 bi-

322 372 603 426 admirans
632 371 928 441 (nesciebat
958 372 1102 426 enirn
1130 373 1283 442 prius
1329 387 1567 443 quonam
1599 371 1794 425 ordine
1823 388 1921 427 rex

320 459 646 514 obtinuisset
675 460 845 530 illam)
876 460 1102 515 fratrem
1146 460 1402 515 continuo
1444 461 1515 514 ita
1564 459 1758 514 affatus
1790 468 1871 514 est
1904 478 1917 515 :

321 568 344 597 ι
384 548 531 602 Itane
554 547 806 603 dominus
824 564 919 601 rex
939 548 1222 602 ecclesiam
1248 555 1487 602 nostram
1512 548 1757 602 fundavit
1779 548 1917 603 adeo

318 635 635 690 necessario
664 635 853 689 labore
881 636 1108 692 vestro?
1137 636 1311 690 Crede
1342 636 1489 701 mihi,
1524 636 1915 702 amantissime,

320 723 638 778 restituetur
694 723 849 778 vobis
896 724 953 777 in
999 724 1295 779 continenti
1342 724 1665 780 bibliotheca
1714 732 1913 779 vestra.

320 811 429 865 Sed
460 818 513 865 et
543 810 773 865 fratrum
805 820 1106 867 vestrorum
1137 828 1236 882 per
1266 828 1364 867 vos
1394 813 1587 868 devote
1636 813 1915 884 supplica-

316 915 441 953 mus
472 899 830 965 universitati,
864 908 1131 971 quatenus
1177 908 1381 955 nostraa
1409 901 1701 973 dignentur
1738 901 1916 956 humi-

315 987 455 1041 litati
484 987 785 1060 indulgere,
822 989 968 1059 quod
996 989 1287 1044 occasione
1315 989 1507 1055 nostri,
1539 989 1698 1044 nobis
1732 996 1914 1044 tamen

314 1074 372 1129 id
401 1074 799 1147 ignorantibus,
831 1074 1103 1131 defectum
1132 1076 1498 1131 sustinuerunt
1519 1077 1603 1131 sui
1631 1076 1857 1133 codicis.
1889 1097 1911 1128 ι

314 1163 413 1217 His
442 1164 743 1218 monachus
764 1164 959 1219 auditis
988 1165 1339 1220 vehementer
1354 1165 1595 1235 expavit,
1612 1166 1915 1237 gemebun-

315 1251 402 1305 dis
434 1265 596 1306 orans
626 1252 871 1319 vocibus,
904 1268 972 1307 ne
1002 1252 1129 1307 talia
1158 1252 1428 1324 cogitaret
1458 1253 1544 1308 vel
1571 1253 1913 1325 loqueretur,

313 1338 625 1394 nullatenus
656 1340 914 1409 expedire
944 1340 1221 1395 affirmans
1252 1340 1499 1396 ecclesia
1529 1357 1658 1407 suae,
1709 1349 1767 1396 ut
1810 1343 1914 1397 sibi

314 1426 518 1482 utiliter
546 1428 833 1483 conciliata
864 1428 956 1483 tali
987 1444 1053 1483 ex
1094 1428 1252 1483 xenio
1301 1428 1449 1501 regis
1500 1430 1679 1501 gratia
1722 1430 1911 1502 quavis

312 1515 603 1570 occasione
633 1515 973 1582 descivisset,
1013 1539 1034 1564 α
1073 1517 1268 1586 Estne,
1296 1517 1490 1589 inquit,
1547 1518 1649 1574 hoc
1698 1534 1906 1585 verum,

2028 371 2351 425 bliothecam
2383 372 2525 425 hanc
2556 371 2801 441 recipere
2835 370 3082 426 clanculo
3124 369 3347 425 minime
3394 370 3619 442 acquie-

2020 459 2188 524 scitis,
2224 474 2328 529 ego
2360 459 2507 513 illam
2540 458 2589 514 ei
2618 460 2859 526 restituo,
2892 459 2981 530 qui
3011 461 3117 514 huc
3144 458 3324 529 ipsum
3368 459 3615 513 destina-

2018 547 2112 601 vit.
2146 544 2203 602 Si
2233 562 2365 602 vero
2396 563 2517 602 eam
2540 547 2963 618 reportaveritis,
2999 548 3102 603 hoc
3132 546 3209 601 illi
3239 563 3335 618 per
3362 562 3461 601 nos
3494 546 3615 601 nul-

2017 635 2232 690 latenus
2263 635 2591 690 innotescet.
2630 659 2650 684 ››
2676 635 2819 703 Quid
2842 635 3004 689 multa
3033 636 3060 689 ?
3087 634 3371 705 Recipiunt
3417 649 3613 690 mona-

2015 722 2101 777 chi
2132 722 2377 777 codicem
2414 740 2590 791 suum,
2628 723 2783 794 quasi
2823 723 3025 778 recenti
3082 724 3223 778 dono
3264 722 3608 795 acquisitum,

2016 810 2243 865 multum
2265 811 2334 865 de
2365 811 2575 877 codice,
2607 812 2705 865 sed
2734 811 2901 867 multo
2931 811 3054 882 plus
3086 812 3154 866 de
3195 810 3612 867 transmittentis

2016 913 2082 954 ac
2120 898 2452 954 restituentis
2507 899 2815 967 dulcedine,
2865 906 2916 954 et
2970 900 3039 954 de
3101 898 3383 955 charitatis
3438 900 3612 972 ipsius

2014 986 2349 1057 plenitudine
2388 987 2692 1043 exhilarati.

2084 1074 2365 1129 Convaluit
2416 1076 2683 1146 siquidem
2721 1090 2787 1130 ex
2845 1074 2936 1130 illo
2988 1074 3289 1146 praesertim
3363 1084 3612 1149 tempore

2013 1161 2156 1217 inter
2176 1162 2458 1233 utriusque
2487 1162 2593 1218 loci
2640 1162 2875 1230 accolas,
2910 1163 3322 1219 Withonienses
3354 1164 3612 1222 videlicet

2013 1249 2315 1304 cmnobitas
2345 1258 2396 1304 ct
2426 1251 2855 1305 Withamienses
2893 1252 3169 1317 eremitas,
3211 1251 3423 1308 eximiae
3444 1293 3458 1322 ,
3514 1254 3604 1308 di-

2013 1337 2264 1393 lectionis
2294 1339 2679 1409 prmrogativa,
2704 1346 2992 1409 praestante
3008 1339 3109 1393 Dei
3137 1340 3332 1410 gratia,
3355 1341 3410 1395 in
3433 1357 3609 1397 sevum

2013 1426 2290 1481 duratura.
2324 1426 2438 1482 Visi
2468 1435 2590 1481 sunt
2639 1434 2819 1481 autem
2866 1434 3056 1497 postea
3084 1427 3187 1481 viri
3243 1429 3390 1483 omni
3448 1429 3613 1485 laude

2012 1514 2293 1569 attollendi
2324 1514 2593 1570 Robertus
2625 1515 2738 1585 (74)
2779 1513 2929 1585 prior
2974 1515 3305 1571 cathedralis
3360 1516 3608 1574 ecclesiae

310 1603 459 1673 quod
486 1603 555 1658 de
585 1605 701 1672 ejus
722 1602 907 1659 favore
936 1604 1058 1674 plus
1076 1605 1234 1661 solito
1254 1607 1599 1676 przesumitis,
1619 1622 1722 1662 nec
1751 1607 1908 1663 vobis
1929 1640 1980 1701 B
2013 1602 2431 1701 Withoniensis,
2463 1610 2513 1657 et
2544 1602 2862 1701 Itadulphus
2908 1604 3021 1701 (75)
3048 1604 3303 1701 "sacrista
3362 1605 3605 1674 ejusdem

308 1690 465 1747 triste
493 1699 575 1745 est
601 1691 691 1745 tali
721 1692 863 1747 hunc
920 1708 1143 1748 munere
1191 1693 1426 1766 negotiis
1476 1694 1672 1751 vestris
1721 1696 1904 1766 propi-

307 1779 439 1832 tium
467 1795 590 1834 esse
618 1778 872 1834 effectum
902 1781 929 1835 Ὺ
955 1800 977 1829 ι
1014 1781 1149 1835 Cum
1178 1781 1267 1836 ille
1294 1781 1549 1837 fratribus
1579 1782 1692 1838 suis
1722 1784 1903 1839 omni-

309 1866 415 1921 bus
446 1882 511 1921 ex
562 1866 667 1922 hoc
720 1868 981 1938 gaudium
1025 1870 1343 1939 provenisse
1399 1881 1686 1939 assereret,
1745 1872 1905 1943 llugo

313 1954 589 2023 subjunxit
623 1972 636 2009 :
682 1977 704 2001 ιι
741 1957 807 2011 Ut
839 1957 961 2024 hoc,
993 1956 1183 2029 inquit,
1237 1958 1494 2029 gaudium
1550 1967 1906 2032 perpetuetur

306 2042 362 2099 in
387 2050 633 2117 tongum,
666 2051 890 2102 cunctos
918 2060 1145 2103 necesse
1168 2054 1250 2103 est
1279 2053 1337 2103 ut
1365 2047 1530 2104 lateat
1556 2047 1695 2105 facta
1749 2048 1904 2106 vobis

2010 1689 2275 1755 ecclesiae,
2307 1690 2739 1745 Withamienses
2769 1689 2951 1747 effecti
2983 1690 3231 1758 solitarii,
3255 1692 3311 1745 in
3342 1707 3440 1746 sua
3471 1694 3605 1748 soli-

2010 1778 2193 1832 tudine
2222 1778 2422 1848 optime
2452 1777 2770 1848 profecisse.
2827 1802 2847 1824 α
2896 1779 2981 1833 Ad
3030 1794 3255 1849 quorum
3297 1780 3602 1836 instantiam

2006 1866 2137 1921 dicit
2165 1883 2223 1920 se
2263 1866 2595 1937 compositor
2652 1882 2869 1940 magna:
2927 1867 3059 1923 Vitae
3114 1867 3287 1923 nostri
3352 1869 3600 1940 IIugonis

2004 1953 2114 2022 illa,
2148 1969 2270 2025 quae
2295 1952 2364 2010 de
2392 1969 2456 2010 eo
2488 1955 2726 2026 scripsit,
2772 1955 3064 2013 scribendo
3091 1963 3431 2028 posterorum
3460 1957 3601 2015 noti-

2004 2050 2094 2106 tiae
2113 2051 2546 2108 commendasse.
2589 2076 2609 2101 ι»

1562 2226 1814 2297 Explicit
1858 2225 1996 2283 liber
2035 2227 2332 2284 secundus.

1431 2508 1873 2573 PROLOGUS
1916 2510 2134 2571 LIBRI
2177 2511 2465 2572 TERTII.

372 2691 531 2761 Quia,
563 2699 854 2763 prmstante
875 2692 1128 2764 Domino,
1161 2692 1306 2750 beati
1335 2693 1436 2749 viri
1466 2702 1642 2768 gesta,
1694 2695 1891 2767 quibus
1993 2703 2046 2751 ct
2074 2695 2357 2752 sublimius
2380 2705 2760 2753 veneraretur.
2801 2699 3110 2766 Referebat,
3167 2700 3409 2773 inquam,
3470 2703 3587 2759 haec

297 2779 366 2835 ab
397 2781 517 2851 ipso
544 2780 790 2852 pueritiae
819 2798 932 2837 sua:
964 2789 1206 2853 tempore
1235 2783 1592 2855 omnipotenti
1621 2785 1738 2840 Deo
1768 2800 1889 2840 me-
1990 2785 2059 2839 ad
2080 2786 2608 2841 commendationem
2639 2786 3006 2842 exhibentium
3036 2796 3086 2844 et
3113 2788 3181 2843 ad
3210 2789 3584 2845 excitationem

299 2869 404 2924 ruit
433 2868 671 2940 placere,
703 2885 877 2942 usque
905 2870 977 2925 ad
1009 2870 1465 2943 episcopationem
1493 2873 1577 2927 sui
1609 2872 1890 2944 qualicun-
1992 2873 2117 2927 talia
2157 2874 2556 2943 admirantium,
2590 2889 2713 2929 cum
2765 2875 2869 2945 ipsi
2903 2876 3020 2930 sola
3076 2884 3219 2932 esset
3277 2886 3586 2933 sanctorum

297 2973 403 3030 que
433 2958 573 3029 style
594 2959 906 3013 summatim
935 2960 1276 3015 exaravimus
1312 2978 1324 3014 :
1364 2976 1528 3028 nunc,
1562 2961 1793 3032 qualiter
1821 2962 1890 3017 ad
1990 2961 2243 3017 sanctitas
2301 2977 2400 3034 pro
2456 2962 2733 3030 miraculo,
2794 2970 2848 3019 et
2904 2963 3022 3020 sola
3052 2964 3325 3020 sufficeret
3381 2966 3432 3022 ei
3484 2982 3582 3037 pro

295 3045 681 3117 episcopatum,
707 3047 915 3103 caelesti
942 3057 1305 3119 prosequente
1334 3048 1509 3119 gratia
1564 3050 1889 3105 conscende-
1990 3051 2259 3121 exemplo.

294 3133 384 3201 rit,
418 3141 471 3190 et
502 3134 735 3207 qualiter
765 3135 819 3189 in
849 3150 915 3191 eo
937 3135 1130 3191 vixerit
1160 3144 1213 3191 et
1260 3137 1521 3203 docuerit,
1582 3138 1889 3195 succinctus
1912 3134 1958 3196 Ο
2058 3135 2232 3191 Unico
2263 3141 2443 3190 autem
2464 3142 2517 3190 et
2545 3135 2843 3192 universali
2873 3142 2985 3192 erat
3013 3136 3063 3192 ei
3093 3136 3357 3193 miraculo
3387 3136 3582 3194 Condi-

297 3237 481 3278 sermo
507 3230 813 3293 percurrat.
844 3225 959 3279 Nec
985 3224 1129 3279 enim
1149 3224 1369 3297 singula
1400 3226 1497 3280 sed
1527 3242 1705 3298 neque
1749 3242 1888 3298 prae-
1987 3223 2121 3278 toris
2149 3222 2253 3290 sui,
2287 3240 2408 3295 quae
2436 3240 2715 3297 nunquam
2747 3223 2797 3281 ei
2816 3225 3023 3293 deerat,
3056 3225 3433 3296 praecordialis
3487 3243 3579 3283 re-

298 3310 457 3382 cipua
484 3320 765 3383 gestorum
787 3313 904 3381 ejus
933 3319 1096 3383 atque
1144 3314 1434 3370 verborum
1465 3329 1498 3369 a
1528 3315 1687 3370 nobis
1726 3315 1885 3371 modo
1986 3311 2250 3378 cordatio,
2282 3319 2334 3367 et
2379 3312 2712 3383 magnalium
2757 3328 2974 3385 quoque
3028 3313 3175 3369 illius
3232 3313 3498 3385 stupenda
3527 3323 3579 3371 et

294 3400 630 3455 recensenda
656 3401 1051 3472 promittimus;
1087 3402 1185 3458 sed
1212 3417 1278 3458 ea
1305 3402 1440 3470 sola,
1475 3418 1577 3459 nec
1608 3410 1790 3459 tamen
1819 3419 1885 3460 ea

294 3488 491 3555 omnia,
529 3505 650 3559 qua:
669 3488 827 3545 nobis
874 3497 999 3544 sunt
1030 3506 1095 3546 ex
1136 3491 1381 3560 ejusdem
1439 3493 1649 3547 actibus
1680 3501 1733 3547 et
1760 3508 1882 3548 me-

292 3576 590 3632 moralibus
619 3577 775 3634 dictis
804 3577 1005 3634 certius
1033 3588 1313 3651 comperta
1342 3587 1393 3636 et
1422 3581 1735 3637 memoriter
1792 3598 1881 3636 re-

295 3672 457 3720 tenta.
491 3667 551 3721 In
573 3666 770 3737 quibus
798 3683 908 3722 non
962 3667 1381 3724 admirationem
1430 3669 1757 3740 superﬂuam
1794 3670 1879 3726 le-

293 3754 534 3825 gentium
562 3754 676 3810 sive
708 3756 1040 3811 audientium
1078 3765 1380 3829 captamus,
1428 3759 1527 3815 sed
1562 3759 1743 3830 potius
1791 3776 1875 3828 ea,

295 3859 414 3914 quae
444 3852 629 3899 sancta
660 3851 712 3898 et
740 3844 975 3899 salubria
1016 3853 1160 3913 sunt,
1217 3862 1380 3903 nosse
1418 3856 1471 3904 et
1526 3848 1726 3904 imitari
1778 3865 1878 3906 cu-

292 3932 552 4003 pientium
582 3932 1017 3990 aedificationem.
1046 3935 1187 3990 Nam
1218 3943 1269 3991 et
1298 3935 1351 3991 in
1381 3937 1486 3993 hoc
1515 3937 1679 3993 etiam
1708 3938 1879 3994 tradi-

293 4028 398 4075 tam
428 4036 461 4076 a
489 4021 694 4078 sanctis
722 4022 835 4091 (76)
867 4022 1073 4078 ordinis
1117 4024 1515 4083 Carthusiensis
1569 4026 1879 4084 auctoribus

290 4109 607 4179 gravitatem
638 4111 841 4181 pariter
868 4121 922 4167 et
936 4112 1292 4168 humilitatem
1314 4114 1474 4170 altius
1505 4124 1557 4171 et
1584 4116 1879 4187 perfectius

290 4198 596 4267 imbiberat,
630 4205 687 4253 ut
713 4200 846 4256 nihil
873 4201 1052 4256 minus
1082 4217 1247 4273 quam
1277 4202 1663 4261 miraculorum
1694 4205 1878 4277 prodi-

290 4286 376 4358 gia
407 4286 595 4343 mirari
620 4296 710 4344 aut
738 4288 980 4344 aemulari
1010 4290 1308 4359 videretur,
1339 4308 1464 4347 cum
1520 4294 1638 4350 haec
1696 4300 1877 4350 tamen

287 4376 353 4431 de
385 4376 517 4434 viris
543 4377 748 4434 sanctis
776 4378 914 4435 lecta
944 4386 1033 4435 aut
1066 4379 1286 4454 c0gnita
1343 4381 1581 4438 suaviter
1627 4383 1874 4455 referret,
1897 4379 1950 4439 D

357 4554 463 4627 (7;)
489 4558 857 4627 Wintoniensis,
901 4563 951 4611 et
985 4564 1151 4623 postea
1196 4564 1325 4623 prior
1366 4564 1755 4627 Withamiensis,
1783 4565 1875 4616 nisi

290 4624 351 4674 sit
376 4624 498 4676 alius
533 4623 598 4675 ab
622 4638 679 4677 eo
702 4627 837 4689 cujus
863 4628 918 4678 fit
944 4630 1126 4680 mentio
1149 4630 1233 4680 lib.
1262 4645 1311 4690 v,
1336 4643 1381 4681 c.
1409 4632 1489 4681 24.

356 4707 467 4780 (753’)
495 4710 566 4780 ad
591 4710 735 4780 hujus
760 4716 808 4763 et
832 4712 948 4763 dicti
984 4714 1181 4765 Roberti
1222 4728 1393 4778 preces
1416 4717 1649 4780 scriptam
1677 4731 1781 4768 esse
1806 4719 1877 4768 vi-

289 4778 385 4828 tam
410 4776 463 4827 S.
500 4777 714 4842 Hugonis
739 4781 915 4831 asserit
941 4776 1267 4847 abbreviator,
1295 4784 1375 4847 qui
1402 4783 1450 4835 id
1473 4776 1723 4848 accepisse
1748 4786 1877 4837 vide-

1984 3399 2377 3471 inexplicabilis
2407 3401 2710 3456 multitudo.
2741 3401 2983 3456 Plurima
3011 3416 3144 3458 vero
3180 3403 3249 3458 ad
3288 3418 3439 3457 suam
3485 3402 3574 3474 ip-

1983 3487 2096 3542 sius
2125 3489 2448 3560 quandoque
2494 3488 2900 3556 relevationem,
2948 3505 3051 3545 nec
3095 3504 3206 3544 non
3252 3497 3305 3545 et
3350 3490 3576 3546 aliorum

1982 3575 2182 3646 saepius
2210 3576 2615 3648 cpitulationem
2644 3594 2744 3648 per
2782 3593 2926 3644 eum,
2961 3577 3090 3633 dum
3146 3576 3444 3649 adviveret,
3475 3595 3572 3634 seu

1983 3664 2241 3720 scientem
2272 3681 2369 3720 seu
2397 3666 2749 3734 nescientem,
2782 3666 3072 3721 Dominum
3102 3666 3414 3723 exhibuisse
3460 3667 3569 3722 mi-

1980 3753 2185 3820 racula,
2210 3753 2432 3823 nemini,
2465 3754 2556 3826 qui
2585 3754 2905 3810 familiarius
2934 3754 3011 3811 illi
3032 3755 3276 3822 adhaesit,
3302 3755 3569 3812 incertum

1979 3840 2094 3898 fuit.
2130 3842 2237 3899 Sed
2266 3858 2367 3898 nec
2385 3842 2510 3910 ista,
2544 3859 2662 3915 quae
2694 3851 2963 3916 utcunque
3018 3842 3270 3900 fidelibus
3315 3859 3558 3900 commu-

1979 3930 2211 3986 nicando
2257 3931 2580 3999 scribemus,
2631 3932 2712 3987 rei
2766 3932 2925 4001 hujus
2983 3932 3269 4001 certitudo,
3330 3948 3568 4005 superna

1979 4019 2273 4090 epitulante
2303 4020 2494 4092 gratia,
2527 4020 2904 4091 denegabitur.
2936 4021 3065 4077 Hec
3092 4037 3223 4078 vero
3261 4020 3330 4076 de
3386 4036 3567 4093 proae-

1978 4108 2088 4162 mio
2116 4109 2275 4177 hujus
2304 4107 2474 4163 libelli
2505 4108 2646 4163 tertii
2673 4108 2729 4162 in
2762 4108 2931 4163 Vitam
2952 4108 3094 4164 beati
3122 4109 3225 4165 viri
3246 4108 3567 4179 praelibasse

1980 4195 2207 4251 suﬂiciat
2239 4215 2252 4261 ;
2286 4204 2338 4250 et
2359 4197 2473 4266 jam
2504 4195 2743 4253 historiae
2774 4196 2993 4265 seriem;
3028 4197 3263 4255 incultus
3289 4197 3415 4253 licet
3452 4203 3565 4270 sty-

1978 4284 2101 4351 bus,
2133 4284 2363 4340 evolvat.

1975 4569 2055 4619 tur
2076 4580 2136 4618 ex
2157 4568 2315 4631 primo
2338 4567 2548 4618 auctoris
2573 4566 2788 4630 prologo,
2817 4566 2897 4629 qui
2921 4567 3063 4618 deest
3087 4567 3134 4618 in
3162 4580 3281 4619 mss.

2043 4650 2153 4717 (76)
2180 4652 2283 4702 Non
2305 4655 2404 4704 tam
2431 4652 2662 4702 miracula
2687 4652 2737 4702 in
2756 4651 2905 4703 oculis
2930 4653 3180 4703 hominum
3198 4690 3211 4711 ,
3240 4664 3385 4715 quam
3420 4653 3568 4703 vitam

1976 4724 2196 4769 sanctam
2223 4720 2270 4769 in
2293 4722 2554 4781 conspectu
2580 4719 2693 4783 Dei,
2736 4731 2927 4782 semper
2948 4718 3239 4786 expetivisse
3282 4719 3570 4772 Carthusia-

1979 4798 2065 4837 nos
2090 4799 2151 4837 ex
2176 4786 2269 4837 hoc
2294 4787 2396 4837 loco
2420 4788 2579 4850 patet.

1648 4986 1899 5061 Explicit
1926 4988 2208 5059 prologus.
