3972 6052
412 165 512 217 983

413 389 3272 415 __________________________________________._______

1289 158 1343 212 S.
1386 156 1699 213 HUGONIS
1736 153 1959 210 EPISC.
2008 151 2330 211 LINCOLN.
2376 151 2546 209 0RD.
2595 149 2823 205 CARTH

3603 152 3721 203 984

1531 608 1896 708 LIBER
1958 604 2128 705 -ΤΕ
2149 602 2562 707 RTIUS.

936 1030 1161 1085 CAPUT
1191 1027 1480 1083 PRIMUM.

589 1209 842 1277 Qualiter
872 1210 1023 1278 [Iugo
1054 1209 1115 1262 in
1146 1210 1465 1277 episcopum
1498 1210 1579 1260 est
1605 1207 1833 1261 electus.

486 1378 743 1431 Promoto
775 1376 887 1444 (77)
920 1373 975 1428 in
996 1372 1518 1443 archiepiscopalem
1552 1372 2010 1441 Rothomagensis

418 1463 682 1520 Ecclesia:
713 1463 901 1519 sedem
932 1462 1049 1517 viro
1104 1461 1404 1516 venerabili
1437 1460 1743 1525 Walthero,
1790 1460 2009 1514 Lincol-

416 1551 593 1607 niensi
622 1551 899 1621 episcopo,
933 1566 1025 1604 rex
1056 1550 1357 1621 Anglorum
1414 1548 1677 1603 Henricus
1738 1548 2009 1603 secundus

419 1639 566 1710 apud
594 1638 926 1709 Eyneshaim
953 1646 1075 1693 octo
1106 1637 1274 1692 ferme
1321 1636 1644 1692 continuatis
1675 1636 1867 1691 diebus
1901 1637 2011 1706 (78)

420 1733 709 1783 tractatum
769 1725 953 1780 habuit
1001 1741 1164 1796 super
1208 1724 1369 1779 variis
1400 1726 1553 1795 regni
1599 1725 1833 1796 negotiis
1891 1741 2012 1779 cum

420 1815 692 1886 episcopis
721 1821 773 1870 et
801 1813 1146 1887 magnatibus
1175 1822 1354 1869 terrae.
1397 1814 1457 1866 In
1494 1813 1689 1868 eodem
1746 1812 2014 1884 siquidem

418 1903 770 1969 monasterio,
803 1909 1045 1973 tempore
1076 1902 1188 1967 illo,
1216 1902 1318 1972 pize
1348 1901 1623 1956 memorize
1654 1901 2013 1955 Waldevinus

421 1994 534 2064 (79)
584 1990 990 2047 Cantuariensis
1045 1989 1505 2060 archiepiscopus,
1554 2000 1605 2044 et
1634 1988 2012 2061 suffraganeo-

421 2097 545 2137 rum
575 2081 692 2149 ejus
723 2079 943 2151 quidam
988 2078 1189 2149 hospiti
1249 2078 1423 2149 gratia
1482 2093 1604 2132 sese
1652 2078 2013 2132 contulerant.

422 2170 539 2226 Rex
568 2167 732 2224 etiam
761 2166 991 2240 singulis
1046 2166 1240 2221 diebus
1268 2165 1393 2221 illuc
1451 2181 1608 2220 mane
1661 2166 2011 2234 adventabat,

425 2256 662 2329 indeque
689 2258 759 2312 ad
781 2254 1044 2328 palatium
1069 2270 1245 2321 suum,
1281 2253 1424 2325 quod
1455 2254 1600 2324 apud
1655 2254 2015 2309 Woldestoch

423 2347 537 2418 (80)
566 2345 815 2413 habetur,
857 2351 981 2416 post
1019 2343 1293 2400 actitatum
1352 2358 1474 2398 cum
1521 2341 1795 2413 praedictis
1841 2342 2015 2398 collo-

425 2434 612 2506 quium
640 2433 819 2489 denuo
875 2432 1107 2489 redibat.
1150 2431 1445 2488 Celebrataa
1500 2439 1624 2486 sunt
1667 2431 1871 2486 ibidem
1900 2432 2013 2502 (81)

423 2530 554 2580 tunc
580 2521 841 2594 temporis
868 2522 1249 2593 episcoporum
1276 2527 1329 2575 et
1356 2519 1609 2575 abbatum
1655 2520 2014 2591 quorumdam

424 2611 736 2667 electiones.
760 2610 877 2665 Huc
906 2617 958 2665 et
1012 2608 1419 2665 Lincolnienses
1468 2608 1713 2664 canonici
1769 2609 2013 2664 advene-

425 2707 546 2755 rant
575 2697 815 2768 electuri,
849 2714 945 2753 seu
969 2697 1146 2768 potius
1178 2697 1483 2767 suscepturi
1531 2696 1848 2767 episcopum
1896 2712 2012 2753 cm—

423 2783 552 2839 litus
590 2782 841 2838 electum.

493 2871 729 2928 Fuerunt
760 2886 826 2926 eo
869 2877 1109 2941 tempore
1166 2868 1661 2941 pmeminentiores
1706 2870 1874 2941 ipsius
1904 2870 2015 2925 Ec-

425 2959 608 3018 clesiae
635 2975 888 3031 personae
916 2973 1023 3015 non
1052 2974 1257 3030 paucae,
1305 2956 1545 3014 consiliis
1573 2965 1662 3012 aut
1717 2958 2011 3029 obsequiis,

425 3049 585 3106 etiam
611 3049 885 3121 palatinis,
921 3048 1156 3104 astricta:
1185 3046 1272 3103 vel
1317 3046 1565 3102 addictae.
1598 3046 1766 3101 Erant
1802 3046 1855 3100 in
1908 3062 2014 3102 sae-

425 3146 699 3202 cularibus
727 3144 938 3211 famosi,
989 3144 1293 3199 litterarum
1348 3143 1553 3199 scilicet
1608 3150 1660 3197 et
1706 3143 2015 3199 divitiarum

423 3236 821 3291 mundanarum
852 3233 1007 3306 copia
1039 3232 1443 3304 praeponentes.
1504 3231 1755 3303 Plerique
1810 3248 1874 3287 ex
1930 3233 2014 3287 his

423 3323 647 3391 nullum,
680 3322 976 3395 quemlibet
1001 3321 1263 3393 amplum,
1316 3322 1687 3392 episcopatum
1734 3320 2012 3393 magnitu-

422 3412 549 3468 dine
580 3427 682 3467 sua
708 3411 1045 3493 'reputabant
1099 3409 1682 3479 majorem2nimirum
1732 3425 1854 3465 cum
1911 3409 2014 3479 ipsi

420 3500 771 3574 amplioribus
792 3499 1199 3557 cumularentur
1236 3497 1554 3567 redditibus,
1609 3513 1773 3570 quam
1822 3498 2015 3569 ingens

421 3590 644 3663 quilibet
672 3589 1040 3662 episcOpatus.
1073 3588 1281 3644 Eorum
1334 3594 1518 3642 tamen
1570 3585 1757 3658 aliqui,
1803 3586 1918 3642 sive
1947 3585 2016 3642 ad

2027 1028 2082 1087 Α
2111 1026 2365 1080 ambitum
2426 1026 2495 1079 ob
2544 1023 2763 1079 honoris
2814 1032 2865 1078 et
2920 1024 3203 1095 potestatis
3259 1024 3426 1078 decus
3477 1022 3706 1076 minime

2110 1114 2419 1170 renuissent
2448 1114 2773 1184 episcopari,
2826 1114 2871 1166 si
2919 1112 3179 1167 adfuisset
3209 1112 3299 1183 qui
3331 1127 3423 1166 eos
3479 1110 3706 1183 coegis-

2112 1210 2209 1257 set.
2247 1204 2445 1257 V'erum
2480 1201 2712 1255 Domino
2739 1216 2836 1256 cor
2865 1201 3012 1271 regis
3060 1201 3115 1253 in
3144 1215 3307 1254 manu
3364 1198 3617 1265 habente,
3653 1208 3709 1252 et

2112 1306 2218 1359 quo
2249 1290 2411 1343 vellet
2440 1289 2570 1342 illud
2591 1289 2901 1355 inclinante,
2934 1288 3295 1342 annitentibus
3354 1287 3455 1341 sibi
3492 1295 3707 1341 metro-

2109 1378 2349 1449 politano
2382 1377 2610 1448 aliisque
2642 1375 2915 1431 nonnullis
2952 1376 3204 1447 personis
3251 1374 3543 1447 religiosis,
3575 1389 3703 1428 ma-

2112 1467 2253 1520 xime
2286 1481 2437 1531 vero,
2471 1466 2538 1519 de
2562 1481 2669 1536 quo
2701 1465 2951 1535 superius
2990 1463 3189 1519 mentio
3219 1463 3401 1518 habita
3458 1472 3557 1529 est,
3589 1464 3703 1516 Ba-

2111 1553 2359 1609 honicnsi
2392 1554 2649 1623 episcopo
2678 1553 2980 1625 Reginaldo
3012 1554 3276 1618 instante,
3309 1552 3378 1606 ad
3406 1558 3482 1607 tot
3511 1552 3708 1606 Domi-

2111 1643 2357 1699 nicarum
2380 1642 2561 1696 ovium
2592 1642 2893 1697 custodiam
2925 1658 3019 1696 rex
3049 1641 3166 1712 ipse
3204 1640 3473 1695 utiliorem
3520 1641 3709 1710 provi-

2112 1731 2229 1786 deri
2261 1730 2543 1802 satagebat
2576 1738 2873 1800 pastorem.
2908 1730 3001 1785 llla
3030 1746 3265 1801 namque
3296 1728 3567 1794 dioecesis,
3623 1728 3711 1783 bis

2114 1818 2226 1884 (82)
2251 1823 2547 1885 quaternos
2576 1814 2860 1869 continens
2888 1814 3396 1881 archidiaconatus,
3441 1829 3542 1883 per
3598 1828 3707 1867 no-

2112 1919 2232 1958 vem
2268 1912 2318 1958 et
2350 1919 2415 1958 eo
2444 1902 2673 1973 amplius
2705 1902 3029 1957 distenditur
3047 1901 3541 1958 comitatus.Urbes
3570 1916 3711 1973 priet

2114 1992 2375 2064 grandes,
2408 1991 2598 2062 plebes
2630 2006 2761 2047 vero
2792 1990 3107 2046 innumeras
3137 1989 3514 2061 complectitur
3550 2009 3563 2055 ;
3604 2007 3711 2044 nec

2114 2080 2270 2136 facile
2300 2080 2572 2135 invenitur
2601 2079 2740 2134 alter
2770 2080 2841 2134 ab
2890 2095 2955 2136 eo
2998 2080 3204 2135 vastior
3249 2086 3337 2134 aut
3389 2079 3711 2150 populosior

2113 2168 2478 2240 episcopatus.
2513 2169 2815 2224 Vacaverat
2841 2183 2969 2223 vero
3006 2168 3170 2239 paulo
3199 2175 3325 2223 ante
3382 2167 3540 2223 sedes
3594 2175 3705 2220 tam

2116 2257 2339 2330 egregia
2370 2256 2526 2311 annis
2549 2256 2768 2313 circiter
2796 2258 2986 2313 decem
3018 2258 3130 2327 (83)
3186 2264 3239 2311 et
3287 2263 3428 2323 octo,
3489 2255 3707 2311 duobus

2035 2346 2233 2439 Β(84)
2257 2344 2506 2401 videlicet
2537 2352 2587 2399 et
2638 2345 2773 2400 semi
2827 2353 2950 2416 post
3006 2344 3418 2400 translationem
3492 2345 3706 2417 praefati

2117 2433 2380 2505 episcOpi,
2412 2432 2720 2504 quindecim
2753 2434 2865 2505 (85)
2896 2448 3024 2488 vero
3055 2440 3179 2489 ante
3233 2433 3376 2487 illius
3415 2448 3709 2490 oonsecra-

2117 2522 2339 2578 tionem.
2362 2523 2463 2577 Tot
2492 2537 2758 2577 annorum
2789 2521 3075 2577 curriculis
3104 2537 3240 2594 ager
3269 2521 3359 2577 ille
3399 2522 3709 2579 dominicus

2116 2610 2382 2665 industria
2410 2610 2717 2681 destitutus,
2750 2610 2894 2665 haud
2922 2598 3119 2666 mirum
3151 2610 3197 2664 si
3232 2610 3483 2666 vitiorum
3530 2612 3709 2667 senti-

2116 2701 2217 2755 bus
2238 2698 2526 2770 multisque
2546 2698 2865 2754 abusionum
2886 2697 3224 2770 germinibus
3239 2698 3523 2771 squalebat
3550 2716 3711 2771 oper-

2116 2795 2223 2843 tus.
2254 2788 2562 2843 Discrimen
2590 2788 2723 2842 tanti
2752 2787 2878 2842 mali
2909 2787 3011 2842 sibi
3042 2803 3139 2843 rex
3160 2788 3399 2843 sentiens
3453 2787 3709 2859 imputari

2117 2877 2302 2947 (quem
2332 2875 2580 2932 videlicet
2602 2875 2897 2932 vocationis
2924 2883 3035 2931 tam
3064 2875 3380 2932 inconsulta:
3429 2884 3708 2933 auctorem

2117 2964 2388 3020 exstitisse
2435 2966 2673 3035 patebat)
2722 2965 3048 3020 omnimodis
3105 2965 3292 3020 nititur
3332 2982 3431 3036 per
3484 2966 3711 3022 cultoris

2117 3052 2429 3108 electissimi
2460 3053 2833 3109 strenuitatem
2872 3054 3087 3109 omissae
3116 3054 3315 3109 diutius
3346 3054 3567 3111 culturae
3588 3055 3709 3110 dis-

2116 3141 2313 3214 pendia
2344 3156 2715 3212 compensare.

2187 3230 2408 3286 Clericis
2444 3231 2621 3302 itaque
2650 3230 2755 3284 illis
2786 3230 2841 3284 in
2869 3230 3106 3300 disparia
3153 3240 3278 3288 vota
3336 3233 3539 3287 frustra
3586 3241 3703 3288 stu-

2116 3318 2387 3385 dentibus,
2420 3317 2617 3375 nullius
2648 3332 2805 3385 vero,
2841 3319 2945 3374 nisi
2975 3320 3251 3392 propriam
3290 3321 3519 3393 quisque
3551 3338 3709 3377 suam

2106 3408 2277 3480 ipsius
2327 3407 2725 3478 promotionem
2756 3424 2820 3463 ex
2851 3408 3051 3472 animo,
3092 3418 3148 3463 ut
3178 3410 3475 3465 dicebatur.
3528 3426 3706 3481 expe—

2108 3496 2357 3563 tentibus,
2392 3495 2642 3551 insistunt
2672 3496 2907 3566 plurimi,
2942 3497 3287 3553 consulentes
3324 3499 3403 3554 eis
3431 3499 3702 3563 obnixius,

2106 3593 2163 3640 ut
2191 3585 2368 3640 virum
2398 3583 2840 3655 incomparanda:
2869 3583 3145 3656 bonitatis,
3191 3586 3442 3643 videlicet
3472 3588 3708 3658 priorem

419 3680 623 3737 bonum
646 3679 796 3749 juxta
826 3678 1144 3751 Apostolum
1175 3693 1331 3750 opus,
1367 3676 1480 3732 sive
1505 3676 1651 3745 juxta
1691 3674 2005 3732 saecularem
2037 3663 2083 3726 Ο
2108 3672 2437 3740 Withamiae,
2473 3672 2725 3727 studeant
2772 3672 2826 3727 in
2873 3681 3151 3743 pastorem
3208 3675 3474 3733 obtinere.
3538 3676 3701 3732 Com-

485 3856 594 3923 (77)
623 3858 758 3923 Anno
786 3855 933 3919 1183,
974 3854 1093 3907 obiit
1114 3856 1354 3907 Rotrodus
1394 3856 1788 3919 archiepiscopus
1816 3856 2018 3916 (notho-

418 3919 685 3987 ma‘gensis)
712 3924 787 3973 cui
813 3922 1046 3973 successit
1072 3923 1319 3972 Walterus
1361 3923 1420 3973 de
1447 3923 1761 3973 Constantiis.
1821 3923 2015 3973 Lincol-

415 3990 597 4041 niensis
622 3989 895 4051 episcopus.
922 3990 995 4039 lta
1018 3989 1294 4038 Chronicon
1337 3990 1728 4051 Rothomagense
1761 4003 1788 4037 a
1821 3990 2015 4040 Labbco

415 4061 536 4107 tom.
567 4059 588 4106 1
620 4054 746 4106 Bibl.
774 4067 931 4107 novze.
952 4068 1001 4107 ι).
1030 4055 1129 4103 569
1153 4054 1356 4104 editum.
1402 4056 1536 4105 Idem
1571 4054 1827 4105 conﬁrmat
1852 4057 2012 4106 Chro-

438 4069 536 4107 om.
567 4067 588 4106 1
620 4067 746 4106 111111.
774 4067 931 4116 ηονῑε,
952 4068 1001 4116 p.
1030 4067 1129 4103 ῢϋυ
1153 4067 1356 4104 editum.
1404 4067 1536 4105 idem
1571 4067 1827 4105 connrmat
1852 4067 2012 4106 ΕΙ]Γο-

415 4068 536 4107 tom.
567 4068 588 4106 ι
620 4068 746 4106 βιω.
774 4068 931 4116 novre,
952 4068 1001 4118 p.
1030 4068 1129 4103 ουν
1153 4068 1356 4104 emtum.
1404 4068 1536 4105 idem
1571 4068 1827 4105 connrmat
1852 4068 2012 4106 uaro-

413 4124 559 4174 nicon
586 4122 792 4173 caanobii
828 4121 1001 4171 Mortui
1031 4120 1181 4171 maris
1223 4134 1273 4184 p.
1303 4120 1454 4183 1440,
1494 4121 1620 4183 apud
1642 4123 1856 4172 Martene
1882 4126 1921 4172 t.
1949 4123 2012 4171 111

412 4190 654 4241 Anecdot.
680 4189 886 4239 Additur
913 4188 961 4237 in
987 4187 1228 4239 Chronico
1252 4187 1629 4251 Rothomagensi
1658 4202 1672 4237 :
1706 4202 1733 4235 ‹‹
1758 4189 1856 4238 Hoc
1885 4200 2011 4239 anno

414 4256 544 4307 1185
587 4257 813 4318 receptus
858 4254 1105 4305 Walterus
1147 4252 1207 4304 de
1259 4254 1582 4316 Constantiis,
1629 4256 1675 4304 in
1715 4255 2006 4318 archiepisc.

409 4324 851 4385 Rothomagensem
876 4321 927 4371 in
970 4321 1095 4371 festo
1132 4320 1189 4369 B.
1227 4321 1461 4370 Matthiae.
1495 4341 1516 4363 »
1544 4322 1607 4371 Et
1631 4321 1743 4371 huic
1768 4323 2010 4373 consentit

408 4389 659 4440 Trivettus
684 4388 735 4439 in
770 4387 1012 4439 Chronico
1037 4386 1191 4449 quoad
1222 4400 1419 4449 annum,
1447 4389 1625 4438 omissa
1649 4388 1747 4438 die.

479 4470 588 4537 (78)
614 4472 716 4521 Duo
754 4470 968 4532 ejusdem
996 4472 1095 4522 fere
1140 4472 1355 4522 nominis
1395 4472 1690 4523 monasteria
1727 4471 2011 4522 referuntur

410 4542 461 4591 in
486 4537 754 4589 monastico
782 4538 1048 4601 Anglicano
1070 4542 1104 4587 ι.
1138 4542 1155 4589 1
1179 4552 1192 4599 ;
1220 4540 1580 4589 Eveshamense
1606 4539 1654 4587 in
1680 4550 1797 4599 agro
1815 4540 2006 4598 Wigor-

407 4606 565 4657 niensi
605 4616 721 4669 pag.
772 4605 904 4653 144:
932 4606 1327 4665 Eyneshamense
1362 4605 1412 4654 in
1447 4616 1561 4665 agro
1590 4605 1851 4655 Oxoniensi
1890 4616 2002 4666 pag.

408 4673 609 4724 259.1n
644 4672 817 4723 horum
862 4670 1032 4720 ultimo
1074 4673 1267 4723 videtur
1314 4676 1510 4721 coactus
1558 4671 1706 4721 fuisse
1754 4672 1847 4720 iste
1885 4684 2003 4720 con-

412 4743 606 4793 ventus.

473 4821 575 4887 (79)
601 4821 863 4874 Balduinus
891 4823 1282 4885 archiepiscopus
1330 4822 1421 4872 fuit
1444 4821 1505 4871 ab
1530 4834 1657 4871 anno
1700 4822 1827 4871 1181
1850 4834 2001 4884 usque

401 4892 459 4941 ad
486 4902 663 4940 annum
694 4890 817 4939 1191
849 4902 943 4951 quo
968 4890 1086 4939 obiit
1112 4889 1163 4937 in
1186 4889 1464 4949 Patrestina,
1482 4892 1607 4938 teste
1636 4889 1783 4949 Pagio
1812 4891 1859 4938 in
1883 4889 1995 4937 crit.

404 4956 467 5007 ad
512 4957 804 5017 Baronium,
844 4969 892 5018 p.

400 5024 709 5072 Warthonus
731 5023 780 5072 in
806 5022 977 5084 Anglia
1001 5034 1162 5071 sacra.
1192 5024 1322 5084 part.
1351 5036 1387 5083 i,
1416 5034 1525 5084 pag.
1560 5023 1671 5070 115.

469 5104 581 5172 (80)
608 5107 753 5157 Forte
778 5106 903 5156 idem
930 5120 1039 5156 cum
1078 5106 1415 5167 \Vodestkam,
1455 5106 1516 5154 de
1553 5118 1648 5167 quo
1693 5106 1818 5155 intra
1854 5119 1900 5155 c.
1927 5106 1958 5155 8
1988 5126 1998 5153 :

400 5185 496 5223 uno
516 5176 699 5222 etcum
746 5173 1015 5235 Widestoc,
1065 5173 1148 5221 ubi
1188 5175 1315 5221 teste
1364 5173 1573 5221 llenrico
1618 5172 2001 5221 lluntindonensi

395 5238 523 5301 apud
570 5239 830 5289 Achcrium
859 5242 976 5288 tom.
1042 5239 1103 5287 111
1158 5239 1305 5301 Spicil
1338 5279 1351 5299 ,
1379 5252 1426 5300 p.
1456 5240 1575 5298 503,
1624 5239 1864 5288 ltobertus
1921 5252 1999 5300 ep.

397 5306 618 5356 Lincoln.
664 5318 772 5356 cum
801 5317 917 5368 rege
944 5306 1145 5366 loquens
1172 5306 1424 5368 apoplexia
1460 5308 1618 5354 tactus
1643 5305 1837 5367 legitur.

467 5386 571 5452 (81)
600 5392 738 5439 Anno
766 5390 895 5439 1185
915 5391 1203 5438 convocatus
1248 5390 1393 5438 fuisse
1442 5402 1529 5451 per
1572 5401 1734 5449 regem
1772 5389 1998 5449 praelatos

400 5460 450 5505 et
474 5468 701 5516 proceres
748 5456 903 5505 refert
946 5456 1191 5504 Trivettus
1242 5457 1291 5503 in
1339 5456 1582 5506 Chronico
1618 5456 1701 5505 sed
1738 5456 1895 5504 locum
1936 5456 1995 5504 ad

401 5533 546 5581 quem
572 5522 750 5584 vocati,
777 5534 873 5573 non
908 5526 1062 5573 notat.
1092 5522 1357 5573 Laudinum
1400 5526 1593 5573 vocatos
1614 5534 1671 5572 ex
1698 5523 1902 5583 Rogcrio
1928 5522 1995 5570 ait

943 4957 1033 5006 701
1097 4955 1284 5006 Obiisse
1334 4947 1503 5005 tamen
1548 4967 1673 5004 anno
1713 4947 1852 5005 1190
1899 4956 2001 5005 vult
2030 4947 2082 5006 D

2116 3857 2366 3918 Baronius,
2396 3860 2444 3907 et
2468 3868 2683 3907 causam.
2711 3859 2907 3920 pr0pter
2933 3869 3079 3918 quam
3118 3858 3295 3918 vocati,
3334 3869 3429 3907 una
3454 3868 3563 3908 cum
3603 3858 3707 3907 Tri-

2115 3927 2245 3973 vetto
2281 3925 2496 3985 assignat
2519 3923 2787 3974 subsidium
2815 3928 2958 3973 terra:
2985 3928 3187 3974 sanctis.
3222 3925 3389 3973 Utrum
3415 3926 3507 3972 hoc
3529 3930 3611 3974 aut
3631 3938 3707 3973 se-

2114 3992 2280 4051 quenti
2305 4003 2430 4039 anno
2456 3991 2603 4040 etiam
2630 3990 2913 4052 congregati
2940 3991 3123 4042 fuerint
3159 3991 3206 4040 in
3232 3990 3524 4051 Eyneshaim
3563 4003 3707 4041 nemo

2113 4057 2285 4107 asserit
2308 4069 2400 4106 nec
2426 4061 2587 4116 negat.

2180 4140 2289 4203 (82)
2318 4143 2414 4190 llos
2439 4145 2690 4191 enumerat
2734 4154 2842 4191 cum
2885 4142 3237 4192 archidiaconis
3282 4143 3405 4205 apud
3442 4143 3699 4193 Achcriam

2110 4206 2239 4258 dicto
2262 4212 2394 4258 tomo
2420 4222 2474 4271 p.
2507 4209 2604 4259 504
2628 4210 2777 4259 Henr.
2808 4210 3239 4273 Huntindonensis,
3266 4222 3389 4259 unus
3413 4222 3470 4259 ex
3494 4210 3629 4270 ipsis.

2179 4291 2286 4353 (83)
2312 4291 2656 4354 Computandis
2679 4292 2739 4341 ab
2781 4304 2909 4343 anno
2936 4293 3061 4343 1167
3111 4304 3223 4354 quo,
3269 4294 3417 4342 Teste
3455 4293 3699 4356 Trivetto,

2109 4358 2348 4408 Bobertus
2382 4359 2601 4409 Lincoln.
2636 4360 2887 4423 episcopus
2911 4360 3047 4421 obiit,
3079 4371 3247 4409 mense
3272 4362 3321 4408 et
3345 4359 3421 4408 die
3449 4372 3543 4408 non
3571 4359 3704 4410 addi.

2108 4425 2189 4484 tis,
2218 4437 2307 4474 nec
2334 4427 2581 4486 hucusque
2608 4426 2835 4476 inventis.
2863 4427 2913 4475 Si
2956 4426 3053 4485 ita,
3098 4437 3195 4474 non
3234 4425 3425 4474 circiter
3464 4426 3627 4474 decem
3658 4430 3707 4476 et

2108 4496 2218 4540 octo
2244 4493 2378 4552 anni,
2404 4492 2489 4540 sed
2512 4493 2681 4540 decem
2708 4496 2755 4541 et
2781 4505 2957 4541 novem
2998 4492 3314 4550 etiluxissent,
3345 4492 3384 4539 si
3420 4493 3555 4550 Hugo
3580 4504 3705 4541 anno

2111 4558 2254 4617 1186,
2284 4556 2362 4607 die
2383 4560 2436 4607 S.
2465 4559 2645 4607 Matth.
2674 4558 2725 4607 in
2751 4560 3029 4621 episcopum
3054 4561 3364 4609 consecratus
3388 4558 3578 4608 fuisset.

2173 4641 2275 4703 (85)
2303 4641 2437 4691 Unde
2464 4641 2545 4691 hic
2569 4643 2871 4693 semitertius
2908 4654 3064 4692 annus
3105 4646 3211 4703 post
3245 4642 3609 4692 translationem
3638 4641 3703 4691 in-

2101 4708 2348 4758 choandus
2373 4709 2454 4769 sit,
2482 4709 2670 4769 indiget
2696 4710 2939 4769 examine,
2969 4709 3178 4758 maxime
3201 4708 3314 4758 dum
3340 4719 3436 4756 non
3461 4708 3543 4758 diu
3567 4709 3707 4757 Wal-

2104 4776 2235 4824 terus
2260 4774 2587 4824 Lincolnicnsi
2613 4776 2848 4825 Ecclesiae
2874 4775 3086 4837 przefuit,
3116 4787 3269 4824 annus
3294 4778 3479 4823 tantum
3512 4776 3595 4838 (uti
3638 4776 3707 4824 ait

2102 4840 2414 4891 Cambrensis
2437 4842 2562 4904 apud
2588 4843 2909 4891 Warthanum
2955 4855 3004 4903 p.
3052 4854 3085 4889 ιι
3136 4840 3319 4903 Anglice
3355 4853 3542 4904 sacrae,
3590 4854 3701 4903 pag.

2104 4908 2223 4967 418)
2260 4908 2494 4957 existens.

2172 4993 2281 5055 (85)
2314 4992 2385 5041 Ab
2410 4992 2543 5041 obitu
2569 4992 2787 5053 Roberti,
2824 4992 2923 5053 qui,
2951 4995 3003 5041 ut
3029 4991 3261 5053 prarmisi,
3287 4992 3406 5041 obiit
3429 5002 3554 5041 anno
3586 4992 3707 5041 1167

2103 5063 2184 5108 ant
2216 5059 2341 5108 1166
2371 5070 2535 5107 mense
2564 5059 2753 5107 incerto
2782 5098 2795 5119 ,
2841 5059 3066 5108 abierunt
3119 5058 3231 5107 anni
3276 5058 3547 5118 quindecim
3586 5070 3712 5108 anno

2109 5124 2259 5173 1182.
2296 5125 2476 5173 Verum
2499 5138 2558 5173 an
2590 5126 2681 5173 hoc
2706 5138 2832 5174 anno
2858 5126 2922 5175 sit
2948 5125 2994 5173 in
3022 5124 3411 5174 Lincolniensem
3452 5137 3704 5174 consecra-

2106 5196 2181 5240 tus
2205 5192 2475 5251 Walterus,
2504 5191 2671 5240 nullibi
2709 5192 2889 5254 reperi.
2935 5191 3190 5240 Probabile
3232 5192 3276 5240 id
3316 5195 3478 5240 tamen
3522 5191 3712 5241 videtur

2105 5270 2268 5319 exeo,
2297 5257 2409 5319 quid
2459 5258 2584 5318 apud
2629 5258 2888 5307 Baronium
2939 5270 2997 5306 ex
3041 5259 3246 5320 Rogerio
3287 5257 3537 5307 Galfridus
3584 5270 3709 5306 anno

2106 5324 2228 5372 1181
2283 5324 2563 5373 mandatum
2613 5337 2639 5372 a
2686 5337 2811 5386 papa
2838 5324 3124 5386 acceperit,
3174 5327 3257 5373 aut
3303 5336 3469 5373 sacros
3510 5323 3707 5374 ordines

2100 5391 2396 5451 suscipendi,
2421 5392 2503 5439 aut
2524 5390 2798 5450 resignandi
2820 5391 3151 5453 episcopatum
3173 5403 3185 5437 :
3211 5403 3269 5440 ex
3290 5390 3464 5451 quibus
3483 5390 3706 5440 ultimum

2099 5457 2213 5505 fecit
2257 5469 2383 5505 anno
2441 5456 2564 5505 1181.>
2610 5459 2657 5505 in
2702 5456 2975 5517 Epiphania
3021 5457 3210 5505 Domini
3274 5471 3284 5498 :
3356 5457 3431 5506 cui
3474 5459 3705 5507 successit

2098 5524 2359 5583 Walterus,
2389 5524 2500 5573 anni
2529 5524 2670 5572 unius
2694 5524 2945 5585 episcopus
2972 5523 3019 5573 in
3048 5525 3138 5573 hac
3168 5523 3402 5574 Ecclesia.
