  <div class='ocr_page' id='page_1' title='image "/cluster/home/n/w/nwhite01/storage/ocr_20150623/153/hvd.32044054760111/498.png"; bbox 0 0 3972 6052; ppageno 0'>
   <div class='ocr_carea' id='block_1_1' title="bbox 272 253 375 304">
    <p class='ocr_par' dir='ltr' id='par_1_1' title="bbox 272 253 375 304">
     <span class='ocr_line' id='line_1_1' title="bbox 272 253 375 304; baseline 0.039 -3"><span class='ocrx_word' id='word_1_1' title='bbox 272 253 375 304; x_wconf 75' lang='grc'>985</span> 
     </span>
    </p>
   </div>
   <div class='ocr_carea' id='block_1_2' title="bbox 1636 248 2225 303">
    <p class='ocr_par' dir='ltr' id='par_1_2' title="bbox 1636 248 2225 303">
     <span class='ocr_line' id='line_1_2' title="bbox 1636 248 2225 303; baseline 0.003 -2"><span class='ocrx_word' id='word_1_2' title='bbox 1636 248 1816 302; x_wconf 73' lang='grc' dir='ltr'>ἮΤΛ.</span> <span class='ocrx_word' id='word_1_3' title='bbox 1861 276 1928 288; x_wconf 87' lang='lat'><strong>-</strong></span> <span class='ocrx_word' id='word_1_4' title='bbox 1968 248 2091 301; x_wconf 84' lang='lat' dir='ltr'>LIB.</span> <span class='ocrx_word' id='word_1_5' title='bbox 2138 250 2225 303; x_wconf 83' lang='grc' dir='ltr'>ΙΙΙ.</span> 
     </span>
    </p>
   </div>
   <div class='ocr_carea' id='block_1_3' title="bbox 3472 248 3575 301">
    <p class='ocr_par' dir='ltr' id='par_1_3' title="bbox 3472 248 3575 301">
     <span class='ocr_line' id='line_1_3' title="bbox 3472 248 3575 301; baseline -0.019 0"><span class='ocrx_word' id='word_1_6' title='bbox 3472 248 3575 301; x_wconf 85' lang='grc'>986</span> 
     </span>
    </p>
   </div>
   <div class='ocr_carea' id='block_1_4' title="bbox 272 371 3655 443">
    <p class='ocr_par' dir='ltr' id='par_1_4' title="bbox 272 371 3655 443">
     <span class='ocr_line' id='line_1_4' title="bbox 272 371 3655 443; baseline 0 -18"><span class='ocrx_word' id='word_1_7' title='bbox 272 372 559 427; x_wconf 85' lang='lat' dir='ltr'>meudatur</span> <span class='ocrx_word' id='word_1_8' title='bbox 603 388 633 427; x_wconf 92' lang='lat' dir='ltr'>a</span> <span class='ocrx_word' id='word_1_9' title='bbox 680 374 860 429; x_wconf 88' lang='lat' dir='ltr'>multis</span> <span class='ocrx_word' id='word_1_10' title='bbox 911 378 1024 443; x_wconf 83' lang='lat' dir='ltr'>ejus</span> <span class='ocrx_word' id='word_1_11' title='bbox 1090 380 1377 443; x_wconf 78' lang='lat' dir='ltr'>sanctitas,</span> <span class='ocrx_word' id='word_1_12' title='bbox 1429 378 1544 443; x_wconf 85' lang='lat' dir='ltr'>ejus</span> <span class='ocrx_word' id='word_1_13' title='bbox 1592 374 1871 436; x_wconf 78' lang='lat' dir='ltr'>discretio,</span> <span class='ocrx_word' id='word_1_14' title='bbox 1907 373 2185 433; x_wconf 77' lang='lat' dir='ltr'>Anesciat</span> <span class='ocrx_word' id='word_1_15' title='bbox 2215 390 2336 430; x_wconf 89' lang='lat' dir='ltr'>esse</span> <span class='ocrx_word' id='word_1_16' title='bbox 2370 376 2608 429; x_wconf 88' lang='lat' dir='ltr'>votivum</span> <span class='ocrx_word' id='word_1_17' title='bbox 2639 381 2695 428; x_wconf 93' lang='lat' dir='ltr'>ut</span> <span class='ocrx_word' id='word_1_18' title='bbox 2726 374 2779 427; x_wconf 90' lang='lat' dir='ltr'>in</span> <span class='ocrx_word' id='word_1_19' title='bbox 2831 379 3082 443; x_wconf 91' lang='lat' dir='ltr'>suscepto</span> <span class='ocrx_word' id='word_1_20' title='bbox 3113 386 3258 428; x_wconf 80' lang='lat' dir='ltr'>curae</span> <span class='ocrx_word' id='word_1_21' title='bbox 3288 371 3577 442; x_wconf 80' lang='lat' dir='ltr'>pastoralis</span> <span class='ocrx_word' id='word_1_22' title='bbox 3646 414 3655 421; x_wconf 35' lang='grc' dir='ltr'>ν.</span> 
     </span>
    </p>
   </div>
   <div class='ocr_carea' id='block_1_5' title="bbox 274 460 1877 537">
    <p class='ocr_par' dir='ltr' id='par_1_5' title="bbox 274 460 1877 537">
     <span class='ocr_line' id='line_1_5' title="bbox 274 460 1877 537; baseline 0 -24"><span class='ocrx_word' id='word_1_23' title='bbox 274 460 565 515; x_wconf 81' lang='lat' dir='ltr'>affabilitas</span> <span class='ocrx_word' id='word_1_24' title='bbox 594 462 727 529; x_wconf 89' lang='lat' dir='ltr'>ejus,</span> <span class='ocrx_word' id='word_1_25' title='bbox 764 464 881 530; x_wconf 82' lang='lat' dir='ltr'>ejus</span> <span class='ocrx_word' id='word_1_26' title='bbox 913 473 962 517; x_wconf 89' lang='lat' dir='ltr'>et</span> <span class='ocrx_word' id='word_1_27' title='bbox 993 466 1188 537; x_wconf 84' lang='lat' dir='ltr'>religio</span> <span class='ocrx_word' id='word_1_28' title='bbox 1224 467 1277 519; x_wconf 91' lang='lat' dir='ltr'>in</span> <span class='ocrx_word' id='word_1_29' title='bbox 1320 467 1645 520; x_wconf 91' lang='lat' dir='ltr'>immensum</span> <span class='ocrx_word' id='word_1_30' title='bbox 1675 461 1877 517; x_wconf 87' lang='lat' dir='ltr'>attolli-</span> 
     </span>
    </p>
   </div>
   <div class='ocr_carea' id='block_1_6' title="bbox 278 548 1877 626">
    <p class='ocr_par' dir='ltr' id='par_1_6' title="bbox 278 548 1877 626">
     <span class='ocr_line' id='line_1_6' title="bbox 278 548 1877 626; baseline -0.001 -22"><span class='ocrx_word' id='word_1_31' title='bbox 278 558 385 604; x_wconf 90' lang='lat' dir='ltr'>tur.</span> <span class='ocrx_word' id='word_1_32' title='bbox 414 548 603 604; x_wconf 85' lang='lat' dir='ltr'>Omnis</span> <span class='ocrx_word' id='word_1_33' title='bbox 635 551 867 622; x_wconf 89' lang='lat' dir='ltr'>denique</span> <span class='ocrx_word' id='word_1_34' title='bbox 896 568 1106 609; x_wconf 89' lang='lat' dir='ltr'>morum</span> <span class='ocrx_word' id='word_1_35' title='bbox 1136 554 1429 626; x_wconf 79' lang='lat' dir='ltr'>elegantia,</span> <span class='ocrx_word' id='word_1_36' title='bbox 1481 554 1658 608; x_wconf 89' lang='lat' dir='ltr'>omnis</span> <span class='ocrx_word' id='word_1_37' title='bbox 1705 551 1877 605; x_wconf 87' lang='lat' dir='ltr'>virtu-</span> 
     </span>
    </p>
   </div>
   <div class='ocr_carea' id='block_1_7' title="bbox 278 639 1877 709">
    <p class='ocr_par' dir='ltr' id='par_1_7' title="bbox 278 639 1877 709">
     <span class='ocr_line' id='line_1_7' title="bbox 278 639 1877 709; baseline 0.001 -19"><span class='ocrx_word' id='word_1_38' title='bbox 278 644 393 692; x_wconf 89' lang='lat' dir='ltr'>tum</span> <span class='ocrx_word' id='word_1_39' title='bbox 453 639 776 709; x_wconf 90' lang='lat' dir='ltr'>quadratura</span> <span class='ocrx_word' id='word_1_40' title='bbox 840 641 894 694; x_wconf 91' lang='lat' dir='ltr'>in</span> <span class='ocrx_word' id='word_1_41' title='bbox 942 642 1057 697; x_wconf 92' lang='lat' dir='ltr'>solo</span> <span class='ocrx_word' id='word_1_42' title='bbox 1120 643 1337 697; x_wconf 83' lang='lat' dir='ltr'>homine</span> <span class='ocrx_word' id='word_1_43' title='bbox 1404 644 1508 697; x_wconf 92' lang='lat' dir='ltr'>isto</span> <span class='ocrx_word' id='word_1_44' title='bbox 1557 639 1877 696; x_wconf 78' lang='lat' dir='ltr'>convenisse</span> 
     </span>
    </p>
   </div>
   <div class='ocr_carea' id='block_1_8' title="bbox 276 726 1873 804">
    <p class='ocr_par' dir='ltr' id='par_1_8' title="bbox 276 726 1873 804">
     <span class='ocr_line' id='line_1_8' title="bbox 276 726 1873 804; baseline 0.001 -24"><span class='ocrx_word' id='word_1_45' title='bbox 276 726 621 796; x_wconf 66' lang='lat' dir='ltr'>praedicatur.</span> <span class='ocrx_word' id='word_1_46' title='bbox 654 728 849 783; x_wconf 81' lang='lat' dir='ltr'>Nullus</span> <span class='ocrx_word' id='word_1_47' title='bbox 888 745 973 796; x_wconf 92' lang='lat' dir='ltr'>eo,</span> <span class='ocrx_word' id='word_1_48' title='bbox 1023 747 1233 785; x_wconf 91' lang='lat' dir='ltr'>summo</span> <span class='ocrx_word' id='word_1_49' title='bbox 1285 732 1503 804; x_wconf 82' lang='lat' dir='ltr'>dignior</span> <span class='ocrx_word' id='word_1_50' title='bbox 1550 728 1873 790; x_wconf 88' lang='lat' dir='ltr'>sacerdotio,</span> 
     </span>
    </p>
   </div>
   <div class='ocr_carea' id='block_1_9' title="bbox 276 815 1877 887">
    <p class='ocr_par' dir='ltr' id='par_1_9' title="bbox 276 815 1877 887">
     <span class='ocr_line' id='line_1_9' title="bbox 276 815 1877 887; baseline 0 -19"><span class='ocrx_word' id='word_1_51' title='bbox 276 828 522 869; x_wconf 90' lang='lat' dir='ltr'>consona</span> <span class='ocrx_word' id='word_1_52' title='bbox 550 815 841 871; x_wconf 89' lang='lat' dir='ltr'>multorum</span> <span class='ocrx_word' id='word_1_53' title='bbox 872 832 1006 873; x_wconf 90' lang='lat' dir='ltr'>voce</span> <span class='ocrx_word' id='word_1_54' title='bbox 1035 819 1377 875; x_wconf 84' lang='lat' dir='ltr'>acclamatur.</span> <span class='ocrx_word' id='word_1_55' title='bbox 1426 820 1507 873; x_wconf 83' lang='lat' dir='ltr'>Ad</span> <span class='ocrx_word' id='word_1_56' title='bbox 1554 820 1670 872; x_wconf 81' lang='lat' dir='ltr'>haec</span> <span class='ocrx_word' id='word_1_57' title='bbox 1699 817 1877 887; x_wconf 91' lang='lat' dir='ltr'>primo</span> 
     </span>
    </p>
   </div>
   <div class='ocr_carea' id='block_1_10' title="bbox 273 902 1876 977">
    <p class='ocr_par' dir='ltr' id='par_1_10' title="bbox 273 902 1876 977">
     <span class='ocr_line' id='line_1_10' title="bbox 273 902 1876 977; baseline 0.001 -22"><span class='ocrx_word' id='word_1_58' title='bbox 273 902 422 956; x_wconf 91' lang='lat' dir='ltr'>velut</span> <span class='ocrx_word' id='word_1_59' title='bbox 468 903 691 959; x_wconf 90' lang='lat' dir='ltr'>horrore</span> <span class='ocrx_word' id='word_1_60' title='bbox 738 906 971 977; x_wconf 92' lang='lat' dir='ltr'>quodam</span> <span class='ocrx_word' id='word_1_61' title='bbox 1029 907 1280 977; x_wconf 86' lang='lat' dir='ltr'>perfundi</span> <span class='ocrx_word' id='word_1_62' title='bbox 1326 922 1583 963; x_wconf 90' lang='lat' dir='ltr'>cerneres</span> <span class='ocrx_word' id='word_1_63' title='bbox 1629 906 1876 960; x_wconf 87' lang='lat' dir='ltr'>homines</span> 
     </span>
    </p>
   </div>
   <div class='ocr_carea' id='block_1_11' title="bbox 274 989 1874 1068">
    <p class='ocr_par' dir='ltr' id='par_1_11' title="bbox 274 989 1874 1068">
     <span class='ocr_line' id='line_1_11' title="bbox 274 989 1874 1068; baseline 0 -22"><span class='ocrx_word' id='word_1_64' title='bbox 274 989 549 1059; x_wconf 74' lang='lat' dir='ltr'>praefatos,</span> <span class='ocrx_word' id='word_1_65' title='bbox 583 993 832 1049; x_wconf 90' lang='lat' dir='ltr'>homines</span> <span class='ocrx_word' id='word_1_66' title='bbox 854 995 1129 1063; x_wconf 87' lang='lat' dir='ltr'>nimirum,</span> <span class='ocrx_word' id='word_1_67' title='bbox 1176 1013 1293 1068; x_wconf 62' lang='lat' dir='ltr'>qum</span> <span class='ocrx_word' id='word_1_68' title='bbox 1339 996 1517 1052; x_wconf 90' lang='lat' dir='ltr'>carnis</span> <span class='ocrx_word' id='word_1_69' title='bbox 1563 1001 1704 1057; x_wconf 90' lang='lat' dir='ltr'>sunt,</span> <span class='ocrx_word' id='word_1_70' title='bbox 1752 1008 1874 1047; x_wconf 85' lang='lat' dir='ltr'>sen-</span> 
     </span>
    </p>
   </div>
   <div class='ocr_carea' id='block_1_12' title="bbox 273 1077 1874 1155">
    <p class='ocr_par' dir='ltr' id='par_1_12' title="bbox 273 1077 1874 1155">
     <span class='ocr_line' id='line_1_12' title="bbox 273 1077 1874 1155; baseline 0.002 -24"><span class='ocrx_word' id='word_1_71' title='bbox 273 1077 489 1143; x_wconf 91' lang='lat' dir='ltr'>tientes,</span> <span class='ocrx_word' id='word_1_72' title='bbox 524 1081 794 1150; x_wconf 90' lang='lat' dir='ltr'>homines,</span> <span class='ocrx_word' id='word_1_73' title='bbox 827 1084 1072 1155; x_wconf 89' lang='lat' dir='ltr'>inquam,</span> <span class='ocrx_word' id='word_1_74' title='bbox 1116 1084 1277 1140; x_wconf 90' lang='lat' dir='ltr'>etiam</span> <span class='ocrx_word' id='word_1_75' title='bbox 1328 1086 1381 1138; x_wconf 92' lang='lat' dir='ltr'>in</span> <span class='ocrx_word' id='word_1_76' title='bbox 1412 1099 1575 1139; x_wconf 85' lang='lat' dir='ltr'>causa</span> <span class='ocrx_word' id='word_1_77' title='bbox 1604 1082 1721 1149; x_wconf 91' lang='lat' dir='ltr'>Dei,</span> <span class='ocrx_word' id='word_1_78' title='bbox 1755 1097 1874 1152; x_wconf 69' lang='lat' dir='ltr'>quae</span> 
     </span>
    </p>
   </div>
   <div class='ocr_carea' id='block_1_13' title="bbox 274 1167 1870 1244">
    <p class='ocr_par' dir='ltr' id='par_1_13' title="bbox 274 1167 1870 1244">
     <span class='ocr_line' id='line_1_13' title="bbox 274 1167 1870 1244; baseline 0.002 -24"><span class='ocrx_word' id='word_1_79' title='bbox 274 1167 557 1222; x_wconf 86' lang='lat' dir='ltr'>hominum</span> <span class='ocrx_word' id='word_1_80' title='bbox 602 1170 781 1239; x_wconf 90' lang='lat' dir='ltr'>potius</span> <span class='ocrx_word' id='word_1_81' title='bbox 846 1188 1007 1242; x_wconf 90' lang='lat' dir='ltr'>quam</span> <span class='ocrx_word' id='word_1_82' title='bbox 1057 1189 1176 1244; x_wconf 66' lang='lat' dir='ltr'>qua}</span> <span class='ocrx_word' id='word_1_83' title='bbox 1224 1173 1323 1228; x_wconf 90' lang='lat' dir='ltr'>Dei</span> <span class='ocrx_word' id='word_1_84' title='bbox 1369 1181 1494 1227; x_wconf 89' lang='lat' dir='ltr'>sunt</span> <span class='ocrx_word' id='word_1_85' title='bbox 1545 1177 1870 1242; x_wconf 68' lang='lat' dir='ltr'>qumrentes.</span> 
     </span>
    </p>
   </div>
   <div class='ocr_carea' id='block_1_14' title="bbox 277 1256 1873 1331">
    <p class='ocr_par' dir='ltr' id='par_1_14' title="bbox 277 1256 1873 1331">
     <span class='ocr_line' id='line_1_14' title="bbox 277 1256 1873 1331; baseline 0.001 -22"><span class='ocrx_word' id='word_1_86' title='bbox 277 1256 524 1327; x_wconf 89' lang='lat' dir='ltr'>Denique</span> <span class='ocrx_word' id='word_1_87' title='bbox 571 1258 773 1313; x_wconf 89' lang='lat' dir='ltr'>cultum</span> <span class='ocrx_word' id='word_1_88' title='bbox 820 1260 1062 1331; x_wconf 83' lang='lat' dir='ltr'>regionis</span> <span class='ocrx_word' id='word_1_89' title='bbox 1106 1262 1268 1326; x_wconf 89' lang='lat' dir='ltr'>illius,</span> <span class='ocrx_word' id='word_1_90' title='bbox 1319 1262 1453 1316; x_wconf 89' lang='lat' dir='ltr'>ritus</span> <span class='ocrx_word' id='word_1_91' title='bbox 1500 1269 1553 1316; x_wconf 91' lang='lat' dir='ltr'>et</span> <span class='ocrx_word' id='word_1_92' title='bbox 1598 1258 1873 1331; x_wconf 85' lang='lat' dir='ltr'>loquelam</span> 
     </span>
    </p>
   </div>
   <div class='ocr_carea' id='block_1_15' title="bbox 274 1342 1873 1420">
    <p class='ocr_par' dir='ltr' id='par_1_15' title="bbox 274 1342 1873 1420">
     <span class='ocr_line' id='line_1_15' title="bbox 274 1342 1873 1420; baseline 0.003 -24"><span class='ocrx_word' id='word_1_93' title='bbox 274 1342 464 1411; x_wconf 88' lang='lat' dir='ltr'>ipsius,</span> <span class='ocrx_word' id='word_1_94' title='bbox 501 1344 603 1398; x_wconf 89' lang='lat' dir='ltr'>sibi</span> <span class='ocrx_word' id='word_1_95' title='bbox 633 1362 859 1415; x_wconf 78' lang='lat' dir='ltr'>prorsus</span> <span class='ocrx_word' id='word_1_96' title='bbox 882 1356 971 1401; x_wconf 90' lang='lat' dir='ltr'>aut</span> <span class='ocrx_word' id='word_1_97' title='bbox 992 1350 1266 1404; x_wconf 87' lang='lat' dir='ltr'>contraria</span> <span class='ocrx_word' id='word_1_98' title='bbox 1287 1358 1377 1403; x_wconf 86' lang='lat' dir='ltr'>aut</span> <span class='ocrx_word' id='word_1_99' title='bbox 1398 1349 1585 1420; x_wconf 88' lang='lat' dir='ltr'>ignota</span> <span class='ocrx_word' id='word_1_100' title='bbox 1612 1347 1873 1418; x_wconf 66' lang='lat' dir='ltr'>praeferre</span> 
     </span>
    </p>
   </div>
   <div class='ocr_carea' id='block_1_16' title="bbox 270 1432 1871 1508">
    <p class='ocr_par' dir='ltr' id='par_1_16' title="bbox 270 1432 1871 1508">
     <span class='ocr_line' id='line_1_16' title="bbox 270 1432 1871 1508; baseline 0.004 -24"><span class='ocrx_word' id='word_1_101' title='bbox 270 1446 381 1485; x_wconf 92' lang='lat' dir='ltr'>non</span> <span class='ocrx_word' id='word_1_102' title='bbox 440 1432 557 1486; x_wconf 90' lang='lat' dir='ltr'>sine</span> <span class='ocrx_word' id='word_1_103' title='bbox 604 1434 893 1489; x_wconf 88' lang='lat' dir='ltr'>derisionis</span> <span class='ocrx_word' id='word_1_104' title='bbox 955 1437 1219 1492; x_wconf 90' lang='lat' dir='ltr'>cachinno</span> <span class='ocrx_word' id='word_1_105' title='bbox 1247 1437 1608 1508; x_wconf 86' lang='lat' dir='ltr'>proferebant.</span> <span class='ocrx_word' id='word_1_106' title='bbox 1671 1438 1871 1491; x_wconf 81' lang='lat' dir='ltr'>Verum</span> 
     </span>
    </p>
   </div>
   <div class='ocr_carea' id='block_1_17' title="bbox 270 1518 1871 1597">
    <p class='ocr_par' dir='ltr' id='par_1_17' title="bbox 270 1518 1871 1597">
     <span class='ocr_line' id='line_1_17' title="bbox 270 1518 1871 1597; baseline 0.005 -26"><span class='ocrx_word' id='word_1_107' title='bbox 270 1518 387 1575; x_wconf 67' lang='lat' dir='ltr'>haec</span> <span class='ocrx_word' id='word_1_108' title='bbox 442 1520 655 1575; x_wconf 90' lang='lat' dir='ltr'>illorum</span> <span class='ocrx_word' id='word_1_109' title='bbox 698 1524 899 1578; x_wconf 89' lang='lat' dir='ltr'>derisio</span> <span class='ocrx_word' id='word_1_110' title='bbox 947 1540 979 1579; x_wconf 91' lang='lat' dir='ltr'>a</span> <span class='ocrx_word' id='word_1_111' title='bbox 1027 1540 1217 1579; x_wconf 89' lang='lat' dir='ltr'>sanum</span> <span class='ocrx_word' id='word_1_112' title='bbox 1266 1526 1617 1596; x_wconf 87' lang='lat' dir='ltr'>sapientibus,</span> <span class='ocrx_word' id='word_1_113' title='bbox 1670 1539 1871 1597; x_wconf 86' lang='lat' dir='ltr'>magno</span> 
     </span>
    </p>
   </div>
   <div class='ocr_carea' id='block_1_18' title="bbox 272 1611 1870 1684">
    <p class='ocr_par' dir='ltr' id='par_1_18' title="bbox 272 1611 1870 1684">
     <span class='ocr_line' id='line_1_18' title="bbox 272 1611 1870 1684; baseline 0.004 -23"><span class='ocrx_word' id='word_1_114' title='bbox 272 1621 462 1661; x_wconf 89' lang='lat' dir='ltr'>eorum</span> <span class='ocrx_word' id='word_1_115' title='bbox 494 1611 801 1673; x_wconf 90' lang='lat' dir='ltr'>commodo,</span> <span class='ocrx_word' id='word_1_116' title='bbox 836 1611 1123 1667; x_wconf 86' lang='lat' dir='ltr'>salubriter</span> <span class='ocrx_word' id='word_1_117' title='bbox 1152 1613 1335 1668; x_wconf 89' lang='lat' dir='ltr'>derisa</span> <span class='ocrx_word' id='word_1_118' title='bbox 1379 1622 1479 1669; x_wconf 89' lang='lat' dir='ltr'>est.</span> <span class='ocrx_word' id='word_1_119' title='bbox 1514 1614 1621 1684; x_wconf 88' lang='lat' dir='ltr'>Ipsi</span> <span class='ocrx_word' id='word_1_120' title='bbox 1653 1629 1870 1684; x_wconf 90' lang='lat' dir='ltr'>quoque</span> 
     </span>
    </p>
   </div>
   <div class='ocr_carea' id='block_1_19' title="bbox 1980 460 3578 532">
    <p class='ocr_par' dir='ltr' id='par_1_19' title="bbox 1980 460 3578 532">
     <span class='ocr_line' id='line_1_19' title="bbox 1980 460 3578 532; baseline -0.003 -15"><span class='ocrx_word' id='word_1_121' title='bbox 1980 462 2154 518; x_wconf 78' lang='lat' dir='ltr'>ofﬁcio</span> <span class='ocrx_word' id='word_1_122' title='bbox 2185 464 2527 531; x_wconf 81' lang='lat' dir='ltr'>coadjutores</span> <span class='ocrx_word' id='word_1_123' title='bbox 2560 462 2801 532; x_wconf 89' lang='lat' dir='ltr'>accipiat,</span> <span class='ocrx_word' id='word_1_124' title='bbox 2838 468 2889 516; x_wconf 89' lang='lat' dir='ltr'>et</span> <span class='ocrx_word' id='word_1_125' title='bbox 2926 460 3324 515; x_wconf 89' lang='lat' dir='ltr'>comministros</span> <span class='ocrx_word' id='word_1_126' title='bbox 3354 460 3578 529; x_wconf 83' lang='lat' dir='ltr'>regula-</span> 
     </span>
    </p>
   </div>
   <div class='ocr_carea' id='block_1_20' title="bbox 1978 549 3577 622">
    <p class='ocr_par' dir='ltr' id='par_1_20' title="bbox 1978 549 3577 622">
     <span class='ocr_line' id='line_1_20' title="bbox 1978 549 3577 622; baseline -0.001 -19"><span class='ocrx_word' id='word_1_127' title='bbox 1978 551 2051 604; x_wconf 89' lang='lat' dir='ltr'>ris</span> <span class='ocrx_word' id='word_1_128' title='bbox 2100 550 2399 621; x_wconf 79' lang='lat' dir='ltr'>disciplinae</span> <span class='ocrx_word' id='word_1_129' title='bbox 2446 551 2780 622; x_wconf 80' lang='lat' dir='ltr'>experientia</span> <span class='ocrx_word' id='word_1_130' title='bbox 2828 550 3167 605; x_wconf 80' lang='lat' dir='ltr'>instructos?</span> <span class='ocrx_word' id='word_1_131' title='bbox 3209 549 3411 603; x_wconf 87' lang='lat' dir='ltr'>Verum</span> <span class='ocrx_word' id='word_1_132' title='bbox 3459 549 3577 603; x_wconf 72' lang='lat' dir='ltr'>haec</span> 
     </span>
    </p>
   </div>
   <div class='ocr_carea' id='block_1_21' title="bbox 1976 638 3574 708">
    <p class='ocr_par' dir='ltr' id='par_1_21' title="bbox 1976 638 3574 708">
     <span class='ocr_line' id='line_1_21' title="bbox 1976 638 3574 708; baseline -0.002 -15"><span class='ocrx_word' id='word_1_133' title='bbox 1976 641 2202 695; x_wconf 90' lang='lat' dir='ltr'>istorum</span> <span class='ocrx_word' id='word_1_134' title='bbox 2234 649 2358 695; x_wconf 88' lang='lat' dir='ltr'>vota</span> <span class='ocrx_word' id='word_1_135' title='bbox 2388 641 2474 695; x_wconf 89' lang='lat' dir='ltr'>vel</span> <span class='ocrx_word' id='word_1_136' title='bbox 2510 640 2687 695; x_wconf 87' lang='lat' dir='ltr'>studia</span> <span class='ocrx_word' id='word_1_137' title='bbox 2717 638 2871 694; x_wconf 80' lang='lat' dir='ltr'>vobis</span> <span class='ocrx_word' id='word_1_138' title='bbox 2920 638 3272 708; x_wconf 72' lang='lat' dir='ltr'>praejudicare</span> <span class='ocrx_word' id='word_1_139' title='bbox 3323 652 3431 691; x_wconf 94' lang='lat' dir='ltr'>non</span> <span class='ocrx_word' id='word_1_140' title='bbox 3473 651 3574 691; x_wconf 89' lang='lat' dir='ltr'>va-</span> 
     </span>
    </p>
   </div>
   <div class='ocr_carea' id='block_1_22' title="bbox 1976 724 3575 796">
    <p class='ocr_par' dir='ltr' id='par_1_22' title="bbox 1976 724 3575 796">
     <span class='ocr_line' id='line_1_22' title="bbox 1976 724 3575 796; baseline -0.002 -14"><span class='ocrx_word' id='word_1_141' title='bbox 1976 727 2105 782; x_wconf 86' lang='lat' dir='ltr'>lent.</span> <span class='ocrx_word' id='word_1_142' title='bbox 2144 730 2395 784; x_wconf 83' lang='lat' dir='ltr'>Vestrum</span> <span class='ocrx_word' id='word_1_143' title='bbox 2428 736 2511 783; x_wconf 90' lang='lat' dir='ltr'>est</span> <span class='ocrx_word' id='word_1_144' title='bbox 2538 736 2811 784; x_wconf 87' lang='lat' dir='ltr'>rectorem</span> <span class='ocrx_word' id='word_1_145' title='bbox 2850 726 3022 782; x_wconf 89' lang='lat' dir='ltr'>libere</span> <span class='ocrx_word' id='word_1_146' title='bbox 3069 726 3290 796; x_wconf 87' lang='lat' dir='ltr'>eligere,</span> <span class='ocrx_word' id='word_1_147' title='bbox 3322 724 3477 793; x_wconf 90' lang='lat' dir='ltr'>cujus</span> <span class='ocrx_word' id='word_1_148' title='bbox 3508 724 3575 779; x_wconf 92' lang='lat' dir='ltr'>de</span> 
     </span>
    </p>
   </div>
   <div class='ocr_carea' id='block_1_23' title="bbox 1976 814 3575 886">
    <p class='ocr_par' dir='ltr' id='par_1_23' title="bbox 1976 814 3575 886">
     <span class='ocr_line' id='line_1_23' title="bbox 1976 814 3575 886; baseline -0.003 -14"><span class='ocrx_word' id='word_1_149' title='bbox 1976 826 2169 872; x_wconf 85' lang='lat' dir='ltr'>caetero</span> <span class='ocrx_word' id='word_1_150' title='bbox 2219 818 2592 873; x_wconf 83' lang='lat' dir='ltr'>moderamina</span> <span class='ocrx_word' id='word_1_151' title='bbox 2638 822 2881 886; x_wconf 88' lang='lat' dir='ltr'>oporteat</span> <span class='ocrx_word' id='word_1_152' title='bbox 2928 814 3239 870; x_wconf 90' lang='lat' dir='ltr'>necessario</span> <span class='ocrx_word' id='word_1_153' title='bbox 3283 828 3575 882; x_wconf 84' lang='lat' dir='ltr'>moresque</span> 
     </span>
    </p>
   </div>
   <div class='ocr_carea' id='block_1_24' title="bbox 1974 901 3574 975">
    <p class='ocr_par' dir='ltr' id='par_1_24' title="bbox 1974 901 3574 975">
     <span class='ocr_line' id='line_1_24' title="bbox 1974 901 3574 975; baseline -0.002 -16"><span class='ocrx_word' id='word_1_154' title='bbox 1974 904 2227 959; x_wconf 88' lang='lat' dir='ltr'>tolerare.</span> <span class='ocrx_word' id='word_1_155' title='bbox 2263 906 2509 975; x_wconf 88' lang='lat' dir='ltr'>Denique</span> <span class='ocrx_word' id='word_1_156' title='bbox 2539 920 2649 960; x_wconf 90' lang='lat' dir='ltr'>non</span> <span class='ocrx_word' id='word_1_157' title='bbox 2677 904 2731 958; x_wconf 91' lang='lat' dir='ltr'>in</span> <span class='ocrx_word' id='word_1_158' title='bbox 2771 903 2939 975; x_wconf 81' lang='lat' dir='ltr'>regali</span> <span class='ocrx_word' id='word_1_159' title='bbox 2985 902 3204 973; x_wconf 88' lang='lat' dir='ltr'>palatio,</span> <span class='ocrx_word' id='word_1_160' title='bbox 3257 901 3355 955; x_wconf 93' lang='lat' dir='ltr'>sed</span> <span class='ocrx_word' id='word_1_161' title='bbox 3398 916 3574 971; x_wconf 86' lang='lat' dir='ltr'>neque</span> 
     </span>
    </p>
   </div>
   <div class='ocr_carea' id='block_1_25' title="bbox 1974 988 3571 1064">
    <p class='ocr_par' dir='ltr' id='par_1_25' title="bbox 1974 988 3571 1064">
     <span class='ocr_line' id='line_1_25' title="bbox 1974 988 3571 1064; baseline -0.004 -17"><span class='ocrx_word' id='word_1_162' title='bbox 1974 994 2029 1047; x_wconf 89' lang='lat' dir='ltr'>in</span> <span class='ocrx_word' id='word_1_163' title='bbox 2060 993 2354 1064; x_wconf 85' lang='lat' dir='ltr'>pontificali</span> <span class='ocrx_word' id='word_1_164' title='bbox 2385 993 2633 1058; x_wconf 90' lang='lat' dir='ltr'>consilio,</span> <span class='ocrx_word' id='word_1_165' title='bbox 2683 992 2978 1046; x_wconf 90' lang='lat' dir='ltr'>dummodo</span> <span class='ocrx_word' id='word_1_166' title='bbox 3024 989 3331 1046; x_wconf 90' lang='lat' dir='ltr'>schismatis</span> <span class='ocrx_word' id='word_1_167' title='bbox 3371 988 3459 1043; x_wconf 85' lang='lat' dir='ltr'>vel</span> <span class='ocrx_word' id='word_1_168' title='bbox 3488 988 3571 1041; x_wconf 80' lang='lat' dir='ltr'>al-</span> 
     </span>
    </p>
   </div>
   <div class='ocr_carea' id='block_1_26' title="bbox 1974 1076 3572 1149">
    <p class='ocr_par' dir='ltr' id='par_1_26' title="bbox 1974 1076 3572 1149">
     <span class='ocr_line' id='line_1_26' title="bbox 1974 1076 3572 1149; baseline -0.004 -12"><span class='ocrx_word' id='word_1_169' title='bbox 1974 1083 2142 1138; x_wconf 92' lang='lat' dir='ltr'>terius</span> <span class='ocrx_word' id='word_1_170' title='bbox 2172 1097 2280 1137; x_wconf 93' lang='lat' dir='ltr'>non</span> <span class='ocrx_word' id='word_1_171' title='bbox 2329 1082 2654 1137; x_wconf 78' lang='lat' dir='ltr'>interveniat</span> <span class='ocrx_word' id='word_1_172' title='bbox 2708 1096 2851 1135; x_wconf 83' lang='lat' dir='ltr'>noxa</span> <span class='ocrx_word' id='word_1_173' title='bbox 2906 1078 3169 1146; x_wconf 90' lang='lat' dir='ltr'>criminis,</span> <span class='ocrx_word' id='word_1_174' title='bbox 3218 1076 3346 1149; x_wconf 88' lang='lat' dir='ltr'>quin</span> <span class='ocrx_word' id='word_1_175' title='bbox 3392 1076 3572 1147; x_wconf 88' lang='lat' dir='ltr'>potius</span> 
     </span>
    </p>
   </div>
   <div class='ocr_carea' id='block_1_27' title="bbox 1972 1164 3577 1240">
    <p class='ocr_par' dir='ltr' id='par_1_27' title="bbox 1972 1164 3577 1240">
     <span class='ocr_line' id='line_1_27' title="bbox 1972 1164 3577 1240; baseline -0.004 -15"><span class='ocrx_word' id='word_1_176' title='bbox 1972 1172 2027 1225; x_wconf 91' lang='lat' dir='ltr'>in</span> <span class='ocrx_word' id='word_1_177' title='bbox 2059 1187 2155 1226; x_wconf 91' lang='lat' dir='ltr'>suo</span> <span class='ocrx_word' id='word_1_178' title='bbox 2186 1170 2555 1240; x_wconf 89' lang='lat' dir='ltr'>cujuscunque</span> <span class='ocrx_word' id='word_1_179' title='bbox 2584 1170 2832 1226; x_wconf 72' lang='lat' dir='ltr'>ecclesia:</span> <span class='ocrx_word' id='word_1_180' title='bbox 2863 1167 3099 1239; x_wconf 89' lang='lat' dir='ltr'>capitulo</span> <span class='ocrx_word' id='word_1_181' title='bbox 3145 1166 3376 1222; x_wconf 83' lang='lat' dir='ltr'>rectoris</span> <span class='ocrx_word' id='word_1_182' title='bbox 3408 1164 3577 1221; x_wconf 81' lang='lat' dir='ltr'>eccle-</span> 
     </span>
    </p>
   </div>
   <div class='ocr_carea' id='block_1_28' title="bbox 1972 1252 3575 1327">
    <p class='ocr_par' dir='ltr' id='par_1_28' title="bbox 1972 1252 3575 1327">
     <span class='ocr_line' id='line_1_28' title="bbox 1972 1252 3575 1327; baseline -0.004 -14"><span class='ocrx_word' id='word_1_183' title='bbox 1972 1259 2175 1315; x_wconf 86' lang='lat' dir='ltr'>siastici</span> <span class='ocrx_word' id='word_1_184' title='bbox 2201 1265 2283 1313; x_wconf 90' lang='lat' dir='ltr'>est</span> <span class='ocrx_word' id='word_1_185' title='bbox 2312 1258 2639 1313; x_wconf 89' lang='lat' dir='ltr'>celebranda</span> <span class='ocrx_word' id='word_1_186' title='bbox 2672 1257 2880 1313; x_wconf 91' lang='lat' dir='ltr'>electio.</span> <span class='ocrx_word' id='word_1_187' title='bbox 2936 1258 3141 1327; x_wconf 86' lang='lat' dir='ltr'>Itaque,</span> <span class='ocrx_word' id='word_1_188' title='bbox 3172 1263 3229 1309; x_wconf 90' lang='lat' dir='ltr'>ut</span> <span class='ocrx_word' id='word_1_189' title='bbox 3256 1270 3392 1310; x_wconf 69' lang='lat' dir='ltr'>mea:</span> <span class='ocrx_word' id='word_1_190' title='bbox 3420 1252 3575 1308; x_wconf 86' lang='lat' dir='ltr'>vobis</span> 
     </span>
    </p>
   </div>
   <div class='ocr_carea' id='block_1_29' title="bbox 1972 1341 3570 1419">
    <p class='ocr_par' dir='ltr' id='par_1_29' title="bbox 1972 1341 3570 1419">
     <span class='ocr_line' id='line_1_29' title="bbox 1972 1341 3570 1419; baseline -0.003 -18"><span class='ocrx_word' id='word_1_191' title='bbox 1972 1348 2249 1419; x_wconf 84' lang='lat' dir='ltr'>parvitatis</span> <span class='ocrx_word' id='word_1_192' title='bbox 2300 1348 2581 1401; x_wconf 72' lang='lat' dir='ltr'>sententiae</span> <span class='ocrx_word' id='word_1_193' title='bbox 2630 1347 2925 1410; x_wconf 88' lang='lat' dir='ltr'>intimetur,</span> <span class='ocrx_word' id='word_1_194' title='bbox 2976 1343 3237 1399; x_wconf 80' lang='lat' dir='ltr'>noveritis</span> <span class='ocrx_word' id='word_1_195' title='bbox 3278 1358 3366 1397; x_wconf 90' lang='lat' dir='ltr'>me</span> <span class='ocrx_word' id='word_1_196' title='bbox 3408 1341 3570 1412; x_wconf 90' lang='lat' dir='ltr'>quid-</span> 
     </span>
    </p>
   </div>
   <div class='ocr_carea' id='block_1_30' title="bbox 1972 1432 3575 1507">
    <p class='ocr_par' dir='ltr' id='par_1_30' title="bbox 1972 1432 3575 1507">
     <span class='ocr_line' id='line_1_30' title="bbox 1972 1432 3575 1507; baseline -0.004 -18"><span class='ocrx_word' id='word_1_197' title='bbox 1972 1438 2101 1507; x_wconf 90' lang='lat' dir='ltr'>quid</span> <span class='ocrx_word' id='word_1_198' title='bbox 2131 1436 2199 1491; x_wconf 92' lang='lat' dir='ltr'>de</span> <span class='ocrx_word' id='word_1_199' title='bbox 2229 1436 2493 1490; x_wconf 87' lang='lat' dir='ltr'>electione</span> <span class='ocrx_word' id='word_1_200' title='bbox 2525 1443 2701 1490; x_wconf 87' lang='lat' dir='ltr'>actum</span> <span class='ocrx_word' id='word_1_201' title='bbox 2733 1442 2831 1499; x_wconf 88' lang='lat' dir='ltr'>est,</span> <span class='ocrx_word' id='word_1_202' title='bbox 2866 1433 3076 1486; x_wconf 90' lang='lat' dir='ltr'>irritum</span> <span class='ocrx_word' id='word_1_203' title='bbox 3104 1432 3309 1485; x_wconf 88' lang='lat' dir='ltr'>habere</span> <span class='ocrx_word' id='word_1_204' title='bbox 3338 1438 3390 1485; x_wconf 89' lang='lat' dir='ltr'>et</span> <span class='ocrx_word' id='word_1_205' title='bbox 3418 1444 3575 1499; x_wconf 91' lang='lat' dir='ltr'>pror-</span> 
     </span>
    </p>
   </div>
   <div class='ocr_carea' id='block_1_31' title="bbox 1971 1516 3570 1594">
    <p class='ocr_par' dir='ltr' id='par_1_31' title="bbox 1971 1516 3570 1594">
     <span class='ocr_line' id='line_1_31' title="bbox 1971 1516 3570 1594; baseline -0.005 -16"><span class='ocrx_word' id='word_1_206' title='bbox 1971 1541 2065 1580; x_wconf 89' lang='lat' dir='ltr'>sus</span> <span class='ocrx_word' id='word_1_207' title='bbox 2094 1524 2268 1577; x_wconf 88' lang='lat' dir='ltr'>inana.</span> <span class='ocrx_word' id='word_1_208' title='bbox 2304 1526 2413 1578; x_wconf 92' lang='lat' dir='ltr'>Vos</span> <span class='ocrx_word' id='word_1_209' title='bbox 2444 1538 2661 1594; x_wconf 89' lang='lat' dir='ltr'>quoque</span> <span class='ocrx_word' id='word_1_210' title='bbox 2690 1538 2788 1593; x_wconf 91' lang='lat' dir='ltr'>pro</span> <span class='ocrx_word' id='word_1_211' title='bbox 2833 1520 3033 1576; x_wconf 89' lang='lat' dir='ltr'>infecto</span> <span class='ocrx_word' id='word_1_212' title='bbox 3073 1519 3338 1573; x_wconf 84' lang='lat' dir='ltr'>habentes</span> <span class='ocrx_word' id='word_1_213' title='bbox 3390 1516 3570 1587; x_wconf 90' lang='lat' dir='ltr'>quod-</span> 
     </span>
    </p>
   </div>
   <div class='ocr_carea' id='block_1_32' title="bbox 1971 1604 3569 1684">
    <p class='ocr_par' dir='ltr' id='par_1_32' title="bbox 1971 1604 3569 1684">
     <span class='ocr_line' id='line_1_32' title="bbox 1971 1604 3569 1684; baseline -0.006 -17"><span class='ocrx_word' id='word_1_214' title='bbox 1971 1628 2183 1684; x_wconf 88' lang='lat' dir='ltr'>cunque</span> <span class='ocrx_word' id='word_1_215' title='bbox 2212 1628 2376 1682; x_wconf 88' lang='lat' dir='ltr'>super</span> <span class='ocrx_word' id='word_1_216' title='bbox 2395 1612 2498 1667; x_wconf 88' lang='lat' dir='ltr'>hoc</span> <span class='ocrx_word' id='word_1_217' title='bbox 2516 1627 2645 1681; x_wconf 90' lang='lat' dir='ltr'>pars</span> <span class='ocrx_word' id='word_1_218' title='bbox 2664 1611 2913 1681; x_wconf 58' lang='lat' dir='ltr'>quaedam</span> <span class='ocrx_word' id='word_1_219' title='bbox 2939 1616 3113 1663; x_wconf 70' lang='lat' dir='ltr'>enatus</span> <span class='ocrx_word' id='word_1_220' title='bbox 3143 1606 3310 1660; x_wconf 88' lang='lat' dir='ltr'>vertri</span> <span class='ocrx_word' id='word_1_221' title='bbox 3328 1604 3569 1660; x_wconf 89' lang='lat' dir='ltr'>noscitur</span> 
     </span>
    </p>
   </div>
   <div class='ocr_carea' id='block_1_33' title="bbox 272 1693 3573 1783">
    <p class='ocr_par' dir='ltr' id='par_1_33' title="bbox 272 1693 3573 1783">
     <span class='ocr_line' id='line_1_33' title="bbox 272 1693 3573 1783; baseline -0 -35"><span class='ocrx_word' id='word_1_222' title='bbox 272 1695 342 1748; x_wconf 89' lang='lat' dir='ltr'>ad</span> <span class='ocrx_word' id='word_1_223' title='bbox 370 1694 715 1761; x_wconf 88' lang='lat' dir='ltr'>immensum,</span> <span class='ocrx_word' id='word_1_224' title='bbox 744 1714 853 1753; x_wconf 89' lang='lat' dir='ltr'>non</span> <span class='ocrx_word' id='word_1_225' title='bbox 884 1702 1046 1755; x_wconf 89' lang='lat' dir='ltr'>modo</span> <span class='ocrx_word' id='word_1_226' title='bbox 1076 1718 1206 1765; x_wconf 65' lang='lat' dir='ltr'>sum,</span> <span class='ocrx_word' id='word_1_227' title='bbox 1242 1702 1350 1756; x_wconf 92' lang='lat' dir='ltr'>imo</span> <span class='ocrx_word' id='word_1_228' title='bbox 1384 1709 1434 1756; x_wconf 90' lang='lat' dir='ltr'>et</span> <span class='ocrx_word' id='word_1_229' title='bbox 1478 1702 1641 1755; x_wconf 88' lang='lat' dir='ltr'>totius</span> <span class='ocrx_word' id='word_1_230' title='bbox 1671 1700 1865 1755; x_wconf 84' lang='lat' dir='ltr'>Eccle-</span> <span class='ocrx_word' id='word_1_231' title='bbox 1899 1724 1950 1783; x_wconf 86' lang='lat' dir='ltr'><strong>B</strong></span> <span class='ocrx_word' id='word_1_232' title='bbox 1972 1709 2285 1765; x_wconf 86' lang='lat' dir='ltr'>attentasse,</span> <span class='ocrx_word' id='word_1_233' title='bbox 2320 1701 2386 1753; x_wconf 92' lang='lat' dir='ltr'>ad</span> <span class='ocrx_word' id='word_1_234' title='bbox 2416 1700 2694 1770; x_wconf 88' lang='lat' dir='ltr'>propriam</span> <span class='ocrx_word' id='word_1_235' title='bbox 2741 1714 2862 1753; x_wconf 90' lang='lat' dir='ltr'>cum</span> <span class='ocrx_word' id='word_1_236' title='bbox 2909 1697 3007 1751; x_wconf 89' lang='lat' dir='ltr'>Dei</span> <span class='ocrx_word' id='word_1_237' title='bbox 3054 1693 3433 1749; x_wconf 87' lang='lat' dir='ltr'>benedictione</span> <span class='ocrx_word' id='word_1_238' title='bbox 3482 1706 3573 1747; x_wconf 89' lang='lat' dir='ltr'>ec-</span> 
     </span>
    </p>
   </div>
   <div class='ocr_carea' id='block_1_34' title="bbox 269 1782 1866 1859">
    <p class='ocr_par' dir='ltr' id='par_1_34' title="bbox 269 1782 1866 1859">
     <span class='ocr_line' id='line_1_34' title="bbox 269 1782 1866 1859; baseline 0.005 -23"><span class='ocrx_word' id='word_1_239' title='bbox 269 1782 365 1837; x_wconf 68' lang='lat' dir='ltr'>siaa</span> <span class='ocrx_word' id='word_1_240' title='bbox 423 1793 626 1840; x_wconf 80' lang='lat' dir='ltr'>sanctae</span> <span class='ocrx_word' id='word_1_241' title='bbox 690 1787 895 1851; x_wconf 89' lang='lat' dir='ltr'>decus,</span> <span class='ocrx_word' id='word_1_242' title='bbox 947 1805 1108 1859; x_wconf 89' lang='lat' dir='ltr'>quem</span> <span class='ocrx_word' id='word_1_243' title='bbox 1157 1790 1435 1858; x_wconf 89' lang='lat' dir='ltr'>pueriliter</span> <span class='ocrx_word' id='word_1_244' title='bbox 1491 1790 1866 1859; x_wconf 86' lang='lat' dir='ltr'>despexerant,</span> 
     </span>
    </p>
   </div>
   <div class='ocr_carea' id='block_1_35' title="bbox 268 1876 1869 1949">
    <p class='ocr_par' dir='ltr' id='par_1_35' title="bbox 268 1876 1869 1949">
     <span class='ocr_line' id='line_1_35' title="bbox 268 1876 1869 1949; baseline 0.006 -25"><span class='ocrx_word' id='word_1_245' title='bbox 268 1880 475 1927; x_wconf 89' lang='lat' dir='ltr'>mutato</span> <span class='ocrx_word' id='word_1_246' title='bbox 506 1882 729 1943; x_wconf 88' lang='lat' dir='ltr'>repente</span> <span class='ocrx_word' id='word_1_247' title='bbox 760 1876 1005 1939; x_wconf 91' lang='lat' dir='ltr'>consilio,</span> <span class='ocrx_word' id='word_1_248' title='bbox 1048 1878 1377 1933; x_wconf 85' lang='lat' dir='ltr'>unanimiter</span> <span class='ocrx_word' id='word_1_249' title='bbox 1422 1878 1638 1932; x_wconf 91' lang='lat' dir='ltr'>demum</span> <span class='ocrx_word' id='word_1_250' title='bbox 1682 1879 1869 1949; x_wconf 85' lang='lat' dir='ltr'>elege-</span> 
     </span>
    </p>
   </div>
   <div class='ocr_carea' id='block_1_36' title="bbox 272 1961 1873 2037">
    <p class='ocr_par' dir='ltr' id='par_1_36' title="bbox 272 1961 1873 2037">
     <span class='ocr_line' id='line_1_36' title="bbox 272 1961 1873 2037; baseline 0.004 -25"><span class='ocrx_word' id='word_1_251' title='bbox 272 1967 420 2013; x_wconf 90' lang='lat' dir='ltr'>runt.</span> <span class='ocrx_word' id='word_1_252' title='bbox 462 1961 558 2030; x_wconf 88' lang='lat' dir='ltr'>Ita,</span> <span class='ocrx_word' id='word_1_253' title='bbox 595 1978 753 2032; x_wconf 89' lang='lat' dir='ltr'>quem</span> <span class='ocrx_word' id='word_1_254' title='bbox 786 1962 855 2017; x_wconf 90' lang='lat' dir='ltr'>ab</span> <span class='ocrx_word' id='word_1_255' title='bbox 903 1972 1108 2019; x_wconf 69' lang='lat' dir='ltr'>aeterno</span> <span class='ocrx_word' id='word_1_256' title='bbox 1157 1965 1211 2019; x_wconf 89' lang='lat' dir='ltr'>in</span> <span class='ocrx_word' id='word_1_257' title='bbox 1257 1966 1363 2020; x_wconf 89' lang='lat' dir='ltr'>hoc</span> <span class='ocrx_word' id='word_1_258' title='bbox 1407 1966 1583 2035; x_wconf 89' lang='lat' dir='ltr'>ipsum</span> <span class='ocrx_word' id='word_1_259' title='bbox 1630 1965 1873 2037; x_wconf 86' lang='lat' dir='ltr'>elegerat</span> 
     </span>
    </p>
   </div>
   <div class='ocr_carea' id='block_1_37' title="bbox 266 2052 1869 2127">
    <p class='ocr_par' dir='ltr' id='par_1_37' title="bbox 266 2052 1869 2127">
     <span class='ocr_line' id='line_1_37' title="bbox 266 2052 1869 2127; baseline 0.001 -19"><span class='ocrx_word' id='word_1_260' title='bbox 266 2052 549 2117; x_wconf 89' lang='lat' dir='ltr'>Dominus,</span> <span class='ocrx_word' id='word_1_261' title='bbox 604 2060 849 2123; x_wconf 90' lang='lat' dir='ltr'>tempore</span> <span class='ocrx_word' id='word_1_262' title='bbox 909 2053 1164 2108; x_wconf 82' lang='lat' dir='ltr'>divinitus</span> <span class='ocrx_word' id='word_1_263' title='bbox 1222 2054 1488 2124; x_wconf 70' lang='lat' dir='ltr'>praefinito</span> <span class='ocrx_word' id='word_1_264' title='bbox 1534 2054 1754 2127; x_wconf 90' lang='lat' dir='ltr'>eligitur</span> <span class='ocrx_word' id='word_1_265' title='bbox 1801 2056 1869 2109; x_wconf 89' lang='lat' dir='ltr'>ab</span> 
     </span>
    </p>
   </div>
   <div class='ocr_carea' id='block_1_38' title="bbox 264 2140 1871 2215">
    <p class='ocr_par' dir='ltr' id='par_1_38' title="bbox 264 2140 1871 2215">
     <span class='ocr_line' id='line_1_38' title="bbox 264 2140 1871 2215; baseline 0.002 -22"><span class='ocrx_word' id='word_1_266' title='bbox 264 2140 593 2195; x_wconf 91' lang='lat' dir='ltr'>hominibus.</span> <span class='ocrx_word' id='word_1_267' title='bbox 619 2140 970 2195; x_wconf 88' lang='lat' dir='ltr'>Gratulantur</span> <span class='ocrx_word' id='word_1_268' title='bbox 989 2141 1361 2211; x_wconf 89' lang='lat' dir='ltr'>quinoverant</span> <span class='ocrx_word' id='word_1_269' title='bbox 1382 2159 1526 2211; x_wconf 90' lang='lat' dir='ltr'>eum,</span> <span class='ocrx_word' id='word_1_270' title='bbox 1554 2150 1605 2197; x_wconf 92' lang='lat' dir='ltr'>et</span> <span class='ocrx_word' id='word_1_271' title='bbox 1626 2142 1718 2215; x_wconf 90' lang='lat' dir='ltr'>qui</span> <span class='ocrx_word' id='word_1_272' title='bbox 1738 2143 1871 2197; x_wconf 79' lang='lat' dir='ltr'>noti-</span> 
     </span>
    </p>
   </div>
   <div class='ocr_carea' id='block_1_39' title="bbox 265 2228 1867 2299">
    <p class='ocr_par' dir='ltr' id='par_1_39' title="bbox 265 2228 1867 2299">
     <span class='ocr_line' id='line_1_39' title="bbox 265 2228 1867 2299; baseline 0.002 -18"><span class='ocrx_word' id='word_1_273' title='bbox 265 2228 354 2283; x_wconf 63' lang='lat' dir='ltr'>tie</span> <span class='ocrx_word' id='word_1_274' title='bbox 382 2229 497 2296; x_wconf 88' lang='lat' dir='ltr'>ejus</span> <span class='ocrx_word' id='word_1_275' title='bbox 528 2236 778 2299; x_wconf 85' lang='lat' dir='ltr'>expertes</span> <span class='ocrx_word' id='word_1_276' title='bbox 809 2236 980 2293; x_wconf 90' lang='lat' dir='ltr'>erant,</span> <span class='ocrx_word' id='word_1_277' title='bbox 1016 2229 1274 2284; x_wconf 87' lang='lat' dir='ltr'>mirantur</span> <span class='ocrx_word' id='word_1_278' title='bbox 1300 2249 1313 2296; x_wconf 88' lang='lat'>;</span> <span class='ocrx_word' id='word_1_279' title='bbox 1344 2231 1399 2285; x_wconf 92' lang='lat' dir='ltr'>in</span> <span class='ocrx_word' id='word_1_280' title='bbox 1428 2246 1712 2286; x_wconf 89' lang='lat' dir='ltr'>commune</span> <span class='ocrx_word' id='word_1_281' title='bbox 1740 2245 1867 2285; x_wconf 87' lang='lat' dir='ltr'>vero</span> 
     </span>
    </p>
   </div>
   <div class='ocr_carea' id='block_1_40' title="bbox 265 2316 1866 2375">
    <p class='ocr_par' dir='ltr' id='par_1_40' title="bbox 265 2316 1866 2375">
     <span class='ocr_line' id='line_1_40' title="bbox 265 2316 1866 2375; baseline 0.002 -5"><span class='ocrx_word' id='word_1_282' title='bbox 265 2317 333 2369; x_wconf 91' lang='lat' dir='ltr'>ab</span> <span class='ocrx_word' id='word_1_283' title='bbox 362 2316 612 2372; x_wconf 89' lang='lat' dir='ltr'>omnibus</span> <span class='ocrx_word' id='word_1_284' title='bbox 660 2316 924 2371; x_wconf 92' lang='lat' dir='ltr'>Dominus</span> <span class='ocrx_word' id='word_1_285' title='bbox 971 2318 1118 2373; x_wconf 88' lang='lat' dir='ltr'>Deus</span> <span class='ocrx_word' id='word_1_286' title='bbox 1163 2334 1298 2375; x_wconf 88' lang='lat' dir='ltr'>voce</span> <span class='ocrx_word' id='word_1_287' title='bbox 1347 2318 1606 2374; x_wconf 90' lang='lat' dir='ltr'>altissima</span> <span class='ocrx_word' id='word_1_288' title='bbox 1656 2319 1866 2375; x_wconf 89' lang='lat' dir='ltr'>collau-</span> 
     </span>
    </p>
   </div>
   <div class='ocr_carea' id='block_1_41' title="bbox 265 2404 434 2459">
    <p class='ocr_par' dir='ltr' id='par_1_41' title="bbox 265 2404 434 2459">
     <span class='ocr_line' id='line_1_41' title="bbox 265 2404 434 2459; baseline 0.006 -1"><span class='ocrx_word' id='word_1_289' title='bbox 265 2404 434 2459; x_wconf 88' lang='lat' dir='ltr'>datur.</span> 
     </span>
    </p>
   </div>
   <div class='ocr_carea' id='block_1_42' title="bbox 865 2530 1199 2586">
    <p class='ocr_par' dir='ltr' id='par_1_42' title="bbox 865 2530 1199 2586">
     <span class='ocr_line' id='line_1_42' title="bbox 865 2530 1199 2586; baseline -0.003 -1"><span class='ocrx_word' id='word_1_290' title='bbox 865 2530 1090 2586; x_wconf 81' lang='lat' dir='ltr'>CAPUT</span> <span class='ocrx_word' id='word_1_291' title='bbox 1134 2531 1199 2585; x_wconf 90' lang='lat' dir='ltr'>Il.</span> 
     </span>
    </p>
   </div>
   <div class='ocr_carea' id='block_1_43' title="bbox 272 2655 1864 2727">
    <p class='ocr_par' dir='ltr' id='par_1_43' title="bbox 272 2655 1864 2727">
     <span class='ocr_line' id='line_1_43' title="bbox 272 2655 1864 2727; baseline 0.001 -17"><span class='ocrx_word' id='word_1_292' title='bbox 272 2655 529 2727; x_wconf 78' lang='lat' dir='ltr'>Qualiter</span> <span class='ocrx_word' id='word_1_293' title='bbox 546 2655 699 2724; x_wconf 84' lang='lat' dir='ltr'>Hugo</span> <span class='ocrx_word' id='word_1_294' title='bbox 721 2656 1055 2711; x_wconf 82' lang='lat' dir='ltr'>electionem</span> <span class='ocrx_word' id='word_1_295' title='bbox 1085 2658 1264 2727; x_wconf 77' lang='lat' dir='ltr'>primo</span> <span class='ocrx_word' id='word_1_296' title='bbox 1296 2656 1364 2710; x_wconf 86' lang='lat' dir='ltr'>de</span> <span class='ocrx_word' id='word_1_297' title='bbox 1380 2671 1437 2711; x_wconf 86' lang='lat' dir='ltr'>se</span> <span class='ocrx_word' id='word_1_298' title='bbox 1466 2658 1683 2725; x_wconf 79' lang='lat' dir='ltr'>factam</span> <span class='ocrx_word' id='word_1_299' title='bbox 1706 2670 1864 2726; x_wconf 85' lang='lat' dir='ltr'>repu-</span> 
     </span>
    </p>
   </div>
   <div class='ocr_carea' id='block_1_44' title="bbox 335 2726 1864 2798">
    <p class='ocr_par' dir='ltr' id='par_1_44' title="bbox 335 2726 1864 2798">
     <span class='ocr_line' id='line_1_44' title="bbox 335 2726 1864 2798; baseline 0 -17"><span class='ocrx_word' id='word_1_300' title='bbox 335 2731 464 2781; x_wconf 83' lang='lat' dir='ltr'>tans</span> <span class='ocrx_word' id='word_1_301' title='bbox 492 2726 722 2798; x_wconf 82' lang='lat' dir='ltr'>irritam</span> <span class='ocrx_word' id='word_1_302' title='bbox 740 2730 795 2781; x_wconf 81' lang='lat' dir='ltr'>et</span> <span class='ocrx_word' id='word_1_303' title='bbox 816 2728 1067 2798; x_wconf 75' lang='lat' dir='ltr'>inanem,</span> <span class='ocrx_word' id='word_1_304' title='bbox 1092 2728 1163 2781; x_wconf 86' lang='lat' dir='ltr'>ad</span> <span class='ocrx_word' id='word_1_305' title='bbox 1183 2743 1241 2781; x_wconf 78' lang='lat' dir='ltr'>se</span> <span class='ocrx_word' id='word_1_306' title='bbox 1260 2728 1611 2781; x_wconf 75' lang='lat' dir='ltr'>venientibus</span> <span class='ocrx_word' id='word_1_307' title='bbox 1631 2743 1864 2798; x_wconf 82' lang='lat' dir='ltr'>persua-</span> 
     </span>
    </p>
   </div>
   <div class='ocr_carea' id='block_1_45' title="bbox 332 2796 1862 2864">
    <p class='ocr_par' dir='ltr' id='par_1_45' title="bbox 332 2796 1862 2864">
     <span class='ocr_line' id='line_1_45' title="bbox 332 2796 1862 2864; baseline 0.001 -13"><span class='ocrx_word' id='word_1_308' title='bbox 332 2798 512 2864; x_wconf 84' lang='lat' dir='ltr'>situt,</span> <span class='ocrx_word' id='word_1_309' title='bbox 537 2796 607 2851; x_wconf 85' lang='lat' dir='ltr'>ad</span> <span class='ocrx_word' id='word_1_310' title='bbox 628 2797 1011 2851; x_wconf 84' lang='lat' dir='ltr'>cathedralem</span> <span class='ocrx_word' id='word_1_311' title='bbox 1046 2798 1341 2852; x_wconf 82' lang='lat' dir='ltr'>ecclesiam</span> <span class='ocrx_word' id='word_1_312' title='bbox 1382 2796 1717 2863; x_wconf 77' lang='lat' dir='ltr'>remeantes,</span> <span class='ocrx_word' id='word_1_313' title='bbox 1752 2798 1862 2852; x_wconf 86' lang='lat' dir='ltr'>ele-</span> 
     </span>
    </p>
   </div>
   <div class='ocr_carea' id='block_1_46' title="bbox 332 2868 1571 2923">
    <p class='ocr_par' dir='ltr' id='par_1_46' title="bbox 332 2868 1571 2923">
     <span class='ocr_line' id='line_1_46' title="bbox 332 2868 1571 2923; baseline -0.001 -1"><span class='ocrx_word' id='word_1_314' title='bbox 332 2869 578 2923; x_wconf 84' lang='lat' dir='ltr'>ctionem</span> <span class='ocrx_word' id='word_1_315' title='bbox 609 2868 813 2922; x_wconf 78' lang='lat' dir='ltr'>ibidem</span> <span class='ocrx_word' id='word_1_316' title='bbox 844 2869 1175 2923; x_wconf 77' lang='lat' dir='ltr'>canonicam</span> <span class='ocrx_word' id='word_1_317' title='bbox 1198 2868 1571 2923; x_wconf 79' lang='lat' dir='ltr'>celebrarent.</span> 
     </span>
    </p>
   </div>
   <div class='ocr_carea' id='block_1_47' title="bbox 330 2971 1861 3045">
    <p class='ocr_par' dir='ltr' id='par_1_47' title="bbox 330 2971 1861 3045">
     <span class='ocr_line' id='line_1_47' title="bbox 330 2971 1861 3045; baseline 0.001 -18"><span class='ocrx_word' id='word_1_318' title='bbox 330 2971 489 3028; x_wconf 89' lang='lat' dir='ltr'>Clero</span> <span class='ocrx_word' id='word_1_319' title='bbox 518 2972 680 3045; x_wconf 86' lang='lat' dir='ltr'>igitur</span> <span class='ocrx_word' id='word_1_320' title='bbox 710 2980 943 3043; x_wconf 88' lang='lat' dir='ltr'>petente,</span> <span class='ocrx_word' id='word_1_321' title='bbox 978 2988 1107 3043; x_wconf 89' lang='lat' dir='ltr'>rege</span> <span class='ocrx_word' id='word_1_322' title='bbox 1155 2973 1509 3045; x_wconf 85' lang='lat' dir='ltr'>approbante,</span> <span class='ocrx_word' id='word_1_323' title='bbox 1544 2975 1861 3044; x_wconf 89' lang='lat' dir='ltr'>proceribus</span> 
     </span>
    </p>
   </div>
   <div class='ocr_carea' id='block_1_48' title="bbox 258 3061 1929 3141">
    <p class='ocr_par' dir='ltr' id='par_1_48' title="bbox 258 3061 1929 3141">
     <span class='ocr_line' id='line_1_48' title="bbox 258 3061 1929 3141; baseline 0.001 -24"><span class='ocrx_word' id='word_1_324' title='bbox 258 3076 380 3117; x_wconf 91' lang='lat' dir='ltr'>cum</span> <span class='ocrx_word' id='word_1_325' title='bbox 413 3061 683 3131; x_wconf 78' lang='lat' dir='ltr'>episcopis</span> <span class='ocrx_word' id='word_1_326' title='bbox 730 3061 1176 3130; x_wconf 88' lang='lat' dir='ltr'>acclamantibus,</span> <span class='ocrx_word' id='word_1_327' title='bbox 1210 3078 1242 3117; x_wconf 86' lang='lat' dir='ltr'>a</span> <span class='ocrx_word' id='word_1_328' title='bbox 1290 3062 1710 3134; x_wconf 89' lang='lat' dir='ltr'>metropolitano</span> <span class='ocrx_word' id='word_1_329' title='bbox 1743 3064 1860 3132; x_wconf 89' lang='lat' dir='ltr'>ejus</span> <span class='ocrx_word' id='word_1_330' title='bbox 1882 3078 1929 3141; x_wconf 75' lang='grc' dir='ltr'><strong>ο</strong></span> 
     </span>
    </p>
   </div>
   <div class='ocr_carea' id='block_1_49' title="bbox 256 3149 1859 3221">
    <p class='ocr_par' dir='ltr' id='par_1_49' title="bbox 256 3149 1859 3221">
     <span class='ocr_line' id='line_1_49' title="bbox 256 3149 1859 3221; baseline 0.002 -16"><span class='ocrx_word' id='word_1_331' title='bbox 256 3165 383 3205; x_wconf 90' lang='lat' dir='ltr'>mox</span> <span class='ocrx_word' id='word_1_332' title='bbox 412 3149 603 3206; x_wconf 82' lang='lat' dir='ltr'>electio</span> <span class='ocrx_word' id='word_1_333' title='bbox 636 3150 1011 3215; x_wconf 84' lang='lat' dir='ltr'>confirmatur,</span> <span class='ocrx_word' id='word_1_334' title='bbox 1044 3152 1164 3221; x_wconf 90' lang='lat' dir='ltr'>ipso</span> <span class='ocrx_word' id='word_1_335' title='bbox 1194 3150 1408 3205; x_wconf 91' lang='lat' dir='ltr'>interim</span> <span class='ocrx_word' id='word_1_336' title='bbox 1460 3152 1514 3205; x_wconf 88' lang='lat' dir='ltr'>in</span> <span class='ocrx_word' id='word_1_337' title='bbox 1545 3168 1643 3208; x_wconf 91' lang='lat' dir='ltr'>suo</span> <span class='ocrx_word' id='word_1_338' title='bbox 1673 3168 1859 3208; x_wconf 90' lang='lat' dir='ltr'>eremo</span> 
     </span>
    </p>
   </div>
   <div class='ocr_carea' id='block_1_50' title="bbox 254 3234 1860 3307">
    <p class='ocr_par' dir='ltr' id='par_1_50' title="bbox 254 3234 1860 3307">
     <span class='ocr_line' id='line_1_50' title="bbox 254 3234 1860 3307; baseline 0.002 -19"><span class='ocrx_word' id='word_1_339' title='bbox 254 3235 473 3300; x_wconf 88' lang='lat' dir='ltr'>latente,</span> <span class='ocrx_word' id='word_1_340' title='bbox 508 3242 561 3289; x_wconf 90' lang='lat' dir='ltr'>et</span> <span class='ocrx_word' id='word_1_341' title='bbox 590 3234 721 3305; x_wconf 90' lang='lat' dir='ltr'>quid</span> <span class='ocrx_word' id='word_1_342' title='bbox 749 3235 817 3289; x_wconf 88' lang='lat' dir='ltr'>de</span> <span class='ocrx_word' id='word_1_343' title='bbox 850 3251 908 3289; x_wconf 90' lang='lat' dir='ltr'>se</span> <span class='ocrx_word' id='word_1_344' title='bbox 939 3236 1005 3288; x_wconf 90' lang='lat' dir='ltr'>ab</span> <span class='ocrx_word' id='word_1_345' title='bbox 1031 3235 1137 3289; x_wconf 88' lang='lat' dir='ltr'>illis</span> <span class='ocrx_word' id='word_1_346' title='bbox 1169 3236 1281 3305; x_wconf 81' lang='lat'>(86)</span> <span class='ocrx_word' id='word_1_347' title='bbox 1328 3236 1491 3305; x_wconf 85' lang='lat' dir='ltr'>longe</span> <span class='ocrx_word' id='word_1_348' title='bbox 1522 3252 1553 3290; x_wconf 88' lang='lat' dir='ltr'>a</span> <span class='ocrx_word' id='word_1_349' title='bbox 1584 3253 1641 3291; x_wconf 92' lang='lat' dir='ltr'>se</span> <span class='ocrx_word' id='word_1_350' title='bbox 1670 3237 1860 3307; x_wconf 89' lang='lat' dir='ltr'>positis</span> 
     </span>
    </p>
   </div>
   <div class='ocr_carea' id='block_1_51' title="bbox 254 3323 1860 3395">
    <p class='ocr_par' dir='ltr' id='par_1_51' title="bbox 254 3323 1860 3395">
     <span class='ocr_line' id='line_1_51' title="bbox 254 3323 1860 3395; baseline 0.002 -18"><span class='ocrx_word' id='word_1_351' title='bbox 254 3330 510 3395; x_wconf 83' lang='lat' dir='ltr'>ageretur</span> <span class='ocrx_word' id='word_1_352' title='bbox 538 3338 766 3392; x_wconf 88' lang='lat' dir='ltr'>prorsus</span> <span class='ocrx_word' id='word_1_353' title='bbox 796 3323 1094 3379; x_wconf 88' lang='lat' dir='ltr'>nesciente.</span> <span class='ocrx_word' id='word_1_354' title='bbox 1138 3326 1183 3378; x_wconf 85' lang='grc' dir='ltr'><strong>Α</strong></span> <span class='ocrx_word' id='word_1_355' title='bbox 1228 3323 1348 3379; x_wconf 91' lang='lat' dir='ltr'>loco</span> <span class='ocrx_word' id='word_1_356' title='bbox 1388 3332 1565 3379; x_wconf 87' lang='lat' dir='ltr'>autem</span> <span class='ocrx_word' id='word_1_357' title='bbox 1595 3324 1733 3395; x_wconf 90' lang='lat' dir='ltr'>ipso,</span> <span class='ocrx_word' id='word_1_358' title='bbox 1769 3324 1860 3380; x_wconf 88' lang='lat' dir='ltr'>ubi</span> 
     </span>
    </p>
   </div>
   <div class='ocr_carea' id='block_1_52' title="bbox 254 3412 1857 3485">
    <p class='ocr_par' dir='ltr' id='par_1_52' title="bbox 254 3412 1857 3485">
     <span class='ocr_line' id='line_1_52' title="bbox 254 3412 1857 3485; baseline 0 -18"><span class='ocrx_word' id='word_1_359' title='bbox 254 3412 529 3467; x_wconf 88' lang='lat' dir='ltr'>celebrata</span> <span class='ocrx_word' id='word_1_360' title='bbox 560 3420 639 3465; x_wconf 91' lang='lat' dir='ltr'>est</span> <span class='ocrx_word' id='word_1_361' title='bbox 672 3412 864 3468; x_wconf 88' lang='lat' dir='ltr'>electio</span> <span class='ocrx_word' id='word_1_362' title='bbox 896 3412 1034 3482; x_wconf 88' lang='lat' dir='ltr'>ipsa,</span> <span class='ocrx_word' id='word_1_363' title='bbox 1082 3412 1269 3467; x_wconf 89' lang='lat' dir='ltr'>directi</span> <span class='ocrx_word' id='word_1_364' title='bbox 1324 3420 1446 3467; x_wconf 89' lang='lat' dir='ltr'>sunt</span> <span class='ocrx_word' id='word_1_365' title='bbox 1483 3413 1549 3466; x_wconf 90' lang='lat' dir='ltr'>ad</span> <span class='ocrx_word' id='word_1_366' title='bbox 1580 3429 1702 3468; x_wconf 91' lang='lat' dir='ltr'>eum</span> <span class='ocrx_word' id='word_1_367' title='bbox 1734 3414 1857 3485; x_wconf 92' lang='lat' dir='ltr'>qui-</span> 
     </span>
    </p>
   </div>
   <div class='ocr_carea' id='block_1_53' title="bbox 255 3499 1858 3572">
    <p class='ocr_par' dir='ltr' id='par_1_53' title="bbox 255 3499 1858 3572">
     <span class='ocr_line' id='line_1_53' title="bbox 255 3499 1858 3572; baseline 0 -17"><span class='ocrx_word' id='word_1_368' title='bbox 255 3501 375 3555; x_wconf 91' lang='lat' dir='ltr'>dam</span> <span class='ocrx_word' id='word_1_369' title='bbox 407 3518 471 3553; x_wconf 87' lang='lat' dir='ltr'>ex</span> <span class='ocrx_word' id='word_1_370' title='bbox 503 3500 689 3569; x_wconf 88' lang='lat' dir='ltr'>primis</span> <span class='ocrx_word' id='word_1_371' title='bbox 737 3499 1084 3565; x_wconf 90' lang='lat' dir='ltr'>electoribus,</span> <span class='ocrx_word' id='word_1_372' title='bbox 1135 3500 1239 3555; x_wconf 90' lang='lat' dir='ltr'>illis</span> <span class='ocrx_word' id='word_1_373' title='bbox 1266 3501 1371 3568; x_wconf 92' lang='lat' dir='ltr'>jam</span> <span class='ocrx_word' id='word_1_374' title='bbox 1405 3501 1459 3555; x_wconf 91' lang='lat' dir='ltr'>in</span> <span class='ocrx_word' id='word_1_375' title='bbox 1505 3518 1601 3572; x_wconf 89' lang='lat' dir='ltr'>spe</span> <span class='ocrx_word' id='word_1_376' title='bbox 1645 3502 1858 3557; x_wconf 90' lang='lat' dir='ltr'>clericis</span> 
     </span>
    </p>
   </div>
   <div class='ocr_carea' id='block_1_54' title="bbox 255 3587 1854 3660">
    <p class='ocr_par' dir='ltr' id='par_1_54' title="bbox 255 3587 1854 3660">
     <span class='ocr_line' id='line_1_54' title="bbox 255 3587 1854 3660; baseline 0.001 -17"><span class='ocrx_word' id='word_1_377' title='bbox 255 3595 307 3643; x_wconf 88' lang='lat' dir='ltr'>et</span> <span class='ocrx_word' id='word_1_378' title='bbox 338 3587 462 3642; x_wconf 85' lang='lat' dir='ltr'>filiis</span> <span class='ocrx_word' id='word_1_379' title='bbox 494 3588 626 3643; x_wconf 88' lang='lat' dir='ltr'>suis.</span> <span class='ocrx_word' id='word_1_380' title='bbox 695 3588 798 3655; x_wconf 90' lang='lat' dir='ltr'>Qui</span> <span class='ocrx_word' id='word_1_381' title='bbox 831 3589 1036 3643; x_wconf 89' lang='lat' dir='ltr'>domini</span> <span class='ocrx_word' id='word_1_382' title='bbox 1077 3589 1475 3660; x_wconf 82' lang='lat' dir='ltr'>archiepisc0pi</span> <span class='ocrx_word' id='word_1_383' title='bbox 1519 3590 1854 3656; x_wconf 88' lang='lat' dir='ltr'>mandatum,</span> 
     </span>
    </p>
   </div>
   <div class='ocr_carea' id='block_1_55' title="bbox 254 3676 1855 3749">
    <p class='ocr_par' dir='ltr' id='par_1_55' title="bbox 254 3676 1855 3749">
     <span class='ocr_line' id='line_1_55' title="bbox 254 3676 1855 3749; baseline 0.002 -18"><span class='ocrx_word' id='word_1_384' title='bbox 254 3693 375 3731; x_wconf 91' lang='lat' dir='ltr'>cum</span> <span class='ocrx_word' id='word_1_385' title='bbox 419 3676 610 3731; x_wconf 81' lang='lat' dir='ltr'>litteris</span> <span class='ocrx_word' id='word_1_386' title='bbox 661 3676 825 3749; x_wconf 87' lang='lat' dir='ltr'>regiis</span> <span class='ocrx_word' id='word_1_387' title='bbox 874 3691 1089 3748; x_wconf 90' lang='lat' dir='ltr'>quoque</span> <span class='ocrx_word' id='word_1_388' title='bbox 1136 3676 1466 3743; x_wconf 85' lang='lat' dir='ltr'>deferentes,</span> <span class='ocrx_word' id='word_1_389' title='bbox 1514 3686 1570 3732; x_wconf 91' lang='lat' dir='ltr'>ut</span> <span class='ocrx_word' id='word_1_390' title='bbox 1623 3678 1692 3733; x_wconf 88' lang='lat' dir='ltr'>ad</span> <span class='ocrx_word' id='word_1_391' title='bbox 1733 3695 1855 3734; x_wconf 88' lang='lat' dir='ltr'>eum</span> 
     </span>
    </p>
   </div>
   <div class='ocr_carea' id='block_1_56' title="bbox 252 3765 1855 3837">
    <p class='ocr_par' dir='ltr' id='par_1_56' title="bbox 252 3765 1855 3837">
     <span class='ocr_line' id='line_1_56' title="bbox 252 3765 1855 3837; baseline 0.002 -18"><span class='ocrx_word' id='word_1_392' title='bbox 252 3765 593 3836; x_wconf 89' lang='lat' dir='ltr'>perveniunt,</span> <span class='ocrx_word' id='word_1_393' title='bbox 626 3765 674 3819; x_wconf 89' lang='lat' dir='ltr'>ei</span> <span class='ocrx_word' id='word_1_394' title='bbox 719 3765 1015 3821; x_wconf 91' lang='lat' dir='ltr'>vocationis</span> <span class='ocrx_word' id='word_1_395' title='bbox 1058 3781 1169 3821; x_wconf 76' lang='lat' dir='ltr'>suae</span> <span class='ocrx_word' id='word_1_396' title='bbox 1217 3766 1465 3821; x_wconf 91' lang='lat' dir='ltr'>ordinem</span> <span class='ocrx_word' id='word_1_397' title='bbox 1514 3768 1583 3821; x_wconf 90' lang='lat' dir='ltr'>ad</span> <span class='ocrx_word' id='word_1_398' title='bbox 1626 3768 1855 3837; x_wconf 85' lang='lat' dir='ltr'>gradum</span> 
     </span>
    </p>
   </div>
   <div class='ocr_carea' id='block_1_57' title="bbox 254 3852 1853 3925">
    <p class='ocr_par' dir='ltr' id='par_1_57' title="bbox 254 3852 1853 3925">
     <span class='ocr_line' id='line_1_57' title="bbox 254 3852 1853 3925; baseline 0.001 -16"><span class='ocrx_word' id='word_1_399' title='bbox 254 3852 594 3924; x_wconf 87' lang='lat' dir='ltr'>superiorem</span> <span class='ocrx_word' id='word_1_400' title='bbox 628 3862 923 3925; x_wconf 84' lang='lat' dir='ltr'>exponunt.</span> <span class='ocrx_word' id='word_1_401' title='bbox 959 3854 1077 3922; x_wconf 87' lang='lat' dir='ltr'>Quo</span> <span class='ocrx_word' id='word_1_402' title='bbox 1108 3854 1196 3910; x_wconf 92' lang='lat' dir='ltr'>ille</span> <span class='ocrx_word' id='word_1_403' title='bbox 1227 3854 1431 3921; x_wconf 89' lang='lat' dir='ltr'>audito,</span> <span class='ocrx_word' id='word_1_404' title='bbox 1473 3855 1665 3910; x_wconf 88' lang='lat' dir='ltr'>litteris</span> <span class='ocrx_word' id='word_1_405' title='bbox 1696 3856 1853 3911; x_wconf 91' lang='lat' dir='ltr'>etiam</span> 
     </span>
    </p>
   </div>
   <div class='ocr_carea' id='block_1_58' title="bbox 252 3942 1853 4015">
    <p class='ocr_par' dir='ltr' id='par_1_58' title="bbox 252 3942 1853 4015">
     <span class='ocr_line' id='line_1_58' title="bbox 252 3942 1853 4015; baseline 0.002 -18"><span class='ocrx_word' id='word_1_406' title='bbox 252 3957 390 4014; x_wconf 89' lang='lat' dir='ltr'>quas</span> <span class='ocrx_word' id='word_1_407' title='bbox 417 3942 701 3998; x_wconf 88' lang='lat' dir='ltr'>attulerant</span> <span class='ocrx_word' id='word_1_408' title='bbox 755 3942 1014 4013; x_wconf 88' lang='lat' dir='ltr'>inspectis</span> <span class='ocrx_word' id='word_1_409' title='bbox 1056 3944 1275 4014; x_wconf 88' lang='lat' dir='ltr'>(quibus</span> <span class='ocrx_word' id='word_1_410' title='bbox 1321 3952 1443 4015; x_wconf 89' lang='lat' dir='ltr'>post</span> <span class='ocrx_word' id='word_1_411' title='bbox 1492 3944 1594 3998; x_wconf 89' lang='lat' dir='ltr'>alia</span> <span class='ocrx_word' id='word_1_412' title='bbox 1642 3944 1853 4000; x_wconf 85' lang='lat' dir='ltr'>denun-</span> 
     </span>
    </p>
   </div>
   <div class='ocr_carea' id='block_1_59' title="bbox 249 4032 1853 4105">
    <p class='ocr_par' dir='ltr' id='par_1_59' title="bbox 249 4032 1853 4105">
     <span class='ocr_line' id='line_1_59' title="bbox 249 4032 1853 4105; baseline 0.002 -21"><span class='ocrx_word' id='word_1_413' title='bbox 249 4032 480 4086; x_wconf 87' lang='lat' dir='ltr'>tiabatur</span> <span class='ocrx_word' id='word_1_414' title='bbox 509 4032 579 4098; x_wconf 90' lang='lat' dir='ltr'>ei,</span> <span class='ocrx_word' id='word_1_415' title='bbox 612 4039 879 4103; x_wconf 84' lang='lat' dir='ltr'>quatenus</span> <span class='ocrx_word' id='word_1_416' title='bbox 928 4034 1029 4086; x_wconf 88' lang='lat' dir='ltr'>sub</span> <span class='ocrx_word' id='word_1_417' title='bbox 1076 4032 1355 4088; x_wconf 87' lang='lat' dir='ltr'>celeritate</span> <span class='ocrx_word' id='word_1_418' title='bbox 1403 4033 1521 4105; x_wconf 84' lang='lat' dir='ltr'>regi</span> <span class='ocrx_word' id='word_1_419' title='bbox 1572 4042 1625 4087; x_wconf 91' lang='lat' dir='ltr'>et</span> <span class='ocrx_word' id='word_1_420' title='bbox 1670 4034 1853 4089; x_wconf 88' lang='lat' dir='ltr'>archi-</span> 
     </span>
    </p>
   </div>
   <div class='ocr_carea' id='block_1_60' title="bbox 248 4120 1854 4191">
    <p class='ocr_par' dir='ltr' id='par_1_60' title="bbox 248 4120 1854 4191">
     <span class='ocr_line' id='line_1_60' title="bbox 248 4120 1854 4191; baseline 0.002 -16"><span class='ocrx_word' id='word_1_421' title='bbox 248 4120 507 4191; x_wconf 84' lang='lat' dir='ltr'>episcOpo</span> <span class='ocrx_word' id='word_1_422' title='bbox 557 4136 677 4176; x_wconf 89' lang='lat' dir='ltr'>sese</span> <span class='ocrx_word' id='word_1_423' title='bbox 726 4128 1104 4190; x_wconf 58' lang='lat' dir='ltr'>prasentaret,</span> <span class='ocrx_word' id='word_1_424' title='bbox 1154 4121 1220 4175; x_wconf 95' lang='lat' dir='ltr'>de</span> <span class='ocrx_word' id='word_1_425' title='bbox 1269 4123 1694 4179; x_wconf 85' lang='lat' dir='ltr'>consecrationis</span> <span class='ocrx_word' id='word_1_426' title='bbox 1744 4139 1854 4178; x_wconf 74' lang='lat' dir='ltr'>sua:</span> 
     </span>
    </p>
   </div>
   <div class='ocr_carea' id='block_1_61' title="bbox 248 4209 1853 4281">
    <p class='ocr_par' dir='ltr' id='par_1_61' title="bbox 248 4209 1853 4281">
     <span class='ocr_line' id='line_1_61' title="bbox 248 4209 1853 4281; baseline 0.002 -19"><span class='ocrx_word' id='word_1_427' title='bbox 248 4209 470 4281; x_wconf 85' lang='lat' dir='ltr'>negotio</span> <span class='ocrx_word' id='word_1_428' title='bbox 501 4210 851 4279; x_wconf 84' lang='lat' dir='ltr'>tractaturus)</span> <span class='ocrx_word' id='word_1_429' title='bbox 882 4210 989 4264; x_wconf 87' lang='lat' dir='ltr'>tale</span> <span class='ocrx_word' id='word_1_430' title='bbox 1021 4210 1075 4263; x_wconf 91' lang='lat' dir='ltr'>in</span> <span class='ocrx_word' id='word_1_431' title='bbox 1132 4209 1428 4266; x_wconf 90' lang='lat' dir='ltr'>continenti</span> <span class='ocrx_word' id='word_1_432' title='bbox 1477 4211 1547 4265; x_wconf 89' lang='lat' dir='ltr'>ad</span> <span class='ocrx_word' id='word_1_433' title='bbox 1596 4211 1773 4265; x_wconf 90' lang='lat' dir='ltr'>audita</span> <span class='ocrx_word' id='word_1_434' title='bbox 1802 4219 1853 4266; x_wconf 92' lang='lat' dir='ltr'>et</span> 
     </span>
    </p>
   </div>
   <div class='ocr_carea' id='block_1_62' title="bbox 249 4296 1040 4368">
    <p class='ocr_par' dir='ltr' id='par_1_62' title="bbox 249 4296 1040 4368">
     <span class='ocr_line' id='line_1_62' title="bbox 249 4296 1040 4368; baseline 0.001 -17"><span class='ocrx_word' id='word_1_435' title='bbox 249 4298 495 4367; x_wconf 88' lang='lat' dir='ltr'>inspecta</span> <span class='ocrx_word' id='word_1_436' title='bbox 523 4296 671 4351; x_wconf 90' lang='lat' dir='ltr'>dedit</span> <span class='ocrx_word' id='word_1_437' title='bbox 700 4312 1040 4368; x_wconf 89' lang='lat' dir='ltr'>responsum.</span> 
     </span>
    </p>
   </div>
   <div class='ocr_carea' id='block_1_63' title="bbox 320 4384 1839 4456">
    <p class='ocr_par' dir='ltr' id='par_1_63' title="bbox 320 4384 1839 4456">
     <span class='ocr_line' id='line_1_63' title="bbox 320 4384 1839 4456; baseline 0.002 -16"><span class='ocrx_word' id='word_1_438' title='bbox 320 4409 339 4431; x_wconf 88' lang='lat'><strong>«</strong></span> <span class='ocrx_word' id='word_1_439' title='bbox 377 4385 518 4450; x_wconf 86' lang='lat' dir='ltr'>Non,</span> <span class='ocrx_word' id='word_1_440' title='bbox 550 4385 739 4456; x_wconf 89' lang='lat' dir='ltr'>inquit,</span> <span class='ocrx_word' id='word_1_441' title='bbox 774 4384 982 4440; x_wconf 91' lang='lat' dir='ltr'>videtur</span> <span class='ocrx_word' id='word_1_442' title='bbox 1012 4386 1335 4453; x_wconf 89' lang='lat' dir='ltr'>mirandum,</span> <span class='ocrx_word' id='word_1_443' title='bbox 1370 4388 1415 4440; x_wconf 92' lang='lat' dir='ltr'>si</span> <span class='ocrx_word' id='word_1_444' title='bbox 1465 4388 1716 4442; x_wconf 88' lang='lat' dir='ltr'>dominus</span> <span class='ocrx_word' id='word_1_445' title='bbox 1745 4402 1839 4443; x_wconf 88' lang='lat' dir='ltr'>ar-</span> 
     </span>
    </p>
   </div>
   <div class='ocr_carea' id='block_1_64' title="bbox 245 4474 1839 4545">
    <p class='ocr_par' dir='ltr' id='par_1_64' title="bbox 245 4474 1839 4545">
     <span class='ocr_line' id='line_1_64' title="bbox 245 4474 1839 4545; baseline 0.001 -16"><span class='ocrx_word' id='word_1_446' title='bbox 245 4474 642 4545; x_wconf 89' lang='lat' dir='ltr'>chiepiscopus,</span> <span class='ocrx_word' id='word_1_447' title='bbox 705 4483 795 4528; x_wconf 88' lang='lat' dir='ltr'>aut</span> <span class='ocrx_word' id='word_1_448' title='bbox 852 4474 1011 4529; x_wconf 90' lang='lat' dir='ltr'>etiam</span> <span class='ocrx_word' id='word_1_449' title='bbox 1073 4476 1324 4530; x_wconf 88' lang='lat' dir='ltr'>dominus</span> <span class='ocrx_word' id='word_1_450' title='bbox 1373 4492 1503 4541; x_wconf 84' lang='lat' dir='ltr'>rex,</span> <span class='ocrx_word' id='word_1_451' title='bbox 1550 4492 1839 4545; x_wconf 85' lang='lat' dir='ltr'>personam</span> 
     </span>
    </p>
   </div>
   <div class='ocr_carea' id='block_1_65' title="bbox 244 4561 1845 4636">
    <p class='ocr_par' dir='ltr' id='par_1_65' title="bbox 244 4561 1845 4636">
     <span class='ocr_line' id='line_1_65' title="bbox 244 4561 1845 4636; baseline 0.003 -20"><span class='ocrx_word' id='word_1_452' title='bbox 244 4578 442 4628; x_wconf 89' lang='lat' dir='ltr'>meam,</span> <span class='ocrx_word' id='word_1_453' title='bbox 494 4562 741 4633; x_wconf 86' lang='lat' dir='ltr'>quamvis</span> <span class='ocrx_word' id='word_1_454' title='bbox 792 4561 881 4616; x_wconf 91' lang='lat' dir='ltr'>tali</span> <span class='ocrx_word' id='word_1_455' title='bbox 926 4564 1128 4618; x_wconf 89' lang='lat' dir='ltr'>honore</span> <span class='ocrx_word' id='word_1_456' title='bbox 1177 4563 1476 4636; x_wconf 87' lang='lat' dir='ltr'>indignam,</span> <span class='ocrx_word' id='word_1_457' title='bbox 1528 4563 1651 4619; x_wconf 88' lang='lat' dir='ltr'>licet</span> <span class='ocrx_word' id='word_1_458' title='bbox 1696 4573 1845 4621; x_wconf 90' lang='lat' dir='ltr'>tanto</span> 
     </span>
    </p>
   </div>
   <div class='ocr_carea' id='block_1_66' title="bbox 242 4651 1844 4724">
    <p class='ocr_par' dir='ltr' id='par_1_66' title="bbox 242 4651 1844 4724">
     <span class='ocr_line' id='line_1_66' title="bbox 242 4651 1844 4724; baseline 0.002 -19"><span class='ocrx_word' id='word_1_459' title='bbox 242 4651 396 4705; x_wconf 91' lang='lat' dir='ltr'>oneri</span> <span class='ocrx_word' id='word_1_460' title='bbox 424 4651 589 4721; x_wconf 89' lang='lat' dir='ltr'>longe</span> <span class='ocrx_word' id='word_1_461' title='bbox 616 4651 899 4723; x_wconf 89' lang='lat' dir='ltr'>imparem,</span> <span class='ocrx_word' id='word_1_462' title='bbox 950 4652 1017 4705; x_wconf 90' lang='lat' dir='ltr'>ad</span> <span class='ocrx_word' id='word_1_463' title='bbox 1064 4653 1299 4724; x_wconf 87' lang='lat' dir='ltr'>gradum</span> <span class='ocrx_word' id='word_1_464' title='bbox 1345 4653 1578 4708; x_wconf 87' lang='lat' dir='ltr'>libenter</span> <span class='ocrx_word' id='word_1_465' title='bbox 1626 4653 1844 4709; x_wconf 84' lang='lat' dir='ltr'>videant</span> 
     </span>
    </p>
   </div>
   <div class='ocr_carea' id='block_1_67' title="bbox 238 4739 1842 4813">
    <p class='ocr_par' dir='ltr' id='par_1_67' title="bbox 238 4739 1842 4813">
     <span class='ocr_line' id='line_1_67' title="bbox 238 4739 1842 4813; baseline 0.003 -21"><span class='ocrx_word' id='word_1_466' title='bbox 238 4739 465 4809; x_wconf 85' lang='lat' dir='ltr'>provehi</span> <span class='ocrx_word' id='word_1_467' title='bbox 498 4739 765 4794; x_wconf 88' lang='lat' dir='ltr'>altiorem.</span> <span class='ocrx_word' id='word_1_468' title='bbox 798 4740 937 4794; x_wconf 90' lang='lat' dir='ltr'>Nam</span> <span class='ocrx_word' id='word_1_469' title='bbox 971 4750 1023 4795; x_wconf 92' lang='lat' dir='ltr'>et</span> <span class='ocrx_word' id='word_1_470' title='bbox 1047 4741 1267 4795; x_wconf 90' lang='lat' dir='ltr'>domino</span> <span class='ocrx_word' id='word_1_471' title='bbox 1298 4741 1417 4813; x_wconf 87' lang='lat' dir='ltr'>regi</span> <span class='ocrx_word' id='word_1_472' title='bbox 1449 4742 1568 4812; x_wconf 86' lang='lat' dir='ltr'>quis</span> <span class='ocrx_word' id='word_1_473' title='bbox 1600 4742 1842 4813; x_wconf 84' lang='lat' dir='ltr'>ambigat</span> 
     </span>
    </p>
   </div>
   <div class='ocr_carea' id='block_1_68' title="bbox 239 4826 1841 4901">
    <p class='ocr_par' dir='ltr' id='par_1_68' title="bbox 239 4826 1841 4901">
     <span class='ocr_line' id='line_1_68' title="bbox 239 4826 1841 4901; baseline 0.002 -21"><span class='ocrx_word' id='word_1_474' title='bbox 239 4826 582 4898; x_wconf 88' lang='lat' dir='ltr'>placiturum,</span> <span class='ocrx_word' id='word_1_475' title='bbox 615 4827 659 4880; x_wconf 91' lang='lat' dir='ltr'>si</span> <span class='ocrx_word' id='word_1_476' title='bbox 691 4827 837 4882; x_wconf 92' lang='lat' dir='ltr'>viros</span> <span class='ocrx_word' id='word_1_477' title='bbox 868 4843 898 4881; x_wconf 74' lang='grc' dir='ltr'>α</span> <span class='ocrx_word' id='word_1_478' title='bbox 929 4844 989 4882; x_wconf 88' lang='lat' dir='ltr'>se</span> <span class='ocrx_word' id='word_1_479' title='bbox 1037 4829 1318 4899; x_wconf 83' lang='lat' dir='ltr'>religionis</span> <span class='ocrx_word' id='word_1_480' title='bbox 1365 4828 1589 4883; x_wconf 89' lang='lat' dir='ltr'>obtentu</span> <span class='ocrx_word' id='word_1_481' title='bbox 1619 4830 1685 4883; x_wconf 90' lang='lat' dir='ltr'>de</span> <span class='ocrx_word' id='word_1_482' title='bbox 1715 4846 1841 4901; x_wconf 91' lang='lat' dir='ltr'>par-</span> 
     </span>
    </p>
   </div>
   <div class='ocr_carea' id='block_1_69' title="bbox 242 4914 1843 4987">
    <p class='ocr_par' dir='ltr' id='par_1_69' title="bbox 242 4914 1843 4987">
     <span class='ocr_line' id='line_1_69' title="bbox 242 4914 1843 4987; baseline 0.004 -20"><span class='ocrx_word' id='word_1_483' title='bbox 242 4914 386 4969; x_wconf 87' lang='lat' dir='ltr'>tibus</span> <span class='ocrx_word' id='word_1_484' title='bbox 417 4914 616 4969; x_wconf 86' lang='lat' dir='ltr'>ascitos</span> <span class='ocrx_word' id='word_1_485' title='bbox 646 4915 890 4979; x_wconf 91' lang='lat' dir='ltr'>remotis,</span> <span class='ocrx_word' id='word_1_486' title='bbox 925 4916 1203 4986; x_wconf 89' lang='lat' dir='ltr'>prosperis</span> <span class='ocrx_word' id='word_1_487' title='bbox 1233 4916 1285 4969; x_wconf 90' lang='lat' dir='ltr'>in</span> <span class='ocrx_word' id='word_1_488' title='bbox 1330 4932 1502 4987; x_wconf 87' lang='lat' dir='ltr'>regno</span> <span class='ocrx_word' id='word_1_489' title='bbox 1533 4932 1633 4971; x_wconf 91' lang='lat' dir='ltr'>suo</span> <span class='ocrx_word' id='word_1_490' title='bbox 1664 4917 1843 4973; x_wconf 89' lang='lat' dir='ltr'>videat</span> 
     </span>
    </p>
   </div>
   <div class='ocr_carea' id='block_1_70' title="bbox 242 5003 1840 5061">
    <p class='ocr_par' dir='ltr' id='par_1_70' title="bbox 242 5003 1840 5061">
     <span class='ocr_line' id='line_1_70' title="bbox 242 5003 1840 5061; baseline 0.002 -4"><span class='ocrx_word' id='word_1_491' title='bbox 242 5004 436 5058; x_wconf 88' lang='lat' dir='ltr'>ﬂorere</span> <span class='ocrx_word' id='word_1_492' title='bbox 466 5003 812 5058; x_wconf 86' lang='lat' dir='ltr'>successibus</span> <span class='ocrx_word' id='word_1_493' title='bbox 833 5003 860 5058; x_wconf 82' lang='lat'><strong>?</strong></span> <span class='ocrx_word' id='word_1_494' title='bbox 891 5003 1239 5059; x_wconf 86' lang='lat' dir='ltr'>nihilominus</span> <span class='ocrx_word' id='word_1_495' title='bbox 1271 5013 1321 5059; x_wconf 89' lang='lat' dir='ltr'>et</span> <span class='ocrx_word' id='word_1_496' title='bbox 1350 5004 1569 5060; x_wconf 91' lang='lat' dir='ltr'>domino</span> <span class='ocrx_word' id='word_1_497' title='bbox 1600 5006 1840 5061; x_wconf 86' lang='lat' dir='ltr'>Cantua-</span> 
     </span>
    </p>
   </div>
   <div class='ocr_carea' id='block_1_71' title="bbox 238 5092 1839 5165">
    <p class='ocr_par' dir='ltr' id='par_1_71' title="bbox 238 5092 1839 5165">
     <span class='ocr_line' id='line_1_71' title="bbox 238 5092 1839 5165; baseline 0.002 -20"><span class='ocrx_word' id='word_1_498' title='bbox 238 5092 426 5157; x_wconf 89' lang='lat' dir='ltr'>riensi,</span> <span class='ocrx_word' id='word_1_499' title='bbox 460 5092 551 5163; x_wconf 86' lang='lat' dir='ltr'>qui</span> <span class='ocrx_word' id='word_1_500' title='bbox 581 5092 861 5165; x_wconf 85' lang='lat' dir='ltr'>religionis</span> <span class='ocrx_word' id='word_1_501' title='bbox 909 5092 1150 5147; x_wconf 87' lang='lat' dir='ltr'>habitum</span> <span class='ocrx_word' id='word_1_502' title='bbox 1195 5094 1304 5161; x_wconf 87' lang='lat' dir='ltr'>jam</span> <span class='ocrx_word' id='word_1_503' title='bbox 1352 5110 1491 5164; x_wconf 87' lang='lat' dir='ltr'>pene</span> <span class='ocrx_word' id='word_1_504' title='bbox 1532 5094 1678 5149; x_wconf 89' lang='lat' dir='ltr'>solus</span> <span class='ocrx_word' id='word_1_505' title='bbox 1727 5096 1839 5165; x_wconf 80' lang='lat'>(87)</span> 
     </span>
    </p>
   </div>
   <div class='ocr_carea' id='block_1_72' title="bbox 238 5180 1840 5253">
    <p class='ocr_par' dir='ltr' id='par_1_72' title="bbox 238 5180 1840 5253">
     <span class='ocr_line' id='line_1_72' title="bbox 238 5180 1840 5253; baseline 0.002 -20"><span class='ocrx_word' id='word_1_506' title='bbox 238 5180 380 5235; x_wconf 90' lang='lat' dir='ltr'>inter</span> <span class='ocrx_word' id='word_1_507' title='bbox 407 5180 693 5250; x_wconf 90' lang='lat' dir='ltr'>episc0pos</span> <span class='ocrx_word' id='word_1_508' title='bbox 726 5190 883 5235; x_wconf 70' lang='lat' dir='ltr'>terrre</span> <span class='ocrx_word' id='word_1_509' title='bbox 932 5181 1091 5248; x_wconf 89' lang='lat' dir='ltr'>hujus</span> <span class='ocrx_word' id='word_1_510' title='bbox 1138 5181 1394 5251; x_wconf 42' lang='lat' dir='ltr'>praiferre</span> <span class='ocrx_word' id='word_1_511' title='bbox 1442 5182 1666 5248; x_wconf 90' lang='lat' dir='ltr'>videtur,</span> <span class='ocrx_word' id='word_1_512' title='bbox 1721 5183 1840 5253; x_wconf 89' lang='lat' dir='ltr'>quis</span> 
     </span>
    </p>
   </div>
   <div class='ocr_carea' id='block_1_73' title="bbox 308 5359 1836 5422">
    <p class='ocr_par' dir='ltr' id='par_1_73' title="bbox 308 5359 1836 5422">
     <span class='ocr_line' id='line_1_73' title="bbox 308 5359 1836 5422; baseline 0.003 -13"><span class='ocrx_word' id='word_1_513' title='bbox 308 5359 415 5422; x_wconf 85' lang='lat'>(86)</span> <span class='ocrx_word' id='word_1_514' title='bbox 442 5361 595 5409; x_wconf 85' lang='lat' dir='ltr'>Erant</span> <span class='ocrx_word' id='word_1_515' title='bbox 629 5361 693 5409; x_wconf 90' lang='lat' dir='ltr'>illi</span> <span class='ocrx_word' id='word_1_516' title='bbox 722 5360 769 5408; x_wconf 89' lang='lat' dir='ltr'>in</span> <span class='ocrx_word' id='word_1_517' title='bbox 796 5361 1017 5411; x_wconf 71' lang='lat' dir='ltr'>cmnobio</span> <span class='ocrx_word' id='word_1_518' title='bbox 1040 5362 1336 5420; x_wconf 77' lang='lat' dir='ltr'>Eyneshaim</span> <span class='ocrx_word' id='word_1_519' title='bbox 1380 5362 1469 5410; x_wconf 90' lang='lat' dir='ltr'>sub</span> <span class='ocrx_word' id='word_1_520' title='bbox 1512 5363 1836 5413; x_wconf 89' lang='lat' dir='ltr'>Lincolniensi</span> 
     </span>
    </p>
   </div>
   <div class='ocr_carea' id='block_1_74' title="bbox 235 5426 1840 5488">
    <p class='ocr_par' dir='ltr' id='par_1_74' title="bbox 235 5426 1840 5488">
     <span class='ocr_line' id='line_1_74' title="bbox 235 5426 1840 5488; baseline 0.004 -15"><span class='ocrx_word' id='word_1_521' title='bbox 235 5426 452 5488; x_wconf 75' lang='lat' dir='ltr'>(limcesi,</span> <span class='ocrx_word' id='word_1_522' title='bbox 480 5429 615 5487; x_wconf 69' lang='lat' dir='ltr'>llugo</span> <span class='ocrx_word' id='word_1_523' title='bbox 660 5431 815 5475; x_wconf 80' lang='lat' dir='ltr'>autem</span> <span class='ocrx_word' id='word_1_524' title='bbox 844 5428 891 5475; x_wconf 91' lang='lat' dir='ltr'>in</span> <span class='ocrx_word' id='word_1_525' title='bbox 917 5429 1176 5477; x_wconf 82' lang='lat' dir='ltr'>Carthusia</span> <span class='ocrx_word' id='word_1_526' title='bbox 1226 5429 1569 5478; x_wconf 82' lang='lat' dir='ltr'>Withamieusi</span> <span class='ocrx_word' id='word_1_527' title='bbox 1614 5430 1840 5480; x_wconf 71' lang='lat' dir='ltr'>dimensis</span> 
     </span>
    </p>
   </div>
   <div class='ocr_carea' id='block_1_75' title="bbox 238 5494 625 5543">
    <p class='ocr_par' dir='ltr' id='par_1_75' title="bbox 238 5494 625 5543">
     <span class='ocr_line' id='line_1_75' title="bbox 238 5494 625 5543; baseline 0.003 -3"><span class='ocrx_word' id='word_1_528' title='bbox 238 5494 384 5542; x_wconf 84' lang='lat' dir='ltr'>Barth</span> <span class='ocrx_word' id='word_1_529' title='bbox 394 5494 625 5543; x_wconf 83' lang='lat' dir='ltr'>oniensis.</span> 
     </span>
    </p>
   </div>
   <div class='ocr_carea' id='block_1_76' title="bbox 308 5558 1840 5625">
    <p class='ocr_par' dir='ltr' id='par_1_76' title="bbox 308 5558 1840 5625">
     <span class='ocr_line' id='line_1_76' title="bbox 308 5558 1840 5625; baseline 0.003 -19"><span class='ocrx_word' id='word_1_530' title='bbox 308 5558 419 5623; x_wconf 87' lang='lat'>(87)</span> <span class='ocrx_word' id='word_1_531' title='bbox 447 5560 706 5611; x_wconf 85' lang='lat' dir='ltr'>Balduiuus</span> <span class='ocrx_word' id='word_1_532' title='bbox 755 5566 857 5609; x_wconf 81' lang='lat' dir='ltr'>erat</span> <span class='ocrx_word' id='word_1_533' title='bbox 888 5574 947 5610; x_wconf 84' lang='lat' dir='ltr'>ex</span> <span class='ocrx_word' id='word_1_534' title='bbox 999 5563 1164 5611; x_wconf 82' lang='lat' dir='ltr'>ordine</span> <span class='ocrx_word' id='word_1_535' title='bbox 1212 5562 1543 5621; x_wconf 77' lang='lat' dir='ltr'>Cistereiensi,</span> <span class='ocrx_word' id='word_1_536' title='bbox 1574 5568 1617 5611; x_wconf 78' lang='lat' dir='ltr'>et</span> <span class='ocrx_word' id='word_1_537' title='bbox 1658 5568 1840 5625; x_wconf 58' lang='lat' dir='ltr'>prater</span> 
     </span>
    </p>
   </div>
   <div class='ocr_carea' id='block_1_77' title="bbox 1971 1780 3573 1857">
    <p class='ocr_par' dir='ltr' id='par_1_77' title="bbox 1971 1780 3573 1857">
     <span class='ocr_line' id='line_1_77' title="bbox 1971 1780 3573 1857; baseline -0.007 -14"><span class='ocrx_word' id='word_1_538' title='bbox 1971 1789 2190 1844; x_wconf 87' lang='lat' dir='ltr'>clesiam</span> <span class='ocrx_word' id='word_1_539' title='bbox 2220 1795 2478 1843; x_wconf 89' lang='lat' dir='ltr'>remeate.</span> <span class='ocrx_word' id='word_1_540' title='bbox 2514 1787 2590 1841; x_wconf 91' lang='lat' dir='ltr'>lbi</span> <span class='ocrx_word' id='word_1_541' title='bbox 2635 1787 2839 1857; x_wconf 88' lang='lat' dir='ltr'>Spiritu</span> <span class='ocrx_word' id='word_1_542' title='bbox 2883 1784 3055 1840; x_wconf 89' lang='lat' dir='ltr'>sancti</span> <span class='ocrx_word' id='word_1_543' title='bbox 3102 1780 3334 1839; x_wconf 90' lang='lat' dir='ltr'>consilio</span> <span class='ocrx_word' id='word_1_544' title='bbox 3373 1780 3573 1851; x_wconf 90' lang='lat' dir='ltr'>pariter</span> 
     </span>
    </p>
   </div>
   <div class='ocr_carea' id='block_1_78' title="bbox 1971 1864 3569 1945">
    <p class='ocr_par' dir='ltr' id='par_1_78' title="bbox 1971 1864 3569 1945">
     <span class='ocr_line' id='line_1_78' title="bbox 1971 1864 3569 1945; baseline -0.006 -13"><span class='ocrx_word' id='word_1_545' title='bbox 1971 1886 2019 1933; x_wconf 86' lang='lat' dir='ltr'>et</span> <span class='ocrx_word' id='word_1_546' title='bbox 2050 1877 2316 1945; x_wconf 88' lang='lat' dir='ltr'>adjutorio</span> <span class='ocrx_word' id='word_1_547' title='bbox 2347 1876 2489 1941; x_wconf 87' lang='lat' dir='ltr'>freti,</span> <span class='ocrx_word' id='word_1_548' title='bbox 2516 1875 2829 1930; x_wconf 89' lang='lat' dir='ltr'>canonicam</span> <span class='ocrx_word' id='word_1_549' title='bbox 2878 1872 3110 1944; x_wconf 90' lang='lat' dir='ltr'>pastoris</span> <span class='ocrx_word' id='word_1_550' title='bbox 3156 1870 3319 1927; x_wconf 83' lang='lat' dir='ltr'>vestri</span> <span class='ocrx_word' id='word_1_551' title='bbox 3350 1864 3569 1924; x_wconf 79' lang='lat' dir='ltr'>eleCtio—</span> 
     </span>
    </p>
   </div>
   <div class='ocr_carea' id='block_1_79' title="bbox 1970 1955 3566 2031">
    <p class='ocr_par' dir='ltr' id='par_1_79' title="bbox 1970 1955 3566 2031">
     <span class='ocr_line' id='line_1_79' title="bbox 1970 1955 3566 2031; baseline -0.008 -10"><span class='ocrx_word' id='word_1_552' title='bbox 1970 1982 2093 2021; x_wconf 92' lang='lat' dir='ltr'>nem</span> <span class='ocrx_word' id='word_1_553' title='bbox 2143 1965 2459 2020; x_wconf 90' lang='lat' dir='ltr'>solemniter</span> <span class='ocrx_word' id='word_1_554' title='bbox 2502 1964 2792 2018; x_wconf 90' lang='lat' dir='ltr'>celebrate.</span> <span class='ocrx_word' id='word_1_555' title='bbox 2839 1961 2995 2030; x_wconf 88' lang='lat' dir='ltr'>Quod</span> <span class='ocrx_word' id='word_1_556' title='bbox 3025 1968 3081 2014; x_wconf 87' lang='lat' dir='ltr'>ut</span> <span class='ocrx_word' id='word_1_557' title='bbox 3110 1960 3277 2031; x_wconf 88' lang='lat' dir='ltr'>digne</span> <span class='ocrx_word' id='word_1_558' title='bbox 3305 1955 3566 2021; x_wconf 76' lang='lat' dir='ltr'>efﬁciatis,</span> 
     </span>
    </p>
   </div>
   <div class='ocr_carea' id='block_1_80' title="bbox 1968 2047 3571 2125">
    <p class='ocr_par' dir='ltr' id='par_1_80' title="bbox 1968 2047 3571 2125">
     <span class='ocr_line' id='line_1_80' title="bbox 1968 2047 3571 2125; baseline -0.007 -16"><span class='ocrx_word' id='word_1_559' title='bbox 1968 2070 2077 2109; x_wconf 91' lang='lat' dir='ltr'>non</span> <span class='ocrx_word' id='word_1_560' title='bbox 2108 2054 2276 2125; x_wconf 89' lang='lat' dir='ltr'>regis,</span> <span class='ocrx_word' id='word_1_561' title='bbox 2311 2069 2420 2108; x_wconf 91' lang='lat' dir='ltr'>non</span> <span class='ocrx_word' id='word_1_562' title='bbox 2448 2051 2718 2122; x_wconf 60' lang='lat' dir='ltr'>praesulis,</span> <span class='ocrx_word' id='word_1_563' title='bbox 2767 2066 2876 2106; x_wconf 90' lang='lat' dir='ltr'>non</span> <span class='ocrx_word' id='word_1_564' title='bbox 2921 2049 3156 2120; x_wconf 89' lang='lat' dir='ltr'>denique</span> <span class='ocrx_word' id='word_1_565' title='bbox 3200 2047 3571 2116; x_wconf 87' lang='lat' dir='ltr'>cujuscunque</span> 
     </span>
    </p>
   </div>
   <div class='ocr_carea' id='block_1_81' title="bbox 1967 2135 3567 2209">
    <p class='ocr_par' dir='ltr' id='par_1_81' title="bbox 1967 2135 3567 2209">
     <span class='ocr_line' id='line_1_81' title="bbox 1967 2135 3567 2209; baseline -0.007 -12"><span class='ocrx_word' id='word_1_566' title='bbox 1967 2142 2221 2207; x_wconf 89' lang='lat' dir='ltr'>hominis,</span> <span class='ocrx_word' id='word_1_567' title='bbox 2271 2142 2369 2197; x_wconf 79' lang='lat' dir='ltr'>Sed</span> <span class='ocrx_word' id='word_1_568' title='bbox 2415 2141 2584 2196; x_wconf 89' lang='lat' dir='ltr'>solius</span> <span class='ocrx_word' id='word_1_569' title='bbox 2631 2140 2731 2196; x_wconf 91' lang='lat' dir='ltr'>Dei</span> <span class='ocrx_word' id='word_1_570' title='bbox 2791 2138 3174 2209; x_wconf 88' lang='lat' dir='ltr'>omnipotentis</span> <span class='ocrx_word' id='word_1_571' title='bbox 3214 2135 3567 2199; x_wconf 84' lang='lat' dir='ltr'>voluntatem,</span> 
     </span>
    </p>
   </div>
   <div class='ocr_carea' id='block_1_82' title="bbox 1969 2220 3567 2303">
    <p class='ocr_par' dir='ltr' id='par_1_82' title="bbox 1969 2220 3567 2303">
     <span class='ocr_line' id='line_1_82' title="bbox 1969 2220 3567 2303; baseline -0.007 -18"><span class='ocrx_word' id='word_1_572' title='bbox 1969 2231 2201 2303; x_wconf 87' lang='lat' dir='ltr'>gratiam</span> <span class='ocrx_word' id='word_1_573' title='bbox 2248 2238 2302 2285; x_wconf 90' lang='lat' dir='ltr'>et</span> <span class='ocrx_word' id='word_1_574' title='bbox 2350 2229 2589 2285; x_wconf 79' lang='lat' dir='ltr'>favorem</span> <span class='ocrx_word' id='word_1_575' title='bbox 2656 2244 2770 2299; x_wconf 64' lang='lat' dir='ltr'>prae</span> <span class='ocrx_word' id='word_1_576' title='bbox 2813 2227 2982 2283; x_wconf 90' lang='lat' dir='ltr'>oculis</span> <span class='ocrx_word' id='word_1_577' title='bbox 3029 2223 3296 2280; x_wconf 86' lang='lat' dir='ltr'>habeatis.</span> <span class='ocrx_word' id='word_1_578' title='bbox 3344 2220 3504 2276; x_wconf 84' lang='lat' dir='ltr'>Aliud</span> <span class='ocrx_word' id='word_1_579' title='bbox 3533 2235 3567 2275; x_wconf 86' lang='lat' dir='ltr'>a</span> 
     </span>
    </p>
   </div>
   <div class='ocr_carea' id='block_1_83' title="bbox 1966 2309 3566 2390">
    <p class='ocr_par' dir='ltr' id='par_1_83' title="bbox 1966 2309 3566 2390">
     <span class='ocr_line' id='line_1_83' title="bbox 1966 2309 3566 2390; baseline -0.007 -16"><span class='ocrx_word' id='word_1_580' title='bbox 1966 2335 2087 2375; x_wconf 88' lang='lat' dir='ltr'>mea</span> <span class='ocrx_word' id='word_1_581' title='bbox 2112 2318 2376 2390; x_wconf 88' lang='lat' dir='ltr'>parvitata</span> <span class='ocrx_word' id='word_1_582' title='bbox 2406 2317 2627 2373; x_wconf 90' lang='lat' dir='ltr'>minime</span> <span class='ocrx_word' id='word_1_583' title='bbox 2672 2314 3056 2388; x_wconf 88' lang='lat' dir='ltr'>reprobabitis.</span> <span class='ocrx_word' id='word_1_584' title='bbox 3110 2312 3267 2368; x_wconf 81' lang='lat' dir='ltr'>Abite</span> <span class='ocrx_word' id='word_1_585' title='bbox 3297 2309 3481 2383; x_wconf 89' lang='lat' dir='ltr'>igitur,</span> <span class='ocrx_word' id='word_1_586' title='bbox 3513 2315 3566 2364; x_wconf 90' lang='lat' dir='ltr'>et</span> 
     </span>
    </p>
   </div>
   <div class='ocr_carea' id='block_1_84' title="bbox 1967 2403 3355 2479">
    <p class='ocr_par' dir='ltr' id='par_1_84' title="bbox 1967 2403 3355 2479">
     <span class='ocr_line' id='line_1_84' title="bbox 1967 2403 3355 2479; baseline -0.006 -16"><span class='ocrx_word' id='word_1_587' title='bbox 1967 2407 2195 2479; x_wconf 89' lang='lat' dir='ltr'>angelus</span> <span class='ocrx_word' id='word_1_588' title='bbox 2222 2406 2441 2463; x_wconf 89' lang='lat' dir='ltr'>Domini</span> <span class='ocrx_word' id='word_1_589' title='bbox 2471 2406 2647 2461; x_wconf 92' lang='lat' dir='ltr'>bonus</span> <span class='ocrx_word' id='word_1_590' title='bbox 2677 2404 2965 2461; x_wconf 90' lang='lat' dir='ltr'>comitetur</span> <span class='ocrx_word' id='word_1_591' title='bbox 2993 2403 3293 2459; x_wconf 90' lang='lat' dir='ltr'>vobiscum.</span> <span class='ocrx_word' id='word_1_592' title='bbox 3335 2422 3355 2448; x_wconf 73' lang='grc' dir='ltr'>ιο</span> 
     </span>
    </p>
   </div>
   <div class='ocr_carea' id='block_1_85' title="bbox 2032 2486 3567 2566">
    <p class='ocr_par' dir='ltr' id='par_1_85' title="bbox 2032 2486 3567 2566">
     <span class='ocr_line' id='line_1_85' title="bbox 2032 2486 3567 2566; baseline -0.007 -15"><span class='ocrx_word' id='word_1_593' title='bbox 2032 2497 2113 2551; x_wconf 91' lang='lat' dir='ltr'>Eo</span> <span class='ocrx_word' id='word_1_594' title='bbox 2142 2498 2320 2566; x_wconf 89' lang='lat' dir='ltr'>itaque</span> <span class='ocrx_word' id='word_1_595' title='bbox 2349 2495 2404 2549; x_wconf 93' lang='lat' dir='ltr'>in</span> <span class='ocrx_word' id='word_1_596' title='bbox 2435 2494 2701 2549; x_wconf 88' lang='lat' dir='ltr'>sententia</span> <span class='ocrx_word' id='word_1_597' title='bbox 2738 2492 3083 2564; x_wconf 90' lang='lat' dir='ltr'>persistente,</span> <span class='ocrx_word' id='word_1_598' title='bbox 3116 2505 3241 2546; x_wconf 86' lang='lat' dir='ltr'>cum</span> <span class='ocrx_word' id='word_1_599' title='bbox 3272 2486 3421 2543; x_wconf 85' lang='lat' dir='ltr'>nulla</span> <span class='ocrx_word' id='word_1_600' title='bbox 3439 2502 3567 2559; x_wconf 90' lang='lat' dir='ltr'>pos-</span> 
     </span>
    </p>
   </div>
   <div class='ocr_carea' id='block_1_86' title="bbox 1968 2576 3563 2653">
    <p class='ocr_par' dir='ltr' id='par_1_86' title="bbox 1968 2576 3563 2653">
     <span class='ocr_line' id='line_1_86' title="bbox 1968 2576 3563 2653; baseline -0.004 -16"><span class='ocrx_word' id='word_1_601' title='bbox 1968 2592 2049 2639; x_wconf 91' lang='lat' dir='ltr'>set</span> <span class='ocrx_word' id='word_1_602' title='bbox 2078 2584 2285 2639; x_wconf 89' lang='lat' dir='ltr'>ratione</span> <span class='ocrx_word' id='word_1_603' title='bbox 2316 2582 2498 2638; x_wconf 91' lang='lat' dir='ltr'>induci</span> <span class='ocrx_word' id='word_1_604' title='bbox 2526 2590 2585 2637; x_wconf 92' lang='lat' dir='ltr'>ut</span> <span class='ocrx_word' id='word_1_605' title='bbox 2606 2582 2725 2653; x_wconf 87' lang='lat' dir='ltr'>regi</span> <span class='ocrx_word' id='word_1_606' title='bbox 2756 2598 2852 2637; x_wconf 92' lang='lat' dir='ltr'>seu</span> <span class='ocrx_word' id='word_1_607' title='bbox 2873 2576 3249 2649; x_wconf 66' lang='lat' dir='ltr'>archiprmsnli</span> <span class='ocrx_word' id='word_1_608' title='bbox 3280 2591 3435 2632; x_wconf 89' lang='lat' dir='ltr'>suam</span> <span class='ocrx_word' id='word_1_609' title='bbox 3462 2590 3563 2647; x_wconf 88' lang='lat' dir='ltr'>pro</span> 
     </span>
    </p>
   </div>
   <div class='ocr_carea' id='block_1_87' title="bbox 1967 2663 3564 2744">
    <p class='ocr_par' dir='ltr' id='par_1_87' title="bbox 1967 2663 3564 2744">
     <span class='ocr_line' id='line_1_87' title="bbox 1967 2663 3564 2744; baseline -0.005 -19"><span class='ocrx_word' id='word_1_610' title='bbox 1967 2672 2059 2726; x_wconf 89' lang='lat' dir='ltr'>tali</span> <span class='ocrx_word' id='word_1_611' title='bbox 2088 2673 2309 2744; x_wconf 86' lang='lat' dir='ltr'>negotio</span> <span class='ocrx_word' id='word_1_612' title='bbox 2339 2671 2688 2742; x_wconf 62' lang='lat' dir='ltr'>prasentiam</span> <span class='ocrx_word' id='word_1_613' title='bbox 2717 2670 3015 2737; x_wconf 85' lang='lat' dir='ltr'>exhiberet,</span> <span class='ocrx_word' id='word_1_614' title='bbox 3036 2668 3111 2721; x_wconf 88' lang='lat' dir='ltr'>illi</span> <span class='ocrx_word' id='word_1_615' title='bbox 3134 2666 3205 2721; x_wconf 88' lang='lat' dir='ltr'>ad</span> <span class='ocrx_word' id='word_1_616' title='bbox 3233 2680 3348 2734; x_wconf 90' lang='lat' dir='ltr'>eos,</span> <span class='ocrx_word' id='word_1_617' title='bbox 3380 2663 3474 2735; x_wconf 89' lang='lat' dir='ltr'>qui</span> <span class='ocrx_word' id='word_1_618' title='bbox 3504 2679 3564 2718; x_wconf 90' lang='lat' dir='ltr'>se</span> 
     </span>
    </p>
   </div>
   <div class='ocr_carea' id='block_1_88' title="bbox 1963 2752 3565 2832">
    <p class='ocr_par' dir='ltr' id='par_1_88' title="bbox 1963 2752 3565 2832">
     <span class='ocr_line' id='line_1_88' title="bbox 1963 2752 3565 2832; baseline -0.006 -16"><span class='ocrx_word' id='word_1_619' title='bbox 1963 2760 2240 2826; x_wconf 73' lang='lat' dir='ltr'>miserant,</span> <span class='ocrx_word' id='word_1_620' title='bbox 2275 2759 2597 2832; x_wconf 88' lang='lat' dir='ltr'>quantocius</span> <span class='ocrx_word' id='word_1_621' title='bbox 2624 2759 2917 2821; x_wconf 89' lang='lat' dir='ltr'>redierunt,</span> <span class='ocrx_word' id='word_1_622' title='bbox 2942 2756 3078 2811; x_wconf 89' lang='lat' dir='ltr'>miro</span> <span class='ocrx_word' id='word_1_623' title='bbox 3106 2754 3269 2810; x_wconf 87' lang='lat' dir='ltr'>modo</span> <span class='ocrx_word' id='word_1_624' title='bbox 3299 2753 3355 2807; x_wconf 90' lang='lat' dir='ltr'>in</span> <span class='ocrx_word' id='word_1_625' title='bbox 3384 2752 3565 2808; x_wconf 89' lang='lat' dir='ltr'>omni-</span> 
     </span>
    </p>
   </div>
   <div class='ocr_carea' id='block_1_89' title="bbox 1965 2832 3562 2920">
    <p class='ocr_par' dir='ltr' id='par_1_89' title="bbox 1965 2832 3562 2920">
     <span class='ocr_line' id='line_1_89' title="bbox 1965 2832 3562 2920; baseline -0.005 -16"><span class='ocrx_word' id='word_1_626' title='bbox 1965 2850 2085 2916; x_wconf 91' lang='lat' dir='ltr'>bus,</span> <span class='ocrx_word' id='word_1_627' title='bbox 2121 2865 2238 2920; x_wconf 78' lang='lat' dir='ltr'>quae</span> <span class='ocrx_word' id='word_1_628' title='bbox 2268 2849 2338 2903; x_wconf 89' lang='lat' dir='ltr'>ab</span> <span class='ocrx_word' id='word_1_629' title='bbox 2366 2864 2434 2904; x_wconf 92' lang='lat' dir='ltr'>eo</span> <span class='ocrx_word' id='word_1_630' title='bbox 2464 2832 2765 2913; x_wconf 83' lang='lat' dir='ltr'>audierant,</span> <span class='ocrx_word' id='word_1_631' title='bbox 2802 2854 2854 2901; x_wconf 91' lang='lat' dir='ltr'>et</span> <span class='ocrx_word' id='word_1_632' title='bbox 2901 2861 3020 2917; x_wconf 82' lang='lat' dir='ltr'>quae</span> <span class='ocrx_word' id='word_1_633' title='bbox 3061 2843 3209 2899; x_wconf 90' lang='lat' dir='ltr'>circa</span> <span class='ocrx_word' id='word_1_634' title='bbox 3248 2857 3373 2899; x_wconf 91' lang='lat' dir='ltr'>eum</span> <span class='ocrx_word' id='word_1_635' title='bbox 3403 2839 3562 2896; x_wconf 88' lang='lat' dir='ltr'>vide-</span> 
     </span>
    </p>
   </div>
   <div class='ocr_carea' id='block_1_90' title="bbox 1964 2920 3561 3005">
    <p class='ocr_par' dir='ltr' id='par_1_90' title="bbox 1964 2920 3561 3005">
     <span class='ocr_line' id='line_1_90' title="bbox 1964 2920 3561 3005; baseline -0.005 -13"><span class='ocrx_word' id='word_1_636' title='bbox 1964 2920 2120 3005; x_wconf 52' lang='lat' dir='ltr'>rant:</span> <span class='ocrx_word' id='word_1_637' title='bbox 2136 2936 2402 2993; x_wconf 84' lang='lat' dir='ltr'>aediﬁcati.</span> <span class='ocrx_word' id='word_1_638' title='bbox 2435 2937 2551 2992; x_wconf 91' lang='lat' dir='ltr'>Nec</span> <span class='ocrx_word' id='word_1_639' title='bbox 2589 2936 2764 2990; x_wconf 91' lang='lat' dir='ltr'>solum</span> <span class='ocrx_word' id='word_1_640' title='bbox 2814 2932 2937 3004; x_wconf 89' lang='lat' dir='ltr'>ipsi,</span> <span class='ocrx_word' id='word_1_641' title='bbox 2999 2932 3097 2987; x_wconf 93' lang='lat' dir='ltr'>sed</span> <span class='ocrx_word' id='word_1_642' title='bbox 3127 2939 3181 2986; x_wconf 92' lang='lat' dir='ltr'>et</span> <span class='ocrx_word' id='word_1_643' title='bbox 3227 2944 3418 2985; x_wconf 90' lang='lat' dir='ltr'>omnes</span> <span class='ocrx_word' id='word_1_644' title='bbox 3468 2928 3561 3000; x_wconf 91' lang='lat' dir='ltr'>qui</span> 
     </span>
    </p>
   </div>
   <div class='ocr_carea' id='block_1_91' title="bbox 1962 3015 3560 3088">
    <p class='ocr_par' dir='ltr' id='par_1_91' title="bbox 1962 3015 3560 3088">
     <span class='ocr_line' id='line_1_91' title="bbox 1962 3015 3560 3088; baseline -0.006 -7"><span class='ocrx_word' id='word_1_645' title='bbox 1962 3028 2249 3081; x_wconf 88' lang='lat' dir='ltr'>audierunt</span> <span class='ocrx_word' id='word_1_646' title='bbox 2276 3026 2457 3081; x_wconf 89' lang='lat' dir='ltr'>mirati</span> <span class='ocrx_word' id='word_1_647' title='bbox 2488 3033 2614 3079; x_wconf 90' lang='lat' dir='ltr'>sunt</span> <span class='ocrx_word' id='word_1_648' title='bbox 2642 3033 2695 3079; x_wconf 91' lang='lat' dir='ltr'>et</span> <span class='ocrx_word' id='word_1_649' title='bbox 2732 3024 3081 3079; x_wconf 90' lang='lat' dir='ltr'>vehementer</span> <span class='ocrx_word' id='word_1_650' title='bbox 3117 3018 3419 3088; x_wconf 87' lang='lat' dir='ltr'>jucundati,</span> <span class='ocrx_word' id='word_1_651' title='bbox 3455 3015 3560 3072; x_wconf 85' lang='lat' dir='ltr'>col-</span> 
     </span>
    </p>
   </div>
   <div class='ocr_carea' id='block_1_92' title="bbox 1960 3105 3558 3181">
    <p class='ocr_par' dir='ltr' id='par_1_92' title="bbox 1960 3105 3558 3181">
     <span class='ocr_line' id='line_1_92' title="bbox 1960 3105 3558 3181; baseline -0.007 -11"><span class='ocrx_word' id='word_1_652' title='bbox 1960 3115 2305 3170; x_wconf 88' lang='lat' dir='ltr'>laudantibus</span> <span class='ocrx_word' id='word_1_653' title='bbox 2334 3114 2388 3168; x_wconf 92' lang='lat' dir='ltr'>in</span> <span class='ocrx_word' id='word_1_654' title='bbox 2420 3130 2485 3168; x_wconf 90' lang='lat' dir='ltr'>eo</span> <span class='ocrx_word' id='word_1_655' title='bbox 2516 3112 2723 3168; x_wconf 86' lang='lat' dir='ltr'>cunctis</span> <span class='ocrx_word' id='word_1_656' title='bbox 2754 3126 2819 3166; x_wconf 89' lang='lat' dir='ltr'>ac</span> <span class='ocrx_word' id='word_1_657' title='bbox 2859 3106 3335 3181; x_wconf 74' lang='lat' dir='ltr'>magniﬁcentibus</span> <span class='ocrx_word' id='word_1_658' title='bbox 3383 3105 3558 3160; x_wconf 88' lang='lat' dir='ltr'>since-</span> 
     </span>
    </p>
   </div>
   <div class='ocr_carea' id='block_1_93' title="bbox 1959 3192 3557 3267">
    <p class='ocr_par' dir='ltr' id='par_1_93' title="bbox 1959 3192 3557 3267">
     <span class='ocr_line' id='line_1_93' title="bbox 1959 3192 3557 3267; baseline -0.006 -9"><span class='ocrx_word' id='word_1_659' title='bbox 1959 3204 2175 3259; x_wconf 89' lang='lat' dir='ltr'>ritatem</span> <span class='ocrx_word' id='word_1_660' title='bbox 2204 3202 2386 3267; x_wconf 90' lang='lat' dir='ltr'>animi,</span> <span class='ocrx_word' id='word_1_661' title='bbox 2421 3202 2677 3256; x_wconf 87' lang='lat' dir='ltr'>virtutem</span> <span class='ocrx_word' id='word_1_662' title='bbox 2716 3199 2926 3254; x_wconf 75' lang='lat' dir='ltr'>eximiae</span> <span class='ocrx_word' id='word_1_663' title='bbox 2954 3194 3318 3260; x_wconf 89' lang='lat' dir='ltr'>discretionis,</span> <span class='ocrx_word' id='word_1_664' title='bbox 3352 3192 3557 3250; x_wconf 88' lang='lat' dir='ltr'>vivaci-</span> 
     </span>
    </p>
   </div>
   <div class='ocr_carea' id='block_1_94' title="bbox 1960 3282 3389 3348">
    <p class='ocr_par' dir='ltr' id='par_1_94' title="bbox 1960 3282 3389 3348">
     <span class='ocr_line' id='line_1_94' title="bbox 1960 3282 3389 3348; baseline -0.004 -3"><span class='ocrx_word' id='word_1_665' title='bbox 1960 3300 2119 3346; x_wconf 88' lang='lat' dir='ltr'>tatem</span> <span class='ocrx_word' id='word_1_666' title='bbox 2150 3291 2360 3348; x_wconf 91' lang='lat' dir='ltr'>consilii</span> <span class='ocrx_word' id='word_1_667' title='bbox 2392 3298 2442 3345; x_wconf 91' lang='lat' dir='ltr'>et</span> <span class='ocrx_word' id='word_1_668' title='bbox 2472 3290 2643 3345; x_wconf 91' lang='lat' dir='ltr'>zelum</span> <span class='ocrx_word' id='word_1_669' title='bbox 2673 3286 3063 3345; x_wconf 85' lang='lat' dir='ltr'>ecclesiasticae</span> <span class='ocrx_word' id='word_1_670' title='bbox 3098 3282 3389 3341; x_wconf 87' lang='lat' dir='ltr'>libertatis.</span> 
     </span>
    </p>
   </div>
   <div class='ocr_carea' id='block_1_95' title="bbox 2596 3431 2953 3487">
    <p class='ocr_par' dir='ltr' id='par_1_95' title="bbox 2596 3431 2953 3487">
     <span class='ocr_line' id='line_1_95' title="bbox 2596 3431 2953 3487; baseline -0.008 -1"><span class='ocrx_word' id='word_1_671' title='bbox 2596 3431 2821 3487; x_wconf 82' lang='lat' dir='ltr'>CAPUT</span> <span class='ocrx_word' id='word_1_672' title='bbox 2858 3432 2929 3484; x_wconf 89' lang='lat' dir='ltr'>III</span> <span class='ocrx_word' id='word_1_673' title='bbox 2941 3471 2953 3484; x_wconf 93' lang='lat'>.</span> 
     </span>
    </p>
   </div>
   <div class='ocr_carea' id='block_1_96' title="bbox 1964 3537 3556 3609">
    <p class='ocr_par' dir='ltr' id='par_1_96' title="bbox 1964 3537 3556 3609">
     <span class='ocr_line' id='line_1_96' title="bbox 1964 3537 3556 3609; baseline -0.003 -15"><span class='ocrx_word' id='word_1_674' title='bbox 1964 3542 2219 3608; x_wconf 76' lang='lat' dir='ltr'>Qualiter</span> <span class='ocrx_word' id='word_1_675' title='bbox 2232 3554 2332 3609; x_wconf 84' lang='lat' dir='ltr'>pro</span> <span class='ocrx_word' id='word_1_676' title='bbox 2354 3540 2629 3593; x_wconf 79' lang='lat' dir='ltr'>electione</span> <span class='ocrx_word' id='word_1_677' title='bbox 2655 3539 2901 3593; x_wconf 77' lang='lat' dir='ltr'>secunda</span> <span class='ocrx_word' id='word_1_678' title='bbox 2919 3537 3069 3609; x_wconf 83' lang='lat' dir='ltr'>apud</span> <span class='ocrx_word' id='word_1_679' title='bbox 3090 3537 3450 3609; x_wconf 74' lang='lat' dir='ltr'>Lincolniam</span> <span class='ocrx_word' id='word_1_680' title='bbox 3468 3550 3556 3609; x_wconf 80' lang='lat' dir='ltr'>ce-</span> 
     </span>
    </p>
   </div>
   <div class='ocr_carea' id='block_1_97' title="bbox 2034 3606 3555 3680">
    <p class='ocr_par' dir='ltr' id='par_1_97' title="bbox 2034 3606 3555 3680">
     <span class='ocr_line' id='line_1_97' title="bbox 2034 3606 3555 3680; baseline -0.003 -16"><span class='ocrx_word' id='word_1_681' title='bbox 2034 3606 2264 3673; x_wconf 79' lang='lat' dir='ltr'>lebrata,</span> <span class='ocrx_word' id='word_1_682' title='bbox 2300 3609 2371 3663; x_wconf 88' lang='lat' dir='ltr'>ad</span> <span class='ocrx_word' id='word_1_683' title='bbox 2402 3625 2459 3664; x_wconf 88' lang='lat' dir='ltr'>se</span> <span class='ocrx_word' id='word_1_684' title='bbox 2488 3610 2678 3680; x_wconf 77' lang='lat' dir='ltr'>missis</span> <span class='ocrx_word' id='word_1_685' title='bbox 2710 3606 3084 3680; x_wconf 75' lang='lat' dir='ltr'>responderit,</span> <span class='ocrx_word' id='word_1_686' title='bbox 3112 3622 3168 3661; x_wconf 87' lang='lat' dir='ltr'>se</span> <span class='ocrx_word' id='word_1_687' title='bbox 3196 3607 3319 3661; x_wconf 86' lang='lat' dir='ltr'>sine</span> 
     </span>
    </p>
   </div>
   <div class='ocr_carea' id='block_1_98' title="bbox 2031 3676 3553 3753">
    <p class='ocr_par' dir='ltr' id='par_1_98' title="bbox 2031 3676 3553 3753">
     <span class='ocr_line' id='line_1_98' title="bbox 2031 3676 3553 3753; baseline -0.003 -19"><span class='ocrx_word' id='word_1_688' title='bbox 2031 3680 2344 3735; x_wconf 63' lang='lat' dir='ltr'>Carthasim</span> <span class='ocrx_word' id='word_1_689' title='bbox 2372 3679 2686 3735; x_wconf 85' lang='lat' dir='ltr'>obedientia</span> <span class='ocrx_word' id='word_1_690' title='bbox 2708 3676 3019 3753; x_wconf 71' lang='lat' dir='ltr'>episc0pale</span> <span class='ocrx_word' id='word_1_691' title='bbox 3039 3693 3181 3734; x_wconf 81' lang='lat' dir='ltr'>onus</span> <span class='ocrx_word' id='word_1_692' title='bbox 3200 3693 3315 3732; x_wconf 88' lang='lat' dir='ltr'>non</span> <span class='ocrx_word' id='word_1_693' title='bbox 3331 3676 3553 3731; x_wconf 75' lang='lat' dir='ltr'>subitu-</span> 
     </span>
    </p>
   </div>
   <div class='ocr_carea' id='block_1_99' title="bbox 2030 3768 2182 3805">
    <p class='ocr_par' dir='ltr' id='par_1_99' title="bbox 2030 3768 2182 3805">
     <span class='ocr_line' id='line_1_99' title="bbox 2030 3768 2182 3805; baseline -0.007 0"><span class='ocrx_word' id='word_1_694' title='bbox 2030 3768 2156 3805; x_wconf 80' lang='lat' dir='ltr'>rum</span> <span class='ocrx_word' id='word_1_695' title='bbox 2171 3792 2182 3804; x_wconf 89' lang='lat'>.</span> 
     </span>
    </p>
   </div>
   <div class='ocr_carea' id='block_1_100' title="bbox 2027 3851 3553 3929">
    <p class='ocr_par' dir='ltr' id='par_1_100' title="bbox 2027 3851 3553 3929">
     <span class='ocr_line' id='line_1_100' title="bbox 2027 3851 3553 3929; baseline -0.003 -18"><span class='ocrx_word' id='word_1_696' title='bbox 2027 3856 2250 3911; x_wconf 87' lang='lat' dir='ltr'>Talibus</span> <span class='ocrx_word' id='word_1_697' title='bbox 2277 3856 2439 3929; x_wconf 88' lang='lat' dir='ltr'>igitur</span> <span class='ocrx_word' id='word_1_698' title='bbox 2484 3855 2555 3910; x_wconf 89' lang='lat' dir='ltr'>ad</span> <span class='ocrx_word' id='word_1_699' title='bbox 2602 3854 2839 3910; x_wconf 89' lang='lat' dir='ltr'>notitiam</span> <span class='ocrx_word' id='word_1_700' title='bbox 2898 3853 3295 3909; x_wconf 89' lang='lat' dir='ltr'>Lincolniensis</span> <span class='ocrx_word' id='word_1_701' title='bbox 3337 3851 3553 3923; x_wconf 88' lang='lat' dir='ltr'>capituli</span> 
     </span>
    </p>
   </div>
   <div class='ocr_carea' id='block_1_101' title="bbox 1952 3941 3552 4017">
    <p class='ocr_par' dir='ltr' id='par_1_101' title="bbox 1952 3941 3552 4017">
     <span class='ocr_line' id='line_1_101' title="bbox 1952 3941 3552 4017; baseline -0.004 -16"><span class='ocrx_word' id='word_1_702' title='bbox 1952 3945 2198 4017; x_wconf 88' lang='lat' dir='ltr'>perlatis,</span> <span class='ocrx_word' id='word_1_703' title='bbox 2233 3945 2559 4000; x_wconf 88' lang='lat' dir='ltr'>universitas</span> <span class='ocrx_word' id='word_1_704' title='bbox 2588 3943 2730 3999; x_wconf 90' lang='lat' dir='ltr'>illius</span> <span class='ocrx_word' id='word_1_705' title='bbox 2759 3942 2977 4016; x_wconf 88' lang='lat' dir='ltr'>collegii</span> <span class='ocrx_word' id='word_1_706' title='bbox 3009 3943 3118 4011; x_wconf 87' lang='lat' dir='ltr'>jam</span> <span class='ocrx_word' id='word_1_707' title='bbox 3149 3942 3306 4014; x_wconf 87' lang='lat' dir='ltr'>quasi</span> <span class='ocrx_word' id='word_1_708' title='bbox 3336 3941 3552 3996; x_wconf 89' lang='lat' dir='ltr'>arrham</span> 
     </span>
    </p>
   </div>
   <div class='ocr_carea' id='block_1_102' title="bbox 1955 4030 3551 4104">
    <p class='ocr_par' dir='ltr' id='par_1_102' title="bbox 1955 4030 3551 4104">
     <span class='ocr_line' id='line_1_102' title="bbox 1955 4030 3551 4104; baseline 0 -17"><span class='ocrx_word' id='word_1_709' title='bbox 1955 4034 2145 4090; x_wconf 73' lang='lat' dir='ltr'>futurae</span> <span class='ocrx_word' id='word_1_710' title='bbox 2175 4034 2502 4089; x_wconf 84' lang='lat' dir='ltr'>strenuitalis</span> <span class='ocrx_word' id='word_1_711' title='bbox 2528 4042 2578 4088; x_wconf 89' lang='lat' dir='ltr'>et</span> <span class='ocrx_word' id='word_1_712' title='bbox 2609 4032 2874 4104; x_wconf 90' lang='lat' dir='ltr'>quasdam</span> <span class='ocrx_word' id='word_1_713' title='bbox 2902 4032 3161 4087; x_wconf 88' lang='lat' dir='ltr'>virtutum</span> <span class='ocrx_word' id='word_1_714' title='bbox 3189 4030 3453 4101; x_wconf 89' lang='lat' dir='ltr'>primitias</span> <span class='ocrx_word' id='word_1_715' title='bbox 3483 4030 3551 4087; x_wconf 88' lang='lat' dir='ltr'>de</span> 
     </span>
    </p>
   </div>
   <div class='ocr_carea' id='block_1_103' title="bbox 1956 4120 3552 4194">
    <p class='ocr_par' dir='ltr' id='par_1_103' title="bbox 1956 4120 3552 4194">
     <span class='ocr_line' id='line_1_103' title="bbox 1956 4120 3552 4194; baseline -0.002 -16"><span class='ocrx_word' id='word_1_716' title='bbox 1956 4140 2054 4179; x_wconf 90' lang='lat' dir='ltr'>suo</span> <span class='ocrx_word' id='word_1_717' title='bbox 2072 4123 2243 4179; x_wconf 92' lang='lat' dir='ltr'>electo</span> <span class='ocrx_word' id='word_1_718' title='bbox 2266 4140 2323 4177; x_wconf 91' lang='lat' dir='ltr'>se</span> <span class='ocrx_word' id='word_1_719' title='bbox 2340 4123 2653 4194; x_wconf 89' lang='lat' dir='ltr'>percepisse</span> <span class='ocrx_word' id='word_1_720' title='bbox 2675 4121 2971 4191; x_wconf 90' lang='lat' dir='ltr'>impensius</span> <span class='ocrx_word' id='word_1_721' title='bbox 2993 4120 3311 4192; x_wconf 89' lang='lat' dir='ltr'>gratulatur.</span> <span class='ocrx_word' id='word_1_722' title='bbox 3338 4120 3552 4192; x_wconf 88' lang='lat' dir='ltr'>Quique</span> 
     </span>
    </p>
   </div>
   <div class='ocr_carea' id='block_1_104' title="bbox 1954 4208 3550 4281">
    <p class='ocr_par' dir='ltr' id='par_1_104' title="bbox 1954 4208 3550 4281">
     <span class='ocr_line' id='line_1_104' title="bbox 1954 4208 3550 4281; baseline -0.001 -17"><span class='ocrx_word' id='word_1_723' title='bbox 1954 4212 2102 4281; x_wconf 86' lang='lat' dir='ltr'>prius</span> <span class='ocrx_word' id='word_1_724' title='bbox 2133 4228 2191 4267; x_wconf 92' lang='lat' dir='ltr'>se</span> <span class='ocrx_word' id='word_1_725' title='bbox 2220 4212 2361 4266; x_wconf 88' lang='lat' dir='ltr'>male</span> <span class='ocrx_word' id='word_1_726' title='bbox 2392 4210 2645 4265; x_wconf 88' lang='lat' dir='ltr'>inductos</span> <span class='ocrx_word' id='word_1_727' title='bbox 2668 4226 2731 4264; x_wconf 87' lang='lat' dir='ltr'>ac</span> <span class='ocrx_word' id='word_1_728' title='bbox 2751 4210 3148 4265; x_wconf 90' lang='lat' dir='ltr'>circumventos</span> <span class='ocrx_word' id='word_1_729' title='bbox 3166 4208 3550 4279; x_wconf 88' lang='lat' dir='ltr'>querebantur,</span> 
     </span>
    </p>
   </div>
   <div class='ocr_carea' id='block_1_105' title="bbox 1954 4296 3550 4363">
    <p class='ocr_par' dir='ltr' id='par_1_105' title="bbox 1954 4296 3550 4363">
     <span class='ocr_line' id='line_1_105' title="bbox 1954 4296 3550 4363; baseline -0.002 -10"><span class='ocrx_word' id='word_1_730' title='bbox 1954 4309 2010 4353; x_wconf 91' lang='lat' dir='ltr'>ut</span> <span class='ocrx_word' id='word_1_731' title='bbox 2038 4300 2310 4353; x_wconf 88' lang='lat' dir='ltr'>hominem</span> <span class='ocrx_word' id='word_1_732' title='bbox 2340 4307 2533 4352; x_wconf 88' lang='lat' dir='ltr'>natura</span> <span class='ocrx_word' id='word_1_733' title='bbox 2575 4296 2886 4361; x_wconf 86' lang='lat' dir='ltr'>barbarum,</span> <span class='ocrx_word' id='word_1_734' title='bbox 2939 4296 3203 4363; x_wconf 90' lang='lat' dir='ltr'>moribus,</span> <span class='ocrx_word' id='word_1_735' title='bbox 3255 4304 3313 4351; x_wconf 93' lang='lat' dir='ltr'>ut</span> <span class='ocrx_word' id='word_1_736' title='bbox 3364 4296 3550 4351; x_wconf 88' lang='lat' dir='ltr'>formi-</span> 
     </span>
    </p>
   </div>
   <div class='ocr_carea' id='block_1_106' title="bbox 1954 4384 3553 4458">
    <p class='ocr_par' dir='ltr' id='par_1_106' title="bbox 1954 4384 3553 4458">
     <span class='ocr_line' id='line_1_106' title="bbox 1954 4384 3553 4458; baseline 0.001 -17"><span class='ocrx_word' id='word_1_737' title='bbox 1954 4386 2175 4453; x_wconf 86' lang='lat' dir='ltr'>dabant,</span> <span class='ocrx_word' id='word_1_738' title='bbox 2209 4395 2485 4458; x_wconf 89' lang='lat' dir='ltr'>agrestem</span> <span class='ocrx_word' id='word_1_739' title='bbox 2531 4394 2585 4441; x_wconf 93' lang='lat' dir='ltr'>et</span> <span class='ocrx_word' id='word_1_740' title='bbox 2612 4401 2889 4456; x_wconf 90' lang='lat' dir='ltr'>asperum,</span> <span class='ocrx_word' id='word_1_741' title='bbox 2940 4384 3042 4439; x_wconf 91' lang='lat' dir='ltr'>sibi</span> <span class='ocrx_word' id='word_1_742' title='bbox 3102 4385 3154 4439; x_wconf 92' lang='lat' dir='ltr'>in</span> <span class='ocrx_word' id='word_1_743' title='bbox 3204 4392 3468 4441; x_wconf 90' lang='lat' dir='ltr'>rectorem</span> <span class='ocrx_word' id='word_1_744' title='bbox 3497 4401 3553 4450; x_wconf 71' lang='lat' dir='ltr'>et</span> 
     </span>
    </p>
   </div>
   <div class='ocr_carea' id='block_1_107' title="bbox 1946 4473 3550 4545">
    <p class='ocr_par' dir='ltr' id='par_1_107' title="bbox 1946 4473 3550 4545">
     <span class='ocr_line' id='line_1_107' title="bbox 1946 4473 3550 4545; baseline -0.001 -15"><span class='ocrx_word' id='word_1_745' title='bbox 1946 4476 2225 4531; x_wconf 91' lang='lat' dir='ltr'>dominum</span> <span class='ocrx_word' id='word_1_746' title='bbox 2266 4476 2580 4545; x_wconf 87' lang='lat' dir='ltr'>elegissent,</span> <span class='ocrx_word' id='word_1_747' title='bbox 2632 4489 2776 4529; x_wconf 90' lang='lat' dir='ltr'>nunc</span> <span class='ocrx_word' id='word_1_748' title='bbox 2824 4473 2942 4530; x_wconf 90' lang='lat' dir='ltr'>vice</span> <span class='ocrx_word' id='word_1_749' title='bbox 2991 4489 3146 4529; x_wconf 91' lang='lat' dir='ltr'>versa</span> <span class='ocrx_word' id='word_1_750' title='bbox 3195 4474 3449 4530; x_wconf 88' lang='lat' dir='ltr'>bonitatis</span> <span class='ocrx_word' id='word_1_751' title='bbox 3496 4482 3550 4530; x_wconf 90' lang='lat' dir='ltr'>et</span> 
     </span>
    </p>
   </div>
   <div class='ocr_carea' id='block_1_108' title="bbox 1946 4562 3546 4634">
    <p class='ocr_par' dir='ltr' id='par_1_108' title="bbox 1946 4562 3546 4634">
     <span class='ocr_line' id='line_1_108' title="bbox 1946 4562 3546 4634; baseline 0 -15"><span class='ocrx_word' id='word_1_752' title='bbox 1946 4565 2220 4634; x_wconf 84' lang='lat' dir='ltr'>sapientiae</span> <span class='ocrx_word' id='word_1_753' title='bbox 2251 4563 2394 4617; x_wconf 91' lang='lat' dir='ltr'>illius</span> <span class='ocrx_word' id='word_1_754' title='bbox 2425 4564 2621 4619; x_wconf 90' lang='lat' dir='ltr'>virtute</span> <span class='ocrx_word' id='word_1_755' title='bbox 2668 4570 2964 4633; x_wconf 91' lang='lat' dir='ltr'>comperta,</span> <span class='ocrx_word' id='word_1_756' title='bbox 3023 4562 3331 4620; x_wconf 90' lang='lat' dir='ltr'>accelerant</span> <span class='ocrx_word' id='word_1_757' title='bbox 3367 4564 3546 4619; x_wconf 92' lang='lat' dir='ltr'>denuo</span> 
     </span>
    </p>
   </div>
   <div class='ocr_carea' id='block_1_109' title="bbox 1944 4650 3545 4725">
    <p class='ocr_par' dir='ltr' id='par_1_109' title="bbox 1944 4650 3545 4725">
     <span class='ocr_line' id='line_1_109' title="bbox 1944 4650 3545 4725; baseline -0.001 -18"><span class='ocrx_word' id='word_1_758' title='bbox 1944 4653 2012 4708; x_wconf 88' lang='lat' dir='ltr'>de</span> <span class='ocrx_word' id='word_1_759' title='bbox 2042 4668 2182 4707; x_wconf 83' lang='lat' dir='ltr'>novo</span> <span class='ocrx_word' id='word_1_760' title='bbox 2212 4651 2415 4724; x_wconf 88' lang='lat' dir='ltr'>eligere</span> <span class='ocrx_word' id='word_1_761' title='bbox 2445 4650 2616 4718; x_wconf 89' lang='lat' dir='ltr'>illum,</span> <span class='ocrx_word' id='word_1_762' title='bbox 2651 4659 2721 4717; x_wconf 92' lang='lat' dir='ltr'>et,</span> <span class='ocrx_word' id='word_1_763' title='bbox 2747 4659 2802 4706; x_wconf 93' lang='lat' dir='ltr'>ut</span> <span class='ocrx_word' id='word_1_764' title='bbox 2831 4668 2998 4723; x_wconf 88' lang='lat' dir='ltr'>super</span> <span class='ocrx_word' id='word_1_765' title='bbox 3019 4669 3077 4708; x_wconf 92' lang='lat' dir='ltr'>se</span> <span class='ocrx_word' id='word_1_766' title='bbox 3090 4652 3373 4725; x_wconf 90' lang='lat' dir='ltr'>pastoralis</span> <span class='ocrx_word' id='word_1_767' title='bbox 3402 4667 3545 4707; x_wconf 67' lang='lat' dir='ltr'>cura:</span> 
     </span>
    </p>
   </div>
   <div class='ocr_carea' id='block_1_110' title="bbox 1943 4741 3543 4813">
    <p class='ocr_par' dir='ltr' id='par_1_110' title="bbox 1943 4741 3543 4813">
     <span class='ocr_line' id='line_1_110' title="bbox 1943 4741 3543 4813; baseline 0 -18"><span class='ocrx_word' id='word_1_768' title='bbox 1943 4741 2296 4795; x_wconf 89' lang='lat' dir='ltr'>ministerium</span> <span class='ocrx_word' id='word_1_769' title='bbox 2358 4741 2613 4813; x_wconf 88' lang='lat' dir='ltr'>dignetur</span> <span class='ocrx_word' id='word_1_770' title='bbox 2660 4742 2956 4813; x_wconf 88' lang='lat' dir='ltr'>suscipere,</span> <span class='ocrx_word' id='word_1_771' title='bbox 3009 4742 3359 4797; x_wconf 83' lang='lat' dir='ltr'>devotissimc</span> <span class='ocrx_word' id='word_1_772' title='bbox 3410 4756 3543 4810; x_wconf 89' lang='lat' dir='ltr'>sup-</span> 
     </span>
    </p>
   </div>
   <div class='ocr_carea' id='block_1_111' title="bbox 1943 4830 2162 4902">
    <p class='ocr_par' dir='ltr' id='par_1_111' title="bbox 1943 4830 2162 4902">
     <span class='ocr_line' id='line_1_111' title="bbox 1943 4830 2162 4902; baseline 0 -19"><span class='ocrx_word' id='word_1_773' title='bbox 1943 4830 2162 4902; x_wconf 83' lang='lat' dir='ltr'>plicant.</span> 
     </span>
    </p>
   </div>
   <div class='ocr_carea' id='block_1_112' title="bbox 2014 4918 3546 4990">
    <p class='ocr_par' dir='ltr' id='par_1_112' title="bbox 2014 4918 3546 4990">
     <span class='ocr_line' id='line_1_112' title="bbox 2014 4918 3546 4990; baseline 0.002 -19"><span class='ocrx_word' id='word_1_774' title='bbox 2014 4918 2292 4972; x_wconf 82' lang='lat' dir='ltr'>Mittuntur</span> <span class='ocrx_word' id='word_1_775' title='bbox 2322 4919 2517 4973; x_wconf 89' lang='lat' dir='ltr'>iterum</span> <span class='ocrx_word' id='word_1_776' title='bbox 2534 4934 2655 4974; x_wconf 91' lang='lat' dir='ltr'>cum</span> <span class='ocrx_word' id='word_1_777' title='bbox 2674 4919 2861 4975; x_wconf 88' lang='lat' dir='ltr'>litteris</span> <span class='ocrx_word' id='word_1_778' title='bbox 2890 4918 3127 4990; x_wconf 90' lang='lat' dir='ltr'>capituli,</span> <span class='ocrx_word' id='word_1_779' title='bbox 3154 4918 3303 4989; x_wconf 85' lang='lat' dir='ltr'>regis</span> <span class='ocrx_word' id='word_1_780' title='bbox 3333 4931 3546 4989; x_wconf 83' lang='lat' dir='ltr'>quoque</span> 
     </span>
    </p>
   </div>
   <div class='ocr_carea' id='block_1_113' title="bbox 1942 5005 3543 5078">
    <p class='ocr_par' dir='ltr' id='par_1_113' title="bbox 1942 5005 3543 5078">
     <span class='ocr_line' id='line_1_113' title="bbox 1942 5005 3543 5078; baseline 0.001 -17"><span class='ocrx_word' id='word_1_781' title='bbox 1942 5016 1994 5061; x_wconf 92' lang='lat' dir='ltr'>et</span> <span class='ocrx_word' id='word_1_782' title='bbox 2042 5007 2441 5078; x_wconf 85' lang='lat' dir='ltr'>archiepiscopi</span> <span class='ocrx_word' id='word_1_783' title='bbox 2486 5008 2657 5063; x_wconf 89' lang='lat' dir='ltr'>nuntii</span> <span class='ocrx_word' id='word_1_784' title='bbox 2705 5008 2884 5078; x_wconf 89' lang='lat' dir='ltr'>plures</span> <span class='ocrx_word' id='word_1_785' title='bbox 2932 5007 3226 5077; x_wconf 89' lang='lat' dir='ltr'>prioribus.</span> <span class='ocrx_word' id='word_1_786' title='bbox 3278 5005 3543 5062; x_wconf 87' lang='lat' dir='ltr'>Omnibus</span> 
     </span>
    </p>
   </div>
   <div class='ocr_carea' id='block_1_114' title="bbox 1941 5094 3543 5168">
    <p class='ocr_par' dir='ltr' id='par_1_114' title="bbox 1941 5094 3543 5168">
     <span class='ocr_line' id='line_1_114' title="bbox 1941 5094 3543 5168; baseline 0 -18"><span class='ocrx_word' id='word_1_787' title='bbox 1941 5094 2124 5168; x_wconf 87' lang='lat' dir='ltr'>itaque</span> <span class='ocrx_word' id='word_1_788' title='bbox 2157 5095 2587 5151; x_wconf 84' lang='lat' dir='ltr'>existimantibus</span> <span class='ocrx_word' id='word_1_789' title='bbox 2618 5103 3051 5152; x_wconf 90' lang='lat' dir='ltr'>consummatum</span> <span class='ocrx_word' id='word_1_790' title='bbox 3078 5096 3192 5163; x_wconf 88' lang='lat' dir='ltr'>jam</span> <span class='ocrx_word' id='word_1_791' title='bbox 3222 5110 3343 5149; x_wconf 90' lang='lat' dir='ltr'>esse</span> <span class='ocrx_word' id='word_1_792' title='bbox 3373 5111 3543 5167; x_wconf 87' lang='lat' dir='ltr'>nego-</span> 
     </span>
    </p>
   </div>
   <div class='ocr_carea' id='block_1_115' title="bbox 1942 5182 3540 5255">
    <p class='ocr_par' dir='ltr' id='par_1_115' title="bbox 1942 5182 3540 5255">
     <span class='ocr_line' id='line_1_115' title="bbox 1942 5182 3540 5255; baseline -0.001 -17"><span class='ocrx_word' id='word_1_793' title='bbox 1942 5184 2072 5238; x_wconf 91' lang='lat' dir='ltr'>tium</span> <span class='ocrx_word' id='word_1_794' title='bbox 2105 5200 2205 5240; x_wconf 93' lang='lat' dir='ltr'>nec</span> <span class='ocrx_word' id='word_1_795' title='bbox 2238 5182 2405 5238; x_wconf 89' lang='lat' dir='ltr'>ullum</span> <span class='ocrx_word' id='word_1_796' title='bbox 2454 5185 2501 5239; x_wconf 91' lang='lat' dir='ltr'>ei</span> <span class='ocrx_word' id='word_1_797' title='bbox 2549 5185 2615 5240; x_wconf 93' lang='lat' dir='ltr'>de</span> <span class='ocrx_word' id='word_1_798' title='bbox 2668 5192 2861 5241; x_wconf 66' lang='lat' dir='ltr'>caetero</span> <span class='ocrx_word' id='word_1_799' title='bbox 2906 5199 3196 5255; x_wconf 87' lang='lat' dir='ltr'>superesse</span> <span class='ocrx_word' id='word_1_800' title='bbox 3242 5184 3540 5255; x_wconf 89' lang='lat' dir='ltr'>procrasti-</span> 
     </span>
    </p>
   </div>
   <div class='ocr_carea' id='block_1_116' title="bbox 1943 5364 3537 5417">
    <p class='ocr_par' dir='ltr' id='par_1_116' title="bbox 1943 5364 3537 5417">
     <span class='ocr_line' id='line_1_116' title="bbox 1943 5364 3537 5417; baseline -0.001 -2"><span class='ocrx_word' id='word_1_801' title='bbox 1943 5366 2067 5415; x_wconf 85' lang='lat' dir='ltr'>hunc</span> <span class='ocrx_word' id='word_1_802' title='bbox 2118 5368 2277 5416; x_wconf 87' lang='lat' dir='ltr'>adhuc</span> <span class='ocrx_word' id='word_1_803' title='bbox 2324 5366 2553 5417; x_wconf 88' lang='lat' dir='ltr'>vivebant</span> <span class='ocrx_word' id='word_1_804' title='bbox 2599 5366 2844 5417; x_wconf 84' lang='lat' dir='ltr'>Gilbertus</span> <span class='ocrx_word' id='word_1_805' title='bbox 2895 5378 2954 5415; x_wconf 84' lang='lat' dir='ltr'>ex</span> <span class='ocrx_word' id='word_1_806' title='bbox 2994 5364 3168 5414; x_wconf 88' lang='lat' dir='ltr'>abbate</span> <span class='ocrx_word' id='word_1_807' title='bbox 3217 5364 3537 5415; x_wconf 70' lang='lat' dir='ltr'>Gloncestriaa</span> 
     </span>
    </p>
   </div>
   <div class='ocr_carea' id='block_1_117' title="bbox 1942 5431 3534 5494">
    <p class='ocr_par' dir='ltr' id='par_1_117' title="bbox 1942 5431 3534 5494">
     <span class='ocr_line' id='line_1_117' title="bbox 1942 5431 3534 5494; baseline -0.001 -13"><span class='ocrx_word' id='word_1_808' title='bbox 1942 5434 2193 5494; x_wconf 85' lang='lat' dir='ltr'>episcopus</span> <span class='ocrx_word' id='word_1_809' title='bbox 2217 5432 2429 5494; x_wconf 91' lang='lat' dir='ltr'>primum</span> <span class='ocrx_word' id='word_1_810' title='bbox 2472 5433 2859 5494; x_wconf 86' lang='lat' dir='ltr'>Herefordensis,</span> <span class='ocrx_word' id='word_1_811' title='bbox 2889 5436 2937 5483; x_wconf 89' lang='lat' dir='ltr'>et</span> <span class='ocrx_word' id='word_1_812' title='bbox 2978 5432 3152 5482; x_wconf 90' lang='lat' dir='ltr'>ultimo</span> <span class='ocrx_word' id='word_1_813' title='bbox 3194 5431 3534 5492; x_wconf 88' lang='lat' dir='ltr'>Londinensis,</span> 
     </span>
    </p>
   </div>
   <div class='ocr_carea' id='block_1_118' title="bbox 1940 5498 3535 5625">
    <p class='ocr_par' dir='ltr' id='par_1_118' title="bbox 1940 5498 3535 5625">
     <span class='ocr_line' id='line_1_118' title="bbox 1940 5498 3535 5615; baseline -0.001 -67"><span class='ocrx_word' id='word_1_814' title='bbox 1940 5504 1987 5548; x_wconf 90' lang='lat' dir='ltr'>et</span> <span class='ocrx_word' id='word_1_815' title='bbox 2008 5501 2306 5615; x_wconf 56' lang='lat' dir='ltr'>ideannelsex</span> <span class='ocrx_word' id='word_1_816' title='bbox 2333 5499 2647 5551; x_wconf 87' lang='lat' dir='ltr'>Cisterciensi</span> <span class='ocrx_word' id='word_1_817' title='bbox 2674 5500 2926 5563; x_wconf 84' lang='lat' dir='ltr'>episc0pus</span> <span class='ocrx_word' id='word_1_818' title='bbox 2951 5498 3294 5559; x_wconf 78' lang='lat' dir='ltr'>Norwiccnsls,</span> <span class='ocrx_word' id='word_1_819' title='bbox 3340 5498 3460 5547; x_wconf 78' lang='lat' dir='ltr'>forte</span> <span class='ocrx_word' id='word_1_820' title='bbox 3488 5501 3535 5548; x_wconf 88' lang='lat' dir='ltr'>et</span> 
     </span>
     <span class='ocr_line' id='line_1_119' title="bbox 1940 5578 2263 5625; baseline -0.009 -10"><span class='ocrx_word' id='word_1_821' title='bbox 1940 5578 2017 5625; x_wconf 80' lang='lat' dir='ltr'>qui</span> <span class='ocrx_word' id='word_1_822' title='bbox 2056 5579 2132 5615; x_wconf 86' lang='lat' dir='ltr'>am</span> <span class='ocrx_word' id='word_1_823' title='bbox 2160 5580 2186 5616; x_wconf 87' lang='lat' dir='ltr'>a</span> <span class='ocrx_word' id='word_1_824' title='bbox 2211 5579 2263 5615; x_wconf 85' lang='grc' dir='ltr'>ιι.</span> 
     </span>
    </p>
   </div>
  </div>
