3972 6052
409 229 515 281 987

1284 227 1343 282 S.
1394 225 1707 285 HUGONIS
1746 225 1964 282 EPISC.
2009 222 2332 281 LINCOLN.
2376 225 2539 282 0RD.
2583 226 2831 283 CARTH.

3606 233 3720 283 988

407 350 576 405 nandi
606 350 944 423 suffragium,
980 352 1147 425 legati
1170 353 1280 421 jam
1311 352 1472 423 plene
1515 353 1782 418 instructi,
1817 351 2021 407 hilares
2041 351 2098 411 Α
2126 357 2240 405 tero
2288 350 2507 406 domino
2538 351 2911 407 Cantuariensi
2951 351 3284 406 exhibiturus
3315 351 3429 421 (9t)
3456 352 3730 408 obedien-

415 446 469 493 et
500 439 608 493 lati
640 442 1029 510 superveniunt
1059 442 1129 495 ad
1159 457 1301 497 eum.
1323 442 1673 496 Prasciverat
1706 442 1925 512 quidam
1952 439 2019 492 ab

411 526 539 581 olim
572 528 655 583 vir
680 529 871 583 beatus
893 530 961 583 ad
982 528 1327 599 pontificatus
1363 529 1595 585 ofllcium
1620 547 1677 584 se
1701 532 1812 599 (88)
1844 544 2021 600 quan-

415 615 595 686 doque
625 616 883 671 divinitus
914 619 1319 688 perducendum
1346 619 1522 684 ;unde
1555 620 1697 689 quod
1731 619 1887 673 vitari
1916 635 2024 672 non

412 718 576 773 posse
607 705 845 771 dolebat,
876 723 942 761 ne
972 707 1188 762 demum
1220 706 1389 772 fieret,
1444 715 1704 778 quantum
1734 707 1787 761 in
1812 723 1869 761 se
1899 707 2015 778 fuit,

414 806 483 846 ne
514 792 671 847 citius
700 792 875 861 fieret,
910 794 1114 849 differri
1147 794 1415 865 cupiebat.

482 880 694 935 Auditis
726 898 859 953 ergo
889 891 1010 953 post
1040 884 1312 953 inspectas
1354 883 1564 938 litteras
1596 883 1846 953 praefatas
1878 900 2007 938 nun-

412 968 611 1023 tiorum
642 970 844 1038 verbis,
880 971 957 1026 sic
988 987 1082 1026 eos
1134 971 1427 1043 alloquitur
1460 987 1471 1025 :
1510 995 1530 1019 ‹‹
1569 973 1757 1026 Mirum
1806 982 1906 1037 est,
1942 974 2022 1027 in-

415 1057 546 1128 quit,
583 1059 728 1128 quod
760 1058 860 1114 viri
890 1060 1165 1129 sapientes
1207 1060 1456 1132 adeoque
1507 1061 1694 1116 civiles
1726 1077 1812 1115 me
1842 1062 2023 1115 homi-

418 1162 545 1201 nem
594 1146 854 1202 incultum
902 1156 957 1204 et
1006 1149 1231 1203 idiotam
1280 1157 1562 1220 tantopere
1620 1149 1921 1204 sollicitatis
1968 1158 2025 1204 ut

417 1234 739 1291 familiarem
784 1245 835 1291 et
882 1236 1013 1291 mihi
1084 1237 1152 1292 ab
1203 1237 1572 1293 adolescentia
1630 1254 1749 1293 mea
1798 1239 2023 1293 amicam

422 1322 655 1392 quietem
689 1324 993 1379 solitudinis
1021 1325 1234 1381 auferre
1266 1326 1484 1394 curetis,
1530 1327 1871 1397 publicisque
1902 1342 2026 1382 cons

417 1411 666 1465 ventibus
702 1420 753 1467 et
785 1414 1126 1484 negotiorum
1166 1413 1601 1483 implicamcntis,
1635 1414 1765 1468 mihi
1797 1431 2024 1484 prorsus

417 1496 647 1553 insuetis
708 1508 757 1555 et
823 1500 1136 1571 inexpertis,
1187 1501 1442 1573 ingerere
1501 1502 1779 1558 laborctis.
1830 1504 2024 1557 Verum

418 1586 562 1657 quia,
596 1595 653 1641 ut
684 1588 863 1654 video,
897 1589 952 1643 id
983 1590 1136 1645 vobis
1166 1590 1471 1645 dissuaderi
1492 1591 1720 1661 prolatis
1750 1608 1779 1643 a
1814 1608 1897 1646 me
1928 1608 2025 1646 ra-

418 1674 653 1729 tionibus
684 1693 791 1730 non
830 1685 1031 1748 potest,
1078 1679 1183 1734 hoc
1233 1679 1413 1733 sciatis
1453 1679 1842 1745 indubitanter,
1899 1681 2023 1751 quia

420 1764 589 1818 vestri
619 1764 826 1819 laboris
854 1774 997 1822 meta
1027 1766 1081 1821 in
1111 1782 1232 1823 meo
1278 1766 1501 1822 arbitrio
1550 1784 1656 1822 non
1702 1778 1784 1823 est
1818 1770 2025 1823 consti-

419 1858 552 1907 tuta.
600 1854 791 1909 Latere
835 1854 977 1909 enim
1027 1872 1125 1910 vos
1169 1873 1278 1910 non
1338 1864 1516 1925 potest
1544 1856 1683 1929 .quia
1714 1858 1875 1911 homo
1906 1874 2026 1912 sum

418 1939 519 1994 sub
546 1940 723 1996 aliena
752 1951 1017 2012 potestate
1046 1944 1388 2001 constitutus.
1439 1946 1761 1999 Monachum
1808 1961 1894 1999 me
1927 1962 2025 2000 no-

420 2027 574 2084 vistis
602 2030 798 2100 prioris
829 2031 943 2101 (89)
972 2032 1080 2087 mei
1122 2032 1342 2086 nutibus
1390 2032 1710 2100 subjectum,
1745 2034 2027 2088 servanda

419 2133 590 2188 usque
620 2117 690 2172 ad
734 2127 962 2174 mortem
1010 2120 1332 2175 obedientia
1379 2120 1640 2188 additum,
1676 2128 1727 2175 et
1755 2130 2026 2191 pracepto

417 2204 581 2271 illius,
617 2206 709 2277 qui
738 2206 793 2261 in
824 2209 921 2261 has
952 2215 1132 2263 terras
1162 2208 1306 2262 misit
1336 2225 1445 2274 me,
1478 2226 1870 2281 usquequaque
1900 2209 2029 2265 sub-

421 2300 671 2350 stratum.
725 2298 769 2350 Α
810 2311 935 2351 meo
956 2296 1085 2351 mihi
1106 2298 1399 2368 praposito
1425 2298 1619 2353 domus
1651 2298 1809 2366 hujus
1840 2307 2025 2354 custo-

420 2381 507 2435 dia
537 2383 742 2439 credita
770 2392 873 2451 est,
908 2400 1008 2440 nec
1054 2386 1285 2440 admittit
1330 2386 1467 2441 ratio
1513 2394 1587 2453 ut,
1641 2400 1707 2441 ea
1753 2388 2022 2458 neglecta,

421 2469 645 2527 alterius
670 2473 1040 2545 cujuscunque
1072 2474 1264 2530 domus
1313 2475 1397 2531 vel
1446 2474 1692 2530 ecclesia
1738 2474 2025 2545 suscipiam

420 2559 814 2631 gubernacula.
838 2562 1098 2618 Dominus
1130 2563 1348 2635 quidem
1373 2563 1797 2629 Cantuariensis,
1823 2564 2025 2634 primas

420 2654 475 2704 et
502 2649 753 2720 princeps
772 2651 1033 2707 Ecclesia
1054 2652 1387 2721 Anglicana,
1412 2652 1515 2707 sub
1530 2651 1782 2722 pontifice
1812 2668 2025 2706 summo

422 2744 543 2803 est;
575 2745 809 2793 attamen
841 2739 895 2793 in
934 2740 1243 2808 hujusmodi
1287 2748 1368 2796 est
1413 2740 1548 2795 alius
1591 2742 1727 2796 inter
1773 2756 1873 2795 nos
1902 2757 2023 2795 me-

422 2824 564 2880 dius.
614 2828 720 2879 Aut
765 2826 933 2899 igitur
976 2828 1253 2898 petitionis
1301 2829 1678 2897 hujuscemodi
1726 2828 2023 2885 intentione

424 2912 821 2969 discedendum
848 2924 947 2981 est,
983 2924 1073 2970 aut
1102 2915 1311 2972 itineris
1340 2916 1558 2971 onerosi
1589 2933 1761 2988 usque
1792 2918 1861 2971 ad
1892 2918 2023 2971 Car-

424 3002 658 3058 tbusiam
686 3003 929 3077 fatigatio
962 3005 1261 3060 subeunda.
1296 3005 1434 3059 Nam
1469 3006 1604 3062 citra
1633 3004 1828 3078 prioris
1850 3006 2022 3060 nostri

421 3092 744 3163 jussionem,
776 3093 960 3149 oneris
988 3096 1153 3151 vestri
1184 3094 1457 3151 sarcinam
1487 3095 1729 3151 humeris
1752 3095 1885 3150 meis
1915 3096 2029 3150 nul-

425 3179 511 3236 lus
540 3182 799 3253 imponet.
838 3202 858 3235 ι

1029 3361 1255 3417 CAPUT
1283 3361 1373 3417 IV.

433 3538 687 3606 Qualiter
706 3540 867 3594 missi
892 3541 1145 3611 priorem
1178 3537 1515 3611 Carthasim,
1542 3538 1941 3609 requirebant;
1973 3543 2027 3593 et

498 3611 653 3680 Hugo
684 3612 805 3682 ipse
834 3609 1115 3682 devotioni
1145 3610 1363 3682 fortius,
1404 3609 1676 3664 insistens
1723 3625 1778 3663 se
1814 3614 2028 3682 contra

492 3681 1038 3753 jugum’episcopale
1068 3681 1173 3736 sibi
1201 3681 1514 3736 imminens
1540 3681 1915 3751 praparabat.

426 3823 544 3878 Hoc
572 3822 717 3879 illius
746 3830 971 3894 accepto
1002 3838 1282 3894 responso,
1333 3838 1457 3878 cum
1504 3822 1730 3878 verbum
1762 3822 1879 3889 ejus
1901 3836 2027 3876 cer-

426 3914 616 3962 nerent
647 3906 861 3977 penitus
892 3922 1000 3961 non
1045 3922 1208 3976 posse
1255 3907 1467 3971 mutari,
1519 3905 1748 3960 redeunt
1795 3905 1872 3958 illi
1918 3913 2029 3959 tam

430 3995 499 4048 de
532 3993 750 4064 infecto,
785 4010 886 4065 pro
916 4010 1022 4066 quo
1052 4002 1333 4061 venerant,
1382 3993 1603 4065 negotio
1633 3993 1831 4059 masti,
1865 4010 2029 4065 quam

429 4082 498 4137 de
529 4080 694 4138 futuri
719 4082 951 4154 pastoris
982 4082 1065 4137 sui
1100 4081 1384 4139 virtutibus
1428 4081 1739 4153 insignique
1768 4090 2028 4137 constan-

431 4171 501 4226 tia
548 4172 691 4227 unde
734 4188 843 4227 non
888 4171 1083 4244 exigua
1129 4179 1388 4241 ceperant
1430 4170 1776 4240 documenta,
1826 4171 2030 4228 hilares

431 4260 626 4318 effecti.
662 4262 885 4327 Verum,
916 4277 985 4316 ne
1034 4259 1216 4314 multis
1256 4260 1627 4327 immoremur,
1680 4260 2031 4315 honorabiles

431 4349 531 4405 sub
574 4348 914 4404 festinatione
961 4349 1266 4421 diriguntur
1308 4349 1379 4404 ad
1428 4347 1773 4404 Carthusiam
1838 4348 2026 4420 legati.

2131 440 2276 506 tiam,
2310 439 2366 493 in
2406 456 2470 494 eo
2516 441 2584 494 ad
2630 456 2873 510 prasens
2923 440 3239 510 simpliciter
3290 441 3339 495 ei
3387 440 3643 505 obediat,
3683 450 3740 495 et

2124 528 2462 582 hasitatione
2508 529 2655 582 omni
2705 529 3005 598 postposita
3055 529 3315 599 suscipiat
3362 530 3634 584 humiliter
3676 529 3733 583 id

2126 616 2269 687 quod
2302 616 2349 670 ei
2380 616 2635 671 divinitus
2675 618 2959 672 constabat
3010 618 3212 687 imponi
3255 619 3447 690 jugum
3488 618 3731 673 Domini.

2195 706 2334 759 Dum
2368 720 2499 760 vero
2528 706 2643 760 hac
2673 714 2967 778 agerentur
3016 706 3084 761 ab
3134 705 3259 760 illis.
3310 708 3465 779 Hugo
3508 706 3734 762 minime

2124 793 2443 865 indulgebat
2473 794 2616 849 otiis.
2652 794 2812 849 Omni
2843 809 3079 866 namque
3110 795 3382 861 instantia,
3416 794 3502 849 die
3534 802 3734 850 noctu-

2125 898 2229 953 que
2259 882 2663 953 cumpunctioni
2683 883 2866 938 cordis
2895 898 2960 939 ac
2979 884 3230 953 puritatis
3260 882 3597 949 incumbens,
3632 899 3731 938 as-

2126 969 2402 1042 siduaque
2432 970 2662 1025 orationi
2709 971 3071 1043 praeparabat,
3116 988 3224 1026 non
3274 972 3476 1027 cultum
3521 972 3731 1041 pretio-

2126 1074 2309 1113 sarum
2340 1059 2589 1125 vestium,
2622 1075 2718 1115 seu
2749 1075 3004 1115 vasorum
3036 1059 3380 1130 splendorem
3410 1059 3477 1113 ad
3505 1060 3729 1114 inanem

2125 1147 2376 1218 gloriam,
2411 1148 2508 1202 sed
2538 1148 2776 1202 animam
2809 1163 2959 1202 suam
3003 1149 3071 1202 ad
3119 1148 3496 1203 tentationem.
3538 1148 3730 1202 Immi-

2126 1243 2342 1290 nentem
2375 1235 2519 1289 enim
2549 1252 2656 1291 non
2685 1236 2845 1291 aliter
2876 1236 3227 1306 exspectabat
3277 1244 3445 1291 status
3490 1237 3574 1290 sui
3603 1253 3713 1291 mu.

2126 1323 2402 1389 tationem,
2436 1339 2597 1394 quam
2620 1324 2853 1378 nubibus
2872 1324 3212 1394 conglobatis
3242 1332 3551 1394 suspectam
3567 1330 3735 1379 nauta

2128 1418 2540 1481 tempestatem;
2588 1421 2680 1467 aut
2723 1413 2777 1465 in
2825 1411 3051 1484 longum
3099 1420 3348 1467 servatus
3395 1412 3552 1467 miles
3597 1412 3730 1467 olim

2125 1498 2471 1554 formidatam
2499 1501 2773 1571 agminum
2804 1500 3036 1555 hostium
3082 1500 3545 1572 congressionem.
3596 1501 3733 1555 Cum

2126 1587 2375 1642 familiari
2406 1604 2537 1643 vero
2568 1588 2850 1659 provisere
2870 1596 2921 1642 et
2948 1589 3216 1643 nutritore
3238 1603 3337 1644 suo
3359 1590 3473 1643 Deo
3494 1588 3561 1643 de
3582 1604 3733 1643 sum-

2046 1706 2097 1765 B
2129 1676 2327 1746 ptibus,
2362 1677 2589 1732 sollicite
2620 1676 2879 1732 tractabat
2902 1677 3231 1732 necessariis
3251 1678 3320 1731 ad
3342 1676 3484 1731 diem
3506 1676 3725 1742 festum,

2130 1780 2237 1835 quo
2269 1773 2382 1819 erat
2416 1765 2702 1837 ungendus
2732 1765 2851 1820 oleo
2900 1764 3114 1819 latitia.
3167 1765 3247 1819 De
3294 1765 3617 1835 sumptibus,
3652 1765 3733 1819 in-

2129 1868 2309 1923 quam,
2378 1869 2486 1907 non
2535 1853 2730 1924 quibus
2793 1860 3010 1908 ventres
3060 1852 3308 1908 reﬁceret
3350 1853 3730 1919 destruendos,

2128 1942 2269 1995 escis
2301 1957 2457 2012 aque
2487 1941 2851 2009 destruendis,
2888 1942 2985 1996 sed
3036 1941 3231 2013 quibus
3274 1941 3552 2011 ingentem
3598 1958 3731 1997 sen-

2128 2046 2285 2085 suum
2316 2030 2655 2085 internorum
2687 2038 2741 2086 et
2779 2029 3125 2085 affectionum
3170 2029 3567 2085 multitudinem
3613 2030 3733 2085 vir-

2129 2118 2332 2173 tutibus
2362 2119 2649 2174 roboraret
2678 2132 2786 2174 non
2818 2118 3128 2174 defecturis.
3168 2117 3314 2174 Nihil
3344 2133 3475 2173 sane
3500 2118 3737 2173 ducebat

2128 2206 2507 2272 miserabilius,
2535 2223 2696 2278 quam
2727 2207 2783 2261 in
2810 2206 2898 2262 die
2920 2214 3082 2261 tanta
3102 2206 3462 2262 solemnitatis
3492 2208 3730 2262 exterius

2128 2296 2347 2367 quidem
2397 2296 2712 2351 madescere
2762 2294 3172 2352 sacramentalis
3221 2295 3327 2351 olei
3374 2294 3729 2368 pinguedine,

2127 2383 2352 2439 interius
2383 2400 2511 2439 vero
2543 2383 2831 2440 tabescere
2886 2383 3143 2455 squalore
3172 2383 3415 2439 ardentis
3443 2384 3733 2439 conscien-

2128 2472 2231 2527 tia.
2267 2472 2441 2541 Quam
2472 2471 2563 2528 ille
2594 2473 2832 2528 miseria
2862 2472 3250 2527 immanitatem
3282 2487 3583 2542 praecavere
3611 2480 3733 2526 sat-

2126 2576 2318 2633 agens,
2354 2562 2431 2617 ita
2463 2578 2522 2616 se
2553 2562 2751 2634 agebat
2774 2561 2826 2615 in
2850 2560 3231 2632 comparandis
3256 2560 3733 2632 praparandisque

2127 2649 2297 2721 capiis
2326 2650 2382 2705 in
2426 2651 2527 2706 hoc
2573 2650 2753 2721 ipsum
2800 2649 3149 2715 necessariis,
3182 2664 3247 2704 ac
3290 2649 3335 2703 si
3380 2649 3512 2703 nihil
3559 2657 3727 2714 esset,

2127 2739 2391 2809 quidquid
2420 2739 2486 2792 ab
2517 2738 2735 2793 ineunte
2766 2745 2925 2794 atate
2974 2738 3138 2793 studii
3169 2746 3222 2793 et
3270 2737 3470 2793 laboris
3499 2737 3643 2793 circa
3676 2737 3732 2793 id

2126 2828 2329 2899 negotii
2369 2826 2696 2897 expedisset.

2198 2916 2567 2971 Versabantur
2596 2924 2867 2987 praeterea
2896 2916 3267 2971 indesinenter
3306 2916 3354 2971 ei
3404 2925 3527 2971 ante
3575 2930 3729 2971 men-

2125 3004 2191 3059 tis
2224 3005 2431 3069 oculos,
2466 3020 2575 3060 non
2602 3004 2938 3060 imminentia
2954 3004 3273 3060 deliciarum
3297 3012 3388 3059 aut
3420 3003 3731 3059 divitiarum

2127 3093 2402 3165 plerisque
2435 3102 2617 3164 Optata
2664 3094 2952 3159 lenocinia,
2999 3109 3110 3149 non
3155 3093 3391 3165 dignitas
3436 3101 3526 3148 aut
3570 3101 3735 3164 pote-

2128 3184 2283 3237 statis
2314 3182 2655 3249 excellentia,
2683 3198 2791 3238 non
2817 3183 3037 3239 demum
3058 3182 3447 3254 obsequiorum
3468 3182 3736 3237 sedulitas

2128 3269 2390 3338 officiosa,
2425 3272 2523 3327 sed
2553 3286 2735 3327 amara
2764 3272 2892 3327 vita
2942 3271 3377 3341 contemplativa
3422 3270 3734 3342 dispendia,

2128 3360 2324 3431 quieta
2373 3368 2425 3415 et
2471 3376 2680 3416 serena
2728 3359 3096 3415 meditationis
3139 3359 3510 3431 orationisque
3557 3358 3735 3414 detri-

2127 3456 2329 3504 menta.
2359 3449 2553 3515 Nemo,
2587 3456 2642 3503 ut
2672 3448 2997 3520 plerumque
3026 3449 3146 3519 ipse
3162 3447 3320 3503 nobis
3338 3447 3601 3503 secretius
3623 3462 3736 3503 non

2128 3538 2244 3593 sine
2274 3538 2479 3608 gemitu
2509 3537 2798 3607 fatebatur,
2834 3536 3201 3608 quotidianam
3234 3536 3411 3592 cordis
3457 3536 3572 3605 ejus
3629 3552 3733 3591 ex-

2128 3644 2332 3698 ponere
2362 3627 2630 3683 sufliceret
2660 3626 2912 3699 agoniam
2933 3641 3040 3697 qua
3074 3625 3385 3681 medullitus
3405 3625 3732 3696 angebatur,

2129 3731 2250 3772 cum
2281 3716 2561 3787 perdenda
2589 3732 2715 3771 mox
2753 3714 3157 3787 imaginabatur
3200 3714 3474 3770 fructuosa
3520 3713 3736 3769 cellula

2129 3822 2243 3861 sua
2271 3806 2400 3871 otia,
2433 3821 2529 3876 pro
2562 3806 2756 3876 quibus
2786 3804 3164 3873 succederent,
3206 3802 3560 3875 dispendiosa
3588 3802 3735 3872 pala-

2129 3895 2326 3949 tiorum
2356 3894 2596 3966 negotia.
2644 3893 2915 3949 Metuebat
2963 3908 3199 3964 quoque,
3232 3908 3302 3947 ne
3332 3892 3472 3946 inter
3500 3890 3617 3946 hac
3645 3907 3738 3945 ce-

2129 3983 2290 4039 dente
2319 3983 2623 4054 psalmodia
2650 3982 2853 4048 litibus,
2901 3989 3149 4037 cessante
3195 3979 3425 4036 lectione
3454 3994 3613 4035 sacra
3644 3996 3738 4033 su-

2129 4072 2351 4143 pertluis
2384 4072 2713 4139 rumoribus,
2743 4071 2963 4127 cederet
2993 4070 3191 4141 pariter
3220 4069 3305 4125 vel
3357 4068 3546 4124 intima
3594 4083 3735 4123 con-

2130 4160 2405 4231 templatio
2428 4160 2636 4215 caeteris
2656 4158 3144 4231 phantasmatibus,
3178 4157 3266 4214 vel
3286 4157 3500 4213 interna
3520 4156 3733 4229 puritas

2130 4249 2369 4304 externis
2400 4248 2745 4304 vanitatibus.

2202 4338 2470 4410 Denique,
2503 4353 2628 4393 cum
2679 4336 2911 4393 rediisse
2957 4337 3177 4393 nuntios
3224 4335 3545 4406 accepisset,
3593 4349 3735 4406 quos

430 4438 550 4507 Quo
578 4438 954 4509 pervenientes
985 4438 1299 4508 petitionem
1328 4437 1720 4493 Lincolniensis
1740 4438 2021 4505 Ecclesia,
2048 4421 2100 4480 D
2130 4437 2276 4483 certe
2335 4428 2636 4493 ῐηδῙιιίδεεῐ,
2690 4434 2815 4483 ιιιΠο
2862 4426 3098 4498 Primum
3144 4426 3244 4481 ίίθτ
3289 4424 3421 4480 ίῙῙυά
3468 4424 3734 4494 arripere,

430 4527 616 4598 regias
646 4542 860 4597 quoque
905 4542 1098 4596 preces
1147 4535 1199 4581 et
1245 4526 1598 4583 monitionem
1627 4527 2025 4597 archiprasulis

431 4615 646 4686 scriptis
675 4614 965 4685 verbisque
1008 4615 1265 4685 allegant.
1314 4614 1417 4683 Qui
1463 4615 1647 4683 etiam,
1698 4624 1753 4669 ut
1801 4616 2026 4687 dignum

432 4705 551 4771 fuit,
585 4702 879 4759 honorifice
911 4704 1166 4774 suscepti,
1201 4704 1444 4775 gratifice
1488 4703 1742 4763 exauditi.
1795 4704 2026 4759 reditum

433 4794 758 4857 accelerant,
818 4793 1132 4847 mandatum
1191 4794 1303 4862 (90)
1354 4792 1549 4861 prioris
1599 4800 1648 4846 et
1690 4793 1918 4846 fratrum
1966 4793 2035 4847 ad

434 4883 718 4956 Hugonem
748 4889 1110 4952 reportantes,
1155 4888 1419 4952 quatenus
1468 4880 1786 4937 canonicam
1833 4881 1902 4936 de
1918 4896 2038 4955 .ca-

506 5063 614 5127 (88)
643 5064 714 5113 Ex
748 5063 1063 5125 pradietione
1091 5060 1217 5112 illius
1239 5062 1390 5123 senis,
1419 5061 1557 5123 cujus
1579 5062 1633 5111 fit
1658 5062 1841 5113 mentio
1882 5062 1966 5112 lib.
1996 5077 2035 5124 ι,

441 5144 487 5178 c.
509 5130 542 5179 9
568 5135 617 5179 et
643 5129 844 5178 alterius
884 5129 1091 5179 Bovonis
1129 5128 1213 5177 lib.
1257 5142 1311 5189 ιι,
1338 5142 1382 5177 c.
1426 5128 1456 5177 2
1475 5167 1489 5191 ,
1528 5132 1578 5178 et
1626 5128 1829 5179 forsitan
1857 5142 1916 5179 ex
1941 5130 2035 5180 alia

442 5196 738 5247 revelatione
764 5196 855 5245 sibi
880 5201 1017 5258 nota,
1046 5194 1186 5245 nobis
1213 5195 1478 5255 incognita.

513 5280 621 5345 (89)
644 5280 823 5330 Prioris
844 5280 1030 5330 scilicet
1056 5279 1255 5341 majoris
1275 5279 1565 5341 Carthusia,
1603 5281 1769 5341 utpote
1798 5280 2039 5343 generalis

445 5349 593 5399 totius
617 5347 818 5398 ordinis.

512 5432 621 5495 (90)
652 5431 923 5482 Carthasim
962 5432 1188 5482 videlicet
1225 5430 1453 5491 majoris,
1497 5432 1572 5480 cui
1609 5434 1725 5481 tunc
1750 5432 1810 5481 ab
1837 5446 1881 5481 a.
1911 5432 2042 5481 1178

446 5503 660 5561 praerat
712 5498 1004 5549 Jancelinus.
1049 5500 1119 5548 De
1157 5512 1249 5561 quo
1288 5499 1413 5561 apud
1455 5498 1737 5549 Saussaium
1764 5499 1812 5548 in
1837 5500 2038 5560 Martyr.

450 5565 622 5617 Gallic.
650 5565 889 5631 supplcm.
923 5578 972 5628 p.
1004 5565 1133 5616 1095
1161 5580 1173 5615 :
1209 5580 1233 5614 (ί
1267 5566 1323 5617 ln
1348 5564 1519 5627 majori
1558 5566 1816 5617 Carthusia
1852 5566 2043 5617 Gratia-

2127 4533 2237 4572 non
2264 4517 2508 4573 cessabat
2538 4516 2733 4572 fratres
2763 4516 2817 4571 in
2849 4531 3007 4571 sacro
3050 4514 3331 4587 proposito
3358 4514 3602 4584 paternis
3633 4529 3735 4568 ex-

2126 4606 2523 4661 hortationibus
2553 4606 2935 4672 corroborare,
2970 4620 3238 4676 suumque
3266 4604 3511 4659 timorem
3540 4619 3733 4659 eorum

2128 4693 2401 4767 suffragiis
2431 4695 2687 4749 attentius
2718 4694 3120 4750 commendare.
3174 4692 3418 4748 Viderint
3465 4693 3591 4760 iam,
3639 4690 3735 4762 qui

2139 4782 2504 4853 episcOpatum
2535 4791 2813 4853 tantopere
2846 4782 3179 4847 desiderant,
3230 4788 3283 4836 et
3329 4780 3420 4852 qui
3468 4780 3538 4834 ad
3586 4796 3735 4850 pra-

2136 4872 2399 4927 lationum
2483 4871 2718 4928 culmina
2786 4879 2863 4926 tot
2921 4870 3077 4926 diviis
3139 4869 3353 4925 callium
3399 4867 3734 4924 anfractibus

2137 5057 2428 5119 nopolitana
2451 5055 2673 5106 diacesis
2692 5054 2826 5116 pium
2852 5053 3031 5103 efflavit
3055 5050 3454 5119 spiritumrbeatze
3481 5048 3733 5119 memoria

2137 5116 2411 5175 Jancelinus
2434 5123 2564 5185 prior
2605 5120 2849 5184 generatis
2876 5119 3091 5171 decimus
3139 5118 3323 5168 ordinis
3368 5116 3683 5185 Carthusiani
3720 5129 3733 5164 :

2138 5192 2213 5241 cui
2255 5193 2393 5240 annis
2436 5182 2538 5239 fere
2562 5182 2814 5250 sexaginta
2839 5226 2852 5248 ,
2880 5197 2973 5236 non
3014 5186 3121 5235 sine
3152 5185 3330 5246 insigni
3371 5182 3514 5233 laude
3538 5194 3597 5250 ac
3622 5182 3737 5232 vita:

2140 5258 2476 5317 sanctimonia,
2504 5258 2559 5306 ut
2582 5248 2732 5305 habet
2769 5255 2875 5315 ejus
2917 5254 3261 5313 Mnemosynen
3286 5251 3334 5300 in
3359 5248 3736 5317 nomencla‘tura

2142 5328 2339 5376 Patrum
2365 5315 2515 5387 ipsius
2550 5322 2732 5373 ordinis
2752 5319 2972 5385 prafuit.
3006 5340 3025 5362 ι
3061 5320 3131 5369 lta
3157 5319 3243 5369 ibi.
3270 5317 3402 5369 Obiit
3426 5320 3587 5368 autem
3602 5315 3737 5366 dicta

2140 5393 2217 5444 die
2241 5404 2368 5442 anno
2393 5392 2538 5441 1234.

2212 5497 2315 5560 (91)
2340 5496 2538 5557 Qualem
2558 5494 2704 5545 debet
2727 5493 2978 5557 episcopus
3003 5490 3370 5554 archiepiscopo
3388 5527 3401 5552 ,
3425 5485 3740 5540 Lincolnien-

2147 5564 2214 5616 sis
2239 5560 2598 5614 Cantuariensi.
