3972 6052
226 201 338 255 989

1651 172 1859 253 vn‘A.‘
1888 224 1957 240 -
1996 199 2122 258 LIB.
2166 202 2257 259 III.

3437 211 3540 264 990

228 323 497 394 aspirant,
533 337 769 395 quonam
800 322 1059 379 virtutum
1090 338 1319 395 genere,
1372 323 1567 394 quibus
1622 322 1913 382 morumA
1947 324 2253 395 consilium,
2280 335 2478 399 quanto
2515 328 2692 398 major
2743 336 2877 395 erat,
2913 337 2963 385 et
2994 335 3193 400 quanto
3225 330 3295 384 ad
3332 330 3542 399 majora

232 412 462 477 divitiis,
493 419 543 467 et
576 412 773 484 quibus
799 413 1117 467 meritorum
1149 411 1435 483 stipendiis
1479 412 1657 467 virum
1679 411 1840 465 istum

237 501 589 556 antecedant.
622 502 730 556 Iste
761 508 811 555 et
842 501 1079 570 seipsum
1114 516 1146 555 a
1176 500 1495 556 vulneribus
1529 500 1840 555 indemnem

239 606 487 655 servare,
540 598 591 643 et
649 588 826 643 aliena
880 589 1108 643 vulnera
1166 605 1376 658 curare,
1436 598 1544 644 tam
1598 588 1841 659 perfecte

242 677 494 743 edoctus,
547 678 749 748 pabulo
803 694 1019 749 quoque
1069 677 1330 733 doctrinae
1385 678 1639 732 salutaris
1704 678 1841 732 adeo

243 766 525 837 COpiosus,
557 766 743 821 intimo
774 767 956 821 cordis
1013 766 1207 822 affectu
1238 767 1647 822 evidentissimo
1680 767 1843 821 etiam

239 854 430 925 operis
475 853 673 910 affectu
724 855 1049 926 loquebatur
1081 873 1094 908 :
1134 878 1155 901 «ι
1191 856 1313 911 Νοιι
1344 873 1465 911 sum
1494 856 1757 921 medicus,
1792 863 1844 910 et

246 942 303 997 in
336 944 501 998 domo
534 959 655 998 mea
686 958 797 998 non
826 951 907 998 est
943 943 1120 1013 panis,
1152 944 1319 998 nolite
1373 960 1461 999 me
1517 943 1843 999 constituere

241 1032 552 1103 principem
602 1032 790 1102 populi
841 1032 967 1102 (Isa.
1000 1048 1081 1097 IIl,
1136 1034 1207 1101 7).
1238 1057 1259 1080 ιο
1296 1034 1513 1095 Verum,
1550 1048 1658 1103 quo
1687 1031 1843 1087 altius

242 1120 532 1191 proprium
554 1121 607 1174 in
629 1120 880 1175 omnibus
903 1121 1217 1175 attendebat
1240 1121 1322 1176 vir
1340 1120 1530 1175 beatus
1550 1120 1840 1186 defectum,

244 1225 316 1264 eo
346 1208 667 1264 cumulatius
699 1209 899 1264 divina
934 1208 1283 1279 plenitudinis
1337 1208 1622 1279 percipere
1652 1209 1846 1264 meruit

250 1298 711 1368 supplementum,
743 1297 875 1351 illud
913 1298 1165 1352 Doctoris
1207 1297 1448 1367 gentium
1508 1298 1840 1352 decantans:

257 1407 280 1436 α
319 1386 462 1451 Non,
498 1386 641 1457 quod
702 1385 1031 1441 sufficientes
1074 1386 1241 1440 simus
1298 1385 1533 1456 cogitare
1579 1384 1783 1457 aliquid
1814 1401 1846 1440 a

249 1474 431 1540 nobis,
485 1474 637 1545 quasi
694 1490 760 1528 ex
815 1473 1009 1540 nobis;
1044 1474 1141 1528 sed
1200 1472 1519 1529 sufficientia
1564 1481 1751 1528 nostra
1782 1489 1846 1528 ex

252 1563 371 1617 Deo
402 1569 483 1616 est
513 1563 602 1631 (Il.
642 1561 762 1617 Cor.
807 1577 888 1627 ιιι,
921 1563 995 1631 5).
1032 1583 1055 1613 ι
1088 1560 1227 1629 Quia
1251 1578 1383 1618 vero
1411 1578 1520 1617 non
1552 1578 1584 1616 a
1613 1578 1690 1627 se,
1751 1561 1849 1616 sed

249 1666 279 1705 a
311 1652 427 1705 Deo
458 1650 562 1704 sibi
593 1650 730 1704 hanc
762 1649 1135 1705 sufﬁcientiam
1165 1667 1288 1706 esse
1316 1650 1542 1717 sciebat,
1577 1649 1749 1705 noluit
1777 1651 1844 1704 de

248 1739 430 1794 alieno
461 1739 805 1794 commodato
837 1747 928 1793 aut
960 1739 1121 1793 etiam
1166 1741 1290 1795 dato
1348 1740 1699 1806 insolescere,
1749 1755 1846 1794 ne-

251 1845 358 1899 que
392 1828 446 1881 in
476 1829 690 1899 magnis
748 1828 1048 1892 ambulare,
1084 1829 1181 1883 sed
1212 1845 1332 1883 sese
1363 1830 1649 1883 attendens
1679 1829 1731 1882 in
1763 1845 1842 1895 se,

253 1917 400 1972 dona
430 1932 561 1971 vero
593 1916 713 1982 Dei,
748 1933 869 1987 quae
898 1917 1257 1987 percipiebat,
1293 1933 1454 1988 supra
1487 1933 1567 1983 se,
1599 1917 1846 1972 ultimum

250 2012 361 2060 tota
389 2005 587 2059 mentis
610 2004 897 2060 affectione
925 2004 980 2059 in
1010 2005 1397 2061 ecclesiasticis
1428 2005 1627 2076 nuptiis
1657 2014 1845 2062 tenere

247 2093 502 2149 studebat
550 2093 749 2149 locum.
784 2094 835 2147 Is
883 2101 1091 2160 autem,
1128 2093 1220 2164 qui
1263 2110 1387 2149 eum
1439 2095 1757 2166 segregavit
1780 2111 1845 2150 ex

244 2189 403 2237 utero
432 2181 618 2236 matris
649 2197 760 2235 suae
783 2223 796 2250 ,
833 2189 885 2236 et
914 2182 1128 2237 vocavit
1160 2198 1260 2253 per
1290 2183 1523 2255 gratiam
1581 2199 1756 2249 suam,
1790 2190 1847 2237 ut

246 2286 349 2341 per
379 2286 503 2324 eum
535 2268 868 2343 glorificaret
916 2285 1117 2325 nomen
1149 2287 1306 2325 suum
1337 2272 1393 2325 in
1439 2271 1623 2327 multis
1662 2271 1844 2344 genti-

247 2360 368 2425 bus,
432 2357 746 2414 invitatione
802 2358 1075 2413 amicabili
1125 2375 1248 2414 eum
1314 2360 1543 2430 cogebat
1593 2360 1845 2431 superius

249 2446 572 2523 ascendere,
606 2462 715 2518 quo
745 2447 812 2501 de
845 2446 1164 2502 sufficientia
1226 2448 1435 2503 cmlitus
1491 2447 1596 2503 sibi
1650 2448 1845 2504 collata

256 2535 540 2593 conservis
572 2536 704 2602 suis,
738 2535 894 2591 daret
925 2536 1102 2591 cibum
1136 2537 1189 2591 in
1221 2544 1485 2608 tempore.

853 2698 1097 2754 CAPUT.
1146 2699 1209 2753 V.

255 2842 509 2911 Qualiter
562 2842 786 2896 nuntiis
818 2857 851 2894 α
884 2840 1185 2896 ϐαι-ιὴαδὶίι
1233 2843 1519 2912 regressis,
1556 2844 1847 2897 vocatione

311 2914 437 2982 jam
470 2913 640 2966 tertia
670 2912 735 2966 de
755 2912 913 2966 domo
939 2928 1043 2966 sua
1072 2914 1231 2967 exire
1275 2914 1622 2983 compulsus,
1656 2929 1848 2968 versus

322 2984 641 3037 Londinum
671 2998 770 3053 pro
801 2986 1223 3038 consecratione
1246 2985 1573 3054 recipienda
1603 3000 1661 3038 se
1694 2988 1846 3038 tran-

1946 417 2371 482 conscendebat,
2406 424 2553 473 tanto
2583 434 2643 473 se
2687 418 2743 471 in
2787 417 3040 473 omnibus
3071 417 3406 472 humiliabat.
3440 418 3539 472 So-

1941 502 2095 558 litam
2130 505 2295 559 animi
2319 506 2646 577 gravitatem
2680 522 2803 562 cum
2841 506 3129 561 exterioris
3159 506 3334 561 cultus
3383 506 3538 573 abje-

1942 592 2119 647 ctione
2151 601 2449 661 retentans,
2484 596 2711 649 sedebat
2743 612 2941 666 equum
2970 610 3075 648 non
3098 593 3339 665 phaleris
3369 595 3538 648 ador-

1942 688 2149 746 natum,
2185 682 2282 736 sed
2316 690 2439 753 post
2504 683 2694 737 sellam
2755 691 3054 751 oneratum,
3106 682 3303 753 quibus
3345 682 3542 737 diurno

1942 777 2181 825 uteretur
2210 777 2453 841 tempore
2486 780 2539 826 et
2586 780 2876 838 nocturno,
2934 772 3159 842 pellium
3190 778 3243 826 et
3285 786 3542 841 sagorum

1942 856 2241 913 involucro.
2277 859 2446 930 [Cod.,
2483 875 2741 932 sagorum
2798 859 3109 931 involutus}
3144 861 3224 913 Ita
3267 874 3393 915 cum
3430 859 3541 913 suis

1943 946 2155 1001 clericis
2184 963 2355 1019 equos
2389 948 2724 1014 sedentibus,
2774 949 2951 1003 aureis
2982 949 3268 1004 decoratos
3316 963 3538 1019 sagma—

1943 1034 2106 1099 tibus,
2148 1035 2351 1090 electus
2390 1037 2656 1091 Dominus
2704 1035 3019 1108 equitabat;
3052 1036 3158 1090 illis
3207 1036 3358 1091 varia
3387 1051 3539 1090 scru-

1942 1123 2181 1178 tantibus
2203 1131 2339 1191 arte,
2379 1140 2535 1179 suam
2555 1125 2605 1180 ei
2641 1124 2965 1180 sarcinulam
2996 1123 3230 1192 auferre,
3256 1132 3306 1179 et
3356 1124 3539 1178 feren-

1944 1212 2067 1265 dam
2102 1211 2214 1267 suis
2259 1214 2549 1284 sagmariis
2596 1214 2896 1282 imponere.
2931 1213 3155 1279 Verum,
3186 1227 3309 1268 cum
3348 1212 3416 1266 ab
3471 1227 3537 1267 eo

1944 1315 2122 1371 neque
2153 1299 2332 1366 seriis,
2365 1308 2423 1354 ut
2450 1301 2555 1355 hoc
2584 1301 2935 1371 permitteret,
2984 1317 3161 1372 neque
3185 1301 3311 1369 joco
3359 1306 3538 1355 extor-

1945 1384 2100 1455 queri
2161 1383 2427 1455 potuisset
2473 1385 2722 1454 (cavebat
2759 1400 2994 1455 namque
3045 1393 3168 1440 ante
3203 1384 3408 1455 gradus
3438 1400 3536 1438 su-

1946 1472 2215 1527 blimioris
2246 1489 2639 1540 conscensum,
2672 1471 3068 1527 observationis
3105 1471 3345 1542 pristinae
3381 1487 3538 1526 usum

1946 1561 2227 1616 obmittere
2258 1561 2343 1616 vel
2387 1569 2596 1616 mutare
2645 1559 3220 1632 quantulumcunque),
3251 1558 3328 1613 illi
3355 1559 3537 1613 animo

1872 1678 1925 1737 B
1948 1649 2200 1704 seculari
2252 1648 2725 1705 confundebantur
2760 1648 2967 1702 rubore
3013 1646 3321 1703 vehementi
3350 1647 3404 1700 in
3433 1647 3537 1701 hu-

1945 1737 2170 1793 militate
2201 1737 2491 1807 spiritualis
2529 1737 2651 1792 viri.

2017 1826 2151 1880 Cum
2176 1841 2304 1880 vero
2348 1824 2847 1880 Winthoniensium
2906 1826 3017 1894 (93)
3074 1824 3540 1895 apprOpinquaret

1946 1914 2167 1980 civitati,
2192 1914 2282 1968 ubi
2313 1921 2365 1968 et
2405 1914 2560 1986 regia
2589 1914 2665 1967 illi
2686 1913 2885 1967 familia
2917 1921 2969 1968 et
2999 1913 3198 1968 civium
3245 1928 3540 1967 occursura

1951 2011 2068 2058 erat
2098 2002 2419 2073 frequentia,
2446 2002 2666 2073 quidam
2695 2018 2761 2056 ex
2817 2001 2952 2072 ipsis
3009 2000 3223 2056 clericis
3279 2015 3541 2055 verecun-

1945 2092 2091 2146 diam
2138 2106 2247 2146 non
2305 2091 2489 2146 ferens
2533 2090 2716 2146 cordis
2768 2089 2852 2145 sui
2903 2089 3048 2155 vani,
3075 2088 3366 2160 amputatis
3396 2088 3542 2145 clam

1944 2180 2074 2236 loris
2103 2180 2299 2252 quibus
2329 2179 2471 2250 pelle
2502 2178 2904 2250 astringebatur
2923 2176 3198 2233 sarcinula
3218 2184 3537 2245 memorata,

1945 2269 2134 2340 praedo
2202 2267 2430 2324 efficitur
2493 2267 2837 2339 improvisus,
2913 2266 3154 2337 spolians
3208 2265 3543 2322 nescientem

1946 2374 2136 2423 onere,
2172 2358 2318 2428 quod
2347 2356 2574 2412 ferebat.
2612 2355 2937 2411 Perveniens
2978 2354 3196 2410 tandem
3225 2354 3539 2421 Londoniis,

1946 2448 1999 2502 in
2031 2448 2120 2501 die
2152 2446 2291 2502 festo
2323 2445 2437 2516 (94)
2470 2445 2609 2499 beati
2659 2443 2893 2498 Matthzei
2954 2443 3327 2516 evangelista,
3377 2444 3543 2499 bene-

1946 2536 2182 2591 dictione
2216 2536 2572 2589 conse'cratus
2630 2531 2946 2603 pontificali,
3014 2532 3195 2587 ordini
3241 2531 3541 2603 apostolico

1947 2626 2016 2678 ad
2047 2622 2533 2696 evangelizandum
2563 2620 2894 2692 pauperibus
2931 2620 3252 2693 dignissime
3284 2620 3540 2676 sociatur.

1947 2713 2062 2767 Rex
2090 2712 2202 2782 (95)
2234 2718 2412 2766 autem
2468 2710 2863 2783 congratulans
2922 2710 3031 2765 voti
3062 2708 3145 2765 sui
3202 2708 3346 2764 circa
3388 2708 3534 2764 illius

1947 2801 2344 2872 promotionem
2374 2815 2432 2855 se
2458 2806 2764 2870 compotem
2798 2798 3050 2855 effectum
3091 2796 3294 2869 gaudio
3336 2797 3545 2869 gestie-

1946 2890 2035 2944 bat
2063 2889 2290 2945 infinito.
2341 2888 2577 2944 Contulit
2609 2903 2826 2960 quoque
2882 2887 2933 2942 ei
2960 2886 3285 2942 liberalitate
3321 2884 3543 2941 munifi-

1948 2978 2258 3033 centissima
2297 2993 2431 3032 vasa
2464 2977 2709 3049 quaedam
2758 2991 2940 3042 aurea,
2982 2975 3151 3029 multa
3209 2990 3425 3046 quoque
3454 2989 3544 3030 ar-

321 3057 567 3133 sferens,
593 3037 756 3133 illam
783 3055 1031 3133 nondum
1066 3056 1155 3133 sui
1204 3037 1423 3133 ordinis
1455 3055 1844 3133 humilitatem
1868 3037 1915 3098 Ο
1944 3069 2162 3133 gentea,
2194 3069 2246 3117 et
2276 3061 2429 3117 varia
2476 3037 2643 3116 etiam
2676 3060 2730 3114 in
2752 3076 2883 3115 usus
2911 3074 3157 3131 quosque
3199 3037 3543 3115 necessarios

321 3125 566 3197 deseruit
598 3126 780 3197 :_quin
807 3125 998 3197 potius
1026 3130 1152 3196 post
1170 3127 1372 3180 sellam
1404 3126 1703 3197 equitando
1731 3143 1846 3181 sar-

320 3196 577 3267 cinulam
607 3194 872 3267 deferret,
906 3196 968 3249 in
1016 3194 1119 3267 sua
1172 3194 1595 3253 consecratione
1624 3214 1659 3251 a
1687 3198 1844 3267 regia

321 3266 717 3334 muniﬁcentia
752 3266 1065 3335 largissime
1100 3265 1427 3323 honoratus.

319 3407 500 3463 Trium
532 3408 714 3479 itaque
757 3407 1026 3462 mensium
1058 3410 1171 3479 (92)
1205 3409 1392 3480 elapso
1423 3417 1666 3481 tempore
1691 3425 1723 3464 a
1756 3410 1844 3465 die

248 3496 529 3552 electionis
576 3513 688 3551 sua:
718 3495 925 3566 primae,
958 3496 1155 3568 legatis
1186 3514 1332 3568 saepe
1364 3497 1523 3553 dictis
1574 3498 1843 3569 regressis

254 3602 287 3641 a
317 3586 622 3655 Carthasia,
656 3585 943 3640 vocatione
968 3586 1078 3654 jam
1122 3587 1282 3641 tertia
1321 3586 1664 3657 compellitur
1695 3587 1844 3643 exire

247 3676 315 3730 de
346 3675 507 3730 domo
538 3691 653 3742 sua,
686 3677 778 3747 qui
808 3677 1012 3731 dudum
1048 3691 1301 3746 egressus
1325 3675 1497 3731 fuerat
1526 3676 1594 3731 de
1615 3684 1761 3731 terra
1791 3684 1844 3731 et

247 3764 315 3819 de
347 3764 673 3835 cognatione
704 3780 822 3819 sua.
867 3764 1166 3836 Egreditur
1198 3780 1331 3836 ergo
1373 3765 1442 3818 ad
1496 3764 1843 3835 pontificialis

250 3852 656 3923 percipiendam
685 3851 1112 3908 consecrationis
1132 3852 1585 3908 benedictionem.
1602 3855 1843 3925 Pergens

248 3956 378 3996 vero
395 3941 463 3995 ad
484 3941 887 4011 suscipiendum
914 3948 1187 3996 tantorum
1210 3956 1560 3997 successuum
1583 3942 1838 4009 culmina,

248 4028 563 4083 humilitatis
584 4029 693 4085 ima
722 4029 945 4085 minime
1002 4030 1313 4085 deserebat.
1358 4030 1651 4101 Complens
1698 4030 1841 4084 enim

248 4133 413 4189 opere
443 4118 587 4190 quod
617 4134 835 4189 semper
863 4118 1121 4173 volvebat
1152 4118 1205 4172 in
1235 4119 1421 4185 corde,
1454 4119 1555 4173 viri
1585 4118 1842 4189 sapientis

318 4296 429 4361 (92)
456 4298 604 4348 Facta
628 4298 787 4361 prima
815 4299 862 4347 in
887 4297 1187 4358 Eyneshaim
1235 4296 1470 4347 electione
1506 4296 1602 4346 itur
1641 4297 1689 4348 in
1729 4298 1843 4348 Wi-

1943 3150 2212 3218 utensilia,
2259 3149 2522 3218 adjiciens
2578 3150 2633 3204 in
2667 3156 2916 3219 sumptus
2973 3147 3319 3204 celebranda
3347 3147 3544 3204 solem-

1943 3238 2123 3294 nitatis
2162 3238 2417 3295 universa
2446 3237 2669 3309 copiose
2710 3236 3003 3309 impendia.

2549 3426 2793 3482 CAPUT.
2839 3425 2931 3481 VI.

1947 3558 2667 3631 Qualiteriincathedratus
2698 3559 2845 3631 apud
2873 3559 3227 3615 Lincolniam
3258 3556 3542 3631 archidia-

2016 3647 2173 3714 cono_
2193 3630 2595 3714 Centaurien-si
2622 3630 2993 3714 responderit,
3018 3632 3295 3714 quantum
3311 3645 3417 3714 pro
3438 3630 3546 3683 mi-

2017 3707 2109 3757 tra
2140 3701 2391 3763 dederat,
2425 3704 2651 3755 tantum
2672 3699 2725 3756 ei
2741 3717 2841 3771 pro
2863 3699 3134 3755 cathedra
3162 3715 3218 3753 se
3250 3699 3540 3771 daturum.

2024 3772 2282 3839 Qualiter
2313 3773 2490 3826 etiam
2535 3769 2891 3842 responderit
2934 3770 3295 3842 procuratori
3349 3769 3548 3842 domus

2014 3860 2136 3898 suae
2170 3843 2235 3897 de
2267 3841 2677 3914 capiendaruin
2725 3841 2962 3898 numero
3002 3842 3303 3897 damarum
3335 3859 3353 3894 :
3383 3844 3441 3896 et
3479 3841 3545 3914 tte

2014 3916 2134 3986 avis
2162 3913 2312 3986 apud
2332 3911 2345 3914 ⁷
2366 3914 2608 3986 Statuam
2655 3914 3035 3986 mirabilitate
3055 3955 3073 3979 ,
3124 3927 3290 3986 quam
3336 3911 3541 3970 retulit

1921 4015 1930 4023 -
2014 3984 2446 4040 archidiaconus
2476 3984 2816 4040 Menevensis
2843 3986 2978 4055 (96).

2014 4124 2424 4180 Incathedratus
2455 4131 2639 4180 autem
2667 4124 2723 4179 in
2752 4123 2986 4180 ecclesia
3017 4138 3133 4189 sua,
3169 4122 3545 4179 Cantuariensi

1947 4298 2050 4348 vult
2074 4298 2285 4347 Pitseus.
2308 4297 2515 4349 Unicum
2538 4297 2667 4347 enim
2682 4297 2952 4348 Brechinia:
2977 4298 3422 4349 archidiaconatum
3463 4296 3547 4347 Gi-

252 4366 388 4454 tham
417 4377 789 4454 pro.co‘nsensu,
816 4378 875 4441 εξ
898 4364 1119 4454 \Y‘itblam
1155 4375 1241 4425 pro
1458 4363 1690 4454 electione
1736 4366 1846 4454 lliu-
1865 4392 1920 4454 D
1948 4366 2133 4440 raldum
2158 4363 2443 4454 obtinuisse,
2470 4364 2688 4440 quamvis
2723 4364 2791 4454 ab
2834 4364 3039 4415 ecclesia
3075 4364 3346 4440 cathedrali
3382 4366 3542 4442 Mene-

197 4485 200 4487 ,
254 4431 482 4487 colniam,
512 4431 625 4480 inde
668 4444 832 4481 rursus
858 4432 904 4479 in
930 4430 1170 4491 Witham,
1200 4442 1258 4479 ex
1286 4429 1505 4478 Witham
1550 4430 1611 4478 ad
1640 4431 1849 4481 Car-thu-

248 4498 372 4546 siam
398 4498 651 4560 majorem,
681 4501 730 4547 et
753 4497 863 4547 inde
886 4496 1071 4546 reditur
1095 4508 1181 4557 pro
1206 4495 1455 4544 vocatione
1488 4495 1590 4555 jam
1629 4498 1771 4547 tertia
1797 4499 1844 4548 in

249 4564 487 4618 Witham.
532 4568 580 4614 et
605 4576 663 4613 ex
686 4564 907 4612 Witham
932 4562 1199 4612 Londinum
1236 4575 1322 4625 pro
1357 4563 1744 4613 consecratione.
1771 4567 1845 4614 An

249 4631 353 4679 haec
376 4631 502 4679 intra
546 4631 691 4680 trium
716 4630 956 4680 mensium
982 4628 1230 4691 angustias
1254 4628 1501 4691 potuerint
1536 4630 1724 4693 perﬁci,
1765 4644 1847 4681 an-

252 4709 362 4760 ceps
386 4698 567 4747 hwrco.

314 4782 419 4845 (95)
446 4781 536 4832 Ubi
562 4782 858 4833 cathedralis
884 4780 1109 4831 ecclesia.
1137 4781 1205 4830 De
1229 4792 1323 4841 qua
1349 4781 1486 4841 plura
1507 4779 1554 4828 in
1580 4782 1845 4834 Monastico

250 4848 532 4966 Angggano,
559 4849 643 4899 t.l
690 4862 737 4911 p.
788 4850 872 4908 51,
916 4849 965 4897 et
1012 4846 1319 4896 illabillonius
1361 4850 1480 4897 tom.
1532 4848 1594 4896 ΙΙΙ
1636 4849 1835 4914 Annal.,

250 4928 297 4978 p.
427 4952 440 4965 .

311 4998 415 5065 (9t)
445 5001 512 5051 De
536 5000 615 5051 die
640 4999 935 5050 conveniunt
958 5010 1146 5062 omnes,
1174 5010 1274 5048 non
1300 4998 1415 5049 item
1440 4997 1499 5050 de
1524 5012 1675 5051 anno.

314 5085 415 5146 (95)
439 5086 533 5134 Aut
556 5085 701 5147 igitur
726 5097 813 5135 rex
838 5082 993 5134 adfuit
1015 5083 1392 5147 consecrationi,
1417 5086 1502 5134 aut
1541 5096 1636 5135 non
1676 5086 1843 5149 procul
1882 5120 1889 5123 ν

246 5150 304 5199 ab
326 5151 410 5201 illa
436 5151 608 5201 abfuit.

311 5234 414 5299 (96)
445 5234 833 5285 Archidiaconus
881 5235 1209 5294 Meneveusis,
1252 5234 1476 5285 Gil-aldus
1508 5236 1839 5301 Cambrensis,

249 5302 298 5366 S.
326 5302 512 5364 Hugoni
539 5306 829 5365 comtaneus,
858 5314 1000 5364 quem
1044 5301 1279 5351 Henricus
1306 5302 1603 5351 Whartonus
1641 5303 1690 5352 in
1726 5317 1847 5366 prae-

246 5364 426 5418 fatione
452 5369 513 5417 ad
539 5372 665 5429 part.
688 5382 721 5417 ιι
744 5364 927 5429 Anglize
952 5381 1124 5430 sacrae,
1151 5380 1201 5428 p.
1230 5367 1316 5427 20,
1343 5379 1437 5416 non
1465 5367 1699 5418 inutiliter
1726 5364 1843 5419 ’ωο-

248 5439 329 5484 net
375 5434 527 5484 fuisse
584 5435 981 5484 arebidiaconum
1052 5434 1447 5485 Brechiniensem
1509 5434 1560 5483 in
1623 5435 1842 5486 Ecclesia

245 5502 538 5562 Menevensi,
565 5513 659 5550 non
689 5502 958 5551 Brecbinize
983 5513 1040 5550 ac
1060 5500 1310 5562 Menevite,
1333 5501 1455 5561 quod
1482 5501 1653 5551 Baleus
1670 5503 1840 5565 habet,

242 5580 328 5618 nec
379 5568 537 5629 primo
589 5570 1026 5629 Brecnoccenscm,
1078 5571 1246 5630 postea
1296 5568 1664 5631 Menevensem,
1716 5569 1840 5634 quod

1947 4431 2107 4481 vensis
2132 4430 2502 4481 archidiaconus
2528 4431 2576 4479 in
2622 4430 2928 4494 pontiﬁcum,
2973 4444 3139 4492 regum
3176 4443 3232 4479 ac
3272 4431 3350 4481 sui
3395 4432 3544 4494 ipsius

1946 4499 2124 4548 litteris
2153 4498 2330 4559 saepius
2353 4497 2620 4561 appellatus
2645 4498 2727 4549 sit.
2774 4500 2924 4547 Porro
2962 4498 3008 4546 iu
3061 4498 3213 4547 citata
3251 4498 3436 4558 Angliae
3473 4510 3549 4548 sa-

1946 4578 2043 4615 crm
2068 4566 2206 4626 parte
2231 4578 2258 4614 a
2285 4577 2395 4627 pag.
2425 4566 2522 4613 410
2550 4568 2710 4614 exstat
2733 4562 2925 4616 Giraldi
2950 4564 3075 4615 liber
3099 4566 3170 4614 De
3206 4564 3321 4613 vitis
3360 4566 3544 4626 episco-

1938 4645 2115 4694 porum
2138 4631 2574 4691 Lincolniensium,
2602 4636 2649 4681 et
2675 4645 2702 4681 a
2728 4644 2840 4695 pag.
2863 4630 2980 4692 420,
3010 4630 3226 4692 ejusdem
3254 4631 3426 4689 copula
3466 4634 3540 4681 ter

1945 4698 2161 4759 gemina,
2188 4711 2271 4749 seu
2295 4698 2418 4748 liber
2442 4700 2513 4747 De
2541 4698 2663 4748 Vitis
2685 4711 2774 4748 sex
2798 4698 3135 4760 episcoporum
3169 4703 3540 4747 cowlaneorum.

1945 4765 2215 4827 Utrobique
2264 4765 2453 4827 magnis
2494 4764 2716 4815 laudibus
2762 4766 3013 4827 Hugonem
3054 4766 3273 4814 nostrum
3320 4763 3545 4815 Giraldus

1946 4832 2180 4891 celebrat,
2207 4831 2294 4881 sed
2336 4831 2599 4881 historiam
2638 4832 2794 4881 Oloris
2820 4836 3005 4881 tantum
3032 4831 3080 4880 in
3102 4831 3354 4892 posteriori
3395 4842 3542 4891 opere

1943 4910 1993 4960 p.
2020 4899 2116 4948 431
2146 4902 2195 4947 et
2218 4910 2322 4960 seq.
2349 4898 2547 4947 totidem
2587 4898 2687 4948 fere
2717 4898 2882 4948 verbis
2912 4900 3027 4959 quot
3066 4900 3233 4945 auctor
3277 4897 3401 4946 Vita:
3423 4896 3540 4947 des-

1944 4965 2106 5015 cribit.
2135 4964 2266 5014 Idem
2291 4963 2516 5015 Giraldus
2542 4964 2590 5013 in
2627 4965 2844 5026 catalogo
2882 4968 2981 5013 tam
3021 4962 3209 5023 tusiori,
3236 4974 3381 5025 quam
3422 4962 3539 5013 bre-

1942 5032 2065 5083 viori
2088 5031 2321 5082 librorum
2346 5042 2557 5090 suorum,
2586 5044 2635 5093 p.
2659 5031 2756 5080 442
2803 5034 2853 5081 et
2893 5030 2992 5079 445
3040 5032 3249 5079 testatur
3289 5043 3344 5079 se
3391 5030 3540 5081 etiam

1942 5099 2195 5161 scripsisse
2223 5118 2245 5140 cr
2274 5098 2431 5147 Vitam
2460 5099 2513 5147 S.
2540 5097 2777 5159 Hugonis,
2805 5096 2960 5159 quinti
2985 5099 3095 5157 post
3119 5096 3413 5158 Remigium,
3447 5097 3539 5147 loci

1942 5165 2183 5228 ejusdem,
2212 5181 2244 5229 »_
2265 5164 2450 5214 scilicet
2474 5164 2828 5214 Lincolniensis
2862 5182 2884 5205 α
2912 5162 3164 5212 antistitis.
3194 5178 3212 5209 ι
3240 5164 3335 5214 Srd
3361 5164 3465 5213 hate
3491 5163 3541 5213 in

1944 5232 2115 5295 Anglia
2138 5228 2278 5281 sacra
2300 5243 2534 5292 nusquam
2560 5234 2829 5292 comparet,
2857 5242 2948 5279 uec
2977 5228 3056 5277 ubi
3100 5230 3337 5292 hodieque
3361 5232 3537 5291 exstet,

1942 5298 1990 5348 in
2030 5298 2313 5361 praefatione
2361 5297 2574 5359 generali
2611 5297 2840 5346 observat
2882 5296 3205 5346 Whartonus.
3248 5297 3389 5345 Forte
3434 5296 3539 5361 ilth

1941 5360 2157 5428 Hugonis
2180 5365 2292 5415 Vita
2318 5365 2377 5413 ab
2404 5364 2590 5426 elogiis,
2618 5362 2777 5413 eidem
2802 5376 2830 5413 a
2854 5362 3052 5413 Giraldo
3086 5364 3134 5412 in
3178 5360 3540 5428 przet‘atisduo-

1941 5426 2039 5481 bus'
2055 5431 2296 5495 opusculis
2318 5434 2395 5480 sat
2429 5430 2563 5492 large
2597 5429 2816 5492 tributis,
2843 5430 3035 5480 diversa
3066 5441 3160 5481 non
3184 5433 3278 5494 est,
3305 5426 3533 5494 quidquid

1942 5498 2074 5550 aliud
2100 5500 2300 5549 innuero
2326 5496 2475 5549 verba
2502 5497 2686 5549 Giraldi
2714 5495 3000 5549 videantur.
