3972 6052
410 202 505 251 991

1279 197 1333 252 S.
1379 194 1691 251 HUGONIS
1730 196 1947 251 EPISC.
1991 194 2313 252 LINCOLN.
2355 197 2517 254 0RD.
2561 196 2807 254 CARTH.

3605 205 3721 257 992

417 320 801 377 archidiacone
832 321 1073 376 solemne
1098 337 1161 375 ex
1192 336 1345 375 more
1401 320 1688 375 donarium
1718 304 2082 391 postulantiA
2113 323 2459 392 pascebatur,
2520 332 2675 395 caput
2731 340 2852 381 cum
2911 325 3035 380 colli
3094 292 3425 397 longitudine
3488 332 3597 379 tota
3648 327 3711 379 in

418 409 489 463 ita
520 409 872 481 respondisse
917 409 1086 464 fertur
1124 417 1175 464 et
1228 409 1566 479 dignoscitur
1601 426 1612 463 :
1652 433 1672 456 α
1714 409 2007 475 Quantum,

418 498 609 569 inquit,
644 513 744 567 pro
778 498 931 551 mitra
972 498 1118 562 dedi,
1152 504 1355 551 tantum
1389 514 1491 552 nec
1513 498 1747 567 amplius
1779 513 1879 567 pro
1916 513 2013 551 ca-

419 587 609 640 thedra
639 586 802 640 dabo.
836 606 856 635 ι
894 587 1237 659 Suggerente
1268 602 1399 641 vero
1431 594 1788 656 procuratore
1820 586 2014 639 domus

423 691 554 740 suae,
616 691 777 745 quem
837 675 935 728 sibi
991 675 1305 744 providerat
1336 691 1447 742 rex,
1496 683 1749 745 oportere
1796 691 1919 728 eum
1950 691 2014 728 ex

421 763 655 817 damulis
687 763 819 830 suis,
854 762 907 816 in
958 763 1095 817 saltu
1128 779 1227 818 suo
1275 763 1517 827 inclusis,
1556 764 1859 835 aliquantas
1895 763 2015 833 capi

420 852 488 906 ad
519 851 762 907 solemne
792 852 1101 907 convivium
1160 852 1571 906 instaurandum
1602 872 1613 916 ;
1647 868 1747 907 nec
1780 852 1861 906 fas
1892 867 2014 905 esse

420 940 607 1010 plures
638 956 798 1011 quam
824 940 1075 1007 jussisset
1099 941 1215 1011 ipse
1250 941 1639 1010 comprehendi
1675 956 1685 993 :
1725 960 1746 989 α
1782 941 2014 995 Trecen-

420 1037 506 1094 tae,
568 1029 757 1100 inquit,
811 1028 1109 1099 capiantur,
1171 1045 1291 1094 nec,
1323 1030 1369 1082 si
1418 1030 1672 1085 videbitis
1731 1028 2009 1098 expedire,

419 1133 647 1171 numero
678 1117 801 1172 huic
838 1118 1076 1186 adjicere
1108 1117 1383 1172 dubitetis.
1430 1142 1450 1165 »ι
1490 1117 1647 1184 Quod
1677 1118 1745 1171 ab
1775 1133 1839 1171 eo
1867 1118 2013 1184 juxta

419 1206 601 1261 cordis
633 1206 716 1259 sui
744 1204 1203 1278 magnificentiam
1237 1206 1552 1275 simpliciter
1570 1206 1862 1276 prolatum,
1899 1205 2015 1276 regi

419 1302 471 1348 et
499 1294 810 1359 curialibus,
848 1294 1042 1364 quibus
1074 1310 1253 1349 sermo
1301 1294 1548 1355 innotuit,
1610 1294 1662 1347 in
1715 1293 2013 1359 jucundum

419 1398 637 1437 versum
668 1390 750 1436 est
792 1382 1160 1451 proverbium.

490 1470 905 1524 Celebrantibus
935 1470 1103 1541 igitur
1140 1470 1348 1525 cunctis
1386 1471 1530 1539 apud
1588 1470 1918 1525 Lincolniam
1960 1470 2015 1522 in

421 1574 630 1612 summa
661 1558 843 1613 cordis
871 1558 1054 1612 laetitia
1085 1558 1226 1612 diem
1256 1557 1452 1613 festum
1502 1573 1599 1627 pro
1631 1559 1864 1611 adventu
1897 1573 2013 1612 caa-

2112 410 2380 465 manicam
2412 412 2579 482 ipsius
2610 414 2817 484 largam
2848 420 2897 467 et
2944 414 3303 483 peramplam,
3336 414 3499 483 inque
3529 413 3715 471 sinum

2114 498 2429 554 interiorem
2480 502 2595 555 avis
2653 503 2967 564 extendere,
3000 501 3181 571 ibique
3237 501 3549 571 aliquandiu
3579 517 3719 575 cum.

2114 588 2472 643 sollicitudine
2505 590 2904 660 quodammodo
2934 590 3155 643 domino
3187 606 3285 643 suo
3314 589 3715 660 congratulans

2114 684 2274 747 atque
2341 677 2669 747 prazludens,
2714 678 2919 749 aliquid
2980 677 3318 749 quaeritando
3378 677 3699 731 mussitare.

2115 766 2267 833 Item,
2302 766 2438 819 sicut
2467 767 2785 821 asserebant
2814 766 3042 820 ministri
3072 774 3122 821 et
3166 766 3417 821 custodes
3446 766 3707 831 manerii,

2114 862 2300 907 contra
2330 855 2579 924 praesulis
2609 855 2899 909 adventum
2939 856 3006 909 ad
3050 855 3227 910 locum
3277 854 3447 918 illum,
3483 869 3606 909 cum
3636 854 3710 908 de

2114 958 2266 996 more
2326 941 2639 1012 aliquandiu
2688 942 2967 1009 abfuisset,
3000 943 3172 997 tribus
3227 942 3419 995 diebus
3446 941 3535 996 vel
3566 957 3713 1011 qua-

2114 1038 2234 1085 tuor
2266 1031 2476 1084 solebat
2507 1047 2565 1085 se
2597 1031 2754 1085 solito
2785 1031 3017 1086 alacrius
3039 1032 3153 1087 avis
3176 1030 3400 1101 agitare,
3428 1030 3712 1084 volitando

2115 1118 2366 1174 videlicet
2388 1118 2443 1172 in
2474 1120 2651 1173 amnis
2683 1120 2993 1189 superficie,
3027 1127 3079 1173 et
3139 1134 3309 1189 aquas
3365 1118 3466 1172 alis
3511 1118 3712 1172 verbe-

2117 1207 2303 1272 rando,
2357 1206 2571 1277 altaque
2623 1222 2755 1261 voce
2810 1207 3117 1262 clamando.
3178 1206 3449 1261 Interdum
3481 1207 3642 1260 etiam
3675 1220 3713 1260 a

2117 1302 2311 1366 stagno
2353 1296 2620 1361 exeundo,
2651 1311 2794 1350 nunc
2850 1294 2920 1349 ad
2951 1295 3150 1361 aulam,
3185 1310 3328 1348 nunc
3375 1294 3444 1348 ad
3491 1302 3713 1363 portam

2117 1383 2449 1449 ulteriorem,
2483 1391 2734 1454 tanquam
2781 1383 3259 1437 venientidomino
3313 1382 3527 1436 obviam
3580 1397 3713 1450 per-

2115 1487 2270 1541 gens,
2304 1471 2517 1543 magnis
2549 1471 2803 1540 passibus
2831 1470 3162 1525 ambulabat.
3186 1470 3377 1524 Mirum
3398 1471 3500 1525 hoc
3523 1470 3705 1533 etiam,

2116 1559 2259 1630 quod
2293 1560 2495 1614 nemini
2525 1567 2889 1630 prmterquam
2921 1558 3024 1612 soli
3054 1558 3330 1628 episcopo,
3366 1574 3424 1613 se
3473 1558 3709 1611 familia-

418 1646 544 1699 litus
586 1645 690 1699 sibi
749 1646 998 1699 destinati
1048 1646 1295 1711 rectoris,
1333 1646 1530 1700 Christi
1561 1646 1870 1717 benignitas
1902 1661 2009 1699 non
2031 1677 2083 1737 B
2116 1663 2229 1702 rem
2262 1647 2346 1702 vel
2392 1664 2454 1701 ex
2508 1655 2619 1702 toto
2675 1646 2960 1701 tractabile
2990 1647 3298 1713 exhibebat,
3362 1646 3491 1716 quin
3524 1645 3707 1716 potius

421 1734 584 1805 longe
614 1749 646 1787 a
674 1734 889 1789 civitate
922 1734 1039 1804 ipsa
1082 1734 1240 1807 signo
1298 1734 1533 1789 evidenti
1593 1735 1858 1805 valdeque
1888 1749 2008 1787 me-

420 1822 671 1876 morabili
703 1822 819 1877 visa
850 1830 931 1877 est
960 1822 1210 1892 primitus
1242 1822 1509 1875 allusisse.
1531 1823 1612 1876 Eo
1644 1838 1879 1892 namque
1900 1821 2007 1885 die,

420 1911 506 1966 vel
536 1910 749 1966 circiter
778 1910 953 1981 ipsum
1002 1911 1270 1981 proximo,
1323 1927 1428 1982 quo
1478 1911 1621 1981 apud
1680 1910 2010 1965 Lincolniam

420 1998 597 2069 primo
640 2008 927 2068 susceptus
984 1999 1081 2053 fuit
1136 2000 1295 2071 Hugo
1341 2000 1630 2069 episcopus
1662 2006 1713 2053 et
1771 2000 2011 2054 incathe-

419 2087 627 2151 dratus,
697 2088 838 2157 apud
898 2087 1193 2141 Manerium
1255 2088 1368 2155 (97)
1454 2087 1622 2157 ipsius
1688 2088 1841 2157 quasi
1916 2103 2013 2156 per

421 2182 542 2230 octo
591 2174 842 2228 milliaria
897 2176 966 2229 ob
1016 2176 1151 2229 urbe
1204 2175 1568 2230 Lincolniensi
1608 2175 1834 2242 distans,
1862 2176 2015 2241 juxta

417 2262 653 2318 Stowam
674 2262 808 2333 (98),
841 2262 994 2317 silvis
1026 2271 1077 2317 et
1109 2264 1316 2334 stagnis
1335 2262 1731 2318 delectabiliter
1752 2262 2010 2330 obsitum,

422 2349 541 2405 olor
571 2366 745 2406 novus
768 2358 819 2405 et
871 2367 1151 2421 nunquam
1206 2351 1280 2405 ibi
1355 2358 1478 2405 ante
1524 2351 1673 2405 visus
1721 2349 2009 2416 advolavit,

421 2439 512 2510 qui
537 2438 673 2493 infra
702 2454 904 2510 paucos
934 2440 1070 2507 dies,
1108 2455 1329 2511 cycnos,
1380 2455 1516 2511 quos
1572 2439 1773 2493 ibidem
1812 2438 2014 2508 reperit

419 2526 623 2598 plures,
673 2528 816 2582 mole
859 2544 971 2582 sua:
1023 2528 1415 2598 magnitudinis
1473 2543 1665 2582 omnes
1720 2527 2008 2597 oppressit,

420 2629 527 2670 uno
556 2624 763 2670 tantum
821 2615 1041 2670 feminei
1089 2632 1249 2671 sexus
1288 2616 1356 2669 ad
1389 2615 1662 2671 societatis
1736 2614 2008 2678 solatium,

419 2718 527 2758 non
585 2703 655 2757 ad
726 2702 1066 2758 fecunditatis
1120 2712 1472 2773 augmentum
1539 2710 1837 2757 reservato.
1882 2703 2014 2756 Erat

419 2790 563 2845 enim
594 2798 739 2845 tanto
768 2790 884 2846 fere
915 2807 1086 2861 cycno
1119 2791 1407 2856 robustior,
1441 2799 1645 2861 quanto
1695 2805 1898 2860 cycnus
1931 2796 2014 2844 est

420 2893 612 2935 ansere
640 2880 850 2948 major;
883 2894 1054 2950 cycno
1086 2888 1263 2933 tamen
1294 2880 1347 2932 in
1378 2880 1628 2933 omnibus
1659 2887 1707 2933 et
1738 2878 2013 2948 praecipue

420 2968 477 3022 in
508 2967 693 3023 colore
723 2975 776 3022 et
805 2968 1037 3023 candore
1059 2966 1342 3022 sublimior
1374 2982 1385 3019 :
1423 2974 1623 3037 praeter
1663 2967 2011 3038 quantitatem

2116 1744 2298 1790 astans
2328 1736 2568 1802 domino,
2602 1736 2670 1789 ab
2701 1735 2928 1790 aliorum
2957 1749 3186 1790 accessu
3244 1735 3515 1799 eumdem,
3567 1735 3711 1788 sicut

2112 1824 2397 1894 aliquoties
2427 1840 2547 1879 cum
2580 1823 2937 1878 admiratione
2967 1822 3244 1893 conspexi,
3271 1822 3573 1884 clamando,
3604 1821 3711 1875 alis

2113 1921 2164 1967 et
2195 1921 2375 1967 rostro
2404 1912 2680 1975 minando,
2717 1927 2963 1983 voceque
3009 1911 3239 1965 altisona
3280 1911 3438 1978 juxta
3492 1917 3708 1964 natura;

2114 2017 2225 2055 sua:
2247 2000 2494 2055 modulos
2524 2000 2860 2065 crocitando,
2884 1998 3178 2053 defendere
3201 1998 3427 2063 solebat,
3452 2004 3711 2068 tanquam

2114 2107 2171 2143 se
2204 2088 2476 2159 propriam
2509 2089 2623 2156 ejus
2682 2104 2805 2143 esse
2856 2089 3255 2151 demonstrans,
3310 2086 3467 2157 eique
3519 2085 3621 2139 soli
3656 2086 3713 2139 in

2114 2178 2329 2248 signum
2423 2175 2589 2231 fuisse
2662 2175 3038 2230 transmissam
3069 2220 3083 2243 ,
3162 2173 3445 2229 manifeste
3514 2172 3711 2228 decla-

2114 2280 2243 2319 rans
2287 2266 2421 2335 (99).

2185 2355 2318 2408 Cum
2340 2368 2468 2409 vero
2499 2354 2565 2407 ad
2589 2354 2767 2409 locum
2796 2353 2975 2423 ipsum
2995 2351 3139 2407 circa
3167 2352 3374 2407 Pascha
3402 2350 3713 2422 proximum

2114 2444 2262 2513 (100)
2292 2450 2415 2497 ante
2475 2457 2635 2496 suum
2665 2456 2730 2497 ex
2789 2443 2889 2497 hac
2928 2442 3047 2497 luce
3104 2441 3408 2506 transitum,
3470 2439 3711 2493 adventu

2114 2530 2321 2585 scilicet
2366 2538 2677 2600 postremo;
2697 2530 2987 2601 episcopus
3020 2529 3361 2593 accessisset,
3395 2543 3505 2582 non
3535 2527 3715 2581 solum

2115 2620 2163 2673 ei
2194 2620 2410 2673 solitum
2465 2634 2575 2673 non
2617 2618 2858 2672 exhibuit
2913 2632 3223 2681 occursum,
3286 2617 3382 2671 sed
3426 2631 3604 2686 neque
3633 2615 3710 2669 ad

2115 2708 2265 2761 illum
2323 2707 2517 2760 minari
2574 2714 2662 2760 aut
2704 2705 2984 2771 cvivario,
3045 2706 3132 2761 cui
3200 2704 3497 2773 innatabat,
3549 2703 3713 2758 educi

2115 2796 2402 2866 acquievit.
2438 2797 2497 2848 In
2527 2795 2659 2865 ipsis
2690 2802 2875 2849 autem
2902 2794 3057 2866 aquis
3081 2794 3282 2849 vultum
3321 2800 3577 2847 moestum
3601 2807 3708 2862 ge-

2118 2900 2243 2938 rens
2275 2892 2366 2937 aut
2394 2883 2704 2937 morbidum
2752 2892 3051 2953 aspectum,
3115 2882 3248 2936 nihil
3282 2880 3521 2952 quolibet
3550 2888 3710 2951 gestu

2116 2971 2407 3026 alacritatis
2454 2971 2801 3042 praeferebat.
2844 2970 3162 3026 Mirantibus
3194 2970 3261 3023 ad
3312 2970 3414 3024 hoc
3453 2968 3712 3024 omnibus

421 3056 585 3112 etiam
645 3057 701 3111 in
756 3058 857 3113 hoc
906 3056 1161 3122 distabat,
1197 3056 1343 3127 quod
1403 3031 1696 3111 tumorem'
1727 3055 1781 3108 in
1840 3031 2085 3110 rostroC
2116 3060 2207 3132 qui
2244 3031 2489 3125 aderant,
2516 3060 2732 3114 tandem
2762 3058 3113 3131 praecipiente
3172 3059 3452 3129 episcopo,
3504 3065 3561 3110 ut
3618 3056 3709 3109 in-

420 3153 583 3217 atque
619 3145 960 3217 nigredinem
1024 3161 1172 3200 more
1243 3160 1535 3215 cycnorum
1584 3160 1693 3199 non
1752 3143 2013 3213 praefere-

420 3236 540 3300 bat;
576 3234 705 3306 quin
734 3234 842 3288 imo
890 3235 1067 3289 locum
1125 3234 1379 3288 eumdem
1415 3233 1581 3288 rostri
1622 3233 1859 3303 planum,
1894 3248 2016 3288 cro-

422 3339 629 3395 ceoque
676 3323 933 3378 decenter
977 3322 1154 3377 colore
1210 3337 1317 3376 una
1357 3336 1481 3377 cum
1538 3322 1714 3391 capite
1771 3329 1823 3375 et
1889 3320 2014 3376 colli

418 3420 575 3483 parte
605 3411 881 3483 superiore
910 3410 1223 3466 distinctum
1252 3410 1506 3465 habebat.
1534 3410 1664 3464 Avis
1696 3417 1875 3464 autem
1897 3410 2013 3465 haec

420 3501 593 3573 regia,
628 3508 681 3555 et
734 3508 841 3555 tam
892 3500 1151 3570 qualitate
1179 3515 1342 3570 quam
1375 3499 1670 3571 quantitate
1698 3499 2009 3568 perSpicua,

417 3590 474 3645 in
530 3589 706 3661 primo
752 3589 819 3643 ad
862 3588 1040 3643 locum
1074 3588 1223 3641 illum
1255 3588 1505 3658 prtrsulis
1554 3586 1809 3654 adventu,
1858 3585 2015 3657 quasi

418 3686 609 3749 sponte
641 3686 692 3733 et
738 3677 945 3748 absque
1000 3676 1335 3741 difficultate,
1370 3674 1671 3729 domestica
1730 3674 1893 3739 facta,
1944 3673 2014 3728 ad

415 3766 590 3836 ipsum
619 3765 673 3820 in
708 3780 922 3821 camera
950 3781 1049 3820 sua
1076 3772 1303 3835 pr0pter
1341 3763 1759 3818 admirationem
1791 3770 1872 3817 est
1919 3762 2014 3816 ad—

417 3854 597 3909 ducta.
630 3853 763 3922 Qua:
792 3854 972 3908 statim
1000 3869 1034 3907 a
1066 3869 1231 3907 manu
1274 3853 1391 3920 ejus
1460 3867 1655 3922 panem
1707 3867 1928 3905 sumens
1964 3859 2016 3904 et

419 3942 733 4006 comedens,
767 3941 922 4012 eique
978 3940 1311 3994 familiariter
1368 3940 1657 3993 adhaerens
1689 3954 1923 4001 omnem,
1961 3947 2017 3993 ut

420 4028 720 4093 videbatur,
764 4028 1071 4083 silvestrem
1112 4027 1329 4081 interim
1386 4036 1547 4081 exuta
1604 4034 1872 4089 naturam,
1909 4042 2011 4081 nec

417 4118 535 4186 ejus
574 4124 825 4181 attactus,
858 4131 960 4171 nec
1017 4116 1311 4170 astantium
1368 4115 1608 4187 undique
1647 4115 1929 4168 turbarum
1962 4122 2014 4168 et

2116 3149 2490 3203 troduceretur
2537 3148 2621 3202 vel
2678 3148 2864 3215 invita,
2928 3147 3105 3201 triduo
3150 3161 3183 3200 a
3216 3146 3461 3217 plurimis
3510 3143 3714 3199 frustra

2115 3236 2424 3291 insudatur.
2465 3236 2687 3306 Capitur
2720 3251 2851 3291 vero
2883 3236 2954 3290 ad
2990 3242 3327 3305 postremum
3374 3234 3428 3287 in
3491 3240 3709 3288 carecto

2116 3324 2411 3389 remotiori,
2462 3325 2554 3377 ubi
2592 3324 2805 3396 fugiens
2855 3323 3200 3393 insequentes
3253 3320 3516 3376 latitabat.
3568 3321 3711 3374 Pro-

2113 3413 2274 3468 ducta
2304 3428 2431 3467 vero
2450 3412 2515 3466 ad
2540 3412 2874 3482 episcopum,
2900 3411 3077 3481 capite
3135 3410 3369 3481 pendulo
3429 3424 3491 3463 ac
3545 3407 3702 3462 vultu

2114 3517 2283 3573 aegro,
2315 3501 2587 3573 aegrisque
2617 3517 2716 3570 per
2746 3500 2928 3554 omnia
2957 3499 3223 3571 gestibus,
3270 3504 3522 3553 moestam
3550 3511 3702 3566 prae-

2114 3590 2370 3644 tendebat
2401 3588 2714 3657 imaginem.
2735 3588 2900 3656 Cujus
2931 3587 3011 3641 rei
3040 3586 3253 3642 novitas
3310 3594 3439 3640 tunc
3486 3583 3709 3655 quidem

2116 3678 2323 3748 stupori
2353 3677 2450 3732 fuit
2480 3677 2829 3732 intuentibus.
2878 3677 3077 3730 Verum
3107 3690 3141 3729 a
3170 3675 3291 3729 loco
3320 3674 3441 3744 ipso
3470 3672 3703 3727 celerius

2116 3766 2443 3821 abscedente
2495 3766 2771 3835 episcopo,
2805 3772 2856 3819 et
2890 3771 3014 3834 post
3071 3762 3209 3818 sexti
3259 3761 3464 3817 mensis
3495 3762 3644 3830 (101)
3675 3774 3709 3814 a

2116 3863 2359 3925 tempore
2391 3854 2483 3908 illa
2535 3868 2826 3909 excursum
2884 3852 3025 3906 viam
3083 3850 3356 3906 universae
3403 3848 3587 3904 carnis
3618 3848 3707 3902 in-

2114 3958 2328 4013 gresso,
2370 3958 2472 3997 nec
2520 3942 2590 3995 ab
2646 3941 2825 3995 amica
2880 3939 2985 3994 sibi
3041 3939 3264 3995 volucre
3312 3938 3540 3992 ulterius
3565 3937 3703 4003 viso,

2115 4032 2244 4085 satis
2276 4030 2352 4084 rei
2390 4038 2641 4084 eventum
2685 4028 3162 4084 considerantibus
3202 4026 3373 4097 patuit
3416 4025 3546 4096 quid
3604 4040 3708 4096 ge-

2116 4128 2228 4173 stus
2260 4118 2344 4173 hic
2366 4117 2610 4189 lugubris
2642 4115 2995 4187 protenderit,
3032 4130 3137 4185 quo
3185 4114 3323 4168 adeo
3356 4120 3552 4168 moesta
3581 4112 3708 4166 illud

416 4207 737 4261 intuentium
798 4221 1053 4261 accessus
1121 4205 1234 4259 sive
1318 4204 1578 4259 tumultus
1661 4203 2006 4257 abhorrebat.
2034 4239 2086 4297 Ι)
2116 4208 2234 4263 vale
2278 4207 2525 4261 ultimum
2577 4205 2798 4260 domino
2846 4220 2944 4258 suo
2987 4203 3130 4258 fecit.
3182 4201 3484 4257 Permansit
3529 4208 3707 4255 autem

419 4296 787 4351 Consueverat
842 4295 1003 4351 etiam
1070 4294 1376 4360 interdum,
1424 4309 1546 4349 cum
1630 4293 1697 4345 ab
1755 4293 2013 4363 episc0po

488 4472 595 4539 (97)
618 4472 755 4535 Apud
787 4472 1055 4524 Manerium
1079 4485 1239 4534 suum,
1268 4473 1317 4523 id
1342 4474 1415 4523 est
1455 4472 1619 4522 villam
1645 4484 1802 4521 suam.
1822 4471 2016 4539 Orderi-

420 4538 506 4592 cus
528 4541 700 4591 Vitalis
726 4540 806 4589 lib.
841 4554 888 4587 iv
911 4540 1033 4601 apud
1062 4540 1298 4603 Cangium
1314 4540 1364 4588 in
1382 4539 1597 4588 Glossar.
1622 4539 1750 4588 med.
1774 4543 1821 4587 et
1838 4538 2016 4587 inﬁrme

417 4608 672 4658 Latinitat.
704 4625 715 4655 :
754 4623 772 4653 ι
794 4609 1033 4657 Ducentas
1055 4610 1103 4656 et
1127 4602 1371 4669 octoginta
1410 4606 1550 4655 villas
1567 4602 1708 4670 (quas
1725 4619 1748 4653 a
1774 4605 2015 4655 manendo

418 4676 660 4726 manerios
679 4674 822 4736 vulgo
847 4674 1091 4737 vocamus)
1131 4673 1358 4723 obtinuit.
1391 4692 1411 4713 ι

484 4757 594 4822 (98)
622 4760 764 4808 Juxta
789 4759 1019 4817 Stowam,
1049 4758 1161 4807 olim
1196 4756 1487 4817 cmnobium,
1517 4769 1543 4805 a
1569 4754 1787 4817 Remigio
1828 4755 2015 4805 instau-

416 4830 597 4882 ratum,
621 4827 717 4875 eta
741 4826 950 4875 Roberto
998 4824 1105 4885 ejus
1143 4835 1421 4872 successore
1468 4824 1516 4871 in
1558 4823 1851 4883 Eyueshaim
1881 4826 2018 4871 tran-

424 4892 622 4942 slatum.
651 4891 787 4941 Unde
810 4892 989 4951 legitur
1014 4891 1062 4939 in
1089 4891 1357 4939 monastico
1387 4890 1598 4951 Anglic.
1625 4892 1661 4937 t.
1692 4889 1732 4949 l,
1751 4902 1860 4951 pag.
1886 4888 2010 4937 €62:

429 4972 448 5003 ι
473 4959 607 5007 Stow
630 4958 678 5007 in
702 4970 816 5018 agro
840 4957 1167 5007 Lincolniensi
1192 4956 1313 5006 cella
1338 4956 1399 5005 de
1423 4956 1737 5016 Eyneshaim.
1767 4976 1786 4998 ι
1820 4957 1879 5005 Et
1922 4956 2017 5005 ite-

420 5036 528 5073 rum
558 5042 569 5071 :
600 5038 617 5068 a
640 5024 922 5074 Cmnobium
948 5025 1294 5073 monachorum
1321 5023 1446 5084 apud
1473 5024 1524 5072 S.
1553 5021 1750 5072 Mariam
1777 5023 1836 5072 de
1863 5024 2015 5072 Stow.

418 5090 666 5149 Remigius
692 5090 1047 5139 Lincolniensis
1074 5089 1330 5151 episcopus
1353 5090 1411 5139 de
1436 5101 1561 5138 novo
1586 5087 1718 5138 fecit.
1752 5109 1771 5130 ι
1800 5091 1861 5139 Et
1885 5086 2011 5151 apud

418 5155 676 5205 Giraldum
701 5156 1050 5205 Cambrenscm
1078 5156 1261 5215 Anglia:
1300 5157 1351 5204 S.
1385 5160 1512 5216 part.
1537 5169 1591 5217 ιι,
1612 5167 1662 5216 p.
1692 5156 1810 5204 M7.
1848 5173 1865 5200 ι(
1907 5158 2011 5203 Μο-

418 5223 602 5272 nachos
627 5234 815 5283 quoque
837 5221 897 5271 de
940 5226 1101 5272 Stowa
1144 5234 1293 5283 usque
1337 5221 1397 5270 ad
1436 5219 1735 5283 Eyneshaim
1780 5222 2010 5271 laudabili

421 5289 816 5350 commutatione,
845 5289 1144 5340 ctEcclesize
1182 5287 1509 5339 Lincolniensi
1533 5294 1634 5338 tam
1682 5296 1879 5353 preptcr
1906 5301 2012 5337 ma-

2118 4297 2319 4351 ibidcm
2348 4304 2537 4367 postea
2567 4293 2751 4349 multis
2782 4292 3138 4363 temporibus.

2116 4476 2235 4526 nerii
2264 4475 2672 4537 propinquitatem
2699 4476 2753 4523 et
2786 4474 3136 4535 amoenitatem,
3176 4484 3320 4534 quam
3346 4475 3396 4523 et
3430 4470 3712 4535 praabenda-

2116 4556 2221 4593 rum
2248 4543 2548 4592 vicinitatem
2574 4542 2713 4591 valde.
2750 4539 3082 4601 accommoda,
3111 4538 3308 4602 provide
3334 4539 3650 4603 transposuit.
3688 4559 3708 4582 -

2185 4661 2289 4726 (99)
2317 4663 2431 4724 Qum
2458 4663 2702 4724 hucusque
2727 4661 2785 4710 de
2809 4660 2955 4710 Olore
2979 4660 3107 4709 dicta
3130 4662 3276 4720 sunt,
3302 4658 3448 4709 etiam
3486 4660 3712 4722 leguntur

2114 4730 2238 4792 apud
2263 4729 2510 4779 Giraldum
2536 4728 2881 4778 Cambrensem
2904 4727 3009 4776 loco
3034 4727 3202 4776 citato.
3231 4728 3488 4784 Incertum,
3517 4727 3624 4788 quis
3648 4728 3710 4775 ab

2116 4798 2267 4846 altero
2314 4795 2587 4855 acceperit,
2632 4794 2742 4844 dum
2792 4799 2995 4856 uterque
3043 4793 3133 4842 sub
3189 4794 3389 4853 Hugone
3445 4792 3707 4842 Lincolnia:

2116 4862 2307 4915 vixerit.
2341 4865 2389 4910 et
2431 4864 2625 4910 narrata
2673 4861 2951 4923 conspicere
2990 4861 3217 4920 potuerit.
3267 4860 3529 4920 Sequentia
3575 4858 3711 4908 addit

2120 4933 2287 4979 auctor
2314 4928 2458 4977 Vitze.

2188 5029 2327 5089 (100)
2354 5030 2476 5079 Anni
2508 5028 2633 5078 1200
2658 5039 2751 5089 quo
2770 5029 2956 5078 Pascha
2999 5027 3169 5077 incidit
3208 5028 3255 5077 in
3280 5028 3463 5078 Nonam
3511 5027 3708 5090 Aprilis,

2112 5100 2159 5146 et
2184 5099 2316 5159 Hugo
2342 5096 2464 5145 obiit
2487 5095 2535 5144 in
2574 5096 2853 5145 Novembri.

2181 5220 2318 5281 (101)
2345 5216 2745 5279 Subintelligendi
2775 5217 2853 5267 hic
2891 5219 3091 5267 veniunt
3117 5229 3305 5267 menses
3330 5217 3526 5277 integri,
3552 5216 3706 5267 inter-

2114 5288 2255 5338 medii
2283 5288 2408 5337 inter
2437 5286 2648 5348 Aprilem
2677 5289 2725 5333 ct
2760 5284 3098 5335 Novembrem.
