3972 6052
186 220 291 270 993

808 334 1029 389 CAPUT
1074 334 1185 388 VII.

199 493 375 560 Quam
408 491 687 546 sollicitus
719 493 842 544 erat
864 491 1013 559 Hugo
1043 494 1234 546 noster
1284 488 1348 542 de
1382 487 1636 560 personis
1666 484 1787 539 ido-

270 564 393 619 neis
422 563 485 617 in
514 562 901 616 Lincolnicnsi
938 558 1187 616 Ecclesia
1211 558 1572 623 collocandis,
1607 560 1661 610 et
1691 572 1791 626 pro

272 632 659 688 incumbentis
689 632 789 686 sibi
814 632 1002 703 oneris
1045 630 1473 703 supportatiogzc
1496 642 1598 703 suo
1622 627 1792 680 lateri

274 703 669 774 adjungendis.
704 704 771 757 Et
799 706 882 756 est
916 702 1013 758 hoc
1044 699 1367 774 capitulum
1397 700 1459 754 in
1489 699 1631 752 serie
1664 713 1791 750 ma-

275 791 401 845 gnae
450 775 580 829 Vitta
610 777 885 828 octavum.

276 914 373 970 His
402 914 457 969 in
486 913 630 970 hunc
659 914 882 968 modum
926 912 1245 984 praelibatis,
1302 912 1370 966 de
1420 910 1597 982 signo,
1649 908 1795 979 quod

207 1002 449 1057 universi
478 1002 761 1067 mirantur,
796 1002 914 1056 viro
953 1000 1169 1057 Domini
1217 999 1454 1054 exhibito
1496 1013 1591 1069 per
1639 1012 1795 1052 avem

204 1090 646 1156 famosissimam,
680 1091 750 1144 ad
790 1090 897 1145 alia
926 1104 1142 1162 quoque
1198 1088 1517 1144 meritorum
1564 1085 1798 1156 insignia

204 1178 459 1235 fidelibus
486 1179 573 1235 vel
601 1194 666 1233 ex
696 1186 865 1249 parte,
916 1186 1078 1249 prout
1134 1192 1444 1248 possumus,
1476 1174 1794 1239 intimauda,

203 1267 500 1338 opitulante
528 1266 705 1339 gratia
732 1266 951 1321 Domini
980 1265 1150 1321 nostri
1178 1265 1307 1319 Jesu
1337 1263 1537 1319 Christi
1570 1262 1800 1317 acceda-

206 1372 349 1411 mus.
368 1358 446 1411 Ac
471 1356 527 1409 in
558 1354 764 1426 primis,
797 1362 1055 1427 quantum
1085 1353 1268 1418 studii,
1302 1359 1672 1423 quantumque
1702 1350 1802 1403 im-

210 1442 463 1514 penderit
491 1442 892 1508 sollicitudinis,
916 1450 974 1496 ut
1001 1440 1308 1497 Ecclesiam
1338 1439 1441 1494 sibi
1458 1438 1804 1494 commissam

209 1530 343 1586 viris
371 1530 661 1586 adornaret
680 1530 1001 1597 illustribus,
1042 1530 1255 1586 videtur
1286 1526 1803 1584 commemoratione

208 1619 614 1692 dignissimum.
646 1620 1000 1689 Perpendens
1055 1619 1254 1689 quippe
1293 1617 1561 1687 altiusque
1617 1614 1804 1670 consi-

210 1691 426 1774 dei-aus,
461 1708 588 1780 quia
623 1708 830 1779 absque
870 1707 1111 1763 virorum
1169 1710 1465 1777 proborum
1513 1702 1801 1773 adjutorio,
1826 1691 1877 1750 Β

213 1811 317 1853 nec
348 1796 570 1868 populo,
620 1810 722 1852 nec
754 1795 919 1861 clero,
956 1810 1119 1866 quem
1149 1794 1395 1866 regebat,
1458 1798 1643 1863 posset
1675 1805 1806 1863 pro-

212 1885 393 1950 desse,
428 1900 531 1940 nec
559 1884 867 1955 quibusque
903 1884 1169 1952 justitiam
1197 1881 1586 1939 ecclesiasticae
1639 1881 1808 1949 juris-

214 1972 468 2029 dictionis
498 1972 875 2043 expetentibus
906 1971 1179 2028 sufficeret
1198 1977 1572 2041 competenter
1590 1968 1805 2024 adesse.

213 2061 376 2119 Viros
406 2061 670 2133 sapientia
714 2060 973 2131 praeditos
1002 2068 1056 2116 et
1104 2059 1350 2126 scientia,
1408 2058 1660 2130 quodque
1689 2057 1811 2128 plu-

214 2150 291 2206 ris
350 2158 451 2215 est,
510 2149 565 2204 in
615 2149 806 2204 timore
837 2148 1054 2204 Domini
1098 2147 1537 2219 probatissimos,
1569 2161 1667 2201 suo
1722 2145 1810 2199 in-

216 2240 449 2293 stantius
498 2238 783 2309 satagebat
828 2237 981 2294 lateri
1028 2236 1260 2293 sociare.
1313 2236 1515 2291 Horum
1543 2234 1813 2305 siquidem

220 2334 272 2382 et
326 2325 569 2382 consiliis
608 2325 800 2391 fretus,
835 2333 888 2380 et
945 2324 1162 2382 auxiliis
1230 2323 1553 2388 comitatus,
1614 2336 1813 2377 munus

219 2415 458 2486 suscepti
488 2414 770 2485 regiminis
800 2414 1172 2470 strenuissime
1211 2412 1563 2483 adimplebat.
1595 2410 1690 2466 His
1712 2411 1813 2465 de—

216 2502 379 2574 nique
427 2502 862 2558 Lincolniensem
891 2502 1195 2558 Ecclesiam
1254 2501 1463 2557 cunctis
1495 2515 1594 2569 per
1623 2499 1815 2554 orbem

218 2592 529 2648 universum
544 2591 806 2647 Ecclesiis
833 2591 1127 2663 gloriosius
1159 2589 1545 2661 copiosiusque
1578 2587 1817 2643 illustra-

219 2680 331 2735 bat.
354 2681 449 2735 His
466 2679 649 2746 etiam,
675 2695 798 2735 cum
820 2694 1021 2735 vacare
1047 2678 1363 2749 coapissent,
1379 2675 1703 2747 praebendas
1720 2691 1817 2731 seu

217 2768 327 2823 alia
345 2767 610 2825 beneficia
630 2767 966 2824 conferebat.
990 2768 1103 2822 Hos
1123 2766 1291 2823 variis
1312 2764 1691 2837 dignitatibus,
1706 2763 1818 2818 sin-

220 2856 364 2927 gulis
394 2872 611 2929 quoque
634 2856 1020 2912 ecclesiasticis
1048 2855 1415 2912 {unctionibus
1461 2852 1814 2925 praeficiebat.

222 2945 542 3013 Hujusmodi
590 2944 861 3015 homines,
893 2961 1004 2999 non
1060 2944 1235 3001 solum
1281 2944 1339 2999 in
1391 2950 1503 2999 toto
1534 2943 1670 2999 orbe
1700 2944 1819 2997 An-

1543 207 1719 262 νιΤΑ.
1755 235 1821 245 -
1851 205 1982 260 LIB.
2033 205 2123 258 III.

1813 331 1869 391 Α
1896 328 2061 399 longo
2093 335 2337 398 tempore
2369 324 2598 397 praelati,
2632 339 2748 387 eos,
2782 331 2841 377 ut
2879 322 3043 395 vulgo
3087 324 3297 392 dicitur,
3344 328 3491 385 intus

3006 134 3012 161 1

3379 209 3481 261 994

1898 426 1949 472 et
1980 417 2034 471 in
2064 422 2184 472 cute
2232 413 2479 471 novistis.
2538 413 2661 467 Non
2715 411 2881 483 igitur
2917 426 3040 467 meo
3096 420 3321 482 tantum,
3357 417 3486 489 quin

1891 514 2071 560 vestro
2124 504 2301 575 potius
2366 500 2684 568 discrimini,
2759 499 3174 571 prOSpicientes,
3245 504 3337 575 qui
3376 512 3486 561 tam

1892 593 2122 649 inscium
2154 605 2475 663 promovere
2507 606 2617 644 non
2661 588 2913 644 timuistis
2952 589 3020 643 ad
3068 604 3205 660 opus
3252 592 3357 648 hoc
3388 608 3483 648 ar-

1892 682 2078 748 duum,
2113 681 2249 735 tales
2278 680 2408 735 mihi
2462 696 2527 735 ex
2577 678 2681 743 his,
2718 676 2811 749 qui
2852 684 3034 733 vestro
3082 678 3282 734 diutius
3332 680 3489 738 lateri

1894 769 2223 825 adhaerendo
2244 767 2557 840 probabiles
2580 782 2639 821 se
2657 766 2711 821 in
2741 765 3015 832 omnibus,
3037 775 3220 822 vestro
3241 769 3486 840 apprime

1895 858 2171 913 informati
2200 855 2469 927 exemplo,
2503 856 2964 922 demonstrarunt,
2990 855 3308 913 committite
3336 858 3488 927 adju-

1894 955 2061 1015 tores,
2096 961 2232 1017 quos
2278 945 2333 999 in
2375 951 2588 1015 partem
2645 942 3021 999 sollicitudinis
3051 943 3303 1013 injunctae
3358 947 3490 1003 mihi

1896 1050 2124 1092 securus
2152 1033 2362 1090 valeam
2392 1032 2697 1100 admittere,
2731 1032 2823 1103 qui
2847 1048 3061 1087 mecum
3077 1048 3215 1088 onus
3245 1042 3484 1105 pastora-

1897 1124 1963 1178 lis
1993 1140 2141 1179 curae
2168 1121 2509 1177 laudabiliter
2537 1122 2749 1177 valeant
2779 1129 3121 1193 supportare.
3161 1146 3183 1172 ι

1972 1212 2065 1265 llis
2093 1210 2537 1280 archiepiscopus
2566 1209 2764 1263 auditis
2795 1224 2905 1264 non
2921 1209 3134 1265 modice
3162 1210 3486 1282 gratulatur.

1899 1300 1980 1354 Ex
2046 1314 2154 1353 una
2208 1299 2409 1369 quippe
2468 1297 2641 1352 sancti
2672 1296 2774 1351 viri
2822 1297 3103 1367 petitione,
3136 1299 3308 1355 multa
3339 1300 3394 1355 in
3425 1316 3492 1358 eo

1900 1388 2043 1443 bona
2072 1386 2237 1441 animi
2295 1385 2598 1441 evidentius
2634 1384 3019 1456 prospiciebat.
3054 1386 3283 1443 Videbat
3320 1378 3493 1460 prim'o

1902 1483 2120 1547 quantae
2148 1474 2291 1530 istud
2324 1474 2640 1529 humilitatis
2671 1481 2838 1541 esset,
2873 1481 2931 1527 ut
2965 1474 3047 1529 vir
3076 1482 3255 1530 tantus
3293 1484 3403 1532 tam
3424 1478 3494 1534 de

1903 1581 1963 1620 se
1996 1563 2178 1618 intima
2218 1562 2461 1629 sentiret,
2497 1569 2555 1616 nt
2582 1561 2730 1616 solus
2768 1561 2887 1631 ipse
2927 1576 2994 1618 eo
3022 1562 3229 1619 honore
3264 1580 3323 1619 se
3360 1581 3495 1620 cen-

1906 1660 2052 1709 seret
2088 1651 2394 1724 indignum,
2447 1665 2555 1722 quo
2593 1649 2775 1705 divino
2823 1649 2984 1704 simul
3015 1658 3067 1706 et
3096 1650 3335 1707 humano
3363 1668 3499 1723 pro-

1907 1742 2131 1797 baretur
2172 1740 2373 1797 indicio
2404 1754 2527 1796 esse
2567 1737 2941 1811 dignissimus.
2975 1738 3269 1797 Mirabatur
3313 1749 3503 1798 contra

1908 1846 2066 1885 usum
2120 1830 2372 1885 humanae
2424 1826 2695 1883 felicitatis
2740 1828 3017 1883 hominem
3074 1843 3139 1884 ex
3196 1829 3385 1886 humili
3432 1830 3500 1885 ad

1910 1933 2121 1973 summa
2152 1924 2470 1987 provectum
2500 1913 2622 1987 plus
2660 1915 2958 1971 humilitate
2998 1932 3158 1988 quam
3213 1917 3500 1990 dignitate,

1910 2006 2034 2078 plus
2054 2005 2472 2062 mansuetudine
2503 2020 2663 2075 quam
2682 2004 3053 2060 dominatione
3099 2006 3363 2063 crevisse.
3412 2008 3502 2063 Vi.-

1910 2095 2072 2151 debat
2109 2102 2369 2166 quantum
2400 2091 2603 2148 zelaret
2633 2092 2973 2148 subditorum
3019 2092 3269 2161 salutem,
3303 2095 3373 2149 ad
3402 2110 3502 2152 cu-

1905 2185 1993 2252 jus
2022 2182 2457 2253 procurationem
2484 2188 2767 2252 tantopere
2796 2180 3082 2252 expetebat
3102 2182 3370 2238 honorum
3391 2184 3509 2256 opi-

1913 2271 2246 2328 tulationem.
2270 2270 2587 2327 Intuebatur
2607 2277 2826 2342 quanta,
2851 2269 2953 2325 sibi
2972 2269 3216 2342 puritatis
3232 2272 3501 2341 conscius,

1916 2360 2296 2415 benevolentia
2318 2360 2373 2414 in
2403 2375 2562 2415 suum
2579 2358 2867 2430 primatem
2888 2357 3101 2430 plenus,
3122 2367 3327 2431 quanta
3346 2361 3507 2417 etiam

1913 2449 2200 2519 prudentia
2226 2465 2323 2519 per
2353 2457 2547 2505 cuncta
2577 2455 2724 2504 esset
2764 2447 3043 2518 praeditus,
3108 2448 3198 2520 qui
3257 2465 3353 2505 eos
3404 2450 3511 2505 sibi

1916 2538 2245 2593 domesticos
2299 2536 2664 2603 collaterales,
2726 2537 3042 2609 primosque
3098 2536 3215 2593 ﬁeri
3268 2545 3509 2609 optasset

1914 2626 2279 2691 consiliarios,
2316 2641 2453 2696 quos
2475 2624 2619 2679 idem
2649 2624 2784 2680 locis
2826 2625 2938 2679 suis
2995 2625 3277 2682 habuisset
3305 2634 3510 2684 metro-

1916 2714 2211 2786 politanus.
2232 2715 2384 2771 Duos
2399 2712 2567 2786 igitur
2598 2730 2663 2768 ex
2693 2712 2798 2781 his,
2815 2713 2906 2784 qui
2936 2713 3039 2767 sibi
3062 2713 3426 2785 adhaeserant,
3461 2716 3512 2772 ei

1917 2803 2189 2875 delegavit
2204 2802 2517 2874 magistros,
2543 2801 2837 2857 Robertum
2875 2802 3029 2873 (102)
3050 2802 3513 2861 Bedefordensem

1918 2900 1971 2948 et
2000 2893 2280 2965 Rogerum
2312 2893 2461 2961 (103)
2504 2891 2971 2960 Roystonensem;
3018 2907 3246 2961 quorum
3285 2898 3513 2965 uterque

1924 2981 1979 3036 in
2008 2989 2119 3037 toto
2139 2980 2305 3036 totius
2331 2978 2543 3050 Anglia
2564 2979 2714 3034 clero
2745 2978 3013 3034 distinctis
3044 2979 3343 3050 gratiarum
3372 2997 3516 3053 prae-

224 3033 607 3143 Ξ¹Ῐῗῗῖ⁰ξὶῖ¹ἓῗ
650 3040 815 3143 eff.
850 3031 1820 3143 3i‘i??’§’.“i-.f’i‘f’fis-ffh‘ﬁ‘ffl‘fe
1842 3048 1889 3109 ο
1918 3068 2183 3143 τοεαιίνίε
2212 3068 2361 3125 visus
2392 3075 2475 3123 est
2502 3066 2781 3123 enituisse-

223 3122 621 3189 transmarinis,
671 3121 820 3177 omni
848 3121 1027 3177 studio
1072 3121 1429 3194 investigatos
1459 3136 1573 3176 sua:
1623 3119 1819 3176 Eccle-

224 3210 321 3267 sia
349 3211 564 3283 gremio
593 3210 893 3267 inserebat.

296 3299 379 3355 Ad
436 3298 807 3355 venerabilem
864 3314 1081 3371 quoque
1139 3297 1614 3369 metropolitanum
1665 3312 1823 3351 suum

232 3387 615 3461 [Balduinum],
650 3386 874 3443 fratrem
905 3387 1154 3459 superius
1171 3386 1525 3454 nominatum,
1552 3386 1824 3441 accedens

234 3477 319 3533 his
350 3493 474 3533 eum
507 3476 802 3549 alloquitur
836 3492 847 3532 :
887 3499 909 3526 α
943 3476 1121 3542 Novit,
1174 3476 1442 3547 inquiens,
1474 3476 1633 3531 Pater
1661 3490 1823 3529 reve-

229 3566 421 3634 rende,
455 3565 712 3622 discretio
742 3572 923 3621 vestra
954 3571 1214 3636 quantum
1264 3564 1537 3635 expediat,
1589 3578 1697 3618 non
1730 3578 1825 3617 so-

228 3654 341 3710 lum
376 3654 572 3711 animae
599 3670 755 3721 meae,
790 3670 899 3711 non
930 3652 1105 3709 solum
1122 3653 1428 3708 commissa)
1448 3652 1579 3707 mihi
1599 3650 1826 3722 indigno

228 3743 511 3809 Ecclesiae,
544 3743 675 3815 quin
726 3743 907 3815 potius
936 3742 1209 3813 praecipue
1243 3740 1423 3807 nobis,
1478 3740 1677 3796 deinde
1708 3738 1826 3794 uni-

234 3848 407 3889 versae
451 3832 660 3905 pariter
701 3832 955 3904 religioni
985 3839 1207 3898 sanctae,
1257 3839 1517 3903 quatenus
1547 3830 1603 3883 in
1648 3827 1827 3884 ofﬁcio

234 3921 367 3976 mihi
395 3922 605 3977 credito
632 3937 741 3977 non
788 3937 1013 3993 prorsus
1062 3936 1150 3975 me
1172 3919 1417 3975 inutilem
1450 3918 1700 3973 studeam
1730 3930 1829 3970 ex-

233 4009 443 4065 hibere.
478 4010 695 4065 Gratias
726 4025 833 4081 ago
863 4010 1131 4065 bonorum
1170 4008 1409 4063 omnium
1450 4006 1659 4063 auctori
1690 4007 1824 4073 Deo,

234 4098 358 4169 quia
386 4099 490 4154 hoc
510 4098 687 4169 ipsum
719 4114 783 4153 ex
802 4113 1028 4153 munere
1061 4113 1159 4153 suo
1187 4096 1324 4153 velle
1356 4096 1572 4168 quidem
1620 4095 1829 4163 adjacet

235 4186 368 4241 mihi
425 4195 678 4243 caeterum
708 4186 956 4257 implere,
990 4186 1136 4257 quod
1168 4185 1307 4240 velle
1336 4184 1531 4249 merui,
1567 4199 1687 4239 cum
1721 4196 1830 4236 non

236 4275 425 4343 sciam,
463 4282 515 4330 et
552 4275 694 4346 quod
724 4290 833 4330 non
889 4272 1157 4330 sufﬁciam
1200 4289 1297 4344 per
1325 4290 1413 4327 me
1468 4272 1664 4341 ipsum,
1727 4270 1832 4341 ipsi

237 4364 387 4435 prius
415 4371 468 4417 et
513 4363 708 4417 melius
738 4363 929 4419 nostis.
981 4362 1096 4417 Nec
1142 4361 1317 4416 solum
1376 4360 1595 4430 quidem
1627 4358 1697 4412 ad
1727 4360 1831 4413 hoc

236 4452 366 4507 mihi
397 4459 449 4507 et
478 4451 619 4506 scire
649 4459 701 4506 et
729 4468 892 4523 posse
932 4451 1111 4505 minus
1142 4449 1395 4521 suppetit,
1447 4463 1635 4504 verum
1667 4446 1829 4502 etiam

238 4556 271 4595 a
301 4540 498 4611 quibus
529 4538 768 4610 suppleri
796 4538 1185 4611 congruentius
1224 4537 1397 4608 possit
1440 4553 1598 4591 meus
1646 4536 1697 4590 in
1726 4536 1831 4592 hac

240 4636 390 4699 parte
412 4628 675 4698 defectus,
695 4644 801 4683 non
820 4627 953 4682 satis
970 4626 1189 4699 agnovi.
1214 4626 1437 4681 Advena
1452 4627 1651 4696 quippe
1669 4626 1830 4679 homo

241 4733 379 4781 sum,
413 4724 465 4772 et
493 4716 782 4789 indigenas
817 4726 981 4771 terrae
1010 4730 1116 4786 quo
1147 4714 1324 4769 minus
1356 4714 1500 4780 novi,
1536 4730 1601 4767 eo
1631 4714 1830 4782 imper—

238 4805 447 4871 fectius,
499 4806 698 4877 quibus
728 4806 1043 4860 meritorum
1095 4802 1370 4874 sutiragiis
1402 4810 1455 4856 et
1487 4801 1680 4873 quibus
1712 4809 1831 4854 stu-

240 4894 452 4949 diorum
474 4894 824 4965 prmpolleant
846 4891 1250 4963 experimentis,
1275 4899 1614 4961 compertum
1636 4889 1828 4945 habeo.

241 4982 410 5036 Vobis
431 4982 749 5037 ulteriorem
770 4982 923 5036 istius
940 4982 1020 5036 rei
1040 4980 1286 5036 notitiam
1302 4979 1579 5049 multiplex
1613 4994 1834 5048 compa-

242 5070 376 5125 ravit
406 5072 755 5143 experientia.
792 5072 901 5125 Vos
924 5070 1065 5126 enim
1096 5070 1236 5125 inter
1275 5084 1371 5125 eos
1401 5068 1600 5129 nutriti.
1638 5084 1734 5123 vos
1757 5068 1835 5122 eis

314 5250 454 5315 (102)
484 5254 521 5301 A
559 5264 705 5313 pago,
750 5254 800 5301 ut
838 5251 1045 5311 videtur,
1086 5247 1436 5307 Bedefortensi,
1465 5252 1547 5297 aut
1573 5261 1599 5296 a
1622 5245 1838 5295 coenobio

246 5320 297 5369 S.
326 5318 517 5378 Albani,
545 5319 672 5381 quod
699 5319 745 5367 in
773 5330 891 5378 agro
914 5317 1246 5367 Bedetortensi
1294 5317 1448 5366 situm
1490 5316 1561 5363 est
1586 5353 1599 5377 ,
1644 5314 1709 5363 ita
1758 5325 1841 5362 co-

242 5386 550 5447 gnominatur
574 5385 831 5438 Robertus.

318 5468 457 5532 (103)
486 5469 617 5519 Idem
646 5482 753 5519 cum
782 5481 857 5530 eo,
883 5468 943 5519 de
967 5480 1060 5529 quo
1084 5468 1209 5530 apud
1235 5467 1461 5517 Bzovium
1504 5466 1551 5514 in
1587 5462 1749 5515 anna].
1780 5462 1838 5512 ad

245 5548 421 5587 annum
456 5536 599 5597 1200,
638 5549 687 5598 p.
716 5537 782 5585 86
825 5536 1037 5597 legitur:
1077 5550 1094 5579 α
1125 5536 1251 5584 lnl’ra
1296 5533 1569 5596 quindecim
1588 5532 1691 5582 dies
1733 5533 1843 5592 post

247 5603 429 5653 obitum
461 5604 691 5667 magistro
712 5603 900 5665 Roget-0
924 5602 983 5652 de
1009 5601 1255 5662 Roleston,
1282 5601 1465 5652 decano
1491 5598 1840 5653 Lincolniensis

2511 3210 2737 3266 CAPUT
2766 3210 2905 3265 VIII.

1927 3320 2184 3388 Qualiter
2214 3320 2366 3387 [Iugo
2403 3320 2596 3373 noster
2634 3333 2922 3373 summum
2962 3319 3109 3389 regis
3151 3319 3518 3389 forestarium

1994 3390 2561 3462 excommunicando,
2586 3391 2643 3462 et
2668 3404 2725 3443 se
2757 3406 2789 3443 α
2820 3390 3165 3462 conferenda
3218 3391 3519 3462 praebenda

1994 3462 2061 3515 ab
2081 3459 2335 3532 eiusdem
2366 3460 2649 3514 instantia
2671 3460 3019 3528 excusando,
3046 3459 3232 3531 ipsius
3246 3463 3393 3532 regis
3424 3463 3519 3516 in-

1995 3532 2177 3587 currit
2213 3531 2488 3600 oﬁ‘ensam
2502 3570 2514 3585 .

1998 3637 2092 3692 llis
2138 3637 2369 3708 aliisque
2424 3637 2557 3693 viris
2643 3638 2874 3705 eximiis,
2933 3637 3084 3692 lateri
3143 3653 3242 3693 suo
3290 3637 3520 3695 sollicite

1926 3726 2346 3791 adhaerentibus,
2383 3726 2641 3796 Spiritum
2660 3726 2759 3782 Dei
2789 3726 2995 3780 habens
3017 3727 3107 3795 (de
3129 3741 3238 3797 quo
3259 3727 3523 3798 scriptum

1928 3822 2010 3869 est
2046 3829 2056 3867 :
2093 3836 2112 3861 «ι
2137 3813 2239 3870 Ubi
2261 3815 2494 3886 Spiritus
2518 3815 2651 3880 Dei,
2680 3814 2755 3868 ibi
2778 3813 3002 3869 libertas
3022 3816 3098 3882 (II
3116 3814 3237 3870 Cor.
3257 3830 3337 3884 ιιι,
3365 3817 3475 3886 t9),
3499 3836 3522 3868 ι

1928 3912 2216 3974 peccantes
2276 3904 2444 3958 libere
2484 3903 2816 3973 increpabat,
2852 3910 2905 3959 et
2933 3902 3095 3958 nullis
3151 3911 3337 3959 contra
3361 3903 3526 3973 justi-

1930 3992 2057 4046 tiam
2086 3992 2450 4063 potentatihus
2481 3992 2781 4047 deferebat.
2814 3991 2969 4049 Unde
3000 3992 3228 4065 contigit
3265 4001 3322 4047 ut
3349 3992 3404 4047 in
3436 3994 3525 4065 ip-

1932 4081 2043 4134 sius
2076 4082 2431 4150 promotionis
2466 4083 2615 4151 (104)
2648 4098 2760 4136 sum
2794 4080 3074 4153 auspiciis,
3107 4082 3235 4137 dum
3268 4080 3322 4136 in
3352 4081 3527 4137 subli-

1930 4184 2049 4224 mes
2077 4171 2337 4241 quasdam
2372 4170 2530 4241 regni
2562 4178 2861 4241 potestates
2903 4169 3326 4225 ecclesiasticam
3347 4170 3527 4225 distri-

1932 4258 2071 4313 ctius
2101 4258 2411 4329 exsequitur
2444 4258 2850 4325 coercitionem,
2909 4258 3085 4329 ipsum
3145 4273 3360 4329 quoque
3418 4274 3529 4315 non

1932 4346 2275 4401 mediocriter
2296 4346 2443 4400 visus
2466 4346 2533 4399 sit
2555 4344 2848 4401 offendisse
2869 4361 3079 4416 regem.
3103 4346 3202 4400 Est
3222 4346 3366 4402 enim
3387 4347 3531 4404 inter

1857 4405 1909 4465 D
1934 4430 2070 4485 alias
2103 4430 2425 4486 abusionum
2458 4438 2639 4501 pestes
2692 4429 2866 4501 prima
2922 4405 2977 4483 in
3017 4445 3189 4503 regno
3228 4431 3530 4505 Anglorum

1932 4519 2233 4590 tyrannidis
2264 4519 2670 4574 forestariorum
2704 4518 2872 4588 pestis
2923 4520 3303 4589 provenciales
3351 4522 3526 4592 depo-

1932 4608 2145 4678 pulans.
2182 4608 2317 4662 Iluic
2353 4608 2611 4663 violentia
2645 4623 2739 4678 pro
2773 4606 2897 4679 lege
2919 4616 3019 4673 est,
3060 4609 3249 4680 rapina
3270 4609 3323 4664 in
3345 4609 3526 4677 laude,

1936 4698 2159 4767 aequitas
2184 4697 2549 4762 exsecrabilis,
2576 4697 2887 4752 innocentia
2904 4705 2985 4751 est
3010 4706 3211 4752 reatus.
3239 4697 3409 4765 Hujus
3433 4698 3533 4751 im-

1934 4786 2241 4840 manitatem
2280 4784 2405 4839 mali
2440 4786 2587 4840 nulla
2627 4786 2865 4841 conditio
2886 4829 2901 4853 ,
2965 4785 3170 4858 gradus
3200 4785 3397 4852 nullus,
3430 4801 3533 4841 nec

1938 4876 2244 4945 quisquam,
2270 4882 2324 4927 ut
2356 4874 2775 4928 brevitertotum
2794 4874 3182 4944 exprimamus,
3209 4889 3343 4945 rege
3387 4873 3530 4928 infe-

1937 4963 2065 5029 rior,
2100 4962 2296 5017 mansit
2328 4970 2377 5017 et
2405 4962 2575 5017 evasit
2607 4962 2896 5027 indemnis,
2922 4979 3081 5033 quem
3104 4961 3245 5016 illius
3268 4962 3531 5030 injuriosa

1932 5051 2239 5121 jurisdictio
2259 5067 2367 5105 non
2390 5067 2535 5121 smpe
2557 5058 2820 5107 tentasset
2837 5050 3057 5106 elidere.
3088 5052 3195 5105 Hac
3213 5066 3335 5105 cum
3356 5051 3531 5122 perni-

1938 5231 2378 5349 Ecclesiazlmugo)
2418 5233 2644 5297 apparuit
2668 5232 2872 5284 dicens:
2916 5231 3169 5283 Concessit
3205 5233 3325 5284 mihi
3367 5234 3531 5286 Domi-

1938 5312 2048 5349 nus.
2078 5319 2095 5349 ι)
2140 5314 2165 5349 e
2191 5313 2235 5349 c.

1938 5312 2048 5361 nus,
2078 5319 2095 5349 ι)
2140 5312 2235 5349 etc.

2011 5401 2155 5467 (104)
2182 5404 2281 5453 Hoc
2306 5406 2354 5452 ct
2378 5404 2595 5464 sequenti
2622 5404 2780 5465 capite
2804 5403 2954 5453 relata
2979 5401 3270 5453 succinctius
3306 5414 3367 5452 ex
3393 5402 3534 5453 Surio

1942 5470 2097 5519 refert
2140 5471 2393 5531 Baronius,
2421 5474 2469 5518 et
2493 5482 2549 5518 ex
2566 5472 2706 5520 Petro
2726 5470 2937 5521 Blesensi
2963 5470 3191 5533 explicat,
3210 5468 3408 5531 quinam
3437 5469 3535 5519 sint

1943 5540 1992 5587 et
2015 5537 2241 5589 dicantur
2269 5536 2531 5587 forestarii.
