3972 6052
462 199 565 253 995

1347 197 1405 253 S.
1447 196 1763 254 HUGONIS
1800 194 2018 253 EPISC.
2060 196 2383 254 LINCOLN.
2426 197 2588 255 0RD.
2625 199 2871 255 CARTH.

3646 200 3762 252 996

460 319 544 376 cie
564 319 772 391 primus
802 320 1020 393 Hugoni
1045 335 1375 392 congressus
1404 321 1521 388 fuit,
1544 322 1659 377 haec
1688 322 1766 377 illi
1792 321 1969 393 prima
2001 329 2055 376 et
2073 322 2122 382 Α
2146 322 2261 391 jam
2291 324 2562 379 cernimus
2594 332 2716 395 post
2746 331 2840 391 tot,
2874 322 3157 394 adhucque
3188 321 3429 378 recentia
3457 318 3755 386 beneﬁcia,

464 408 635 479 prmlii
664 425 851 479 causa,
887 418 939 466 et
967 412 1192 466 materia
1224 411 1499 481 triumphi.
1524 411 1654 467 Haec
1691 428 1814 465 eum
1843 411 2054 481 ancipi-

461 504 572 553 tem
601 498 844 570 gladium
874 499 1095 570 spiritus
1125 516 1347 555 exerere
1382 500 1629 571 primitus
1662 500 1863 571 coegit.

535 586 671 642 Cum
719 588 865 643 enim
912 603 1066 644 more
1109 587 1288 654 solito,
1323 596 1379 642 ut
1428 588 1483 643 in
1510 597 1756 655 caeteros,
1790 588 1864 643 ita
1921 596 1972 643 et
2001 587 2057 642 in

462 690 592 731 suos
621 676 869 730 homines
900 685 1090 732 contra
1147 676 1410 733 Ecclesiae
1458 693 1572 732 suae
1628 677 1938 731 libertatem
1968 676 2055 731 fo-

460 764 674 820 restarii
701 764 1032 821 debacchari
1062 765 1374 836 coepissent,
1409 780 1475 821 eo
1502 782 1675 837 usque
1715 782 1803 819 res
1834 764 2056 819 tandem

459 853 743 924 processit,
796 861 855 909 ut
912 870 1181 909 summum
1240 853 1388 925 regis
1434 852 1801 923 forestarium,
1836 853 2055 909 nomine

463 941 764 997 Galfridum
794 944 944 1013 (105)
988 942 1563 999 excommunicationis
1592 942 1811 999 vinculo
1866 942 2057 998 inoda-

459 1038 563 1085 ret.
595 1030 717 1099 Quo
746 1048 843 1086 rex
875 1039 1153 1102 comperto
1177 1031 1556 1088 vehementem
1588 1030 1792 1086 exarsit
1822 1030 1877 1085 in
1897 1031 2052 1085 iram.

464 1118 699 1191 Contigit
727 1120 937 1175 interea
983 1135 1151 1175 unam
1182 1137 1249 1175 ex
1279 1120 1589 1190 praebendis
1630 1119 1894 1175 Ecclesiae
1924 1118 2055 1175 Lin-

460 1206 751 1262 colniensis
772 1208 1018 1265 discessu
1066 1208 1334 1274 canonici,
1398 1209 1491 1280 qui
1537 1224 1657 1263 eam
1715 1208 2052 1278 possederat,

461 1304 767 1363 vacantem,
812 1312 1013 1353 novum
1070 1304 1393 1368 exspectare
1438 1297 1892 1367 dispensatorem.
1942 1297 2058 1350 Hoc

459 1385 621 1442 dulici
649 1385 834 1442 audito
865 1401 1052 1458 regem
1074 1385 1288 1441 concito
1357 1392 1603 1451 exorant,
1666 1393 1933 1457 quatenus
1962 1384 2054 1439 uni

464 1490 655 1530 eorum
691 1474 867 1545 ipsam
896 1472 1136 1529 conferri
1166 1473 1234 1527 ab
1264 1488 1330 1528 eo
1364 1473 1680 1529 litteratorie
1711 1474 2053 1544 deprecetur.

462 1563 883 1617 Arbitrabantur
909 1578 968 1617 se
998 1560 1323 1633 obsequium
1367 1562 1529 1616 etiam
1556 1562 1609 1616 in
1638 1563 1742 1617 hoc
1799 1569 2058 1632 praestare

464 1650 601 1717 viro,
636 1650 723 1705 cui
752 1650 1035 1706 dedissent
1064 1649 1429 1716 occasionem,
1461 1658 1663 1706 motam
1706 1650 1969 1705 adversus
2001 1665 2059 1704 se

464 1737 893 1811 indignationem
950 1739 1163 1811 regiam
1245 1746 1518 1810 utcunque
1584 1737 1890 1811 mitigandi.
1945 1739 2061 1794 Nec

467 1834 748 1883 cunctatur
775 1844 873 1882 rex
902 1828 1149 1897 petitioni
1194 1844 1384 1883 eorum
1421 1827 1636 1895 favere;
1670 1827 1867 1899 quippe
1899 1835 1950 1881 et
2005 1826 2061 1881 in

469 1916 575 1973 hac
602 1923 757 1987 parte
788 1915 1060 1987 pontiiicis
1089 1916 1329 1972 animum
1361 1916 1595 1971 libenter
1648 1916 1898 1986 cupiebat
1927 1930 2061 1986 pro-

467 2004 807 2076 positumque
855 2004 1159 2075 explorare.
1216 2004 1560 2061 Consistebat
1605 2020 1670 2059 eo
1717 2012 1963 2074 tempore
1994 2020 2062 2058 ex

465 2093 682 2164 quidem
730 2092 876 2163 apud
936 2094 1321 2159 Wodestkam,
1387 2093 1675 2163 episcOpus
1731 2108 1859 2147 vero
1916 2092 2061 2162 apud

465 2181 889 2236 Dorkecestram
947 2181 1096 2251 (106)
1154 2198 1274 2252 qua:
1331 2180 1397 2235 ab
1454 2180 1687 2236 invicem
1750 2180 2061 2235 mansiones

467 2268 730 2325 tredecim
771 2269 922 2339 (107)
987 2269 1285 2325 creduntur
1352 2269 1589 2324 millibus
1647 2269 1867 2323 distare.
1927 2269 2062 2323 Lec-

466 2356 537 2412 tis
565 2371 696 2413 vero
719 2357 1012 2428 episcopus
1040 2357 1308 2429 petitoriis
1340 2358 1443 2412 sibi
1487 2356 1772 2412 destinatis
1807 2371 1820 2411 :
1856 2379 1878 2405 «
1913 2357 2056 2422 Non,

474 2445 668 2518 inquit,
692 2445 903 2513 aulicis,
930 2446 1029 2503 sed
1050 2447 1231 2518 potius
1271 2445 1657 2503 ecclesiasticis
1690 2445 2061 2502 ecclesiastica

464 2542 676 2605 Oportet
701 2534 966 2592 beneficia
995 2535 1231 2593 conferri
1261 2536 1528 2607 personis,
1564 2550 1794 2606 quorum
1840 2549 2060 2604 posses-

465 2640 642 2691 sores,
669 2640 778 2679 non
796 2624 1018 2695 palatio,
1045 2630 1135 2679 aut
1152 2624 1305 2692 fisco,
1326 2625 1439 2680 sive
1457 2624 1726 2680 staceario
1747 2624 1917 2694 (108),
1938 2623 2057 2692 sed,

462 2720 521 2767 ut
566 2712 727 2768 docet
763 2712 1063 2783 Scriptura,
1098 2713 1260 2768 altari
1304 2713 1508 2768 debent
1546 2712 1847 2768 deservire.
1883 2711 2061 2765 Habet

464 2799 717 2855 dominus
759 2816 857 2856 rex
913 2801 1057 2855 unde
1115 2801 1374 2856 exhilarel
1431 2802 1795 2872 obsequentes
1824 2799 2060 2870 negotiis

463 2888 597 2955 suis,
620 2888 785 2944 habet
814 2888 958 2945 unde
987 2896 1303 2959 compensat
1333 2888 1389 2942 in
1410 2887 1801 2959 temporalibus
1822 2888 2059 2941 militan-

464 2977 599 3033 tium
621 2976 725 3032 sibi
756 2993 856 3048 pro
878 2978 1271 3048 temporalibus
1292 2978 1557 3033 laborem.
1609 2978 1816 3033 Bonum
1865 2983 1946 3033 est
1986 2976 2056 3045 ei,

2156 412 2212 467 in
2245 412 2453 467 tantilla
2476 430 2537 467 re
2570 421 2807 468 vestram
2836 411 3214 468 excellentiam
3244 411 3383 466 adeo
3440 410 3766 464 irreveren—

2158 509 2239 556 ter
2269 500 2713 574 contempsisse?
2744 517 2905 573 quem
2936 509 2988 556 ct
3019 517 3212 572 preces
3234 500 3560 570 intimosque
3590 496 3760 551 belli—

2156 606 2254 645 vos
2285 592 2432 660 (109)
2468 598 2675 647 vestros
2707 598 2819 645 tam
2873 598 3128 661 proterva
3182 588 3431 644 dolemus
3487 585 3762 642 sententia

2157 678 2473 735 confudisse
2490 680 2518 733 ‘i
2553 701 2574 729 ι

2228 768 2311 823 Ad
2342 768 2458 824 haec
2501 768 2758 839 princeps
2795 768 2905 833 ille,
2940 765 3188 839 quamvis
3217 764 3507 837 plurimum
3554 762 3760 818 turba-

2158 863 2320 923 retur,
2355 856 2636 912 modestize
2664 864 2843 911 tamen
2874 855 3145 912 cancellos
3175 870 3285 909 non
3315 853 3611 917 excedens,
3645 852 3761 906 mi-

2158 944 2226 999 sit
2257 946 2523 1015 protinus,
2560 953 2613 1001 et
2667 944 2983 1016 episcopum
3014 944 3085 998 ad
3130 959 3187 998 se
3239 941 3545 998 accersivit.
3577 939 3764 1007 Quem

2158 1031 2366 1088 foribus
2403 1034 2517 1103 jam
2576 1033 2859 1088 imminere
2910 1047 3281 1103 praenoscens,
3331 1045 3452 1085 cum
3494 1028 3762 1083 universa

2158 1122 2440 1188 nobilium,
2462 1122 2553 1193 qui
2574 1130 2700 1177 tunc
2722 1122 2968 1187 aderant,
2992 1119 3311 1191 frequentia,
3335 1118 3387 1173 in
3412 1118 3607 1172 saltum
3630 1132 3764 1172 con-

2160 1210 2365 1283 tiguum
2392 1210 2635 1267 ascensis
2664 1210 2818 1281 equis
2850 1208 3073 1265 secedit.
3108 1208 3212 1263 Ubi
3251 1208 3305 1262 in
3355 1206 3475 1261 loco
3509 1205 3761 1260 residens

2159 1314 2395 1365 amoeno,
2429 1298 2743 1353 consulibus
2778 1297 3101 1369 ceterisque
3146 1295 3494 1369 magnatibus
3523 1295 3578 1348 in
3628 1308 3762 1348 mo-

2159 1388 2288 1443 dum
2316 1403 2534 1443 coronze
2555 1386 2978 1442 consedeutibus
3008 1384 3269 1456 praecepit
3300 1392 3357 1439 ut
3396 1382 3573 1437 nullus
3594 1396 3761 1437 acce-

2159 1477 2306 1532 denti
2336 1476 2594 1548 episcOpo
2623 1483 2956 1548 assurgeret,
2991 1474 3172 1529 nullus
3196 1474 3574 1528 advenientem
3602 1471 3757 1525 salu-

2161 1573 2317 1621 taret.
2351 1566 2467 1622 Nec
2494 1581 2666 1631 mora,
2694 1564 2847 1620 adest
2865 1564 2973 1630 ille,
3008 1562 3231 1631 assistit,
3268 1561 3463 1616 salutat
3493 1576 3683 1632 regem
3703 1568 3762 1614 et

2088 1685 2141 1745 B
2162 1654 2543 1722 consedentes,
2577 1654 2675 1709 sed
2706 1669 2831 1708 eum
2860 1651 3041 1707 nullus
3070 1649 3343 1705 resalutat.
3381 1648 3551 1717 Quos,
3583 1656 3641 1702 ut
3669 1647 3759 1701 vi-

2163 1744 2255 1809 dit,
2290 1742 2527 1799 incurios
2558 1742 2639 1797 sui
2670 1742 2971 1812 tacitosque
3003 1739 3228 1805 sedere,
3260 1737 3470 1794 accedit
3498 1736 3758 1807 prOpius;

2161 1847 2434 1903 manuque
2462 1830 2656 1886 leniter
2713 1829 2963 1901 imposita
3021 1827 3258 1899 scapulis
3288 1826 3476 1898 magni
3505 1825 3759 1893 ejusdam

2160 1920 2418 1989 consulis,
2455 1919 2546 1991 qui
2576 1918 2852 1989 proximus
2882 1917 3161 1972 assederat
3192 1915 3347 1970 lateri
3368 1913 3542 1987 regio,
3574 1913 3758 1969 locum

2161 2009 2265 2063 sibi
2286 2009 2440 2077 juxta
2471 2023 2662 2079 regem
2692 2007 2811 2077 ipse
2867 2005 3019 2061 fecit.
3088 2003 3375 2059 Obstinato
3428 2017 3645 2074 quoque
3676 2001 3758 2055 si-

2161 2098 2348 2163 lentio,
2411 2097 2623 2152 cunctis
2673 2095 2874 2151 diutius
2932 2093 3344 2160 insistentibus,
3396 2107 3490 2147 rex
3536 2090 3762 2145 tandem

2161 2187 2369 2243 vultum
2399 2185 2620 2256 erigens
2652 2183 2974 2250 demissum,
3023 2198 3054 2237 a
3109 2183 3346 2254 quodam
3393 2178 3760 2235 insistentium

2161 2275 2278 2330 dari
2310 2274 2412 2329 sibi
2443 2289 2602 2328 acum
2640 2272 2901 2344 praecepit
2930 2288 3053 2327 cum
3088 2269 3199 2326 ﬁlo.
3252 2269 3374 2337 Quo
3403 2268 3562 2334 facto,
3596 2282 3759 2322 suere

2161 2362 2323 2434 cmpit
2353 2378 2517 2419 manu
2547 2362 2767 2432 propria
2799 2361 2991 2416 lazsum
3019 2357 3422 2432 panniculoque
3452 2356 3761 2411 involutum

2160 2452 2312 2507 laevae
2343 2468 2454 2507 suae
2485 2450 2733 2521 digitum.
2794 2450 3009 2521 Agebat
3064 2450 3189 2515 hoc,
3249 2434 3316 2501 ne
3373 2446 3449 2500 nil
3494 2452 3759 2517 ageretur

2161 2540 2497 2613 aliquandiu,
2532 2539 2665 2594 nihil
2695 2538 2911 2593 interim
2942 2538 3195 2609 loquens.
3234 2538 3314 2590 Ita
3345 2549 3477 2591 vero
3506 2550 3564 2588 se
3585 2550 3759 2605 gere-

2160 2630 2271 2699 bat,
2303 2638 2359 2684 ut
2390 2628 2565 2684 solent
2584 2628 2807 2683 nimium
2836 2626 2981 2693 irati,
3014 2643 3139 2682 cum
3166 2626 3221 2681 in
3250 2626 3329 2680 eis
3358 2623 3523 2679 animi
3555 2637 3760 2678 rancor

2162 2718 2313 2774 vocis
2336 2716 2596 2772 absorbet
2626 2715 2883 2782 otiicium,
2915 2724 3095 2771 meatu
3128 2714 3376 2784 spiritum
3432 2710 3755 2767 intercluso.

2233 2807 2349 2862 Hoc
2370 2806 2659 2877 episcopus
2690 2805 2924 2874 intuens,
2958 2820 3023 2859 ac
3067 2803 3150 2857 sui
3178 2817 3341 2858 causa
3388 2817 3606 2856 omnem
3655 2800 3762 2853 hu-

2155 2896 2245 2965 jus
2274 2894 2537 2950 simulatis
2567 2910 2822 2965 pompam
2842 2892 3087 2948 exhiberi
3110 2907 3470 2964 cognoscens,
3495 2888 3639 2959 apud
3671 2904 3755 2953 se,

2162 2984 2310 3039 velut
2340 3000 2370 3037 a
2401 2982 2705 3039 sublimiori
2734 2982 2968 3054 quadam
3005 2981 3207 3036 intimae
3260 2979 3484 3034 rationis
3516 2976 3758 3049 specula,

463 3072 520 3121 ut
549 3080 761 3121 summo
816 3065 934 3137 regi
978 3065 1322 3136 militaturos,
1356 3065 1630 3136 deputatis
1660 3081 1843 3121 eorum
1872 3080 2063 3120 neces—
2089 3044 2136 3107 Ο
2165 3072 2561 3143 cogitationum
2595 3044 2891 3127 carnalium
2923 3069 3204 3125 menmiua
3246 3068 3409 3139 longe
3470 3044 3757 3136 despexit;

463 3153 732 3223 sitatibus,
762 3153 1036 3224 permittat
1092 3156 1336 3225 gaudere
1394 3154 1765 3225 proventibus,
1799 3169 1901 3209 nec
1957 3154 2059 3208 de-

467 3243 593 3297 bitis
642 3258 739 3298 eos
795 3242 1013 3313 privare
1058 3242 1343 3313 stipendiis
1387 3243 1719 3315 acquiescat.
1758 3264 1779 3292 ι
1812 3244 1940 3298 Haec
1978 3241 2062 3295 di-

466 3346 598 3387 cens
623 3330 808 3402 regios
836 3346 868 3384 a
895 3347 954 3386 se
985 3331 1221 3399 nuntios,
1278 3332 1472 3387 inanes
1517 3338 1569 3387 et
1614 3346 1835 3399 vacuos,
1884 3330 2060 3387 redire

464 3434 574 3477 non
603 3418 838 3491 expavit.

1085 3509 1311 3565 CAPUT
1342 3509 1439 3565 IX.

470 3618 726 3685 Qualiter
756 3616 1049 3690 praedictis
1091 3617 1385 3690 oﬂ‘ensisa
1413 3630 1541 3687 rege
1574 3619 1827 3690 _voc_atus
1876 3616 1961 3690 ita
2004 3629 2060 3690 se

538 3690 733 3745 habuit
756 3685 1168 3760 "respondendo,
1203 3687 1345 3760 quod
1378 3685 1509 3742 curii
1531 3687 1651 3757 ejus
1672 3685 2062 3743 benevolentia

544 3761 681 3815 liber
707 3759 1000 3816 abscessit.

536 3866 760 3921 Talibus
790 3880 918 3922 vero
954 3864 1011 3919 in
1056 3863 1206 3920 curia
1263 3863 1552 3920 declaratis
1599 3862 1666 3919 de
1696 3862 2062 3923 Lincolniensi

468 3954 648 4009 adhuc
685 3968 828 4010 novo
859 3969 923 4009 ac
969 3952 1122 4025 quasi
1169 3952 1377 4009 recenti
1412 3952 1690 4023 episcOpo,
1724 3968 1834 4006 non
1883 3951 2065 4007 defue-

466 4048 594 4096 runt
623 4042 716 4113 qui
753 4057 965 4115 regem,
1000 4048 1059 4096 ut
1088 4040 1392 4107 videbatur,
1420 4040 1534 4108 jam
1562 4040 1693 4095 satis
1733 4046 2063 4095 commotum

468 4129 736 4186 adversus
794 4146 939 4195 eum,
972 4129 1028 4183 in
1058 4129 1519 4185 vehementiorem
1575 4129 1879 4184 niterentur
1916 4127 2063 4183 furo-

468 4234 584 4274 rem
615 4219 958 4275 sermonibus
979 4218 1206 4274 incitare
1222 4217 1524 4273 venenatis.
1562 4239 1583 4265 ι
1610 4218 1751 4287 Jam,
1794 4216 2059 4288 inquiunt,

470 4307 708 4373 domine,
742 4308 799 4362 in
830 4306 1120 4362 manifesto
1168 4314 1270 4372 est,
1306 4320 1469 4377 quam
1520 4306 1772 4378 ingratus
1802 4305 1871 4360 sit
1900 4304 2063 4359 tantis

2162 3178 2224 3218 ac
2274 3163 2493 3217 demum
2525 3177 2820 3217 conversus
2849 3160 2918 3215 ad
2945 3161 3151 3232 Regem
3181 3159 3265 3212 his
3309 3156 3491 3212 verbis
3529 3154 3759 3227 pancis-

2164 3251 2315 3306 simis
2338 3258 2502 3307 totam
2533 3248 2714 3305 cordis
2743 3249 2859 3318 ejus
2890 3248 3221 3303 erectionem
3276 3244 3536 3301 tumidam
3594 3242 3758 3307 elisit,

2162 3340 2447 3412 ipsumque
2480 3339 2589 3395 vim
2618 3339 2909 3394 verborum
2932 3353 3041 3392 non
3069 3336 3333 3391 ferentem
3349 3350 3577 3406 corpore
3594 3332 3761 3387 etiam

2163 3428 2420 3499 resupino
2452 3428 2726 3483 solotenus
2753 3427 2955 3496 rejecit.
2979 3426 3162 3482 Verba
3190 3425 3311 3495 ipsa
3367 3422 3757 3495 exprimemus,

2162 3519 2237 3573 nil
2269 3517 2347 3573 eis
2376 3517 2647 3573 demendo
2689 3516 2775 3572 vel
2804 3514 3129 3584 adjicienda.
3182 3515 3270 3568 Ait
3300 3528 3434 3584 ergo
3467 3529 3480 3567 :
3523 3531 3542 3561 ι
3577 3510 3759 3580 Quam

2165 3607 2355 3662 similis
2384 3623 2445 3661 es
2476 3606 2638 3662 modo
2671 3605 2920 3678 cognatis
2946 3604 3050 3660 tuis
3079 3604 3149 3658 de
3178 3602 3386 3657 Falesia
3411 3600 3423 3656 l
3456 3601 3571 3656 Hoc
3603 3600 3763 3671 quasi

2164 3696 2294 3762 telo,
2328 3695 2527 3751 blando
2567 3695 2788 3767 quidem
2818 3702 2872 3749 et
2902 3694 3027 3758 levi,
3061 3691 3159 3747 sed
3202 3692 3395 3746 mirum
3426 3689 3480 3743 in
3534 3688 3763 3743 modum

2163 3784 2486 3856 penetrabili
2534 3792 2586 3839 et
2629 3791 2899 3854 praeacuto
2920 3798 3010 3838 rex
3040 3779 3467 3853 praecordialiter
3494 3777 3761 3846 trajectus

2165 3874 2399 3929 conserit
2421 3872 2639 3945 digitos,
2664 3872 2889 3928 solvitur
2907 3872 2964 3927 in
2993 3871 3340 3935 cachinnum,
3365 3884 3459 3924 ore
3478 3865 3674 3937 supino
3706 3864 3762 3919 in

2166 3970 2365 4017 terram
2387 3962 2670 4032 deponens
2706 3962 2994 4028 cervicem,
3026 3968 3080 4017 et
3116 3959 3216 4015 sub
3258 3958 3346 4013 tali
3370 3956 3569 4012 diutius
3591 3955 3761 4010 sche-

2166 4060 2309 4106 mate
2338 4050 2537 4105 risibus
2596 4050 2749 4106 frena
2803 4050 3035 4105 laxabat.
3094 4073 3115 4097 η
3173 4050 3261 4103 Ex
3315 4043 3757 4108 consedeutibus,

2167 4140 2259 4211 qui
2286 4139 2514 4195 verbum
2545 4139 2945 4208 intellexerant,
2978 4138 3116 4193 miro
3139 4136 3463 4191 tenebantur
3508 4142 3757 4203 stupore.

2165 4227 2499 4283 Mirabantur
2520 4228 2665 4285 enim
2696 4244 2859 4299 supra
2878 4227 3097 4282 modum
3130 4225 3231 4279 sub
3263 4224 3355 4278 tali
3393 4222 3622 4277 articulo
3654 4220 3761 4275 tale

2166 4318 2558 4389 improperium
2589 4318 2822 4389 principi
2849 4324 2995 4371 tanto
3053 4315 3121 4369 ab
3180 4313 3398 4369 homine
3456 4311 3547 4365 tali
3587 4308 3761 4365 fuisse

467 4396 631 4450 homo
677 4395 780 4451 iste
818 4394 1100 4451 beneficiis
1154 4396 1351 4451 vestris
1385 4413 1398 4449 :
1424 4396 1540 4463 jam
1594 4402 1743 4465 patet
1790 4409 1898 4464 quo
1957 4392 2064 4448 loci

2169 4405 2444 4462 intortum.
2480 4406 2773 4461 Subridere
2802 4414 2985 4460 tamen
3009 4412 3063 4459 et
3099 4402 3203 4473 ipsi
3240 4418 3299 4457 se
3346 4400 3603 4456 cohibere
3651 4413 3762 4452 non

470 4498 692 4554 operam
714 4483 1027 4539 locaveritis
1057 4491 1109 4539 et
1135 4484 1457 4555 impensam,
1490 4483 1618 4538 dum
1642 4484 1759 4551 ejus
1781 4489 2063 4552 tantopere

465 4571 795 4643 promotioni
824 4570 1169 4643 invigilastis.
1202 4574 1267 4627 Et
1295 4573 1501 4627 utinam
1531 4571 1907 4627 tantummodo
1940 4586 2065 4641 gra-

465 4660 597 4716 tiam
626 4676 736 4716 non
764 4659 966 4716 referre
1007 4669 1291 4717 contentus
1333 4661 1405 4716 sit
1451 4662 1615 4715 homo
1673 4659 1840 4714 animi
1900 4659 2063 4713 inhu-

466 4750 633 4819 mani,
666 4766 775 4806 non
805 4758 986 4805 autem
1006 4758 1059 4805 et
1089 4749 1345 4819 injuriam
1374 4749 1681 4820 rependere
1709 4748 1926 4802 insistat
1963 4763 2064 4818 pro

465 4847 614 4895 tanto
644 4840 852 4895 honore
874 4839 891 4892 l
916 4847 1176 4895 caeterum
1204 4838 1335 4910 quid
1386 4853 1487 4908 pro
1518 4836 1673 4893 vobis
1702 4852 1825 4891 eum
1882 4851 2066 4906 spere-

464 4944 587 4983 mus
618 4927 969 4999 subsequenti
1001 4934 1247 4999 tempore
1278 4942 1399 4982 esse
1432 4926 1717 4992 facturum,
1750 4933 1839 4981 aut
1871 4923 2065 4981 vestris

467 5016 673 5087 (jussis)
738 5016 1057 5088 inquantum
1117 5015 1425 5071 delaturum
1482 5014 1841 5083 confidimus,
1901 5028 2064 5085 quem

539 5188 684 5255 (105)
711 5190 820 5253 Qui,
847 5193 901 5240 ut
926 5202 1033 5252 cap.
1062 5189 1281 5253 proximo
1318 5188 1515 5252 dicitur,
1543 5202 1595 5240 se
1637 5189 1790 5253 virgis
1830 5187 2061 5251 subjecit,

469 5260 520 5308 et
544 5257 729 5321 iiugoni
755 5257 804 5307 in
829 5257 1147 5320 expediendis
1169 5257 1375 5321 negotiis
1398 5256 1630 5319 deinceps
1654 5257 1795 5307 favit.

536 5358 679 5424 (106)
702 5359 791 5409 Ubi
812 5359 929 5409 olim
954 5359 1093 5410 sedes
1124 5359 1432 5423 episcopalis,
1461 5358 1699 5410 translata
1739 5357 1829 5408 sub
1844 5357 2065 5419 Remigio

468 5445 693 5509 episcopo
716 5442 1039 5496 Lincolniam.

535 5544 679 5612 (107)
700 5547 772 5598 Ex
793 5546 1030 5599 distantia
1064 5546 1314 5611 utriusque
1338 5544 1432 5599 loci
1456 5544 1517 5597 ab
1542 5544 1750 5598 invicem
1778 5542 1936 5610 colligi
1958 5556 2064 5607 pos-

2166 4496 2431 4562 valentes,
2466 4504 2744 4566 cmperunt
2764 4495 2955 4548 animis
2979 4499 3357 4562 exspectantes
3387 4490 3474 4561 [[2,
3526 4502 3762 4558 exspec-

2166 4584 2301 4656 tare]
2327 4584 2586 4649 attonitis,
2620 4583 2881 4656 quidnam
2906 4581 2977 4637 ad
3005 4582 3189 4637 audita
3217 4596 3312 4634 rex
3365 4577 3585 4633 tandem
3615 4582 3765 4631 esset

2167 4689 2555 4744 reSponsurus.
2582 4674 2768 4727 Plures
2798 4687 3020 4726 sensum
3051 4670 3359 4725 nescientes
3389 4664 3588 4738 prolati
3638 4681 3763 4719 ser-

2175 4762 2352 4816 monis
2381 4761 2614 4832 amplius
2644 4761 2934 4831 stupebant
2955 4761 3023 4815 ob
3046 4757 3383 4829 repentinam
3410 4763 3599 4827 gestus
3619 4752 3762 4825 regii

2167 4850 2689 4920 percunctationem.
2724 4850 2967 4917 Quorum
3013 4848 3234 4902 demum
3272 4844 3638 4918 ignorantiam
3670 4857 3764 4896 rex

2166 4939 2286 5009 ipse
2342 4940 2673 5012 intelligens,
2706 4938 2944 5011 propriae
2998 4945 3057 4991 ut
3105 4952 3200 4992 eos
3254 4936 3501 4999 instruat,
3534 4931 3763 4987 efﬁcitur

2167 5027 2436 5099 interpres
2492 5028 2722 5097 injurize.
2784 5028 3099 5083 Preeventus
3155 5024 3301 5081 enim
3368 5031 3477 5079 tam
3536 5021 3764 5075 urbana:

2166 5208 2258 5321 Set,
2281 5202 2596 5321 Woldgstkam
2617 5215 2679 5319 alii
2703 5202 2831 5252 idem
2848 5201 2913 5252 sit
2934 5212 3043 5251 cum
3059 5197 3341 5250 Woldestok
3365 5200 3449 5248 aut
3472 5196 3761 5260 Wdestoch,

2202 5286 2228 5321 8
2254 5284 2563 5321 01101.1".
2583 5283 2628 5321 ε.
2688 5306 2699 5318 .

2202 5286 2228 5323 e
2254 5284 2347 5335 quo
2373 5283 2459 5321 ιιι).
2488 5284 2563 5330 ιιι,
2583 5283 2628 5321 c.
2653 5283 2699 5319 ι.

2235 5373 2377 5492 (11308)
2405 5374 2461 5424 F.
2486 5372 2730 5435 Scocario,
2778 5374 2839 5423 de
2882 5383 2980 5435 qua
3017 5383 3132 5420 voce
3158 5369 3295 5419 videt
3330 5373 3431 5418 not.
3457 5368 3568 5418 ead.
3595 5366 3683 5416 lib.
3711 5380 3761 5425 ν,

2167 5456 2213 5492 C.
2247 5456 2325 5492 I'O.

2237 5539 2380 5607 (100)
2408 5540 2541 5593 Alias
2564 5539 2679 5592 dicti
2707 5539 2894 5605 Ballivi,
2918 5538 3177 5592 Germanis
3217 5539 3451 5601 Lanwogt
3477 5536 3762 5588 Umtmann.
