3972 6052
250 223 353 273 997

1614 218 1795 272 νιΤΑ.
1828 247 1896 257 —
1927 217 2053 271 LIB.
2098 218 2190 271 Ill.

3446 228 3549 279 998

251 340 575 398 invectionis
603 341 841 396 novitate
882 340 1193 396 medullitus
1227 341 1693 411 commovebatur,
1754 344 1857 398 ho-
1887 341 2246 412 Arepressit,
2306 348 2357 397 et
2415 357 2603 398 eorum
2660 360 2689 399 a
2741 360 2798 399 se
2846 344 3307 416 importunitatem
3362 348 3556 418 procul

250 430 523 501 minisque
555 428 939 485 confidentiam
982 438 1034 484 et
1064 430 1180 501 ipse
1220 431 1518 498 admirans,
1570 432 1647 486 sic
1696 446 1856 485 orsus

257 528 338 575 est
409 519 578 589 loqui.
631 542 651 564 α
713 520 876 585 Num,
936 518 1129 590 inquit,
1216 519 1516 591 intelligitis
1550 520 1856 588 cujusmodi

255 606 415 663 nobis
446 607 833 662 contumeliam
852 607 1118 662 barbarus
1149 607 1249 662 iste
1271 607 1490 662 intulit?
1519 609 1641 680 Ego
1699 609 1856 663 vobis

253 695 457 750 dictum
487 695 657 766 ipsius
688 695 1005 765 explanabo.
1068 696 1289 750 Constat
1353 697 1674 767 genitricem
1707 698 1854 765 (110)

252 782 449 855 proavi
477 783 649 838 nostri
679 784 981 849 Wilhelmi,
1016 784 1422 855 triumphatoris
1454 785 1613 853 hujus
1669 792 1853 851 terrm,

250 872 319 927 de
351 872 519 943 stirpe
550 872 815 928 mediocri
848 871 1079 927 traxisse
1109 872 1401 945 originem,
1453 888 1518 928 ac
1547 874 1615 928 de
1654 873 1855 944 oppido

253 959 465 1015 famoso
494 960 1017 1027 Northmannorum,
1051 962 1196 1031 quod
1224 961 1439 1016 Falesia
1472 961 1620 1032 (111)
1641 977 1856 1017 nuncu—

251 1056 433 1119 patur,
462 1048 631 1104 fuisse
672 1048 977 1104 oriundam.
1026 1048 1373 1120 Municipium
1408 1051 1514 1106 hoc
1563 1058 1680 1106 arte
1733 1050 1856 1122 pel-

255 1137 452 1208 liparia
506 1137 779 1193 celebrius
835 1137 1125 1193 extollitur.
1207 1137 1345 1206 Quia
1392 1154 1522 1194 vero
1559 1156 1646 1194 me
1695 1156 1856 1195 suere

254 1225 483 1297 digitum
516 1242 696 1281 meum
727 1225 941 1281 derisor
961 1226 1062 1281 iste
1093 1227 1394 1298 conspexit,
1445 1227 1651 1283 idcirco
1700 1228 1855 1282 simi-

253 1315 362 1368 lem
383 1313 770 1369 Falisicnsibus
801 1321 853 1370 et
884 1330 1074 1370 eorum
1105 1322 1399 1387 cognatum
1446 1332 1533 1370 me
1564 1332 1687 1371 esse
1725 1316 1857 1371 dixit

255 1409 308 1457 et
339 1401 747 1473 improperavit.
798 1428 818 1451 ι»

329 1510 353 1541 «
391 1493 641 1545 Attamen
664 1505 787 1561 age,
837 1490 1009 1562 inquit
1046 1491 1113 1546 ad
1170 1492 1508 1563 episcopum,
1559 1493 1644 1548 vir
1690 1492 1852 1558 bone,

256 1579 515 1651 quidnam
546 1578 642 1633 tibi
668 1579 845 1634 visum
877 1578 994 1645 fuit,
1024 1588 1080 1634 ut
1138 1580 1296 1635 nobis
1345 1580 1665 1636 inconsultis
1706 1580 1856 1652 priu-

251 1667 483 1739 cipalem
524 1667 866 1723 forestarium
887 1668 1036 1739 (112)
1067 1676 1314 1724 nostrum
1370 1670 1700 1724 anathemati
1731 1669 1857 1724 sub-
1877 1697 1928 1759 B

248 1755 495 1825 jiceres?
536 1763 780 1810 nostram
828 1755 1051 1826 insuper
1097 1756 1507 1827 petitiunculam
1566 1758 1714 1828 (113)
1784 1757 1859 1813 ita

252 1843 702 1915 ﬂoccipenderes,
736 1851 794 1899 ut
824 1861 1000 1916 neque
1037 1862 1138 1916 per
1168 1845 1401 1917 teipsum
1446 1846 1514 1901 ad
1543 1862 1644 1902 nos
1699 1848 1857 1903 veni-

254 1949 347 1987 res
412 1933 576 2001 hujus
650 1932 887 2003 repulsm
943 1934 1285 2004 expositurus
1343 1935 1629 2001 rationem,
1682 1952 1858 2008 neque

255 2020 481 2077 verbum
536 2037 636 2092 per
683 2030 900 2077 nostros
956 2022 1172 2077 nuntios
1220 2023 1379 2078 nobis
1424 2023 1694 2094 placabile
1762 2041 1857 2080 re-

256 2109 553 2165 mandares
582 2111 610 2165 ‘?
637 2135 657 2158 η
683 2110 834 2164 Talia
880 2110 1242 2181 expostulanti
1270 2126 1396 2165 mox
1452 2112 1526 2166 ita
1566 2113 1859 2183 respondet

258 2198 548 2269 episcOpus
582 2213 595 2251 :
635 2221 655 2246 α
690 2197 851 2263 Novi,
883 2198 1076 2270 inquit,
1108 2215 1227 2265 vos,
1260 2207 1318 2254 ut
1347 2200 1638 2271 episcopus
1668 2200 1856 2256 efﬁce-

257 2302 370 2355 rer,
429 2286 724 2342 studiosius
787 2287 1109 2342 desudasse.
1197 2289 1264 2344 Ut
1306 2287 1472 2361 igitur
1529 2297 1771 2345 vestram
1826 2306 1859 2344 a

257 2374 571 2429 discrimine
602 2374 837 2430 animam
856 2375 1186 2447 expedirem,
1222 2392 1328 2448 quo
1360 2377 1509 2431 illam
1560 2377 1857 2448 periclitari

260 2462 584 2535 contigeret,
617 2464 684 2533 si,
714 2464 860 2536 quod
889 2464 993 2519 mei
1023 2464 1267 2520 noscitur
1316 2482 1438 2521 esse
1469 2465 1651 2533 otiicii,
1711 2467 1859 2523 circa

259 2552 523 2608 Ecclesiae
588 2552 718 2615 mihi
774 2553 1083 2608 commissa
1130 2552 1408 2608 utilitatem
1479 2555 1701 2627 exsequi
1748 2572 1859 2611 non

258 2655 530 2708 curarem,
553 2655 780 2697 necesse
798 2641 896 2697 fuit
924 2650 982 2697 ut
1003 2657 1386 2713 oppressorem
1404 2642 1572 2714 ipsius
1595 2644 1858 2700 Ecclesiae

255 2743 354 2800 per
385 2744 670 2785 censuram
701 2730 1124 2787 ecclesiasticam
1154 2746 1488 2799 coercerem,
1524 2740 1577 2788 et
1620 2732 1859 2789 indebite

257 2817 611 2887 praebendam
642 2818 746 2873 sibi
774 2818 829 2874 in
853 2820 1047 2874 eadem
1087 2819 1333 2876 Ecclesia
1391 2820 1699 2891 cupientem
1758 2838 1857 2876 ex-

258 2913 515 2977 torquere
561 2906 870 2962 nullatenus
902 2907 1236 2963 exaudirem.
1298 2908 1647 2965 Excellentiaa
1676 2916 1857 2965 autem

260 3002 455 3049 vestra:
486 2995 833 3065 praesentiam
862 3012 965 3067 pro
987 2996 1245 3052 utrolibet
1276 2996 1426 3052 adire
1470 2998 1710 3071 negotio,
1748 3014 1857 3053 non

1957 430 2171 485 avertit.

2029 519 2157 586 Ejus
2197 527 2378 573 tamen
2428 521 2763 576 venerationi
2815 530 2869 575 et
2920 522 3021 592 ipsi
3071 523 3318 577 certatim
3374 523 3556 578 inser-

1956 606 2194 671 viebant,
2248 608 2386 663 adeo
2443 615 2499 662 ut
2556 610 2857 665 devotionis
2930 626 3118 666 eorum
3176 620 3229 665 et
3277 611 3557 669 industriae

1956 695 2344 765 experientiam
2376 696 2671 767 plurimum
2717 698 2835 769 ipse
2876 699 3076 769 saepius
3122 701 3549 767 commendaret,

1959 781 2315 837 familiaribus
2373 801 2626 839 asserens
2698 786 2830 853 suis,
2890 786 3217 858 quibusdam
3273 804 3463 844 eorum
3495 805 3555 843 se

1959 870 2214 926 libentius
2275 872 2540 929 beneﬁcia
2595 874 2912 946 largiturum
2977 876 3236 948 ampliora
3271 920 3284 946 ,
3344 878 3389 932 si
3445 892 3554 934 non

1958 959 2126 1015 curia:
2158 969 2473 1017 tenerentur
2503 962 2729 1017 nexibus
2768 964 2979 1019 irretiti.

2598 1123 2821 1179 CAPUT
2850 1124 2922 1178 X.

1962 1242 2113 1309 Quod
2143 1245 2206 1299 in
2229 1245 2479 1299 ccclesiis
2503 1246 2900 1315 pra’bendatos
2958 1248 3142 1303 teneri
3169 1249 3239 1303 ad
3296 1249 3552 1305 residen-

2031 1317 2169 1390 tiam
2207 1316 2544 1390 _reputabat
2576 1321 2697 1390 χει
2756 1318 3069 1390 secundum
3126 1320 3225 1375 hoc
3280 1323 3552 1390 magistro

2032 1386 2345 1458 Parisiensi
2373 1386 2682 1458 respondit,
2715 1389 2813 1457 qui
2827 1389 3183 1458 praebendari
3211 1391 3274 1444 in
3304 1386 3554 1445 Ecclesia

2029 1457 2416 1541 Lincolniensi
2461 1457 2789 1541 aﬂ‘ectavi{_;
2834 1457 2909 1541 et
2954 1460 3099 1541 quod
3144 1462 3302 1515 inter
3337 1464 3552 1541 [rati-es

2030 1542 2129 1581 seu
2157 1526 2409 1582 homines
2431 1544 2671 1600 quosque
2688 1528 2896 1583 dilexit
2929 1526 3212 1602 praecipue
3243 1526 3548 1586 unitatem.

2032 1649 2129 1704 Hic
2152 1657 2331 1705 tamen
2364 1650 2618 1719 curiales,
2654 1652 2761 1707 imo
2792 1653 3160 1724 quarumlibet
3198 1653 3553 1709 ecclesiarum

1960 1738 2349 1794 cathedralium
2372 1740 2623 1806 clericos,
2658 1757 2769 1796 suae
2800 1741 3044 1798 ecclesias
3065 1743 3359 1799 canonicos
3377 1743 3554 1799 rarius

1959 1825 2225 1882 efﬁciebat
2256 1845 2269 1881 :
2304 1828 2655 1884 residentiam
2685 1830 2960 1902 prmeipue
2987 1832 3044 1887 in
3074 1831 3320 1888 Ecclesia
3333 1832 3553 1888 Lincol-

1958 1915 2133 1971 niensi
2165 1915 2233 1970 ab
2256 1916 2359 1971 illis
2388 1924 2669 1987 expetens,
2696 1919 2890 1990 quibus
2922 1920 3066 1975 illius
3095 1920 3357 1976 Ecclesia:
3388 1935 3555 1977 cano-

1957 2005 2083 2060 nica
2111 2004 2380 2076 stipendia
2408 2005 2744 2061 conferebat.
2778 2008 3068 2073 Nimirum,
3103 2009 3242 2065 sicut
3300 2009 3391 2080 qui
3411 2009 3552 2064 alta-

1958 2094 2041 2148 rio
2070 2093 2403 2161 deserviunt,
2439 2093 2635 2149 altario
2659 2096 2783 2164 jure
2816 2097 3161 2167 participant,
3210 2096 3281 2151 ita
3332 2098 3554 2155 minime

1959 2182 2396 2238 deservientibus
2424 2182 2610 2237 altaris
2637 2185 2925 2240 commoda
2971 2184 3189 2240 dicebat
3243 2185 3551 2259 incongrua

1958 2270 2168 2326 ratione
2195 2270 2486 2342 provenire
2520 2289 2532 2324 :
2566 2279 2762 2327 etcum
2793 2272 3056 2329 ecclesias
3075 2272 3275 2329 debitis
3305 2272 3468 2346 [cod.,
3500 2282 3555 2331 et

1959 2358 2222 2414 ecclesias
2257 2374 2382 2416 cum
2420 2358 2637 2432 debitis]
2704 2361 3055 2417 servientium
3103 2362 3346 2419 excubiis
3394 2381 3461 2420 ex
3489 2380 3557 2421 eo

1958 2447 2230 2503 fraudrari
2268 2448 2629 2519 contingeret,
2655 2449 2892 2519 speciem
2924 2449 3090 2521 [cod.,
3123 2452 3465 2525 contingeret
3506 2461 3559 2510 et

1961 2535 2219 2607 speciem]
2245 2535 2524 2591 videretur
2554 2537 2757 2593 habere
2812 2538 3034 2608 rapina},
3070 2555 3195 2595 cum
3250 2540 3559 2597 militaturis

1960 2624 2220 2695 deputata
2249 2624 2461 2680 militiae
2491 2625 2789 2695 spiritualis
2824 2627 3095 2697 stipendia
3123 2644 3233 2684 non
3279 2629 3559 2685 militaturi

1958 2722 2354 2783 praesumerent
2386 2729 2677 2785 occupare.
2709 2715 2850 2770 Nam
2879 2724 2931 2770 et
2960 2716 3111 2771 illam
3141 2718 3383 2788 Apostoli
3415 2733 3558 2789 quo-

1959 2817 2062 2872 que
2112 2802 2435 2858 sententiam
2467 2802 2521 2857 in
2550 2803 2654 2858 hac
2673 2804 3013 2874 potissimum
3046 2820 3209 2860 causa
3239 2806 3469 2878 intelligi
3505 2813 3558 2862 et

1959 2889 2133 2944 teneri
2162 2889 2363 2945 debere
2394 2890 2695 2956 sanciebat,
2730 2899 2806 2957 ut,
2842 2892 2931 2962 qui
2986 2892 3040 2946 in
3099 2893 3409 2949 sanctuario
3454 2910 3556 2957 ne-

1963 2993 2235 3050 quaquam
2266 2977 2534 3045 laborant,
2567 2979 2623 3031 in
2643 2994 2708 3033 eo
2740 2979 2904 3033 etiam
2934 2995 3041 3034 non
3064 2981 3415 3047 manducent,
3438 2998 3558 3053 quae

259 3082 423 3137 modo
454 3057 788 3154 εῇρετηυωη
823 3057 965 3153 ρέερ,
998 3084 1107 3139 imo
1136 3092 1189 3139 ει
1243 3084 1488 3156 ineptum
1534 3057 1855 3153 gemiébam,
1879 3057 1925 3119 Ο
1955 3066 2267 3122 sanctuario
2298 3074 2715 3122 consecrantur.
2756 3066 2815 3121 Si
2844 3066 2989 3121 enim
3034 3067 3298 3139 gloriatur
3351 3070 3556 3125 Doctor

259 3188 381 3227 cum
412 3179 610 3228 vestrae
656 3172 969 3229 discretioni
1017 3188 1250 3243 pronum
1304 3174 1371 3228 sit
1427 3174 1501 3240 id,
1551 3174 1696 3246 quod
1755 3175 1856 3231 rite

258 3260 486 3332 geritur,
518 3261 815 3332 prudenter
833 3262 1140 3327 advertere,
1177 3270 1226 3316 et
1282 3262 1546 3318 voluntati
1584 3263 1856 3318 nihilomi-

254 3365 357 3403 nus
404 3357 603 3405 vestrae
640 3350 848 3417 sedeat,
879 3351 1025 3422 quod
1055 3358 1267 3407 rectum
1328 3367 1451 3407 esse
1500 3352 1852 3422 cognoscitis,

258 3436 631 3494 favorabiliter
651 3439 980 3510 approbare.
1021 3463 1042 3487 η

328 3527 646 3596 Hujusmodi
676 3527 977 3583 rationibus
1008 3544 1125 3593 rex,
1144 3529 1291 3599 quod
1315 3529 1619 3586 contradici
1649 3538 1852 3601 posset,

256 3631 366 3670 non
396 3616 699 3683 inveniens,
733 3616 1033 3687 postposito
1057 3624 1259 3672 temere
1284 3625 1549 3690 concepto
1567 3619 1857 3675 simultatis

257 3704 462 3771 nubilo,
514 3704 859 3775 amplectitur
910 3705 1025 3773 jam
1099 3721 1194 3760 ore
1248 3722 1447 3762 sereno
1518 3707 1853 3779 pontificem,

260 3792 485 3864 ejusque
507 3794 844 3848 orationibus
876 3810 935 3849 se
964 3796 1355 3849 commendans
1386 3795 1655 3863 obnixius,
1715 3797 1858 3851 illius

257 3896 356 3951 per
383 3882 566 3937 omnia
595 3881 810 3954 reliquit
839 3883 1253 3953 dispensationi,
1299 3883 1534 3955 qualiler
1580 3885 1856 3939 hominem

258 3970 541 4025 sententiae
571 3970 910 4040 innodatum,
954 3971 1312 4027 absolutionis
1364 3970 1633 4028 beneficio
1690 3974 1856 4029 redo-

258 4066 433 4112 naret.
467 4058 645 4126 Quem
675 4060 837 4114 etiam
868 4059 1026 4114 valde
1066 4060 1357 4116 contritum
1379 4060 1560 4117 animo
1590 4068 1643 4116 et
1672 4062 1855 4117 humi-

258 4145 465 4212 liatum,
498 4146 737 4216 praestito
762 4147 916 4215 juxta
946 4147 1174 4202 formam
1194 4148 1459 4203 Ecclesia}
1513 4158 1856 4205 sacramento

254 4234 494 4303 publico,
529 4250 651 4289 cum
674 4235 785 4289 suis
819 4235 1174 4306 complicibus
1200 4236 1371 4308 virgis
1419 4252 1619 4292 cmsum
1666 4238 1856 4293 absol-

256 4321 352 4389 vit,
386 4322 615 4394 dataque
646 4324 1041 4389 benedictione,
1076 4340 1176 4395 per
1205 4340 1365 4379 omne
1410 4325 1679 4396 reliquum
1734 4327 1857 4381 vita:

257 4425 370 4466 sua:
402 4418 615 4482 tempus
646 4413 869 4483 speciali
914 4413 1149 4485 quadam
1189 4412 1569 4469 benevolentia
1618 4413 1857 4469 familia-

258 4499 373 4554 rius
395 4516 520 4555 eum
551 4500 655 4555 sibi
685 4502 943 4558 devotum
971 4503 1140 4558 sensit
1169 4510 1222 4557 et
1269 4502 1382 4557 suis
1433 4503 1670 4575 negotiis
1718 4520 1853 4575 pro-

256 4587 515 4644 visorem.

328 4679 372 4731 A
402 4678 819 4748 prmbendarum
850 4694 1064 4751 quoque
1093 4679 1345 4735 violentis
1374 4681 1851 4753 postulationibus,

257 4765 454 4836 quibus
498 4767 646 4823 velut
681 4767 1003 4838 importunis
1058 4767 1349 4825 milvorum
1404 4771 1680 4843 unguibus
1728 4772 1855 4826 uni-

259 4870 446 4909 versas
476 4856 680 4926 passim
709 4855 1036 4911 infestabant
1092 4858 1376 4925 ecclesias,
1428 4867 1481 4914 et
1527 4859 1857 4929 diripiebant

258 4957 371 5011 eas,
406 4945 509 4999 hac
538 4961 643 5000 una
672 4945 887 5001 interim
926 4945 1148 5017 repulsa
1204 4947 1439 5003 curiales
1499 4948 1857 5005 vehementer

327 5122 471 5188 (110)
500 5125 623 5176 Erat
644 5126 725 5176 illa
751 5127 953 5177 Hervela
1002 5127 1085 5176 aut
1110 5126 1345 5187 llarlotta,
1373 5128 1620 5191 Pelliparii
1646 5127 1765 5188 ﬁlia,
1794 5140 1856 5179 ex

260 5203 352 5253 qua
389 5192 627 5242 Robcrtus
647 5193 743 5243 dux
785 5193 1149 5244 Northmanniac
1187 5194 1353 5256 genuit
1376 5196 1693 5247 Wilhelmum
1727 5196 1856 5246 Con-

261 5261 552 5321 questorem,
579 5260 777 5310 Henrici
798 5261 839 5310 ll
864 5262 990 5325 regis
1011 5272 1265 5323 proavum.

326 5407 466 5473 (111)
488 5408 729 5472 Oppidum
754 5411 993 5463 famosum
1018 5412 1463 5463 Northmannorum
1488 5422 1582 5461 una
1607 5423 1717 5462 cum
1741 5424 1853 5463 arce

262 5474 380 5525 alias
400 5476 596 5527 Falaisc
620 5477 800 5527 dictum
830 5492 842 5527 :
872 5480 941 5527 De
958 5491 1051 5538 quo
1076 5479 1270 5541 quidam
1294 5492 1307 5528 :
1336 5499 1358 5520 α
1384 5478 1571 5528 Falaise
1589 5490 1697 5527 cum
1717 5491 1850 5542 arce,

260 5544 419 5603 patria
441 5542 685 5593 Gunllelmi
724 5545 1087 5607 Conquestoris,
1116 5546 1329 5598 ambitur
1354 5546 1497 5597 fossis
1539 5546 1855 5608 profundissi-

261 5610 370 5671 mis,
398 5610 674 5675 duobusque
700 5612 909 5674 cingitur
927 5612 1128 5675 stagnis.
1158 5629 1179 5661 »

1957 3155 2201 3226 gentium
2237 3155 2383 3226 quod
2406 3155 2522 3210 sine
2554 3162 2769 3225 sumptu
2795 3155 2977 3226 posuit
2994 3156 3369 3227 Evangelium,
3389 3173 3552 3228 quam

1956 3243 2324 3315 ignominiosi,
2350 3244 2542 3311 aiebat,
2579 3244 2865 3314 reputandi
2915 3251 3058 3310 sunt,
3092 3245 3183 3316 qui
3214 3245 3331 3300 sine
3385 3261 3557 3302 evan-

1957 3331 2229 3403 gelizandi
2258 3332 2455 3398 studio,
2480 3332 2596 3387 sine
2627 3331 2968 3387 ministrandi
2989 3333 3275 3405 obsequio,
3309 3343 3560 3407 sumptus

1957 3420 2458 3493 evangelizantibus
2488 3428 2582 3475 aut
2602 3420 3029 3476 ministrantibus
3060 3422 3367 3495 assignatos
3401 3440 3562 3480 usur-

1952 3525 2079 3579 pare
2112 3508 2480 3578 praesumunt!
2515 3509 2855 3565 Meminimus
2879 3510 3005 3580 (114
3026 3512 3234 3581 )autem
3256 3513 3551 3583 quemdam

1958 3613 2022 3652 eo
2044 3605 2288 3667 tempore
2312 3597 2509 3652 summi
2538 3597 2654 3654 fere
2683 3598 2825 3653 inter
2852 3598 3137 3669 theologos
3156 3601 3558 3673 canonicosque

1956 3686 2297 3741 Parisienses
2346 3686 2579 3741 nominis
2625 3686 2828 3741 dixisse
2871 3687 3105 3758 quadam
3154 3688 3273 3744 vice
3303 3689 3554 3763 Hugoni:

1963 3796 1984 3822 ‹‹
2023 3774 2351 3844 Gloriosam,
2382 3775 2599 3829 domine
2644 3775 2920 3846 episcopo,
2954 3791 3069 3845 prae
3124 3778 3333 3832 cunctis
3388 3778 3552 3833 totius

1956 3863 2108 3918 orbis
2138 3864 2401 3920 Ecclesiis
2431 3869 2667 3919 vestram
2724 3864 3042 3919 exhibuistis
3100 3864 3426 3935 Ecclesiam,
3461 3866 3550 3920 in-

1957 3952 2173 4024 signem
2200 3951 2541 4007 multitudine
2581 3952 2942 4008 clericorum:
2976 3961 3230 4026 essetque
3257 3954 3389 4009 mihi
3428 3955 3556 4026 (nec

1956 4041 2100 4095 enim
2131 4041 2185 4095 id
2217 4041 2506 4096 celandum
2530 4040 2685 4096 vobis
2716 4041 2864 4111 duxi)
2919 4041 3051 4096 satis
3082 4043 3319 4113 optabile
3367 4059 3556 4100 eorum

1955 4145 2185 4185 numero
2239 4130 2482 4201 quolibet
2529 4131 2615 4185 vel
2671 4130 2898 4200 perexili
2956 4130 3110 4186 titulo
3143 4132 3360 4187 sociari.
3402 4157 3422 4180 υ
3458 4133 3559 4187 Cui

1957 4219 2134 4272 statim
2162 4218 2451 4288 episcopus
2486 4236 2498 4271 :
2529 4238 2550 4267 ι
2586 4219 2653 4272 Et
2681 4234 2799 4284 nos,
2833 4218 2923 4283 ait,
2959 4234 3147 4273 eorum
3204 4235 3302 4275 vos
3329 4236 3555 4276 numero

1957 4305 2144 4360 libenti
2172 4305 2352 4359 animo
2378 4307 2757 4376 jungeremus,
2819 4306 2864 4359 si
2912 4306 3074 4361 etiam
3101 4307 3246 4363 inter
3273 4322 3367 4364 eos
3415 4309 3555 4365 resi-

1877 4417 1931 4477 D
1961 4396 2092 4451 dere
2123 4394 2321 4459 velitis,
2355 4401 2407 4448 et
2438 4394 2484 4448 si
2514 4410 2726 4465 quoque
2755 4394 2821 4447 ad
2852 4395 3133 4451 scientiam
3189 4412 3373 4453 mores
3401 4398 3558 4454 vobis

1959 4483 2209 4555 passibus
2237 4483 2409 4555 aequis
2438 4483 2850 4553 responderent.
2889 4508 2910 4532 η
2946 4485 3214 4540 Praecerat
3229 4486 3374 4541 enim
3398 4487 3551 4542 scho«

1958 4572 2025 4627 lis
2058 4572 2458 4628 Parisiensibus
2487 4586 2688 4643 regens
2714 4578 2765 4626 et
2796 4572 2914 4642 ipse
2945 4572 3163 4628 scholas
3210 4575 3380 4645 (115),
3413 4575 3557 4631 cele-

1960 4661 2113 4717 brior
2150 4670 2329 4717 tamen
2375 4678 2440 4717 eo
2487 4668 2729 4731 tempore
2788 4661 3013 4717 scientia
3061 4678 3221 4733 quam
3252 4662 3553 4734 disciplina.

1961 4749 2066 4820 Qui
2098 4766 2364 4823 responso
2395 4750 2486 4804 tali
2526 4756 2749 4820 accepto
2805 4750 3042 4817 erubuit,
3076 4768 3135 4806 se
3165 4750 3326 4806 nimis
3384 4751 3557 4808 libere

1960 4841 2268 4911 protulisse,
2302 4838 2448 4911 quod
2470 4838 2645 4893 minus
2666 4838 2874 4894 sincere
2904 4839 3217 4895 involvebat
3233 4839 3288 4893 in
3309 4846 3555 4910 pectore,

1962 4938 2217 5001 expertus
2247 4930 2301 4984 in
2331 4944 2392 4984 se
2422 4927 2768 4985 verissimum
2812 4944 2954 4995 esse,
2987 4928 3134 4999 quod
3189 4928 3257 4983 de
3286 4927 3553 4985 sinceris-

1999 5110 2175 5186 __(lt2)
2216 5110 2484 5161 Galfridum
2512 5109 2740 5160 videlicet
2764 5108 2823 5159 de
2848 5120 2942 5170 quo
2969 5110 3129 5158 actum
3156 5108 3449 5171 praecedenti
3475 5123 3555 5163 ca-

1962 5180 2174 5307 plt€1.13)
2201 5246 2268 5294 De
2292 5244 2549 5306 praebenda
2574 5243 2715 5293 alicui
2754 5243 2803 5292 in
2830 5241 3156 5293 Lincolniensi
3181 5243 3401 5294 Ecclesia
3428 5256 3554 5295 con-

1962 5311 2198 5374 cedenda,
2224 5316 2273 5361 et
2292 5312 2352 5361 ab
2377 5312 2577 5373 Hugone
2621 5310 2779 5361 eidem
2824 5322 2933 5371 cap.
2961 5309 3268 5373 praecedente
3291 5311 3550 5373 denegata.

2033 5396 2169 5461 (H4)
2209 5397 2348 5447 Anno
2376 5395 2504 5446 1200
2532 5407 2626 5456 quo
2650 5396 2785 5457 Ηυςο
2808 5406 2902 5445 una
2927 5407 3038 5445 cum
3062 5396 3255 5446 auctore
3295 5394 3421 5447 Vita
3456 5398 3553 5447 Pa-

1966 5463 2093 5513 risiis
2128 5463 2238 5524 fuit,
2262 5464 2329 5513 uti
2354 5465 2546 5512 constat
2572 5475 2635 5512 ex
2660 5462 2745 5511 lib.
2773 5475 2824 5525 v,
2850 5475 2896 5512 c.
2927 5463 3009 5513 19.

2033 5546 2173 5611 (113)
2234 5548 2349 5609 Quis
2396 5560 2454 5597 eo
2495 5559 2620 5598 anno
2667 5547 2924 5612 praefuerit
2969 5547 3152 5600 scholis
3198 5548 3554 5602 Parisiensibus

1965 5614 2191 5667 noverint
2214 5614 2529 5666 Parisienses.
