3960 6062
430 169 531 220 999

427 292 565 347 sima
585 290 829 346 libertate
859 291 1016 361 hujus
1047 291 1149 347 viri
1178 307 1288 348 non
1329 294 1497 350 semel
1538 296 1592 349 in
1620 296 1798 366 patria
1828 312 1928 353 sua
1962 314 2021 353 se
2040 299 2095 359 Α

428 378 674 436 meminit
717 379 1011 435 audivisse.
1064 381 1345 436 Recedens
1393 391 1574 438 autem
1603 384 1672 438 ab
1729 401 1815 451 eo,
1866 386 2023 441 casti-

423 468 729 541 gatioribus
749 469 818 525 de
848 476 1042 525 caetero
1072 470 1316 525 moribus
1345 470 1603 527 institisse
1655 472 1841 529 fertur.

495 557 754 613 Homines
798 573 929 614 vero
983 558 1146 629 quieti
1195 558 1412 629 spiritus
1470 568 1522 615 et
1592 562 1774 632 pudici
1820 563 2020 618 arctius

424 645 683 718 diligebat
713 646 872 718 Hugo
910 662 921 700 :
958 662 1061 702 nec
1084 646 1219 702 alios
1243 663 1341 703 suo
1369 648 1437 703 de
1496 658 1644 704 certa
1690 652 2020 706 conscientia

422 735 579 807 gregi
604 735 946 807 aliquatenus
978 735 1237 803 sociabat,
1271 737 1604 808 quantalibet
1634 738 1899 794 industria
1927 749 2021 795 aut

425 825 795 896 cujuscunque
823 823 1141 880 litteraturae
1169 826 1529 898 praerogativa
1553 827 1870 882 eminerent.
1922 816 2017 882 Ni-

421 913 497 967 hil
524 921 704 970 autem
735 912 887 983 pacis
916 913 1061 968 bono
1099 914 1154 967 in
1182 914 1285 969 hac
1315 913 1425 969 vita
1471 914 1685 971 dicebat
1712 916 2015 987 praeferen-

419 1002 568 1071 dum,
604 1009 656 1058 et
686 994 820 1056 nihil
849 1001 1131 1057 seditionis
1162 1009 1215 1056 et
1245 1002 1569 1057 turbationis
1599 1012 1751 1074 peste
1783 1004 2015 1075 amplius

420 1089 737 1163 fugiendum
764 1109 778 1157 ;
805 1090 1038 1161 ideoque
1056 1090 1327 1146 vitandam
1350 1092 1677 1147 omnimodis
1700 1093 2015 1149 societatem

416 1178 524 1234 alio
555 1178 746 1250 spiritu
777 1178 848 1235 ad
879 1179 1170 1235 schismata
1199 1179 1585 1249 anhelantium,
1622 1190 1673 1236 et
1711 1181 2014 1238 discordias

416 1268 559 1323 inter
586 1267 782 1324 fratres
811 1268 1213 1334 seminantium,
1240 1268 1589 1323 admonebat.
1622 1270 1873 1325 Monebat
1894 1271 2013 1343 qui-

414 1356 540 1412 dem
569 1356 941 1413 indifferenter
972 1356 1264 1427 quoslibet,
1298 1365 1350 1412 et
1371 1357 1744 1413 indesinenter
1757 1360 2012 1429 praelatos

412 1445 633 1501 unitatis
664 1453 717 1501 et
764 1445 1071 1501 concordiae
1100 1444 1377 1501 vinculum
1433 1462 1554 1501 cum
1584 1447 1696 1501 suis
1749 1448 2011 1517 subjectis

411 1533 800 1589 inviolabiliter
829 1533 1078 1600 retinere,
1104 1532 1299 1589 suimet
1327 1533 1433 1589 illis
1465 1535 1773 1606 exemplum
1805 1553 2008 1608 propo-

1314 169 1368 223 S.
1413 169 1726 225 HUGONIS
1765 172 1982 227 EPlSC.
2025 172 2346 229 LINCOLN.
2392 176 2554 232 0RD.
2598 176 2849 233 CARTH.

3582 184 3727 234 1000

2197 316 2365 372 quam
2395 302 2514 372 ejus
2544 304 2871 366 successori,
2905 301 3258 373 capellarum
3288 305 3713 359 constructioni

2196 373 2461 427 insistere
2492 373 2841 437 dissuaserit,
2877 387 2951 426 ex
2980 388 3089 442 qua
3128 373 3285 425 inter
3313 373 3457 442 ipsos
3487 377 3542 428 et
3583 390 3717 429 suos

2193 442 2496 498 monachos
2546 444 2982 498 Cantuarienses
3049 444 3382 513 gravissima
3439 443 3719 501 discordia

2194 517 2396 568 exorta
2425 515 2558 583 fuit,
2584 516 2740 569 inter
2767 530 2898 585 quos
2916 528 3112 584 pacem
3144 515 3496 583 reformavit.

2194 655 2300 711 Piae
2331 672 2461 711 vero
2491 655 2885 712 recordationis
2914 656 3241 723 Baldewino,
3293 656 3714 713 Cantuariorum

2119 744 2548 815 archiepiscopo,
2584 745 2941 816 quorumdam
2967 744 3223 800 instinctu
3239 744 3528 800 ecclesiam
3558 746 3710 817 (116)

2118 847 2215 886 seu
2272 833 2538 903 capellam
2595 834 2651 888 in
2707 834 2969 889 honorem
3028 832 3248 903 pretiosi
3295 834 3713 904 protomartyris

2117 921 2396 990 Stephani,
2434 928 2487 975 et
2513 921 2700 991 inclyti
2731 920 3092 991 neomartyris
3119 920 3421 992 Anglorum
3463 922 3706 987 Thomas,

2114 1008 2167 1062 in
2190 1009 2466 1064 territorio
2497 1009 2729 1065 civitatis
2752 1026 2864 1065 suae,
2908 1016 3225 1065 construere
3256 1010 3550 1077 festinanti,
3583 1026 3709 1065 cum

2113 1097 2367 1153 monachi
2399 1098 2729 1154 cathedralis
2761 1098 3003 1153 ecclesiae
3044 1098 3417 1153 vehementius
3472 1098 3709 1153 obsiste-

2115 1193 2252 1250 rent,
2289 1202 2427 1257 opus
2461 1186 2594 1241 illud
2651 1188 2706 1240 in
2762 1203 2919 1241 suum
2969 1194 3276 1241 asserentes
3336 1186 3709 1255 praejudicium

2111 1276 2385 1341 attentari,
2436 1274 2829 1331 Lincolniensis
2885 1275 3065 1347 Hugo,
3126 1275 3272 1345 quod
3319 1275 3399 1329 rei
3456 1276 3709 1345 probavit

2112 1371 2356 1430 eventus,
2406 1379 2570 1434 super
2624 1363 2820 1419 eodem
2875 1362 2943 1417 ab
3004 1362 3096 1417 illo
3138 1362 3419 1417 consultus
3457 1363 3701 1435 negotio,

2110 1451 2414 1506 certissimo
2435 1450 2684 1520 praedixit
2725 1450 2950 1506 oraculo
2984 1465 2996 1504 :
3026 1472 3048 1501 ι
3084 1451 3140 1505 Si
3187 1452 3328 1505 inter
3355 1465 3471 1518 vos,
3506 1450 3699 1523 inquit,

2107 1538 2326 1595 domine
2354 1538 2785 1611 archiepiscope,
2820 1548 2872 1594 et
2888 1538 3179 1609 capitulum
3223 1548 3479 1604 vestrum,
3540 1540 3700 1607 hujus

410 1638 567 1678 nens.
608 1622 802 1677 Aiebat
832 1636 1066 1694 namque
1104 1640 1116 1676 :
1154 1643 1174 1669 «
1213 1622 1353 1690 Quia
1382 1624 1528 1689 novi,
1588 1640 1675 1679 me
1704 1640 1827 1680 cum
1884 1625 2078 1714 filiisB
2110 1627 2293 1697 operis
2324 1642 2492 1683 causa
2531 1628 2788 1694 schisma,
2824 1627 2969 1698 quod
3004 1643 3113 1681 non
3158 1626 3393 1697 expedit,
3421 1627 3702 1697 contingat

409 1710 612 1766 nostris
642 1710 843 1766 bonum
874 1712 1026 1781 pacis
1055 1717 1109 1764 et
1138 1710 1358 1765 unitatis
1388 1711 1631 1767 tenacius
1657 1713 1955 1770 observare
1989 1735 2003 1783 ;

406 1814 515 1854 non
538 1814 748 1871 regem,
782 1814 893 1854 non
924 1798 1220 1869 quemlibet
1278 1799 1574 1854 timendum
1607 1800 1737 1855 mihi
1794 1802 2004 1858 aestimo

406 1887 713 1943 mortalem.
749 1887 858 1943 Sed
884 1902 1061 1957 neque
1116 1886 1387 1942 internam
1428 1888 1598 1957 perdo
1656 1890 2003 1947 securitatem

404 1992 524 2048 quae
543 1975 891 2047 sempiternae
906 1974 1163 2030 imitatrix
1194 1983 1248 2030 et
1266 1976 1620 2047 praeparatrix
1643 1977 1827 2033 existit
1856 1986 2003 2034 tran-

403 2064 703 2135 quillitatis.
736 2064 852 2119 Nec
880 2079 1028 2131 vero,
1060 2063 1251 2134 inquit,
1283 2064 1485 2120 idcirco
1514 2064 1647 2119 mihi
1680 2081 1713 2120 a
1768 2067 2000 2122 dominis

400 2152 601 2209 nostris
632 2152 735 2221 (sic
765 2151 907 2208 enim
955 2166 1084 2206 suos
1109 2152 1401 2207 canonicos
1444 2154 1811 2226 nuncupabat)
1843 2156 1998 2228 quies

400 2240 517 2297 haec
545 2239 783 2296 defertur
812 2240 975 2296 totius
1003 2239 1198 2312 ignara
1240 2240 1470 2309 dissidii,
1507 2243 1631 2313 quia
1689 2242 1867 2299 lenem
1910 2260 1997 2299 me

402 2328 641 2386 sentiunt
669 2336 723 2385 et
760 2336 1126 2385 mansuetum.
1188 2328 1317 2383 Sum
1371 2331 1513 2386 enim
1562 2347 1753 2386 revera
1808 2332 1997 2403 pipere

399 2418 644 2490 asperior
672 2426 832 2491 atque
862 2417 1169 2475 mordacior
1202 2433 1213 2472 :
1254 2418 1347 2491 qui
1377 2427 1429 2475 et
1459 2434 1648 2475 eorum
1690 2420 1995 2490 praesidens

397 2506 633 2580 capitulo
666 2522 733 2564 ex
769 2524 831 2563 re
860 2506 1176 2580 frequenter
1202 2507 1480 2565 levissima
1508 2508 1668 2563 nimis
1684 2510 1994 2565 inﬂammor

394 2596 465 2652 ad
493 2596 653 2652 iram.
685 2596 767 2651 Illi
794 2612 922 2652 vero
955 2596 1191 2653 scientes
1220 2598 1346 2669 quia
1358 2605 1605 2668 oporteat
1635 2613 1751 2665 eos,
1776 2599 1992 2670 qualem

393 2691 750 2755 susceperunt
779 2685 944 2740 talem
973 2694 1023 2741 et
1053 2701 1142 2740 me
1183 2686 1473 2753 sustinere,
1523 2685 1726 2743 faciunt
1771 2688 1839 2742 de
1887 2703 1989 2743 ne-

394 2773 648 2828 cessitate
676 2772 950 2841 virtutem,
984 2772 1294 2829 deferentes
1322 2774 1475 2828 mihi.
1510 2774 1732 2829 Gratias
1764 2774 1872 2829 illis
1901 2777 1993 2829 ha-

392 2860 497 2916 beo
518 2860 786 2931 copiosas.
834 2860 1092 2933 Nunquid
1130 2861 1276 2916 enim
1330 2861 1417 2918 vel
1472 2877 1730 2917 sermone
1776 2863 1830 2917 in
1879 2878 1986 2920 uno

394 2949 614 3020 quidem
644 2949 957 3005 restiterunt
985 2949 1136 3019 mihi,
1168 2966 1235 3004 ex
1283 2966 1390 3022 quo
1421 2950 1658 3021 primum
1690 2951 1833 3006 inter
1889 2968 1984 3008 eos

391 3038 634 3095 residere
663 3038 806 3110 ccepi
825 3039 853 3094 ‘?
871 3038 1296 3109 Egredientibus
1314 3047 1497 3095 autem
1516 3040 1788 3095 universis
1836 3041 1985 3097 ﬁnito

389 3126 625 3197 capitulo
651 3126 849 3193 nullus,
883 3134 941 3183 ut
970 3126 1228 3195 arbitror,
1262 3128 1331 3183 de
1387 3137 1575 3184 nostra
1622 3130 1723 3184 sibi
1752 3130 1985 3186 aestimat

390 3215 682 3270 dilectione
712 3214 1086 3284 difﬁdendum,
1137 3232 1237 3272 nec
1261 3216 1380 3288 ipse
1408 3233 1495 3273 me
1523 3217 1771 3274 existimo
1801 3234 1833 3273 a
1859 3235 1985 3290 quo-

385 3302 468 3360 vis
498 3318 686 3359 eorum
716 3320 824 3359 non
861 3304 1054 3360 amari.
1104 3329 1126 3354 ι»

456 3392 601 3447 Talis
630 3407 762 3449 vero
781 3408 847 3450 ac
875 3401 1058 3449 tantus
1085 3394 1135 3450 ei
1167 3394 1473 3450 dilectionis
1503 3394 1727 3452 affectus
1766 3396 1836 3451 ad
1867 3395 1981 3451 sin-

382 3480 544 3552 gulos
574 3480 831 3537 nimirum
860 3498 971 3539 suae
1000 3482 1265 3539 Ecclesiae
1291 3482 1434 3539 ﬁlios
1463 3484 1531 3539 ab
1588 3485 1814 3541 exordio
1842 3501 1978 3556 pro-

382 3570 634 3627 motionis
661 3587 774 3626 sua:
804 3587 977 3643 usque
1008 3572 1076 3626 ad
1107 3580 1409 3627 extremum
1438 3573 1562 3630 vitae
1587 3573 1759 3644 ipsius
1789 3590 1979 3645 perse-

380 3658 589 3715 veravit
617 3659 781 3727 diem,
806 3668 866 3714 ut
893 3660 1037 3715 illius
1059 3660 1339 3716 evidenter
1368 3677 1428 3717 se
1458 3661 1717 3734 probaret
1742 3662 1976 3717 imitato-

379 3763 499 3803 rem
527 3764 670 3814 esse,
717 3748 786 3803 de
817 3764 923 3820 quo
980 3749 1317 3821 evangelista
1378 3751 1617 3805 Joannes
1680 3750 1976 3807 venerabili

377 3834 659 3906 proﬁtetur
688 3838 990 3893 assertione
1014 3855 1027 3891 :
1056 3860 1078 3885 α
1107 3837 1242 3893 Cum
1271 3838 1691 3894 dilexissetsuos
1714 3839 1976 3910 quierant

376 3923 432 3976 in
461 3923 685 3990 mundo,
721 3924 776 3978 in
804 3923 969 3981 ﬁnem
997 3925 1185 3980 dilexit
1204 3942 1300 3981 eos
1330 3928 1494 3996 (Joan
1515 3942 1638 3999 xui,
1674 3930 1747 3995 1).
1779 3951 1800 3975 ››
1828 3927 1975 3995 Quo-

378 4026 502 4066 rum
523 4010 687 4066 etiam
714 4012 769 4066 in
802 4012 1087 4067 tuitionem
1123 4030 1179 4068 se
1232 4014 1517 4082 objiciens,
1551 4015 1595 4068 si
1656 4016 1873 4085 quando
1903 4032 1970 4070 ex

2109 1711 2363 1777 suboriri,
2394 1718 2447 1765 et
2488 1710 2790 1782 disciplina;
2847 1711 3004 1782 vigor
3056 1711 3113 1765 in
3181 1718 3447 1765 conventu
3514 1719 3698 1767 vestro

2104 1807 2456 1864 emarcesset,
2490 1807 2543 1855 et
2598 1799 2806 1853 ordinis
2858 1814 3089 1854 censura
3145 1799 3511 1854 imminuetur.
3560 1799 3701 1855 Hinc

2104 1895 2305 1958 quanta
2335 1902 2660 1943 successura
2688 1888 2795 1941 sint
2822 1887 3069 1957 pericula
3116 1887 3440 1954 animarum,
3492 1887 3696 1941 nullius

2102 1976 2388 2031 aestimatio
2419 1975 2644 2031 sufﬁciet
2677 1975 2993 2046 praemetiri.
3053 1976 3161 2030 Vos
3208 1984 3476 2045 praeterea
3526 1976 3699 2047 regia:

2100 2072 2340 2119 vestram
2370 2064 2642 2134 oportebit
2678 2063 3051 2119 auctoritatem
3108 2064 3458 2119 substernere
3517 2065 3697 2119 servi-

2098 2153 2214 2208 tuti.
2243 2152 2418 2208 Curia:
2448 2152 2672 2223 insuper
2704 2152 2980 2219 Romanas,
3008 2168 3109 2208 nec
3140 2168 3246 2207 non
3264 2160 3316 2207 et
3332 2152 3695 2223 plurimorum

2098 2250 2150 2295 et
2180 2240 2510 2295 sublimitate
2549 2240 2961 2296 consistentium
3007 2240 3321 2312 variamque
3376 2241 3695 2296 habentium

2094 2336 2418 2400 potestatem
2449 2329 2800 2398 subjacebitis
2829 2328 2986 2384 fastui
3015 2344 3080 2384 ac
3110 2329 3311 2395 timori,
3341 2329 3511 2400 ipsius
3550 2345 3694 2400 quo-

2095 2434 2201 2489 que
2231 2418 2429 2472 summi
2459 2416 2749 2488 pontiﬁcis,
2785 2419 2920 2472 hora
2949 2417 3095 2472 omni
3119 2426 3170 2473 et
3217 2426 3461 2489 tempore
3516 2418 3689 2485 omni,

2094 2514 2273 2562 motus
2302 2522 2529 2562 necesse
2547 2506 2649 2561 erit
2678 2506 3000 2577 animosque
3028 2506 3227 2565 vereri.
3260 2507 3382 2577 Ipse
3425 2514 3532 2560 tam
3564 2522 3692 2562 con-

2092 2604 2361 2651 summato
2391 2612 2552 2667 quam
2586 2610 2754 2666 Opere
2780 2595 2883 2650 isto
2913 2595 3167 2651 inchoato
3210 2594 3455 2649 demoliri
3485 2595 3690 2666 praeci-

2090 2683 2220 2754 piet,
2279 2684 2540 2755 quidquid
2587 2684 2806 2739 demum
2864 2683 3184 2756 cognoverit
3243 2682 3688 2755 praejudicialiter

2089 2773 2369 2828 actitatum
2380 2813 2393 2826 .
2432 2797 2453 2821 η

2155 2860 2400 2931 Cumque
2431 2860 2635 2916 diceret
2663 2860 3106 2932 archiepiscopus
3125 2869 3373 2917 sanctum
3414 2861 3689 2916 Thomam

2085 2947 2244 3017 hujus
2272 2947 2496 3004 fabricae
2524 2948 2579 3003 in
2608 2950 2816 3005 honore
2846 2949 3016 3005 sancti
3047 2948 3223 3004 levita:
3247 2948 3505 3020 Stephani
3524 2949 3687 3003 insti-

2017 3009 2064 3071 C
2084 3009 2297 3091 tuendae
2318 3037 2558 3108 gessisse
2588 3037 2946 3108 propositum,
2989 3037 3122 3091 satis
3152 3037 3223 3093 ad
3250 3009 3359 3093 hoc
3396 3037 3685 3109 eleganter

2086 3125 2367 3196 respondit
2394 3125 2684 3197 episcopus
2716 3143 2728 3178 :
2766 3149 2787 3172 «
2824 3124 3072 3191 sufﬁciat,
3097 3125 3481 3198 inquiens,vos
3510 3125 3682 3180 simili

2077 3214 2193 3282 jam
2220 3214 2503 3285 proposito
2531 3213 2757 3285 martyri
2785 3214 3151 3286 adaequatum.
3183 3214 3237 3269 Si
3303 3230 3481 3269 meam
3513 3214 3684 3270 vultis

2083 3302 2269 3357 audire
2297 3302 2643 3373 imperitiam,
2666 3301 2891 3357 ulterius
2923 3318 2989 3358 eo
3020 3302 3241 3359 minime
3280 3302 3609 3375 procedetis.
3650 3323 3677 3353 ι

2081 3391 2283 3446 Verum
2314 3391 2407 3446 illo
2437 3391 2671 3446 aliorum
2707 3390 2888 3461 potius
2925 3392 3166 3446 consiliis
3218 3391 3479 3447 innitente
3520 3407 3683 3445 men-

2078 3479 2253 3551 tisque
2284 3480 2622 3551 propositum
2668 3480 2722 3533 in
2772 3479 2956 3551 operis
3001 3478 3252 3535 effectum
3312 3488 3671 3552 perurgente,

2078 3568 2297 3623 tandem
2346 3577 2601 3639 expertus
2657 3568 2875 3635 didicit,
2936 3584 3095 3639 quam
3153 3585 3343 3624 verum
3390 3570 3476 3636 sit,
3526 3568 3677 3639 quod

2079 3656 2360 3727 Scriptura
2392 3657 2524 3713 dicit
2559 3673 2571 3712 :
2612 3680 2632 3703 α
2667 3656 2859 3711 Anima
2888 3657 2990 3712 viri
3020 3656 3193 3711 sancti
3224 3656 3401 3727 magis
3429 3656 3675 3711 enuntiat

2075 3744 2365 3816 aliquando
2388 3761 2536 3811 vera,
2558 3760 2719 3816 quam
2742 3752 2950 3815 septem
2970 3744 3453 3815 circumspectores
3474 3744 3681 3800 seden-

2074 3840 2157 3886 tes
2186 3834 2242 3887 in
2272 3834 2491 3889 excelso
2524 3835 2594 3887 ad
2626 3833 3011 3904 speculandum
3042 3834 3478 3903 (Eccli.xxxvn,
3504 3834 3614 3903 18).
3644 3859 3667 3879 ι»

2072 3920 2213 3975 Nam
2263 3922 2546 3987 malorum,
2590 3938 2709 3993 quae
2749 3922 2928 3989 justus
2976 3922 3321 3993 praedixerat,
3372 3937 3441 3975 ne
3497 3937 3670 3975 unum

2074 4009 2291 4080 quidem
2334 4010 2593 4081 praeteriit
2650 4010 3000 4080 inexpletum.
3053 4011 3332 4065 Structura
3388 4025 3518 4065 vero
3573 4009 3668 4063 illa

375 4098 456 4154 eis
485 4099 795 4171 quempiam
822 4101 1157 4172 gravandum
1180 4117 1503 4172 quocunque
1532 4102 1753 4157 incursu
1793 4118 1969 4172 agno-
2064 4098 2223 4165 jussu
2242 4098 2458 4153 Domini
2478 4112 2633 4168 papae
2656 4097 2897 4153 funditus
2914 4098 3189 4153 eliminata
3211 4106 3292 4153 est
3311 4106 3361 4153 et
3383 4096 3661 4159 demolita,

373 4187 559 4254 visset,
593 4204 704 4244 non
732 4189 895 4244 modo
924 4189 1083 4255 facto,
1108 4189 1218 4244 imo
1248 4197 1300 4244 et
1329 4205 1602 4255 sermone,
1626 4190 1811 4245 dicere
1841 4206 1971 4246 eon-

373 4285 668 4332 sueverat:
705 4298 727 4328 ι
769 4276 872 4345 Qui
903 4278 1073 4350 tangit
1120 4294 1253 4344 vos,
1298 4278 1470 4350 tangit
1516 4278 1777 4350 pupillam
1825 4280 1969 4335 oculi

373 4364 481 4420 mei
512 4365 705 4437 (Zach.
738 4380 796 4433 ιι,
831 4369 904 4436 8).
944 4391 965 4414 υ
1983 4364 2036 4425 D

984 4500 1207 4555 CAPUT
1247 4501 1342 4555 XI.

378 4623 631 4692 Qualiter
659 4627 777 4679 tam
798 4623 1117 4679 Baldewino
1141 4623 1519 4681 Cantuarensi
1551 4626 1959 4696 archiepicopo,

440 4800 484 4860 (t
508 4800 580 4863 16)
607 4800 675 4849 De
699 4801 792 4852 hac
818 4799 1051 4853 Baronius
1076 4800 1137 4849 ad
1177 4815 1355 4853 annum
1396 4801 1522 4852 1186
1549 4815 1559 4843 :
1598 4818 1615 4849 ι
1643 4802 1961 4851 Praesentium

370 4864 461 4917 tibi
476 4869 765 4917 auctoritate
787 4885 807 4915 ι
843 4864 1014 4929 (verba
1061 4872 1174 4918 sunt
1209 4869 1390 4919 Urbani
1417 4882 1551 4933 papae
1590 4869 1671 4929 Ill)
1714 4884 1733 4915 α
1758 4868 1960 4917 manda-

371 4944 477 4983 mus
490 4938 542 4983 ut
560 4934 703 4984 liceat
718 4935 804 4984 tibi
827 4935 1080 4985 ecclesiam
1098 4935 1147 4983 in
1162 4937 1395 4986 honorem
1414 4938 1666 4987 beatorum
1692 4940 1959 4995 martyrum

366 5000 606 5062 Stephani
631 5005 680 5050 et
702 5002 904 5052 Thomas
948 5006 1249 5061 construere,
1277 5006 1373 5052 etc.
1410 5024 1428 5045 ο
1478 5004 1673 5062 Verum,
1716 5005 1770 5050 ut
1812 5001 1961 5051 habet

364 5065 611 5116 Trivettus
635 5067 696 5117 ad
718 5081 899 5119 annum
928 5069 1074 5130 1187,
1116 5087 1135 5108 σ
1160 5069 1461 5119 Baldewinus
1486 5068 1851 5119 Cantuariensis
1874 5080 1959 5128 per

364 5132 553 5182 litteras
578 5135 864 5195 apostolicas
886 5135 1156 5197 prohibitus
1197 5139 1272 5187 est
1298 5136 1359 5185 ab
1397 5137 1703 5187 exsecutione
1740 5134 1959 5184 ecclesia:

364 5212 519 5263 novae,
543 5213 687 5263 quam
712 5202 1048 5263 inchoaverat,
1080 5224 1101 5245 ι
1133 5206 1229 5252 etc.

432 5300 578 5367 (117)
606 5303 838 5354 Huberto.
867 5305 1150 5365 Raynaldus
1186 5305 1244 5355 ad
1286 5318 1466 5355 annum
1514 5305 1663 5367 1198,
1692 5319 1749 5355 ex
1772 5305 1958 5356 Parislo

362 5370 468 5420 hzec
486 5371 667 5420 refert:
693 5392 714 5413 ι
740 5372 1051 5421 Innocentius
1072 5386 1193 5435 papa
1216 5373 1279 5421 Ill
1303 5373 1567 5423 monachos
1584 5373 1957 5423 Cantuarienses

361 5440 529 5487 contra
554 5437 754 5489 Iluberti
795 5438 1147 5501 archiepiscopi
1184 5442 1414 5492 Cantuar.
1446 5443 1493 5491 et
1527 5440 1791 5502 Anglorum
1819 5452 1958 5502 reges

2070 4196 2291 4241 auctore
2322 4201 2443 4241 cum
2476 4186 2691 4241 ruboris
2743 4194 2795 4242 et
2844 4186 3081 4257 pectoris
3128 4186 3412 4256 multiplici
3469 4195 3667 4257 questu

2070 4290 2287 4345 operam
2319 4276 2582 4346 perdente
2614 4275 2903 4346 operisque
2943 4276 3265 4346 impensam.

2138 4362 2284 4419 Idem
2317 4378 2534 4434 quoque
2576 4364 2821 4431 ejusdem
2878 4364 3183 4419 successori
3240 4364 3389 4435 (117)
3420 4363 3473 4417 in
3520 4377 3661 4432 Opus

2069 4452 2242 4506 simile
2273 4452 2526 4524 gestienti
2559 4459 2609 4505 et
2630 4452 2713 4506 vir
2743 4450 2917 4506 ﬁdelis
2946 4452 3213 4522 prmdixit,
3249 4460 3300 4506 et
3320 4466 3508 4507 verum
3536 4449 3663 4505 ﬁnis

1974 4592 1983 4599 ν,
2066 4540 2290 4594 induxit.
2317 4541 2454 4595 Nam
2476 4547 2526 4593 et
2557 4540 2673 4609 ipse
2689 4540 2830 4594 haud
2868 4540 3061 4610 procul
3092 4556 3124 4593 a
3153 4539 3445 4595 Londoniis
3475 4538 3662 4609 capel-

2066 4628 2173 4681 lam
2206 4628 2621 4694 contentiosam,
2670 4628 2839 4682 instar
2872 4628 3069 4699 prioris
3128 4630 3148 4697 (
3154 4628 3296 4699 118),
3346 4644 3466 4698 quae
3497 4642 3660 4683 secus

2064 4805 2270 4866 gratiam
2300 4808 2530 4869 protexit,
2559 4809 2701 4869 atque
2740 4808 2991 4858 ecclesiam
3036 4808 3303 4869 Lamelich,
3339 4808 3661 4859 dissensionis

2064 4873 2246 4921 fontem
2275 4875 2425 4923 everti
2448 4875 2724 4935 imperavit.
2754 4892 2773 4921 υ
2808 4876 2875 4923 De
2900 4888 2992 4937 qua
3019 4876 3165 4925 etiam
3191 4875 3439 4925 Trivettus
3476 4874 3537 4925 ad
3572 4887 3660 4924 an-

2062 4950 2174 4987 num
2206 4940 2375 4989 1199:
2438 4955 2456 4984 α
2502 4940 2797 4991 Humbertus
2839 4942 3233 5005 archiepiscopus
3278 4942 3553 5002 ecclesiam,
3605 4942 3655 4990 in

2062 5005 2189 5054 beati
2220 5008 2421 5055 Thomze
2447 5008 2629 5057 honore
2656 5008 2904 5057 fundatam
2930 5008 3056 5070 apud
3096 5008 3350 5067 Lambete,
3370 5020 3513 5069 quam
3535 5020 3660 5068 pra:-

2059 5072 2281 5121 deccssor
2301 5072 2405 5133 ejus
2434 5074 2733 5124 Baldewinus
2762 5074 3096 5134 inchoaverat,
3138 5075 3197 5125 de
3220 5075 3445 5125 mandato
3471 5073 3658 5125 domini

2059 5150 2194 5201 papa:
2220 5140 2485 5189 Innocentii
2519 5140 2651 5190 tertii
2677 5140 2935 5191 demolitus
2960 5145 3051 5190 est.
3080 5162 3100 5184 ι

2132 5241 2273 5304 (118)
2300 5241 2475 5302 Aliam,
2501 5245 2555 5292 ut
2581 5242 2791 5302 videtur,
2840 5255 2931 5291 non
2963 5244 3209 5303 eamdem,
3252 5244 3513 5294 Balduinus
3548 5246 3659 5294 ete-

2059 5307 2160 5357 nim
2186 5320 2324 5357 secus
2337 5309 2800 5371 Cantuariam,sive,
2819 5314 2868 5359 ut
2900 5310 3233 5371 praemittitur,
3258 5311 3305 5359 in
3329 5311 3571 5360 territorio
3593 5311 3659 5360 ci-

2057 5374 2224 5423 vitatis
2249 5388 2365 5435 sutc,
2386 5376 2628 5425 lluhcrtus
2653 5379 2812 5425 autem
2853 5389 2948 5425 non
2976 5376 3139 5438 procul
3184 5377 3446 5427 Londoniis
3487 5378 3655 5440 capel-

2057 5440 2153 5491 lam
2176 5442 2276 5491 sivc
2302 5443 2553 5492 ecclesiam
2582 5443 2786 5493 voluisse
2817 5448 3097 5493 construere
3127 5444 3204 5493 hic
3228 5448 3578 5494 memorantur.
