3960 6062
158 209 284 261 1001

1512 202 1691 257 VITA.
1725 230 1794 241 —
1824 199 1953 256 LIB.
1996 201 2088 255 III.

3315 194 3450 249 1002

152 331 492 386 Cantuariam
569 330 710 396 fuit,
764 331 976 394 diruta,
1035 330 1205 385 fretus
1254 329 1405 400 regia
1486 334 1750 398 potestate
1779 324 2295 390 Amemoravimus,
2347 324 2449 379 hoc
2496 322 2747 378 uniformi
2780 322 2981 393 jugiter
3023 320 3355 376 institutione
3404 324 3457 372 et

149 420 363 476 erexit:
416 420 643 475 clericos
686 419 741 473 in
798 437 858 473 ea
915 418 1344 490 prmbendarios,
1414 416 1753 472 smcularium

150 525 301 564 more
333 509 735 572 canonicorum,
771 517 861 562 aut
880 524 979 577 per
1009 525 1066 561 se
1095 508 1242 577 ipsos
1273 514 1359 560 aut
1390 523 1487 576 per
1517 506 1755 575 interpo-

151 598 281 653 sitas
320 613 581 667 personas
611 597 1002 651 ministraturos
1058 596 1303 660 instituit,
1351 612 1382 649 a
1414 595 1605 665 quibus
1642 594 1755 661 jam

153 687 297 741 circa
326 686 505 740 locum
552 686 798 755 pluribus
846 684 1140 740 contructis
1191 682 1451 745 aedificiis,
1487 690 1757 752 pertracta

154 774 209 827 in
237 775 461 846 longum
508 774 650 828 inter
696 775 908 828 Patrem
961 782 1012 828 et
1044 772 1203 835 ﬁlios,
1237 771 1676 842 archipraesulem
1708 780 1761 824 et

155 863 471 931 monachos,
505 862 596 915 lite
625 878 827 928 amara,
860 862 1041 915 multis
1076 877 1286 931 quoque
1332 859 1584 930 personis
1617 860 1759 913 elec—

155 951 398 1016 tissimis,
435 960 539 1004 tam
572 968 600 1005 e
632 951 913 1006 monachis
945 966 1108 1022 quam
1151 967 1180 1004 e
1230 949 1472 1014 clericis,
1508 948 1763 1003 Romanis

156 1039 402 1093 febribus
434 1040 485 1092 in
528 1040 663 1093 urbe
698 1040 799 1093 sub
826 1047 954 1094 tunc
984 1038 1239 1093 intestino
1269 1038 1432 1101 bello,
1459 1036 1759 1106 exstinctis,

156 1128 265 1183 vivi
295 1128 513 1182 tandem
566 1128 900 1200 magnanimi
960 1127 1258 1183 inconsulta
1307 1126 1536 1189 molitio,
1570 1126 1764 1179 eodem

152 1200 272 1287 ipso
303 1217 649 1283 demoliente,
676 1217 729 1269 in
760 1216 1039 1286 pulverem
1084 1216 1301 1271 redacta
1332 1223 1433 1269 est.
1468 1214 1617 1270 Fecit
1636 1216 1760 1280 hoc,

160 1323 319 1376 quam
354 1306 550 1359 invitus
581 1314 690 1359 tam
736 1314 789 1360 et
836 1304 1127 1371 confusus,
1163 1304 1461 1374 apostolica
1508 1302 1765 1357 nimirum

163 1395 447 1450 severitate
471 1395 805 1464 compulsus.

230 1484 313 1538 Ad
370 1493 705 1553 postremum
752 1500 901 1549 vero,
932 1484 1045 1552 jam
1103 1483 1218 1537 viro
1276 1482 1375 1536 Dei
1406 1482 1638 1553 Hugone
1671 1497 1768 1550 per

163 1573 409 1628 ultimam
468 1574 590 1628 vitaz
645 1574 892 1627 mortalis
950 1572 1322 1643 aegritudinem
1380 1571 1448 1625 ad
1505 1578 1768 1625 aeternam

1854 415 1971 484 ipse
2002 415 2272 477 servabat,
2308 422 2357 467 et
2382 414 2685 484 quibusque
2727 412 3040 466 rationabile
3069 413 3185 465 Deo
3224 408 3453 478 cupien-

1855 503 1998 557 tibus
2029 502 2350 572 obsequium
2378 509 2659 572 praestare,
2692 500 3093 557 observandum
3124 496 3454 562 inculcabat,

1855 600 1913 645 ut
1943 591 2089 645 omni
2118 590 2321 645 scilicet
2353 598 2597 660 tempore
2627 598 2676 644 et
2705 590 2844 655 loco,
2882 589 3025 659 quod
3056 604 3237 642 rerum
3269 585 3459 655 exige-

1857 689 1941 733 ret
1970 679 2316 749 praesentium
2347 679 2621 744 instantia,
2658 678 3044 733 convenienter
3074 676 3457 746 adimplerent.

1857 770 1941 822 Ad
1973 769 2117 838 quod
2149 768 2311 822 etiam
2370 767 2587 838 dignius
2630 767 3056 837 exsequendum,
3092 766 3327 835 seipsum
3362 765 3461 819 ha-

1858 856 2047 927 bilem,
2072 865 2141 925 et,
2178 864 2436 927 quantum
2463 856 2655 927 potuit,
2688 856 2942 911 idoneum
2966 856 3163 910 studuit
3182 854 3459 909 exhibere.

1934 958 2187 1014 Sentiens
2219 968 2392 1012 autem
2424 958 2608 1029 magni
2648 975 2770 1013 csse
2803 958 3005 1012 laboris
3054 974 3189 1027 opus
3250 956 3461 1027 episco-

1861 1047 2000 1118 palis
2023 1046 2202 1116 oﬂicii,
2237 1063 2337 1102 nec
2367 1047 2483 1102 sine
2506 1048 2712 1103 viribus
2743 1047 2904 1102 etiam
2938 1046 3182 1117 corporis
3214 1045 3264 1099 id
3296 1062 3461 1116 posse

1864 1136 2123 1191 decenter
2172 1135 2403 1206 impleri,
2454 1136 2528 1189 ita
2597 1136 2842 1204 jumento
2910 1134 3156 1205 corporis
3203 1134 3463 1188 alimenta

1864 1224 2143 1293 prmbcbat
2176 1232 2231 1277 ut
2266 1224 2592 1279 necessariis
2622 1223 2811 1276 usibus
2841 1238 3085 1293 congrue
3106 1222 3459 1277 subserviret.

1871 1312 2032 1380 Quod
2080 1328 2145 1367 eo
2207 1312 2449 1366 securius
2478 1328 2651 1382 eoque
2684 1310 3037 1366 sufﬁcientius
3070 1310 3323 1375 faciebat,
3356 1326 3464 1381 quo

1866 1402 2069 1469 minus,
2094 1417 2162 1455 ne
2193 1408 2382 1455 contra
2413 1417 2565 1454 suum
2599 1400 2972 1455 recalcitraret
2990 1415 3281 1468 sessorem,
3307 1399 3468 1455 casti-

1868 1489 2086 1559 gatione
2126 1489 2428 1542 diutissima
2462 1489 2571 1557 jam
2606 1489 2737 1542 satis
2771 1487 3085 1553 edomitum,
3118 1488 3465 1543 metuendum

1870 1586 2011 1631 erat.
2051 1578 2189 1631 Nam
2221 1585 2273 1631 et
2302 1593 2401 1646 per
2433 1577 2746 1632 continuum
2785 1575 3085 1647 frigidioris
3106 1576 3280 1630 diaatae
3308 1592 3467 1629 usum

159 1671 486 1733 properante
516 1662 772 1717 felicioris
801 1662 923 1717 vitae
960 1661 1405 1725 incolumitatem,
1449 1660 1567 1729 ipso
1609 1657 1767 1712 simul
1792 1688 1842 1746 B
1869 1681 1934 1720 eo
1963 1682 2135 1737 usque
2183 1666 2426 1719 internas
2450 1666 2565 1734 jam
2596 1666 2843 1736 corporis
2899 1665 3047 1720 vires
3078 1664 3376 1733 attriverat,
3409 1672 3468 1717 ut

169 1752 370 1806 arbitro
402 1759 453 1805 et
482 1751 854 1819 conjudicibus
886 1750 996 1803 suis
1029 1766 1061 1803 a
1092 1765 1304 1804 summo
1335 1748 1600 1819 delegatis
1629 1763 1769 1817 pon-

161 1841 323 1906 titice,
357 1857 461 1910 pax
520 1841 661 1894 inter
689 1840 983 1910 praedictos
1028 1838 1319 1893 reformata
1351 1846 1432 1891 est
1460 1837 1629 1907 (119),
1663 1835 1770 1888 mi—

164 1946 281 1983 rum
312 1929 363 1982 in
395 1928 617 1983 modum
669 1929 967 1982 exsultante
1001 1936 1051 1981 et
1083 1927 1134 1980 in
1167 1929 1269 1981 hoc
1300 1926 1497 1980 divina
1528 1925 1771 1980 clemen-

172 2018 256 2071 tiae
289 2018 496 2089 gratias
527 2016 799 2071 referente
848 2018 1043 2071 eodem
1079 2014 1431 2070 veracissimo
1460 2013 1569 2067 filio
1599 2013 1767 2083 pacis.

167 2106 557 2159 Gratulabatur
596 2121 833 2176 namque
862 2105 1183 2174 impensius,
1216 2105 1339 2175 quia
1370 2104 1543 2156 instar
1576 2101 1772 2156 beatis-

167 2194 290 2248 simi
348 2194 559 2248 Martini
622 2196 798 2262 (cujus
867 2210 1085 2264 semper
1115 2202 1167 2247 et
1222 2201 1430 2246 amator
1459 2192 1692 2246 devotus
1723 2197 1775 2244 et

167 2292 418 2337 strenuus
474 2283 711 2337 imitator
763 2299 885 2337 esse
933 2284 1245 2351 meruerat)
1303 2282 1445 2335 hanc
1519 2280 1771 2335 virtutum

166 2388 384 2426 suarum
416 2373 613 2427 bonam
644 2371 863 2427 fecisset
891 2371 1429 2435 consummationem,
1456 2385 1559 2441 qua
1583 2384 1773 2439 pacem

166 2460 427 2516 Ecclesia:
457 2460 556 2514 Dei
604 2459 866 2514 redditam
920 2459 1245 2529 reliquisset.

771 2566 994 2621 CAPUT
1025 2567 1148 2620 XII.

173 2658 417 2718 Quomodo
458 2659 508 2707 in
558 2670 724 2707 mensa
749 2658 871 2707 etin
896 2656 1190 2706 victuatibus
1235 2668 1288 2705 se
1341 2656 1481 2716 Hugo
1523 2655 1773 2713 habebat;

234 2732 289 2775 et
321 2739 465 2786 quam
481 2730 706 2785 potenter
735 2724 787 2773 in
811 2724 1119 2773 exsecutione
1143 2736 1329 2781 eorum,
1358 2736 1467 2784 qua:
1515 2722 1596 2771 sui
1637 2726 1781 2771 erant

241 2793 402 2854 ofﬁcii,
430 2804 482 2840 se
506 2792 735 2851 gerebat;
760 2794 808 2839 et
840 2804 983 2851 quam
1030 2790 1281 2839 humiliter
1327 2801 1383 2837 ac
1421 2790 1592 2839 devote
1642 2789 1774 2838 circa

233 2870 415 2920 pueros
472 2858 824 2916 conﬁrmandos
889 2864 938 2908 et
1007 2859 1130 2907 alios
1192 2857 1476 2918 inﬁrmitate
1555 2858 1775 2905 delentes

237 2926 450 2974 astabat.

254 3009 384 3060 Erat
417 3023 633 3077 quoque
684 3007 739 3061 in
795 3023 985 3062 mensa
1025 3006 1213 3061 hilaris
1264 3016 1316 3061 et
1351 3007 1643 3075 jucundus,
1678 3005 1773 3059 sed
1806 3044 1851 3103 Ο

171 3112 282 3150 non
315 3096 430 3149 sine
462 3095 725 3167 gravitate
757 3104 809 3149 et
838 3096 1120 3160 modestia,
1154 3096 1284 3149 illud
1335 3111 1548 3163 semper
1605 3102 1777 3147 atten-

173 3186 332 3252 dens,
358 3192 411 3238 et
441 3185 767 3255 quandoque
798 3185 1139 3238 hortantibus
1170 3200 1228 3237 se
1261 3184 1327 3237 ad
1358 3183 1647 3237 laetandum
1680 3197 1775 3235 ore

171 3273 335 3328 etiam
367 3272 650 3341 proferens
683 3274 825 3344 quod
856 3273 907 3325 in
942 3274 1082 3326 libro
1133 3273 1328 3326 Esther
1376 3270 1599 3342 [Judith]
1633 3269 1774 3341 legi-

173 3370 265 3415 tur
299 3376 309 3413 :
347 3363 489 3415 Laeti
518 3363 694 3416 simus
723 3360 1034 3416 secundum
1063 3362 1267 3431 faciem
1314 3364 1643 3416 sanctorum
1672 3360 1775 3413 Ju-

176 3450 325 3504 dith.
361 3454 503 3519 xw).
539 3451 593 3503 Si
627 3450 843 3520 quando
884 3450 1173 3504 histriones
1202 3457 1289 3503 aut
1320 3448 1510 3503 musici
1545 3448 1656 3501 suis
1688 3447 1775 3501 in—

175 3546 445 3592 teressent
493 3538 783 3593 occasione
824 3538 1059 3608 quadam
1115 3538 1448 3591 solemnibus
1492 3536 1773 3601 conviviis,

174 3626 269 3679 ubi
303 3626 438 3695 ipse,
465 3626 577 3680 sive
609 3627 679 3680 ad
708 3626 1002 3696 propriam,
1036 3626 1150 3681 sive
1181 3627 1249 3679 ad
1281 3626 1511 3679 alienam
1532 3640 1777 3678 mensam

178 3714 463 3779 resideret,
501 3722 625 3769 tunc
656 3732 815 3785 quam
846 3715 1075 3769 maxime
1106 3714 1353 3784 gravitati
1384 3713 1649 3778 studebat,
1689 3711 1777 3766 vix

176 3818 419 3873 unquam
449 3804 634 3857 oculos
665 3820 697 3857 a
718 3819 908 3858 mensa
956 3805 1203 3875 erigens,
1237 3812 1289 3857 et
1320 3804 1394 3856 ita
1442 3818 1499 3856 se
1546 3802 1600 3854 in
1631 3800 1777 3855 omni

177 3899 341 3963 gestu
373 3900 425 3945 et
456 3908 707 3946 sermone
736 3877 1014 3959 exhibens,
1048 3900 1107 3945 ut
1134 3890 1479 3945 manifestum
1507 3898 1652 3943 esset
1689 3889 1777 3941 in-

179 3980 455 4034 tuentibus
484 3980 609 4050 quia
640 3988 765 4036 tunc
797 3998 854 4035 se
884 3982 951 4034 ad
980 3980 1238 4035 interiora
1283 3980 1479 4034 arctius
1506 3978 1779 4034 constrina

179 4076 358 4140 geret,
417 4084 540 4123 cum
599 4085 792 4123 sensus
821 4069 1118 4123 exteriores
1176 4067 1482 4137 hujusmodi
1510 4067 1780 4122 lenocinia

181 4156 435 4210 blandius
458 4158 779 4213 mulcerent.

258 4247 453 4300 Sacras
484 4246 622 4300 inter
652 4247 979 4301 vescendum
1011 4246 1272 4301 lectiones
1328 4254 1479 4301 tanta
1528 4245 1781 4300 audiebat

181 4334 487 4405 diligentia,
534 4343 591 4387 ut
620 4344 814 4404 praeter
844 4336 1227 4390 nonnullorum
1254 4334 1539 4404 passiones
1568 4342 1777 4403 marty-

1875 1754 2159 1809 fatiscente
2189 1754 2421 1808 naturali
2453 1754 2651 1815 calore.
2687 1754 2911 1809 crebras
2940 1753 3240 1825 infrigidati
3262 1761 3467 1807 stoma-

1874 1844 1961 1897 chi
1988 1844 2249 1913 perferret
2306 1843 2609 1912 molestias,
2640 1843 2813 1897 iliacis
2842 1842 3066 1912 insuper
3120 1841 3467 1911 passionibus

1875 1932 2075 2001 saepius
2123 1930 2464 1985 amarissime
2504 1938 2859 2001 torqueretur.
2894 1930 3257 1985 Nihilominus
3288 1937 3470 1985 tamen

1874 2020 2014 2074 inter
2042 2022 2158 2074 haec
2216 2019 2385 2074 adfuit
2410 2019 2478 2084 ei,
2542 2027 2595 2074 et
2653 2018 2863 2073 afﬂuxit
2920 2018 3211 2089 singularis
3266 2018 3465 2089 gratia,

1876 2109 2041 2163 robur
2070 2109 2145 2161 illi
2177 2108 2550 2173 accumulans,
2604 2107 2915 2162 fortissimis
2960 2108 3264 2179 quibusque
3291 2107 3471 2162 admi-

1873 2198 2119 2251 randum.
2169 2197 2365 2251 Videre
2408 2195 2563 2267 quasi
2584 2195 2906 2250 miraculum
2965 2202 3081 2250 erat
3109 2194 3470 2266 quemadmo-

1875 2287 2000 2340 dum
2018 2285 2071 2338 in
2094 2285 2442 2340 ecclesiarum
2464 2284 2919 2351 dedicationibus,
2940 2284 2995 2337 in
3018 2284 3474 2339 celebrationibus

1877 2374 2147 2439 ordinum,
2182 2381 2609 2443 catterorumque
2640 2372 3140 2428 ecclesiasticorum
3172 2371 3475 2428 ofﬁciorum

1877 2480 1975 2517 seu
2008 2461 2338 2533 quibuslibet
2392 2461 2717 2531 pontificalis
2776 2461 3063 2515 ministerii
3096 2460 3367 2515 exercitiis
3401 2460 3479 2529 (in

1877 2552 2071 2623 quibus
2102 2550 2395 2620 plurimum
2428 2550 2641 2605 videtur
2688 2565 2809 2604 esse
2850 2549 3075 2618 laboris)
3102 2549 3341 2604 omnium
3370 2548 3474 2602 sibi

1877 2639 2268 2694 adhaerentium
2289 2638 2437 2693 vires
2460 2638 2610 2692 solus
2640 2637 2758 2707 ipse
2790 2637 3099 2703 excederet,
3124 2637 3475 2708 quemadmo-

1875 2728 2003 2782 dum
2035 2742 2142 2781 non
2174 2726 2352 2781 solum
2390 2726 2571 2791 fessis,
2608 2726 2703 2779 sed
2735 2741 2875 2795 pene
2907 2724 3283 2780 deﬁcientibus
3331 2740 3470 2781 cun-

1875 2816 1994 2881 ctis,
2010 2816 2128 2869 aliis
2149 2815 2217 2868 ad
2238 2815 2595 2869 resumendas
2615 2813 2757 2868 vires
2778 2813 3053 2884 paululum
3070 2813 3471 2879 secedentibus,

1875 2905 1994 2958 aliis
2024 2904 2093 2958 ad
2124 2903 2537 2974 obsequendum
2585 2903 2635 2956 ei
2682 2901 3121 2967 succedentibus,
3177 2901 3293 2971 ipse
3325 2901 3474 2956 inde-

1875 2993 2052 3047 fessus
2083 3000 2135 3046 et
2181 2991 2358 3046 alacer
2387 2992 2455 3045 de
2496 3006 2663 3061 opere
2694 2990 2764 3044 ad
2812 3005 2968 3060 opus,
3006 2990 3074 3043 de
3130 2989 3316 3044 labore
3347 3005 3474 3059 per-

1876 3088 2125 3136 curreret
2171 3080 2239 3133 ad
2278 3080 2539 3133 laborem.

1946 3186 2030 3241 Ad
2086 3186 2205 3247 ista,
2239 3200 2630 3256 nonnunquam
2680 3183 2943 3256 surgebat
3000 3192 3124 3239 ante
3182 3183 3385 3251 lucem,
3421 3190 3474 3239 et

1874 3291 2048 3346 usque
2080 3275 2150 3329 ad
2178 3273 2472 3345 profundas
2527 3274 2802 3345 sequentis
2832 3272 3006 3328 noctis
3036 3272 3288 3328 tenebras
3328 3273 3474 3342 jeju—

1875 3379 2033 3428 nans,
2066 3378 2167 3417 nec
2197 3378 2228 3417 a
2258 3362 2446 3417 labore
2486 3378 2726 3427 cessans,
2760 3362 2902 3416 diem
2925 3361 3161 3416 medium
3201 3361 3473 3432 transige-

1877 3452 1985 3506 bat.
2020 3452 2366 3522 Plerumque,
2400 3451 2527 3504 dum
2575 3451 2898 3507 immodicus
2930 3450 3132 3505 aestatis
3172 3449 3354 3505 fervor
3381 3450 3474 3503 im-

1876 3541 2126 3609 mineret,
2161 3540 2425 3610 quosdam
2449 3538 2632 3593 altaris
2663 3539 3029 3594 ministrorum
3060 3539 3291 3609 cogebat
3317 3537 3475 3608 panis

1877 3638 1931 3684 et
1974 3629 2082 3683 vini
2131 3628 2402 3683 modicum
2461 3627 2752 3697 praelibare
2810 3627 2977 3697 (122),
3013 3644 3081 3682 ne
3139 3625 3470 3697 praegravati

1876 3726 2055 3781 aestu,
2108 3716 2313 3785 jejunio
2360 3724 2413 3769 et
2469 3715 2653 3770 labore
2684 3757 2698 3783 ,
2761 3715 2897 3770 citra
2975 3714 3280 3786 periculum
3346 3722 3471 3785 post

1878 3806 2034 3860 toties
2109 3805 2371 3875 repetitos
2438 3804 2696 3859 circuitus
2729 3850 2743 3875 ,
2792 3804 2844 3857 in
2903 3804 3259 3860 ecclesiarum
3317 3802 3473 3857 dedi-

1878 3893 2181 3950 cationibus
2231 3900 2433 3957 astare,
2472 3892 2689 3946 demum
2736 3900 2788 3946 et
2829 3892 3138 3947 ministrare
3181 3892 3471 3946 missarum

1879 3982 2143 4037 solemnia
2189 3981 2487 4036 celebranti
2525 3980 2915 4052 nequivissent.
2960 3982 3092 4036 Cum
3122 3980 3470 4053 praegustatis

1872 4070 2028 4140 jussu
2061 4086 2157 4125 suo
2187 4069 2441 4140 panibus,
2494 4069 2709 4124 horrori
2750 4070 3076 4141 quibusdam
3103 4078 3155 4124 et
3194 4069 3471 4124 formidini

1878 4176 2000 4214 esse
2031 4159 2311 4226 sensisset,
2350 4174 2559 4212 sacrum
2589 4158 2729 4213 inter
2765 4158 2979 4227 agenda
3010 4158 3097 4212 vel
3128 4158 3353 4213 calicem
3385 4157 3471 4212 vel

1878 4248 2214 4302 Dominicam
2237 4246 2555 4318 contingere
2579 4246 2885 4309 sindonem,
2908 4246 3177 4316 arguebat
3197 4261 3292 4299 eos
3315 4245 3472 4317 quasi

1878 4335 2087 4406 pusillae
2118 4334 2243 4389 fidei
2274 4342 2325 4389 et
2355 4334 2699 4390 discretionis
2717 4333 2962 4397 infirmae,
2998 4334 3089 4404 qui
3118 4349 3221 4389 nec
3250 4334 3475 4389 obedire

184 4440 327 4489 rum,
360 4431 559 4493 praeter
587 4432 739 4495 gesta
779 4425 1135 4494 quorumdam
1186 4431 1514 4491 sanctorum,
1548 4431 1601 4477 et
1629 4422 1777 4477 cele-
1808 4401 1859 4460 D
1884 4424 2081 4479 vellent
2116 4421 2329 4492 jubenti
2365 4422 2481 4477 sine
2520 4422 2855 4478 haesitatione
2904 4401 3311 4493 circumspecta:
3352 4423 3475 4492 jus-

186 4512 404 4567 briores
434 4512 501 4566 de
548 4512 836 4582 praecipias
868 4513 1297 4567 solemnitatibus
1354 4513 1636 4568 doctorum
1668 4526 1780 4564 ser-

182 4617 399 4669 mones,
436 4608 605 4655 totum
638 4600 747 4655 fere
778 4601 864 4656 vel
899 4619 963 4655 ex
993 4602 1208 4673 integro
1238 4603 1406 4657 Vetus
1461 4603 1782 4671 Novumque

186 4689 597 4744 Testamentum
614 4689 784 4760 (120),
810 4691 1049 4761 exceptis
1067 4698 1299 4762 quatuor
1329 4688 1784 4760 evangelistarum

188 4778 346 4831 libris
376 4778 524 4846 (121)
556 4780 715 4849 (quos
738 4778 877 4845 aliis,
912 4779 1049 4835 sicut
1098 4779 1234 4833 infra
1263 4778 1484 4844 dicetur,
1520 4776 1785 4847 tempori-

192 4867 297 4920 bus
328 4866 439 4937 legi
469 4866 733 4939 instituit),
760 4884 876 4923 cum
909 4870 974 4922 ad
998 4878 1313 4923 nocturnum
1336 4867 1569 4923 officium
1601 4882 1785 4922 coram

192 4971 274 5020 se,
312 4962 421 5008 tum
451 4956 519 5009 ad
548 4956 835 5025 prandium
856 4956 1057 5012 faceret
1075 4958 1309 5013 recitari.
1332 4958 1397 5013 Ut
1417 4965 1597 5011 autem
1628 4970 1790 5026 supra

268 5126 409 5193 (119)
449 5130 517 5178 De
565 5130 659 5179 hac
699 5143 839 5192 pace,
866 5131 1056 5193 plenius
1102 5130 1255 5180 altero
1299 5130 1358 5180 ab
1400 5132 1613 5192 Hugonis
1660 5130 1791 5180 obitu

198 5207 327 5245 anno
371 5196 676 5256 conﬁrmata,
725 5196 839 5245 vide
885 5198 1099 5249 Annales
1144 5198 1283 5247 Eccl.
1316 5197 1640 5257 Wintoniens,
1668 5197 1789 5260 apud

197 5262 522 5312 Wartlionum
540 5302 553 5325 ,
583 5277 694 5325 pag.
721 5264 838 5312 305.

272 5326 414 5391 (120)
454 5331 526 5378 Ex
553 5330 897 5379 consuetudine
944 5331 1124 5380 ordinis
1166 5332 1526 5381 Carthasiensis
1551 5372 1565 5394 ,
1612 5332 1660 5380 in
1702 5342 1794 5391 quo

196 5394 372 5445 eadem
399 5396 538 5445 annis
562 5397 783 5458 singulis,
814 5402 895 5446 aut
937 5396 985 5446 in
1030 5399 1231 5448 ecclesia
1259 5436 1272 5457 ,
1316 5402 1397 5449 aut
1431 5399 1479 5448 in
1518 5398 1794 5460 refectorio,

195 5463 426 5524 leguntur
452 5464 732 5526 hodiedum,
760 5468 807 5515 et
828 5464 922 5526 legi
949 5467 1133 5516 statuta
1157 5466 1340 5517 volunt.

352 5582 587 5637 Paxaea.
631 5583 810 5639 CLIII.

1884 4529 2071 4567 SIODIS.

1957 4600 2396 4671 Quotiescunque
2428 4598 2528 4655 iter
2554 4599 2736 4671 agenti
2756 4600 3145 4667 occurrissent,
3174 4608 3232 4655 ut
3251 4600 3472 4666 assolet,

1887 4690 1978 4761 qui
2008 4706 2106 4761 per
2145 4706 2339 4744 manus
2390 4706 2501 4743 suae
2532 4688 2933 4759 impositionem
2968 4689 3278 4746 confirmari
3306 4705 3476 4759 expe-

1888 4786 2082 4843 terent,
2138 4786 2224 4832 aut
2281 4778 2371 4849 qui
2413 4778 2668 4848 parvulos
2725 4778 2775 4832 ei
2818 4779 2887 4833 ad
2909 4778 3040 4832 illud
3072 4777 3480 4848 percipiendum

1889 4874 2288 4922 sacramentum
2319 4864 2592 4933 offerrent,
2627 4882 2751 4921 mox
2772 4875 3074 4937 Opportune
3095 4865 3283 4921 locoin
3310 4865 3479 4935 pedes

1890 4956 1960 5009 ab
1989 4972 2129 5026 equo
2158 4955 2518 5020 descendens,
2545 4955 2689 5024 quod
2718 4954 2861 5009 illius
2893 4964 3008 5009 erat
3037 4954 3213 5019 oﬁicii,
3248 4953 3476 5009 sollicita

1962 5134 2097 5193 (1⁸21)
2121 5136 2236 5183 Haec
2260 5147 2415 5184 annue
2440 5134 2487 5182 in
2526 5134 2736 5197 capitulo
2772 5137 2883 5197 post
2927 5146 3105 5184 nonam
3146 5134 3429 5185 canonicam
3454 5149 3483 5186 a

1891 5201 2128 5251 Paschale
2172 5213 2320 5262 usque
2378 5200 2440 5249 ad
2489 5200 2665 5251 festum
2727 5200 2951 5251 Omnium
3023 5202 3309 5251 Sanctorum
3356 5203 3483 5264 apud

1893 5267 2243 5317 Carthasianos
2268 5267 2508 5329 leguntur.

1965 5334 2106 5395 (122)
2134 5334 2438 5383 Contrarium
2464 5333 2621 5382 innuit
2644 5332 2811 5382 Surius
2835 5332 2912 5382 his
2931 5332 3093 5383 verbis
3119 5348 3131 5382 :
3180 5353 3200 5375 α
3230 5336 3483 5384 Neminem

1894 5401 2085 5450 sinebat
2104 5401 2162 5449 ad
2181 5413 2320 5449 sacra
2342 5400 2496 5450 oﬂicia
2522 5400 2822 5463 ministrare,
2846 5400 2926 5461 qui
2941 5399 3177 5468 jejunium
3201 5413 3485 5463 quacunque

1895 5468 2149 5518 occasione
2176 5468 2426 5529 fregisset.
2458 5484 2477 5514 ν

3316 5586 3384 5642 32
