  <div class='ocr_page' id='page_1' title='image "/cluster/home/n/w/nwhite01/storage/ocr_20150623/153/hvd.32044054760111/507.png"; bbox 0 0 3960 6062; ppageno 0'>
   <div class='ocr_carea' id='block_1_1' title="bbox 508 167 3824 229">
    <p class='ocr_par' dir='ltr' id='par_1_1' title="bbox 508 167 3824 229">
     <span class='ocr_line' id='line_1_1' title="bbox 508 167 3824 229; baseline 0.002 -6"><span class='ocrx_word' id='word_1_1' title='bbox 508 172 644 225; x_wconf 83' lang='grc'>1003</span> <span class='ocrx_word' id='word_1_2' title='bbox 1385 170 1442 224; x_wconf 90' lang='lat' dir='ltr'>S.</span> <span class='ocrx_word' id='word_1_3' title='bbox 1485 167 1796 225; x_wconf 86' lang='lat' dir='ltr'>HUGONIS</span> <span class='ocrx_word' id='word_1_4' title='bbox 1832 168 2049 224; x_wconf 89' lang='lat' dir='ltr'>EPISC.</span> <span class='ocrx_word' id='word_1_5' title='bbox 2092 168 2415 226; x_wconf 89' lang='lat' dir='ltr'>LINCOLN.</span> <span class='ocrx_word' id='word_1_6' title='bbox 2460 171 2625 229; x_wconf 85' lang='lat' dir='ltr'>0RD.</span> <span class='ocrx_word' id='word_1_7' title='bbox 2668 172 2919 229; x_wconf 83' lang='lat' dir='ltr'>CARTH.</span> <span class='ocrx_word' id='word_1_8' title='bbox 3692 177 3824 229; x_wconf 71' lang='grc'>1004</span> 
     </span>
    </p>
   </div>
   <div class='ocr_carea' id='block_1_2' title="bbox 504 293 3825 369">
    <p class='ocr_par' dir='ltr' id='par_1_2' title="bbox 504 293 3825 369">
     <span class='ocr_line' id='line_1_2' title="bbox 504 293 3825 369; baseline 0.001 -21"><span class='ocrx_word' id='word_1_9' title='bbox 504 294 794 351; x_wconf 79' lang='lat' dir='ltr'>devotione</span> <span class='ocrx_word' id='word_1_10' title='bbox 852 293 1206 364; x_wconf 89' lang='lat' dir='ltr'>adimplebat,</span> <span class='ocrx_word' id='word_1_11' title='bbox 1239 293 1295 347; x_wconf 92' lang='lat' dir='ltr'>in</span> <span class='ocrx_word' id='word_1_12' title='bbox 1338 308 1657 365; x_wconf 89' lang='lat' dir='ltr'>quacunque</span> <span class='ocrx_word' id='word_1_13' title='bbox 1732 293 1957 349; x_wconf 90' lang='lat' dir='ltr'>dioecesi</span> <span class='ocrx_word' id='word_1_14' title='bbox 2000 294 2105 349; x_wconf 91' lang='lat' dir='ltr'>hoc</span> <span class='ocrx_word' id='word_1_15' title='bbox 2125 296 2181 357; x_wconf 86' lang='grc' dir='ltr'><strong>Α</strong></span> <span class='ocrx_word' id='word_1_16' title='bbox 2212 294 2392 368; x_wconf 81' lang='lat' dir='ltr'>exigui</span> <span class='ocrx_word' id='word_1_17' title='bbox 2423 296 2639 364; x_wconf 88' lang='lat' dir='ltr'>labella,</span> <span class='ocrx_word' id='word_1_18' title='bbox 2672 306 2729 352; x_wconf 93' lang='lat' dir='ltr'>ut</span> <span class='ocrx_word' id='word_1_19' title='bbox 2776 305 3055 368; x_wconf 79' lang='lat' dir='ltr'>putaretur</span> <span class='ocrx_word' id='word_1_20' title='bbox 3097 298 3418 354; x_wconf 80' lang='lat' dir='ltr'>incredibile</span> <span class='ocrx_word' id='word_1_21' title='bbox 3465 298 3544 354; x_wconf 90' lang='lat' dir='ltr'>sic</span> <span class='ocrx_word' id='word_1_22' title='bbox 3574 313 3745 369; x_wconf 89' lang='lat' dir='ltr'>posse</span> <span class='ocrx_word' id='word_1_23' title='bbox 3775 300 3825 352; x_wconf 90' lang='lat' dir='ltr'>in</span> 
     </span>
    </p>
   </div>
   <div class='ocr_carea' id='block_1_3' title="bbox 504 380 3824 457">
    <p class='ocr_par' dir='ltr' id='par_1_3' title="bbox 504 380 3824 457">
     <span class='ocr_line' id='line_1_3' title="bbox 504 380 3824 457; baseline 0.001 -20"><span class='ocrx_word' id='word_1_24' title='bbox 504 383 818 439; x_wconf 87' lang='lat' dir='ltr'>accidisset.</span> <span class='ocrx_word' id='word_1_25' title='bbox 858 383 1017 437; x_wconf 93' lang='lat' dir='ltr'>Nulla</span> <span class='ocrx_word' id='word_1_26' title='bbox 1047 399 1285 454; x_wconf 87' lang='lat' dir='ltr'>unquam</span> <span class='ocrx_word' id='word_1_27' title='bbox 1318 381 1629 455; x_wconf 75' lang='lat' dir='ltr'>fatigatione</span> <span class='ocrx_word' id='word_1_28' title='bbox 1667 390 1757 436; x_wconf 91' lang='lat' dir='ltr'>aut</span> <span class='ocrx_word' id='word_1_29' title='bbox 1784 380 2110 447; x_wconf 82' lang='lat' dir='ltr'>inﬁrmitate,</span> <span class='ocrx_word' id='word_1_30' title='bbox 2216 385 2302 439; x_wconf 89' lang='lat' dir='ltr'>tali</span> <span class='ocrx_word' id='word_1_31' title='bbox 2333 386 2551 440; x_wconf 68' lang='lat' dir='ltr'>aetatula</span> <span class='ocrx_word' id='word_1_32' title='bbox 2582 387 2712 441; x_wconf 92' lang='lat' dir='ltr'>solis</span> <span class='ocrx_word' id='word_1_33' title='bbox 2758 387 2936 442; x_wconf 90' lang='lat' dir='ltr'>adhuc</span> <span class='ocrx_word' id='word_1_34' title='bbox 2978 386 3249 457; x_wconf 81' lang='lat' dir='ltr'>vagitibus</span> <span class='ocrx_word' id='word_1_35' title='bbox 3297 395 3574 442; x_wconf 87' lang='lat' dir='ltr'>assuetum</span> <span class='ocrx_word' id='word_1_36' title='bbox 3623 387 3824 442; x_wconf 87' lang='lat' dir='ltr'>ridere.</span> 
     </span>
    </p>
   </div>
   <div class='ocr_carea' id='block_1_4' title="bbox 505 471 3824 547">
    <p class='ocr_par' dir='ltr' id='par_1_4' title="bbox 505 471 3824 547">
     <span class='ocr_line' id='line_1_4' title="bbox 505 471 3824 547; baseline 0.002 -22"><span class='ocrx_word' id='word_1_37' title='bbox 505 472 653 526; x_wconf 92' lang='lat' dir='ltr'>nulla</span> <span class='ocrx_word' id='word_1_38' title='bbox 684 471 782 526; x_wconf 71' lang='lat' dir='ltr'>vim</span> <span class='ocrx_word' id='word_1_39' title='bbox 813 471 1100 541; x_wconf 75' lang='lat' dir='ltr'>asperitate</span> <span class='ocrx_word' id='word_1_40' title='bbox 1153 479 1244 525; x_wconf 86' lang='lat' dir='ltr'>aut</span> <span class='ocrx_word' id='word_1_41' title='bbox 1291 471 1429 525; x_wconf 90' lang='lat' dir='ltr'>aeris</span> <span class='ocrx_word' id='word_1_42' title='bbox 1459 471 1796 541; x_wconf 87' lang='lat' dir='ltr'>intemperie,</span> <span class='ocrx_word' id='word_1_43' title='bbox 1829 479 1882 525; x_wconf 93' lang='lat' dir='ltr'>ut</span> <span class='ocrx_word' id='word_1_44' title='bbox 1914 488 2113 543; x_wconf 90' lang='lat' dir='ltr'>equum</span> <span class='ocrx_word' id='word_1_45' title='bbox 2212 474 2423 529; x_wconf 89' lang='lat' dir='ltr'>Deinde</span> <span class='ocrx_word' id='word_1_46' title='bbox 2455 475 2747 531; x_wconf 86' lang='lat' dir='ltr'>brachiolis</span> <span class='ocrx_word' id='word_1_47' title='bbox 2777 475 2933 547; x_wconf 87' lang='lat' dir='ltr'>quasi</span> <span class='ocrx_word' id='word_1_48' title='bbox 2963 476 3031 530; x_wconf 89' lang='lat' dir='ltr'>ad</span> <span class='ocrx_word' id='word_1_49' title='bbox 3054 476 3468 542; x_wconf 89' lang='lat' dir='ltr'>subvolandum,</span> <span class='ocrx_word' id='word_1_50' title='bbox 3516 492 3662 532; x_wconf 92' lang='lat' dir='ltr'>nunc</span> <span class='ocrx_word' id='word_1_51' title='bbox 3710 476 3824 530; x_wconf 89' lang='lat' dir='ltr'>dis-</span> 
     </span>
    </p>
   </div>
   <div class='ocr_carea' id='block_1_5' title="bbox 505 560 2112 630">
    <p class='ocr_par' dir='ltr' id='par_1_5' title="bbox 505 560 2112 630">
     <span class='ocr_line' id='line_1_5' title="bbox 505 560 2112 630; baseline -0.001 -15"><span class='ocrx_word' id='word_1_52' title='bbox 505 561 705 615; x_wconf 91' lang='lat' dir='ltr'>sedens</span> <span class='ocrx_word' id='word_1_53' title='bbox 764 568 969 615; x_wconf 90' lang='lat' dir='ltr'>tantum</span> <span class='ocrx_word' id='word_1_54' title='bbox 1016 561 1292 615; x_wconf 85' lang='lat' dir='ltr'>exhiberet</span> <span class='ocrx_word' id='word_1_55' title='bbox 1342 568 1766 628; x_wconf 80' lang='lat' dir='ltr'>sacramentum,</span> <span class='ocrx_word' id='word_1_56' title='bbox 1824 560 1995 630; x_wconf 90' lang='lat' dir='ltr'>potuit</span> <span class='ocrx_word' id='word_1_57' title='bbox 2026 560 2112 614; x_wconf 92' lang='lat' dir='ltr'>in—</span> 
     </span>
    </p>
   </div>
   <div class='ocr_carea' id='block_1_6' title="bbox 502 648 2113 720">
    <p class='ocr_par' dir='ltr' id='par_1_6' title="bbox 502 648 2113 720">
     <span class='ocr_line' id='line_1_6' title="bbox 502 648 2113 720; baseline -0.001 -17"><span class='ocrx_word' id='word_1_58' title='bbox 502 648 645 705; x_wconf 90' lang='lat' dir='ltr'>duci.</span> <span class='ocrx_word' id='word_1_59' title='bbox 680 650 819 704; x_wconf 90' lang='lat' dir='ltr'>Data</span> <span class='ocrx_word' id='word_1_60' title='bbox 849 649 1068 720; x_wconf 89' lang='lat' dir='ltr'>quidem</span> <span class='ocrx_word' id='word_1_61' title='bbox 1096 648 1472 704; x_wconf 86' lang='lat' dir='ltr'>benedictione</span> <span class='ocrx_word' id='word_1_62' title='bbox 1517 656 1700 718; x_wconf 91' lang='lat' dir='ltr'>optata</span> <span class='ocrx_word' id='word_1_63' title='bbox 1756 648 2113 703; x_wconf 89' lang='lat' dir='ltr'>circumstan-</span> 
     </span>
    </p>
   </div>
   <div class='ocr_carea' id='block_1_7' title="bbox 503 737 2113 809">
    <p class='ocr_par' dir='ltr' id='par_1_7' title="bbox 503 737 2113 809">
     <span class='ocr_line' id='line_1_7' title="bbox 503 737 2113 809; baseline -0.001 -16"><span class='ocrx_word' id='word_1_64' title='bbox 503 740 665 807; x_wconf 87' lang='lat' dir='ltr'>tibus,</span> <span class='ocrx_word' id='word_1_65' title='bbox 701 737 928 792; x_wconf 83' lang='lat' dir='ltr'>iniirmis</span> <span class='ocrx_word' id='word_1_66' title='bbox 977 754 1223 809; x_wconf 92' lang='lat' dir='ltr'>quoque,</span> <span class='ocrx_word' id='word_1_67' title='bbox 1272 738 1363 808; x_wconf 89' lang='lat' dir='ltr'>qui</span> <span class='ocrx_word' id='word_1_68' title='bbox 1416 737 1735 801; x_wconf 87' lang='lat' dir='ltr'>adfuissent,</span> <span class='ocrx_word' id='word_1_69' title='bbox 1770 739 2016 792; x_wconf 90' lang='lat' dir='ltr'>oratione</span> <span class='ocrx_word' id='word_1_70' title='bbox 2046 738 2113 792; x_wconf 89' lang='lat' dir='ltr'>ad</span> 
     </span>
    </p>
   </div>
   <div class='ocr_carea' id='block_1_8' title="bbox 502 826 2112 898">
    <p class='ocr_par' dir='ltr' id='par_1_8' title="bbox 502 826 2112 898">
     <span class='ocr_line' id='line_1_8' title="bbox 502 826 2112 898; baseline -0.001 -16"><span class='ocrx_word' id='word_1_71' title='bbox 502 828 676 882; x_wconf 90' lang='lat' dir='ltr'>Deum</span> <span class='ocrx_word' id='word_1_72' title='bbox 707 843 804 898; x_wconf 92' lang='lat' dir='ltr'>pro</span> <span class='ocrx_word' id='word_1_73' title='bbox 835 828 915 882; x_wconf 90' lang='lat' dir='ltr'>eis</span> <span class='ocrx_word' id='word_1_74' title='bbox 944 826 1081 894; x_wconf 89' lang='lat' dir='ltr'>fusa,</span> <span class='ocrx_word' id='word_1_75' title='bbox 1116 827 1168 881; x_wconf 90' lang='lat' dir='ltr'>in</span> <span class='ocrx_word' id='word_1_76' title='bbox 1214 843 1368 897; x_wconf 89' lang='lat' dir='ltr'>spem</span> <span class='ocrx_word' id='word_1_77' title='bbox 1425 826 1790 897; x_wconf 67' lang='lat' dir='ltr'>adipiscendae</span> <span class='ocrx_word' id='word_1_78' title='bbox 1838 827 2112 897; x_wconf 87' lang='lat' dir='ltr'>sospitatis</span> 
     </span>
    </p>
   </div>
   <div class='ocr_carea' id='block_1_9' title="bbox 503 914 2112 986">
    <p class='ocr_par' dir='ltr' id='par_1_9' title="bbox 503 914 2112 986">
     <span class='ocr_line' id='line_1_9' title="bbox 503 914 2112 986; baseline -0.001 -15"><span class='ocrx_word' id='word_1_79' title='bbox 503 931 626 971; x_wconf 89' lang='lat' dir='ltr'>cum</span> <span class='ocrx_word' id='word_1_80' title='bbox 700 916 1054 971; x_wconf 82' lang='lat' dir='ltr'>exsultatione</span> <span class='ocrx_word' id='word_1_81' title='bbox 1119 915 1529 985; x_wconf 86' lang='lat' dir='ltr'>respirantibus,</span> <span class='ocrx_word' id='word_1_82' title='bbox 1590 914 1826 984; x_wconf 83' lang='lat' dir='ltr'>repletus</span> <span class='ocrx_word' id='word_1_83' title='bbox 1864 922 1916 969; x_wconf 90' lang='lat' dir='ltr'>et</span> <span class='ocrx_word' id='word_1_84' title='bbox 1993 915 2112 986; x_wconf 89' lang='lat' dir='ltr'>ipse</span> 
     </span>
    </p>
   </div>
   <div class='ocr_carea' id='block_1_10' title="bbox 503 1004 2106 1073">
    <p class='ocr_par' dir='ltr' id='par_1_10' title="bbox 503 1004 2106 1073">
     <span class='ocr_line' id='line_1_10' title="bbox 503 1004 2106 1073; baseline 0.001 -15"><span class='ocrx_word' id='word_1_85' title='bbox 503 1004 969 1060; x_wconf 90' lang='lat' dir='ltr'>benedictionibus</span> <span class='ocrx_word' id='word_1_86' title='bbox 1014 1012 1349 1069; x_wconf 92' lang='lat' dir='ltr'>cunctorum,</span> <span class='ocrx_word' id='word_1_87' title='bbox 1382 1011 1613 1073; x_wconf 72' lang='lat' dir='ltr'>emptam</span> <span class='ocrx_word' id='word_1_88' title='bbox 1645 1004 1917 1073; x_wconf 86' lang='lat' dir='ltr'>repetebat</span> <span class='ocrx_word' id='word_1_89' title='bbox 1946 1004 2106 1059; x_wconf 89' lang='lat' dir='ltr'>viam.</span> 
     </span>
    </p>
   </div>
   <div class='ocr_carea' id='block_1_11' title="bbox 503 1091 2109 1163">
    <p class='ocr_par' dir='ltr' id='par_1_11' title="bbox 503 1091 2109 1163">
     <span class='ocr_line' id='line_1_11' title="bbox 503 1091 2109 1163; baseline -0.001 -16"><span class='ocrx_word' id='word_1_90' title='bbox 503 1092 943 1163; x_wconf 87' lang='lat' dir='ltr'>Quamplurimos</span> <span class='ocrx_word' id='word_1_91' title='bbox 966 1101 1145 1148; x_wconf 89' lang='lat' dir='ltr'>autem</span> <span class='ocrx_word' id='word_1_92' title='bbox 1176 1109 1275 1163; x_wconf 89' lang='lat' dir='ltr'>per</span> <span class='ocrx_word' id='word_1_93' title='bbox 1298 1092 1605 1161; x_wconf 87' lang='lat' dir='ltr'>hujusmodi</span> <span class='ocrx_word' id='word_1_94' title='bbox 1622 1091 1791 1161; x_wconf 89' lang='lat' dir='ltr'>ipsius</span> <span class='ocrx_word' id='word_1_95' title='bbox 1812 1092 2109 1147; x_wconf 89' lang='lat' dir='ltr'>orationem</span> 
     </span>
    </p>
   </div>
   <div class='ocr_carea' id='block_1_12' title="bbox 504 1179 2112 1252">
    <p class='ocr_par' dir='ltr' id='par_1_12' title="bbox 504 1179 2112 1252">
     <span class='ocr_line' id='line_1_12' title="bbox 504 1179 2112 1252; baseline -0.001 -15"><span class='ocrx_word' id='word_1_96' title='bbox 504 1198 599 1237; x_wconf 92' lang='lat' dir='ltr'>seu</span> <span class='ocrx_word' id='word_1_97' title='bbox 631 1181 1067 1237; x_wconf 88' lang='lat' dir='ltr'>benedictionem</span> <span class='ocrx_word' id='word_1_98' title='bbox 1099 1190 1376 1252; x_wconf 89' lang='lat' dir='ltr'>speratam</span> <span class='ocrx_word' id='word_1_99' title='bbox 1408 1189 1733 1236; x_wconf 86' lang='lat' dir='ltr'>consecutos</span> <span class='ocrx_word' id='word_1_100' title='bbox 1764 1179 1930 1235; x_wconf 89' lang='lat' dir='ltr'>fuisse</span> <span class='ocrx_word' id='word_1_101' title='bbox 1961 1181 2112 1236; x_wconf 91' lang='lat' dir='ltr'>ineo-</span> 
     </span>
    </p>
   </div>
   <div class='ocr_carea' id='block_1_13' title="bbox 501 1268 1737 1342">
    <p class='ocr_par' dir='ltr' id='par_1_13' title="bbox 501 1268 1737 1342">
     <span class='ocr_line' id='line_1_13' title="bbox 501 1268 1737 1342; baseline -0.001 -19"><span class='ocrx_word' id='word_1_102' title='bbox 501 1269 802 1325; x_wconf 89' lang='lat' dir='ltr'>lumitatem</span> <span class='ocrx_word' id='word_1_103' title='bbox 832 1271 1197 1325; x_wconf 87' lang='lat' dir='ltr'>indubitanter</span> <span class='ocrx_word' id='word_1_104' title='bbox 1224 1286 1370 1341; x_wconf 64' lang='lat' dir='ltr'>saepe</span> <span class='ocrx_word' id='word_1_105' title='bbox 1393 1268 1737 1342; x_wconf 83' lang='lat' dir='ltr'>agnovimus.</span> 
     </span>
    </p>
   </div>
   <div class='ocr_carea' id='block_1_14' title="bbox 1113 1395 1520 1450">
    <p class='ocr_par' dir='ltr' id='par_1_14' title="bbox 1113 1395 1520 1450">
     <span class='ocr_line' id='line_1_14' title="bbox 1113 1395 1520 1450; baseline -0.002 -1"><span class='ocrx_word' id='word_1_106' title='bbox 1113 1395 1336 1450; x_wconf 75' lang='lat' dir='ltr'>CAPUT</span> <span class='ocrx_word' id='word_1_107' title='bbox 1374 1395 1520 1448; x_wconf 82' lang='lat' dir='ltr'><strong>XIII.</strong></span> 
     </span>
    </p>
   </div>
   <div class='ocr_carea' id='block_1_15' title="bbox 507 1484 2103 1548">
    <p class='ocr_par' dir='ltr' id='par_1_15' title="bbox 507 1484 2103 1548">
     <span class='ocr_line' id='line_1_15' title="bbox 507 1484 2103 1548; baseline -0.001 -12"><span class='ocrx_word' id='word_1_108' title='bbox 507 1486 733 1548; x_wconf 74' lang='lat' dir='ltr'>Qualiter</span> <span class='ocrx_word' id='word_1_109' title='bbox 760 1499 823 1535; x_wconf 72' lang='lat' dir='ltr'>ea:</span> <span class='ocrx_word' id='word_1_110' title='bbox 849 1485 1108 1535; x_wconf 80' lang='lat' dir='ltr'>dulcedine</span> <span class='ocrx_word' id='word_1_111' title='bbox 1153 1486 1426 1546; x_wconf 72' lang='lat' dir='ltr'>affectionis</span> <span class='ocrx_word' id='word_1_112' title='bbox 1462 1486 1722 1547; x_wconf 73' lang='lat' dir='ltr'>infamatis</span> <span class='ocrx_word' id='word_1_113' title='bbox 1767 1484 2103 1547; x_wconf 79' lang='lat' dir='ltr'>adjocabalur,</span> 
     </span>
    </p>
   </div>
   <div class='ocr_carea' id='block_1_16' title="bbox 670 1553 1951 1615">
    <p class='ocr_par' dir='ltr' id='par_1_16' title="bbox 670 1553 1951 1615">
     <span class='ocr_line' id='line_1_16' title="bbox 670 1553 1951 1615; baseline -0.002 -14"><span class='ocrx_word' id='word_1_114' title='bbox 670 1554 757 1614; x_wconf 80' lang='lat' dir='ltr'>qui</span> <span class='ocrx_word' id='word_1_115' title='bbox 783 1554 885 1602; x_wconf 71' lang='lat' dir='ltr'>rice</span> <span class='ocrx_word' id='word_1_116' title='bbox 910 1566 1055 1603; x_wconf 79' lang='lat' dir='ltr'>versa</span> <span class='ocrx_word' id='word_1_117' title='bbox 1080 1553 1233 1603; x_wconf 65' lang='lat' dir='ltr'>eidem</span> <span class='ocrx_word' id='word_1_118' title='bbox 1259 1553 1548 1603; x_wconf 78' lang='lat' dir='ltr'>mirabiliter</span> <span class='ocrx_word' id='word_1_119' title='bbox 1574 1554 1951 1615; x_wconf 79' lang='lat' dir='ltr'>applaudebaut.</span> 
     </span>
    </p>
   </div>
   <div class='ocr_carea' id='block_1_17' title="bbox 2214 563 3819 637">
    <p class='ocr_par' dir='ltr' id='par_1_17' title="bbox 2214 563 3819 637">
     <span class='ocr_line' id='line_1_17' title="bbox 2214 563 3819 637; baseline 0.001 -20"><span class='ocrx_word' id='word_1_120' title='bbox 2214 563 2389 630; x_wconf 91' lang='lat' dir='ltr'>tortis,</span> <span class='ocrx_word' id='word_1_121' title='bbox 2440 580 2583 620; x_wconf 90' lang='lat' dir='ltr'>nunc</span> <span class='ocrx_word' id='word_1_122' title='bbox 2632 565 2911 634; x_wconf 88' lang='lat' dir='ltr'>disjectis,</span> <span class='ocrx_word' id='word_1_123' title='bbox 2973 566 3242 621; x_wconf 83' lang='lat' dir='ltr'>cervicem</span> <span class='ocrx_word' id='word_1_124' title='bbox 3290 567 3397 622; x_wconf 92' lang='lat' dir='ltr'>huc</span> <span class='ocrx_word' id='word_1_125' title='bbox 3451 565 3691 637; x_wconf 88' lang='lat' dir='ltr'>illucque</span> <span class='ocrx_word' id='word_1_126' title='bbox 3731 566 3819 633; x_wconf 87' lang='lat' dir='ltr'>ja—</span> 
     </span>
    </p>
   </div>
   <div class='ocr_carea' id='block_1_18' title="bbox 2213 652 3821 725">
    <p class='ocr_par' dir='ltr' id='par_1_18' title="bbox 2213 652 3821 725">
     <span class='ocr_line' id='line_1_18' title="bbox 2213 652 3821 725; baseline 0 -18"><span class='ocrx_word' id='word_1_127' title='bbox 2213 653 2427 721; x_wconf 87' lang='lat' dir='ltr'>ctando,</span> <span class='ocrx_word' id='word_1_128' title='bbox 2497 652 2648 725; x_wconf 91' lang='lat' dir='ltr'>quasi</span> <span class='ocrx_word' id='word_1_129' title='bbox 2708 653 3109 725; x_wconf 88' lang='lat' dir='ltr'>importabilem</span> <span class='ocrx_word' id='word_1_130' title='bbox 3166 654 3269 708; x_wconf 88' lang='lat' dir='ltr'>sibi</span> <span class='ocrx_word' id='word_1_131' title='bbox 3325 670 3448 710; x_wconf 89' lang='lat' dir='ltr'>esse</span> <span class='ocrx_word' id='word_1_132' title='bbox 3486 654 3821 709; x_wconf 85' lang='lat' dir='ltr'>monstrabat</span> 
     </span>
    </p>
   </div>
   <div class='ocr_carea' id='block_1_19' title="bbox 2208 741 3818 814">
    <p class='ocr_par' dir='ltr' id='par_1_19' title="bbox 2208 741 3818 814">
     <span class='ocr_line' id='line_1_19' title="bbox 2208 741 3818 814; baseline 0.001 -19"><span class='ocrx_word' id='word_1_133' title='bbox 2208 741 2429 809; x_wconf 68' lang='lat' dir='ltr'>laetitiae,</span> <span class='ocrx_word' id='word_1_134' title='bbox 2451 758 2559 814; x_wconf 91' lang='lat' dir='ltr'>qua</span> <span class='ocrx_word' id='word_1_135' title='bbox 2588 742 2939 809; x_wconf 81' lang='lat' dir='ltr'>afficiebatur,</span> <span class='ocrx_word' id='word_1_136' title='bbox 2962 743 3410 814; x_wconf 80' lang='lat' dir='ltr'>magnitudinem.</span> <span class='ocrx_word' id='word_1_137' title='bbox 3435 745 3583 798; x_wconf 90' lang='lat' dir='ltr'>Tunc</span> <span class='ocrx_word' id='word_1_138' title='bbox 3599 758 3818 797; x_wconf 87' lang='lat' dir='ltr'>manum</span> 
     </span>
    </p>
   </div>
   <div class='ocr_carea' id='block_1_20' title="bbox 2212 830 3818 903">
    <p class='ocr_par' dir='ltr' id='par_1_20' title="bbox 2212 830 3818 903">
     <span class='ocr_line' id='line_1_20' title="bbox 2212 830 3818 903; baseline 0.001 -18"><span class='ocrx_word' id='word_1_139' title='bbox 2212 830 2329 899; x_wconf 85' lang='lat' dir='ltr'>ejus</span> <span class='ocrx_word' id='word_1_140' title='bbox 2360 830 2605 902; x_wconf 89' lang='lat' dir='ltr'>utrisque</span> <span class='ocrx_word' id='word_1_141' title='bbox 2637 840 2929 887; x_wconf 89' lang='lat' dir='ltr'>attractans</span> <span class='ocrx_word' id='word_1_142' title='bbox 2970 832 3244 903; x_wconf 89' lang='lat' dir='ltr'>palmulis,</span> <span class='ocrx_word' id='word_1_143' title='bbox 3279 841 3331 887; x_wconf 90' lang='lat' dir='ltr'>et</span> <span class='ocrx_word' id='word_1_144' title='bbox 3362 832 3696 903; x_wconf 87' lang='lat' dir='ltr'>distringens</span> <span class='ocrx_word' id='word_1_145' title='bbox 3726 849 3818 903; x_wconf 89' lang='lat' dir='ltr'>pro</span> 
     </span>
    </p>
   </div>
   <div class='ocr_carea' id='block_1_21' title="bbox 2210 919 3815 991">
    <p class='ocr_par' dir='ltr' id='par_1_21' title="bbox 2210 919 3815 991">
     <span class='ocr_line' id='line_1_21' title="bbox 2210 919 3815 991; baseline 0.001 -18"><span class='ocrx_word' id='word_1_146' title='bbox 2210 919 2432 974; x_wconf 90' lang='lat' dir='ltr'>modulo</span> <span class='ocrx_word' id='word_1_147' title='bbox 2462 936 2561 975; x_wconf 92' lang='lat' dir='ltr'>suo</span> <span class='ocrx_word' id='word_1_148' title='bbox 2590 920 2672 975; x_wconf 92' lang='lat' dir='ltr'>ori</span> <span class='ocrx_word' id='word_1_149' title='bbox 2700 921 2949 991; x_wconf 88' lang='lat' dir='ltr'>applicat,</span> <span class='ocrx_word' id='word_1_150' title='bbox 2992 920 3301 991; x_wconf 89' lang='lat' dir='ltr'>applicitam</span> <span class='ocrx_word' id='word_1_151' title='bbox 3347 937 3477 976; x_wconf 91' lang='lat' dir='ltr'>vero</span> <span class='ocrx_word' id='word_1_152' title='bbox 3524 922 3815 975; x_wconf 86' lang='lat' dir='ltr'>allambere</span> 
     </span>
    </p>
   </div>
   <div class='ocr_carea' id='block_1_22' title="bbox 2208 1008 3817 1080">
    <p class='ocr_par' dir='ltr' id='par_1_22' title="bbox 2208 1008 3817 1080">
     <span class='ocr_line' id='line_1_22' title="bbox 2208 1008 3817 1080; baseline 0.001 -18"><span class='ocrx_word' id='word_1_153' title='bbox 2208 1008 2389 1078; x_wconf 89' lang='lat' dir='ltr'>potius</span> <span class='ocrx_word' id='word_1_154' title='bbox 2419 1025 2578 1079; x_wconf 87' lang='lat' dir='ltr'>quam</span> <span class='ocrx_word' id='word_1_155' title='bbox 2608 1009 2842 1064; x_wconf 89' lang='lat' dir='ltr'>osculari</span> <span class='ocrx_word' id='word_1_156' title='bbox 2872 1010 3178 1064; x_wconf 83' lang='lat' dir='ltr'>festinabat.</span> <span class='ocrx_word' id='word_1_157' title='bbox 3214 1010 3465 1065; x_wconf 88' lang='lat' dir='ltr'>Faciente</span> <span class='ocrx_word' id='word_1_158' title='bbox 3512 1011 3631 1065; x_wconf 64' lang='lat' dir='ltr'>haec</span> <span class='ocrx_word' id='word_1_159' title='bbox 3678 1026 3817 1080; x_wconf 88' lang='lat' dir='ltr'>pon-</span> 
     </span>
    </p>
   </div>
   <div class='ocr_carea' id='block_1_23' title="bbox 2209 1096 3813 1169">
    <p class='ocr_par' dir='ltr' id='par_1_23' title="bbox 2209 1096 3813 1169">
     <span class='ocr_line' id='line_1_23' title="bbox 2209 1096 3813 1169; baseline 0.001 -18"><span class='ocrx_word' id='word_1_160' title='bbox 2209 1096 2353 1153; x_wconf 84' lang='lat' dir='ltr'>tifice</span> <span class='ocrx_word' id='word_1_161' title='bbox 2383 1097 2684 1153; x_wconf 87' lang='lat' dir='ltr'>diutissime</span> <span class='ocrx_word' id='word_1_162' title='bbox 2716 1096 2922 1162; x_wconf 84' lang='lat' dir='ltr'>infanti,</span> <span class='ocrx_word' id='word_1_163' title='bbox 2957 1107 3009 1153; x_wconf 91' lang='lat' dir='ltr'>et</span> <span class='ocrx_word' id='word_1_164' title='bbox 3038 1098 3242 1153; x_wconf 84' lang='lat' dir='ltr'>infante</span> <span class='ocrx_word' id='word_1_165' title='bbox 3298 1098 3558 1169; x_wconf 87' lang='lat' dir='ltr'>pontifici,</span> <span class='ocrx_word' id='word_1_166' title='bbox 3600 1099 3813 1153; x_wconf 90' lang='lat' dir='ltr'>inaudi-</span> 
     </span>
    </p>
   </div>
   <div class='ocr_carea' id='block_1_24' title="bbox 2209 1186 3814 1257">
    <p class='ocr_par' dir='ltr' id='par_1_24' title="bbox 2209 1186 3814 1257">
     <span class='ocr_line' id='line_1_24' title="bbox 2209 1186 3814 1257; baseline 0 -17"><span class='ocrx_word' id='word_1_167' title='bbox 2209 1194 2319 1240; x_wconf 92' lang='lat' dir='ltr'>tum</span> <span class='ocrx_word' id='word_1_168' title='bbox 2348 1186 2579 1243; x_wconf 88' lang='lat' dir='ltr'>invicem</span> <span class='ocrx_word' id='word_1_169' title='bbox 2611 1188 2679 1241; x_wconf 92' lang='lat' dir='ltr'>de</span> <span class='ocrx_word' id='word_1_170' title='bbox 2719 1203 2779 1242; x_wconf 91' lang='lat' dir='ltr'>se</span> <span class='ocrx_word' id='word_1_171' title='bbox 2829 1187 3195 1257; x_wconf 90' lang='lat' dir='ltr'>spectaculum</span> <span class='ocrx_word' id='word_1_172' title='bbox 3242 1187 3633 1243; x_wconf 86' lang='lat' dir='ltr'>delectabiliter</span> <span class='ocrx_word' id='word_1_173' title='bbox 3663 1188 3814 1241; x_wconf 86' lang='lat' dir='ltr'>exhi-</span> 
     </span>
    </p>
   </div>
   <div class='ocr_carea' id='block_1_25' title="bbox 2212 1275 3816 1347">
    <p class='ocr_par' dir='ltr' id='par_1_25' title="bbox 2212 1275 3816 1347">
     <span class='ocr_line' id='line_1_25' title="bbox 2212 1275 3816 1347; baseline 0.001 -18"><span class='ocrx_word' id='word_1_174' title='bbox 2212 1275 2432 1329; x_wconf 89' lang='lat' dir='ltr'>bebant.</span> <span class='ocrx_word' id='word_1_175' title='bbox 2473 1275 2667 1331; x_wconf 88' lang='lat' dir='ltr'>Oblata</span> <span class='ocrx_word' id='word_1_176' title='bbox 2700 1283 2823 1329; x_wconf 91' lang='lat' dir='ltr'>sunt</span> <span class='ocrx_word' id='word_1_177' title='bbox 2856 1275 3075 1346; x_wconf 91' lang='lat' dir='ltr'>quidem</span> <span class='ocrx_word' id='word_1_178' title='bbox 3105 1292 3275 1346; x_wconf 90' lang='lat' dir='ltr'>puero</span> <span class='ocrx_word' id='word_1_179' title='bbox 3305 1277 3370 1329; x_wconf 91' lang='lat' dir='ltr'>ab</span> <span class='ocrx_word' id='word_1_180' title='bbox 3418 1276 3537 1346; x_wconf 90' lang='lat' dir='ltr'>ipso</span> <span class='ocrx_word' id='word_1_181' title='bbox 3567 1275 3816 1347; x_wconf 53' lang='lat' dir='ltr'>episcopo</span> 
     </span>
    </p>
   </div>
   <div class='ocr_carea' id='block_1_26' title="bbox 2204 1364 3817 1435">
    <p class='ocr_par' dir='ltr' id='par_1_26' title="bbox 2204 1364 3817 1435">
     <span class='ocr_line' id='line_1_26' title="bbox 2204 1364 3817 1435; baseline 0.001 -18"><span class='ocrx_word' id='word_1_182' title='bbox 2204 1380 2385 1433; x_wconf 86' lang='lat' dir='ltr'>poma,</span> <span class='ocrx_word' id='word_1_183' title='bbox 2428 1364 2514 1419; x_wconf 91' lang='lat' dir='ltr'>vel</span> <span class='ocrx_word' id='word_1_184' title='bbox 2545 1381 2665 1435; x_wconf 67' lang='lat' dir='ltr'>quae</span> <span class='ocrx_word' id='word_1_185' title='bbox 2697 1364 2896 1417; x_wconf 87' lang='lat' dir='ltr'>talibus</span> <span class='ocrx_word' id='word_1_186' title='bbox 2926 1365 3106 1418; x_wconf 88' lang='lat' dir='ltr'>solent</span> <span class='ocrx_word' id='word_1_187' title='bbox 3136 1380 3259 1419; x_wconf 92' lang='lat' dir='ltr'>esse</span> <span class='ocrx_word' id='word_1_188' title='bbox 3281 1372 3435 1433; x_wconf 82' lang='lat' dir='ltr'>grata</span> <span class='ocrx_word' id='word_1_189' title='bbox 3463 1365 3669 1434; x_wconf 84' lang='lat' dir='ltr'>pueris,</span> <span class='ocrx_word' id='word_1_190' title='bbox 3705 1365 3817 1435; x_wconf 90' lang='lat' dir='ltr'>ple-</span> 
     </span>
    </p>
   </div>
   <div class='ocr_carea' id='block_1_27' title="bbox 2207 1452 3819 1525">
    <p class='ocr_par' dir='ltr' id='par_1_27' title="bbox 2207 1452 3819 1525">
     <span class='ocr_line' id='line_1_27' title="bbox 2207 1452 3819 1525; baseline 0.001 -20"><span class='ocrx_word' id='word_1_191' title='bbox 2207 1468 2396 1523; x_wconf 85' lang='lat' dir='ltr'>raque,</span> <span class='ocrx_word' id='word_1_192' title='bbox 2432 1452 2643 1524; x_wconf 90' lang='lat' dir='ltr'>aliaque</span> <span class='ocrx_word' id='word_1_193' title='bbox 2676 1452 2909 1525; x_wconf 86' lang='lat' dir='ltr'>singula,</span> <span class='ocrx_word' id='word_1_194' title='bbox 2944 1469 3005 1507; x_wconf 88' lang='lat' dir='ltr'>ac</span> <span class='ocrx_word' id='word_1_195' title='bbox 3037 1452 3083 1506; x_wconf 92' lang='lat' dir='ltr'>si</span> <span class='ocrx_word' id='word_1_196' title='bbox 3113 1453 3270 1508; x_wconf 66' lang='lat' dir='ltr'>taedio</span> <span class='ocrx_word' id='word_1_197' title='bbox 3303 1453 3403 1507; x_wconf 86' lang='lat' dir='ltr'>sibi</span> <span class='ocrx_word' id='word_1_198' title='bbox 3428 1452 3627 1519; x_wconf 80' lang='lat' dir='ltr'>forent,</span> <span class='ocrx_word' id='word_1_199' title='bbox 3653 1454 3819 1523; x_wconf 84' lang='lat' dir='ltr'>repel-</span> 
     </span>
    </p>
   </div>
   <div class='ocr_carea' id='block_1_28' title="bbox 2207 1541 3817 1612">
    <p class='ocr_par' dir='ltr' id='par_1_28' title="bbox 2207 1541 3817 1612">
     <span class='ocr_line' id='line_1_28' title="bbox 2207 1541 3817 1612; baseline 0.001 -18"><span class='ocrx_word' id='word_1_200' title='bbox 2207 1541 2368 1595; x_wconf 91' lang='lat' dir='ltr'>lebat.</span> <span class='ocrx_word' id='word_1_201' title='bbox 2404 1541 2538 1609; x_wconf 61' lang='lat' dir='ltr'>Quae</span> <span class='ocrx_word' id='word_1_202' title='bbox 2570 1541 2883 1611; x_wconf 90' lang='lat' dir='ltr'>repellendo</span> <span class='ocrx_word' id='word_1_203' title='bbox 2928 1550 3075 1607; x_wconf 89' lang='lat' dir='ltr'>tunc,</span> <span class='ocrx_word' id='word_1_204' title='bbox 3110 1541 3263 1612; x_wconf 90' lang='lat' dir='ltr'>quasi</span> <span class='ocrx_word' id='word_1_205' title='bbox 3320 1542 3556 1607; x_wconf 86' lang='lat' dir='ltr'>vicisset,</span> <span class='ocrx_word' id='word_1_206' title='bbox 3591 1550 3738 1596; x_wconf 90' lang='lat' dir='ltr'>totus</span> <span class='ocrx_word' id='word_1_207' title='bbox 3768 1543 3817 1595; x_wconf 89' lang='lat' dir='ltr'>in</span> 
     </span>
    </p>
   </div>
   <div class='ocr_carea' id='block_1_29' title="bbox 572 1630 3816 1724">
    <p class='ocr_par' dir='ltr' id='par_1_29' title="bbox 572 1630 3816 1724">
     <span class='ocr_line' id='line_1_29' title="bbox 572 1630 3816 1724; baseline -0.002 -17"><span class='ocrx_word' id='word_1_208' title='bbox 572 1656 649 1707; x_wconf 88' lang='lat' dir='ltr'>Ex</span> <span class='ocrx_word' id='word_1_209' title='bbox 682 1653 845 1707; x_wconf 88' lang='lat' dir='ltr'>multa</span> <span class='ocrx_word' id='word_1_210' title='bbox 878 1653 1096 1724; x_wconf 88' lang='lat' dir='ltr'>quidem</span> <span class='ocrx_word' id='word_1_211' title='bbox 1156 1653 1435 1723; x_wconf 86' lang='lat' dir='ltr'>parvitatis</span> <span class='ocrx_word' id='word_1_212' title='bbox 1493 1662 1544 1707; x_wconf 89' lang='lat' dir='ltr'>et</span> <span class='ocrx_word' id='word_1_213' title='bbox 1574 1653 1898 1708; x_wconf 72' lang='lat' dir='ltr'>innocentia:</span> <span class='ocrx_word' id='word_1_214' title='bbox 1927 1652 2104 1706; x_wconf 89' lang='lat' dir='ltr'>abun-</span> <span class='ocrx_word' id='word_1_215' title='bbox 2126 1660 2178 1718; x_wconf 85' lang='grc' dir='ltr'>Β</span> <span class='ocrx_word' id='word_1_216' title='bbox 2208 1630 2523 1724; x_wconf 54' lang='grc' dir='ltr'>θρίεοφρωη</span> <span class='ocrx_word' id='word_1_217' title='bbox 2545 1630 2802 1724; x_wconf 54' lang='lat' dir='ltr'>inhiabat:</span> <span class='ocrx_word' id='word_1_218' title='bbox 2840 1631 3016 1724; x_wconf 45' lang='lat' dir='ltr'>IPSIUS</span> <span class='ocrx_word' id='word_1_219' title='bbox 3033 1631 3519 1724; x_wconf 52' lang='lat' dir='ltr'>_Cl}10quenumc_i_53</span> <span class='ocrx_word' id='word_1_220' title='bbox 3553 1648 3675 1724; x_wconf 41' lang='lat' dir='ltr'>(In?</span> <span class='ocrx_word' id='word_1_221' title='bbox 3696 1648 3816 1686; x_wconf 69' lang='lat' dir='ltr'>eum</span> 
     </span>
    </p>
   </div>
   <div class='ocr_carea' id='block_1_30' title="bbox 499 1718 3817 1812">
    <p class='ocr_par' dir='ltr' id='par_1_30' title="bbox 499 1718 3817 1812">
     <span class='ocr_line' id='line_1_30' title="bbox 499 1718 3817 1812; baseline -0.007 -17"><span class='ocrx_word' id='word_1_222' title='bbox 499 1742 701 1808; x_wconf 89' lang='lat' dir='ltr'>dantia,</span> <span class='ocrx_word' id='word_1_223' title='bbox 725 1750 782 1796; x_wconf 94' lang='lat' dir='ltr'>ut</span> <span class='ocrx_word' id='word_1_224' title='bbox 815 1718 924 1796; x_wconf 78' lang='lat' dir='ltr'>erat</span> <span class='ocrx_word' id='word_1_225' title='bbox 957 1718 1314 1812; x_wconf 81' lang='lat' dir='ltr'>simplicitatis</span> <span class='ocrx_word' id='word_1_226' title='bbox 1364 1750 1415 1796; x_wconf 91' lang='lat' dir='ltr'>et</span> <span class='ocrx_word' id='word_1_227' title='bbox 1484 1742 1760 1796; x_wconf 79' lang='lat' dir='ltr'>munditiae</span> <span class='ocrx_word' id='word_1_228' title='bbox 1804 1741 2109 1811; x_wconf 72' lang='lat' dir='ltr'>praecipuus</span> <span class='ocrx_word' id='word_1_229' title='bbox 2209 1718 2475 1812; x_wconf 52' lang='lat' dir='ltr'>gesufllat.</span> <span class='ocrx_word' id='word_1_230' title='bbox 2501 1735 2623 1773; x_wconf 71' lang='lat' dir='ltr'>cum</span> <span class='ocrx_word' id='word_1_231' title='bbox 2656 1719 2889 1812; x_wconf 48' lang='lat' dir='ltr'>(inodum</span> <span class='ocrx_word' id='word_1_232' title='bbox 2921 1718 3138 1812; x_wconf 51' lang='lat' dir='ltr'>fastidio</span> <span class='ocrx_word' id='word_1_233' title='bbox 3177 1735 3368 1812; x_wconf 71' lang='lat' dir='ltr'>manus</span> <span class='ocrx_word' id='word_1_234' title='bbox 3409 1718 3514 1812; x_wconf 80' lang='lat' dir='ltr'>sibi</span> <span class='ocrx_word' id='word_1_235' title='bbox 3568 1720 3817 1812; x_wconf 87' lang='lat' dir='ltr'>admotas</span> 
     </span>
    </p>
   </div>
   <div class='ocr_carea' id='block_1_31' title="bbox 500 1829 2107 1897">
    <p class='ocr_par' dir='ltr' id='par_1_31' title="bbox 500 1829 2107 1897">
     <span class='ocr_line' id='line_1_31' title="bbox 500 1829 2107 1897; baseline -0.001 -13"><span class='ocrx_word' id='word_1_236' title='bbox 500 1838 714 1885; x_wconf 90' lang='lat' dir='ltr'>amator</span> <span class='ocrx_word' id='word_1_237' title='bbox 743 1838 797 1885; x_wconf 91' lang='lat' dir='ltr'>et</span> <span class='ocrx_word' id='word_1_238' title='bbox 823 1839 1026 1897; x_wconf 89' lang='lat' dir='ltr'>custos,</span> <span class='ocrx_word' id='word_1_239' title='bbox 1063 1829 1353 1885; x_wconf 88' lang='lat' dir='ltr'>infantulos</span> <span class='ocrx_word' id='word_1_240' title='bbox 1377 1830 1459 1884; x_wconf 88' lang='lat' dir='ltr'>vir</span> <span class='ocrx_word' id='word_1_241' title='bbox 1496 1838 1711 1886; x_wconf 89' lang='lat' dir='ltr'>sanctus</span> <span class='ocrx_word' id='word_1_242' title='bbox 1769 1830 1908 1884; x_wconf 89' lang='lat' dir='ltr'>miro</span> <span class='ocrx_word' id='word_1_243' title='bbox 1941 1844 2107 1883; x_wconf 87' lang='lat' dir='ltr'>exeo-</span> 
     </span>
    </p>
   </div>
   <div class='ocr_carea' id='block_1_32' title="bbox 502 1918 2109 1985">
    <p class='ocr_par' dir='ltr' id='par_1_32' title="bbox 502 1918 2109 1985">
     <span class='ocr_line' id='line_1_32' title="bbox 502 1918 2109 1985; baseline -0.002 -12"><span class='ocrx_word' id='word_1_244' title='bbox 502 1919 646 1973; x_wconf 88' lang='lat' dir='ltr'>lebat</span> <span class='ocrx_word' id='word_1_245' title='bbox 683 1918 899 1985; x_wconf 73' lang='lat' dir='ltr'>aﬂ&#39;ectu,</span> <span class='ocrx_word' id='word_1_246' title='bbox 932 1935 1042 1974; x_wconf 90' lang='lat' dir='ltr'>non</span> <span class='ocrx_word' id='word_1_247' title='bbox 1067 1920 1229 1974; x_wconf 91' lang='lat' dir='ltr'>modo</span> <span class='ocrx_word' id='word_1_248' title='bbox 1251 1919 1637 1984; x_wconf 87' lang='lat' dir='ltr'>sinceritatem,</span> <span class='ocrx_word' id='word_1_249' title='bbox 1674 1919 1771 1973; x_wconf 90' lang='lat' dir='ltr'>sed</span> <span class='ocrx_word' id='word_1_250' title='bbox 1799 1918 1961 1973; x_wconf 86' lang='lat' dir='ltr'>etiam</span> <span class='ocrx_word' id='word_1_251' title='bbox 1991 1924 2109 1972; x_wconf 86' lang='lat' dir='ltr'>aeta-</span> 
     </span>
    </p>
   </div>
   <div class='ocr_carea' id='block_1_33' title="bbox 503 2006 2106 2078">
    <p class='ocr_par' dir='ltr' id='par_1_33' title="bbox 503 2006 2106 2078">
     <span class='ocr_line' id='line_1_33' title="bbox 503 2006 2106 2078; baseline -0.002 -17"><span class='ocrx_word' id='word_1_252' title='bbox 503 2016 614 2063; x_wconf 91' lang='lat' dir='ltr'>tem</span> <span class='ocrx_word' id='word_1_253' title='bbox 667 2008 985 2078; x_wconf 90' lang='lat' dir='ltr'>respiciens.</span> <span class='ocrx_word' id='word_1_254' title='bbox 1047 2008 1291 2062; x_wconf 90' lang='lat' dir='ltr'>Parvulis</span> <span class='ocrx_word' id='word_1_255' title='bbox 1323 2008 1486 2072; x_wconf 92' lang='lat' dir='ltr'>enim,</span> <span class='ocrx_word' id='word_1_256' title='bbox 1546 2008 1636 2060; x_wconf 92' lang='lat' dir='ltr'>ubi</span> <span class='ocrx_word' id='word_1_257' title='bbox 1669 2023 1764 2061; x_wconf 91' lang='lat' dir='ltr'>eos</span> <span class='ocrx_word' id='word_1_258' title='bbox 1796 2006 2106 2076; x_wconf 88' lang='lat' dir='ltr'>reperisset,</span> 
     </span>
    </p>
   </div>
   <div class='ocr_carea' id='block_1_34' title="bbox 500 2095 2111 2167">
    <p class='ocr_par' dir='ltr' id='par_1_34' title="bbox 500 2095 2111 2167">
     <span class='ocr_line' id='line_1_34' title="bbox 500 2095 2111 2167; baseline -0.003 -18"><span class='ocrx_word' id='word_1_259' title='bbox 500 2096 764 2167; x_wconf 89' lang='lat' dir='ltr'>spirituali</span> <span class='ocrx_word' id='word_1_260' title='bbox 796 2097 1029 2167; x_wconf 90' lang='lat' dir='ltr'>quadam</span> <span class='ocrx_word' id='word_1_261' title='bbox 1086 2097 1347 2151; x_wconf 88' lang='lat' dir='ltr'>suavitate</span> <span class='ocrx_word' id='word_1_262' title='bbox 1380 2095 1589 2151; x_wconf 89' lang='lat' dir='ltr'>dulcius</span> <span class='ocrx_word' id='word_1_263' title='bbox 1645 2095 2016 2163; x_wconf 89' lang='lat' dir='ltr'>adjocabatur,</span> <span class='ocrx_word' id='word_1_264' title='bbox 2061 2098 2111 2148; x_wconf 92' lang='lat' dir='ltr'>et</span> 
     </span>
    </p>
   </div>
   <div class='ocr_carea' id='block_1_35' title="bbox 500 2183 2110 2251">
    <p class='ocr_par' dir='ltr' id='par_1_35' title="bbox 500 2183 2110 2251">
     <span class='ocr_line' id='line_1_35' title="bbox 500 2183 2110 2251; baseline -0.002 -12"><span class='ocrx_word' id='word_1_265' title='bbox 500 2200 533 2239; x_wconf 89' lang='lat' dir='ltr'>a</span> <span class='ocrx_word' id='word_1_266' title='bbox 562 2184 759 2238; x_wconf 88' lang='lat' dir='ltr'>talibus</span> <span class='ocrx_word' id='word_1_267' title='bbox 814 2184 903 2238; x_wconf 88' lang='lat' dir='ltr'>vix</span> <span class='ocrx_word' id='word_1_268' title='bbox 949 2185 1123 2239; x_wconf 88' lang='lat' dir='ltr'>adhuc</span> <span class='ocrx_word' id='word_1_269' title='bbox 1182 2184 1604 2239; x_wconf 90' lang='lat' dir='ltr'>balbutientibus</span> <span class='ocrx_word' id='word_1_270' title='bbox 1652 2183 1774 2237; x_wconf 90' lang='lat' dir='ltr'>miri</span> <span class='ocrx_word' id='word_1_271' title='bbox 1831 2183 2110 2251; x_wconf 85' lang='lat' dir='ltr'>cujusdam</span> 
     </span>
    </p>
   </div>
   <div class='ocr_carea' id='block_1_36' title="bbox 503 2271 2113 2343">
    <p class='ocr_par' dir='ltr' id='par_1_36' title="bbox 503 2271 2113 2343">
     <span class='ocr_line' id='line_1_36' title="bbox 503 2271 2113 2343; baseline -0.001 -17"><span class='ocrx_word' id='word_1_272' title='bbox 503 2272 708 2343; x_wconf 88' lang='lat' dir='ltr'>leporis</span> <span class='ocrx_word' id='word_1_273' title='bbox 780 2272 1108 2328; x_wconf 89' lang='lat' dir='ltr'>scmiverbia</span> <span class='ocrx_word' id='word_1_274' title='bbox 1147 2272 1418 2328; x_wconf 87' lang='lat' dir='ltr'>eliciebat.</span> <span class='ocrx_word' id='word_1_275' title='bbox 1486 2272 1834 2342; x_wconf 82' lang='lat' dir='ltr'>Imprimebat</span> <span class='ocrx_word' id='word_1_276' title='bbox 1883 2271 2113 2325; x_wconf 88' lang='lat' dir='ltr'>subinde</span> 
     </span>
    </p>
   </div>
   <div class='ocr_carea' id='block_1_37' title="bbox 501 2358 2112 2432">
    <p class='ocr_par' dir='ltr' id='par_1_37' title="bbox 501 2358 2112 2432">
     <span class='ocr_line' id='line_1_37' title="bbox 501 2358 2112 2432; baseline -0.002 -17"><span class='ocrx_word' id='word_1_277' title='bbox 501 2361 771 2415; x_wconf 85' lang='lat' dir='ltr'>frontibus</span> <span class='ocrx_word' id='word_1_278' title='bbox 810 2361 897 2416; x_wconf 93' lang='lat' dir='ltr'>vel</span> <span class='ocrx_word' id='word_1_279' title='bbox 955 2361 1260 2432; x_wconf 87' lang='lat' dir='ltr'>quibusque</span> <span class='ocrx_word' id='word_1_280' title='bbox 1315 2362 1567 2416; x_wconf 88' lang='lat' dir='ltr'>sensibus</span> <span class='ocrx_word' id='word_1_281' title='bbox 1605 2376 1791 2415; x_wconf 91' lang='lat' dir='ltr'>eorum</span> <span class='ocrx_word' id='word_1_282' title='bbox 1844 2358 2112 2415; x_wconf 81' lang='lat' dir='ltr'>vivificum</span> 
     </span>
    </p>
   </div>
   <div class='ocr_carea' id='block_1_38' title="bbox 500 2448 2113 2522">
    <p class='ocr_par' dir='ltr' id='par_1_38' title="bbox 500 2448 2113 2522">
     <span class='ocr_line' id='line_1_38' title="bbox 500 2448 2113 2522; baseline -0.001 -19"><span class='ocrx_word' id='word_1_283' title='bbox 500 2458 702 2506; x_wconf 79' lang='lat' dir='ltr'>sanctae</span> <span class='ocrx_word' id='word_1_284' title='bbox 732 2450 907 2505; x_wconf 91' lang='lat' dir='ltr'>crucis</span> <span class='ocrx_word' id='word_1_285' title='bbox 934 2449 1173 2522; x_wconf 89' lang='lat' dir='ltr'>signum,</span> <span class='ocrx_word' id='word_1_286' title='bbox 1208 2450 1383 2503; x_wconf 87' lang='lat' dir='ltr'>fausta</span> <span class='ocrx_word' id='word_1_287' title='bbox 1413 2448 1492 2503; x_wconf 89' lang='lat' dir='ltr'>eis</span> <span class='ocrx_word' id='word_1_288' title='bbox 1528 2450 1857 2519; x_wconf 87' lang='lat' dir='ltr'>imprccans,</span> <span class='ocrx_word' id='word_1_289' title='bbox 1909 2463 2113 2517; x_wconf 90' lang='lat' dir='ltr'>eosque</span> 
     </span>
    </p>
   </div>
   <div class='ocr_carea' id='block_1_39' title="bbox 500 2536 2114 2609">
    <p class='ocr_par' dir='ltr' id='par_1_39' title="bbox 500 2536 2114 2609">
     <span class='ocr_line' id='line_1_39' title="bbox 500 2536 2114 2609; baseline -0.001 -18"><span class='ocrx_word' id='word_1_290' title='bbox 500 2538 691 2593; x_wconf 89' lang='lat' dir='ltr'>iterata</span> <span class='ocrx_word' id='word_1_291' title='bbox 726 2539 924 2609; x_wconf 75' lang='lat' dir='ltr'>saepius</span> <span class='ocrx_word' id='word_1_292' title='bbox 958 2538 1337 2593; x_wconf 87' lang='lat' dir='ltr'>benedictione</span> <span class='ocrx_word' id='word_1_293' title='bbox 1359 2538 1754 2593; x_wconf 90' lang='lat' dir='ltr'>communiens.</span> <span class='ocrx_word' id='word_1_294' title='bbox 1789 2536 1869 2590; x_wconf 91' lang='lat' dir='ltr'>Illi</span> <span class='ocrx_word' id='word_1_295' title='bbox 1900 2551 2114 2607; x_wconf 89' lang='lat' dir='ltr'>quoque</span> 
     </span>
    </p>
   </div>
   <div class='ocr_carea' id='block_1_40' title="bbox 509 2625 2109 2695">
    <p class='ocr_par' dir='ltr' id='par_1_40' title="bbox 509 2625 2109 2695">
     <span class='ocr_line' id='line_1_40' title="bbox 509 2625 2109 2695; baseline -0.002 -15"><span class='ocrx_word' id='word_1_296' title='bbox 509 2627 645 2680; x_wconf 88' lang='lat' dir='ltr'>mira</span> <span class='ocrx_word' id='word_1_297' title='bbox 675 2627 724 2681; x_wconf 91' lang='lat' dir='ltr'>ei</span> <span class='ocrx_word' id='word_1_298' title='bbox 763 2627 1001 2682; x_wconf 90' lang='lat' dir='ltr'>vicissim</span> <span class='ocrx_word' id='word_1_299' title='bbox 1034 2627 1305 2681; x_wconf 88' lang='lat' dir='ltr'>celeritate</span> <span class='ocrx_word' id='word_1_300' title='bbox 1352 2626 1684 2681; x_wconf 85' lang='lat' dir='ltr'>familiariter</span> <span class='ocrx_word' id='word_1_301' title='bbox 1711 2625 1952 2679; x_wconf 89' lang='lat' dir='ltr'>alludere</span> <span class='ocrx_word' id='word_1_302' title='bbox 1983 2640 2109 2695; x_wconf 89' lang='lat' dir='ltr'>gau-</span> 
     </span>
    </p>
   </div>
   <div class='ocr_carea' id='block_1_41' title="bbox 503 2700 2115 2785">
    <p class='ocr_par' dir='ltr' id='par_1_41' title="bbox 503 2700 2115 2785">
     <span class='ocr_line' id='line_1_41' title="bbox 503 2700 2115 2785; baseline -0.002 -17"><span class='ocrx_word' id='word_1_303' title='bbox 503 2714 719 2781; x_wconf 88' lang='lat' dir='ltr'>debant,</span> <span class='ocrx_word' id='word_1_304' title='bbox 746 2715 945 2785; x_wconf 90' lang='lat' dir='ltr'>quique</span> <span class='ocrx_word' id='word_1_305' title='bbox 964 2714 1205 2771; x_wconf 90' lang='lat' dir='ltr'>omnium</span> <span class='ocrx_word' id='word_1_306' title='bbox 1228 2730 1366 2784; x_wconf 89' lang='lat' dir='ltr'>pene</span> <span class='ocrx_word' id='word_1_307' title='bbox 1385 2715 1626 2769; x_wconf 88' lang='lat' dir='ltr'>virorum</span> <span class='ocrx_word' id='word_1_308' title='bbox 1660 2721 1913 2784; x_wconf 89' lang='lat' dir='ltr'>aspectus</span> <span class='ocrx_word' id='word_1_309' title='bbox 1941 2700 2115 2767; x_wconf 85' lang='lat' dir='ltr'>vereri</span> 
     </span>
    </p>
   </div>
   <div class='ocr_carea' id='block_1_42' title="bbox 504 2801 2116 2873">
    <p class='ocr_par' dir='ltr' id='par_1_42' title="bbox 504 2801 2116 2873">
     <span class='ocr_line' id='line_1_42' title="bbox 504 2801 2116 2873; baseline -0.002 -17"><span class='ocrx_word' id='word_1_310' title='bbox 504 2802 774 2867; x_wconf 89' lang='lat' dir='ltr'>solebant,</span> <span class='ocrx_word' id='word_1_311' title='bbox 807 2802 855 2856; x_wconf 91' lang='lat' dir='ltr'>ei</span> <span class='ocrx_word' id='word_1_312' title='bbox 900 2802 1077 2872; x_wconf 89' lang='lat' dir='ltr'>potius</span> <span class='ocrx_word' id='word_1_313' title='bbox 1134 2818 1297 2873; x_wconf 89' lang='lat' dir='ltr'>quam</span> <span class='ocrx_word' id='word_1_314' title='bbox 1329 2817 1428 2857; x_wconf 92' lang='lat' dir='ltr'>suo</span> <span class='ocrx_word' id='word_1_315' title='bbox 1475 2801 1686 2873; x_wconf 89' lang='lat' dir='ltr'>parenti</span> <span class='ocrx_word' id='word_1_316' title='bbox 1743 2801 2116 2856; x_wconf 89' lang='lat' dir='ltr'>desideranter</span> 
     </span>
    </p>
   </div>
   <div class='ocr_carea' id='block_1_43' title="bbox 502 2890 874 2946">
    <p class='ocr_par' dir='ltr' id='par_1_43' title="bbox 502 2890 874 2946">
     <span class='ocr_line' id='line_1_43' title="bbox 502 2890 874 2946; baseline 0.003 -3"><span class='ocrx_word' id='word_1_317' title='bbox 502 2890 874 2946; x_wconf 87' lang='lat' dir='ltr'>adhaerebant.</span> 
     </span>
    </p>
   </div>
   <div class='ocr_carea' id='block_1_44' title="bbox 574 2976 2189 3075">
    <p class='ocr_par' dir='ltr' id='par_1_44' title="bbox 574 2976 2189 3075">
     <span class='ocr_line' id='line_1_44' title="bbox 574 2976 2189 3075; baseline -0.003 -40"><span class='ocrx_word' id='word_1_318' title='bbox 574 2979 819 3035; x_wconf 81' lang='lat' dir='ltr'>Vidimus</span> <span class='ocrx_word' id='word_1_319' title='bbox 850 2978 1135 3050; x_wconf 90' lang='lat' dir='ltr'>parvulum</span> <span class='ocrx_word' id='word_1_320' title='bbox 1165 2978 1453 3051; x_wconf 88' lang='lat' dir='ltr'>quemdam</span> <span class='ocrx_word' id='word_1_321' title='bbox 1483 2979 1632 3050; x_wconf 78' lang='grc'>(123)</span> <span class='ocrx_word' id='word_1_322' title='bbox 1664 2994 1881 3075; x_wconf 80' lang='lat' dir='ltr'>menses</span> <span class='ocrx_word' id='word_1_323' title='bbox 1921 2993 2016 3033; x_wconf 89' lang='lat' dir='ltr'>sex</span> <span class='ocrx_word' id='word_1_324' title='bbox 2045 2976 2113 3031; x_wconf 88' lang='lat' dir='ltr'>ab</span> <span class='ocrx_word' id='word_1_325' title='bbox 2144 3014 2189 3075; x_wconf 68' lang='grc' dir='ltr'><strong>Ο</strong></span> 
     </span>
    </p>
   </div>
   <div class='ocr_carea' id='block_1_45' title="bbox 502 3066 2108 3136">
    <p class='ocr_par' dir='ltr' id='par_1_45' title="bbox 502 3066 2108 3136">
     <span class='ocr_line' id='line_1_45' title="bbox 502 3066 2108 3136; baseline -0.001 -14"><span class='ocrx_word' id='word_1_326' title='bbox 502 3075 625 3123; x_wconf 92' lang='lat' dir='ltr'>ortu</span> <span class='ocrx_word' id='word_1_327' title='bbox 673 3068 980 3136; x_wconf 85' lang='lat' dir='ltr'>habentem,</span> <span class='ocrx_word' id='word_1_328' title='bbox 1043 3084 1167 3123; x_wconf 91' lang='lat' dir='ltr'>cum</span> <span class='ocrx_word' id='word_1_329' title='bbox 1228 3069 1277 3123; x_wconf 94' lang='lat' dir='ltr'>ei</span> <span class='ocrx_word' id='word_1_330' title='bbox 1334 3068 1569 3123; x_wconf 90' lang='lat' dir='ltr'>frontem</span> <span class='ocrx_word' id='word_1_331' title='bbox 1617 3066 1911 3123; x_wconf 87' lang='lat' dir='ltr'>chrismate</span> <span class='ocrx_word' id='word_1_332' title='bbox 1949 3081 2108 3122; x_wconf 91' lang='lat' dir='ltr'>sacro</span> 
     </span>
    </p>
   </div>
   <div class='ocr_carea' id='block_1_46' title="bbox 502 3156 2110 3229">
    <p class='ocr_par' dir='ltr' id='par_1_46' title="bbox 502 3156 2110 3229">
     <span class='ocr_line' id='line_1_46' title="bbox 502 3156 2110 3229; baseline -0.002 -17"><span class='ocrx_word' id='word_1_333' title='bbox 502 3157 849 3228; x_wconf 84' lang='lat' dir='ltr'>eonsignaret</span> <span class='ocrx_word' id='word_1_334' title='bbox 908 3157 1216 3229; x_wconf 91' lang='lat' dir='ltr'>episcopus,</span> <span class='ocrx_word' id='word_1_335' title='bbox 1277 3157 1440 3211; x_wconf 87' lang='lat' dir='ltr'>tantis</span> <span class='ocrx_word' id='word_1_336' title='bbox 1487 3156 1565 3210; x_wconf 91' lang='lat' dir='ltr'>illi</span> <span class='ocrx_word' id='word_1_337' title='bbox 1622 3156 1863 3211; x_wconf 91' lang='lat' dir='ltr'>omnium</span> <span class='ocrx_word' id='word_1_338' title='bbox 1897 3163 2110 3211; x_wconf 89' lang='lat' dir='ltr'>artuum</span> 
     </span>
    </p>
   </div>
   <div class='ocr_carea' id='block_1_47' title="bbox 502 3243 2112 3318">
    <p class='ocr_par' dir='ltr' id='par_1_47' title="bbox 502 3243 2112 3318">
     <span class='ocr_line' id='line_1_47' title="bbox 502 3243 2112 3318; baseline -0.001 -20"><span class='ocrx_word' id='word_1_339' title='bbox 502 3246 735 3299; x_wconf 90' lang='lat' dir='ltr'>motibus</span> <span class='ocrx_word' id='word_1_340' title='bbox 760 3245 1115 3317; x_wconf 89' lang='lat' dir='ltr'>applausisse,</span> <span class='ocrx_word' id='word_1_341' title='bbox 1150 3253 1206 3299; x_wconf 90' lang='lat' dir='ltr'>ut</span> <span class='ocrx_word' id='word_1_342' title='bbox 1239 3245 1517 3318; x_wconf 85' lang='lat' dir='ltr'>singulare</span> <span class='ocrx_word' id='word_1_343' title='bbox 1566 3245 1699 3299; x_wconf 91' lang='lat' dir='ltr'>illud</span> <span class='ocrx_word' id='word_1_344' title='bbox 1746 3243 2112 3300; x_wconf 84' lang='lat' dir='ltr'>Praecursoris</span> 
     </span>
    </p>
   </div>
   <div class='ocr_carea' id='block_1_48' title="bbox 504 3332 2112 3405">
    <p class='ocr_par' dir='ltr' id='par_1_48' title="bbox 504 3332 2112 3405">
     <span class='ocr_line' id='line_1_48' title="bbox 504 3332 2112 3405; baseline 0 -18"><span class='ocrx_word' id='word_1_345' title='bbox 504 3333 740 3400; x_wconf 90' lang='lat' dir='ltr'>Domini,</span> <span class='ocrx_word' id='word_1_346' title='bbox 773 3334 829 3388; x_wconf 93' lang='lat' dir='ltr'>in</span> <span class='ocrx_word' id='word_1_347' title='bbox 858 3342 1011 3389; x_wconf 90' lang='lat' dir='ltr'>utero</span> <span class='ocrx_word' id='word_1_348' title='bbox 1045 3333 1383 3399; x_wconf 82' lang='lat' dir='ltr'>exsultantis,</span> <span class='ocrx_word' id='word_1_349' title='bbox 1417 3333 1676 3405; x_wconf 84' lang='lat' dir='ltr'>gaudium</span> <span class='ocrx_word' id='word_1_350' title='bbox 1705 3332 1952 3388; x_wconf 88' lang='lat' dir='ltr'>aemulari</span> <span class='ocrx_word' id='word_1_351' title='bbox 1984 3347 2112 3388; x_wconf 92' lang='lat' dir='ltr'>cre-</span> 
     </span>
    </p>
   </div>
   <div class='ocr_carea' id='block_1_49' title="bbox 503 3420 2113 3493">
    <p class='ocr_par' dir='ltr' id='par_1_49' title="bbox 503 3420 2113 3493">
     <span class='ocr_line' id='line_1_49' title="bbox 503 3420 2113 3493; baseline 0 -18"><span class='ocrx_word' id='word_1_352' title='bbox 503 3421 737 3478; x_wconf 90' lang='lat' dir='ltr'>deretur.</span> <span class='ocrx_word' id='word_1_353' title='bbox 771 3423 1007 3479; x_wconf 87' lang='lat' dir='ltr'>Laxabat</span> <span class='ocrx_word' id='word_1_354' title='bbox 1036 3439 1166 3479; x_wconf 87' lang='lat' dir='ltr'>vero</span> <span class='ocrx_word' id='word_1_355' title='bbox 1195 3421 1267 3477; x_wconf 92' lang='lat' dir='ltr'>ita</span> <span class='ocrx_word' id='word_1_356' title='bbox 1296 3422 1496 3477; x_wconf 89' lang='lat' dir='ltr'>risibus</span> <span class='ocrx_word' id='word_1_357' title='bbox 1528 3421 1941 3493; x_wconf 81' lang='lat' dir='ltr'>inexplebilibus</span> <span class='ocrx_word' id='word_1_358' title='bbox 2000 3420 2113 3475; x_wconf 87' lang='lat' dir='ltr'>oris</span> 
     </span>
    </p>
   </div>
   <div class='ocr_carea' id='block_1_50' title="bbox 2210 1807 3816 1878">
    <p class='ocr_par' dir='ltr' id='par_1_50' title="bbox 2210 1807 3816 1878">
     <span class='ocr_line' id='line_1_50' title="bbox 2210 1807 3816 1878; baseline 0.001 -17"><span class='ocrx_word' id='word_1_359' title='bbox 2210 1808 2529 1877; x_wconf 89' lang='lat' dir='ltr'>respiciens,</span> <span class='ocrx_word' id='word_1_360' title='bbox 2563 1808 2733 1863; x_wconf 91' lang='lat' dir='ltr'>oculis</span> <span class='ocrx_word' id='word_1_361' title='bbox 2763 1808 2813 1861; x_wconf 94' lang='lat' dir='ltr'>in</span> <span class='ocrx_word' id='word_1_362' title='bbox 2848 1807 3163 1878; x_wconf 86' lang='lat' dir='ltr'>episeOpum</span> <span class='ocrx_word' id='word_1_363' title='bbox 3186 1807 3520 1872; x_wconf 88' lang='lat' dir='ltr'>intendebat,</span> <span class='ocrx_word' id='word_1_364' title='bbox 3554 1816 3608 1862; x_wconf 90' lang='lat' dir='ltr'>et</span> <span class='ocrx_word' id='word_1_365' title='bbox 3639 1809 3816 1863; x_wconf 86' lang='lat' dir='ltr'>mani-</span> 
     </span>
    </p>
   </div>
   <div class='ocr_carea' id='block_1_51' title="bbox 2211 1896 3814 1967">
    <p class='ocr_par' dir='ltr' id='par_1_51' title="bbox 2211 1896 3814 1967">
     <span class='ocr_line' id='line_1_51' title="bbox 2211 1896 3814 1967; baseline 0 -17"><span class='ocrx_word' id='word_1_366' title='bbox 2211 1897 2309 1950; x_wconf 91' lang='lat' dir='ltr'>bus</span> <span class='ocrx_word' id='word_1_367' title='bbox 2342 1897 2415 1950; x_wconf 91' lang='lat' dir='ltr'>illi</span> <span class='ocrx_word' id='word_1_368' title='bbox 2448 1897 2830 1967; x_wconf 89' lang='lat' dir='ltr'>applaudebat,</span> <span class='ocrx_word' id='word_1_369' title='bbox 2863 1912 2927 1951; x_wconf 89' lang='lat' dir='ltr'>ac</span> <span class='ocrx_word' id='word_1_370' title='bbox 2978 1912 3071 1951; x_wconf 90' lang='lat' dir='ltr'>ore</span> <span class='ocrx_word' id='word_1_371' title='bbox 3110 1896 3479 1951; x_wconf 88' lang='lat' dir='ltr'>indesinenter</span> <span class='ocrx_word' id='word_1_372' title='bbox 3522 1898 3814 1952; x_wconf 83' lang='lat' dir='ltr'>arridebat.</span> 
     </span>
    </p>
   </div>
   <div class='ocr_carea' id='block_1_52' title="bbox 2281 1985 3817 2056">
    <p class='ocr_par' dir='ltr' id='par_1_52' title="bbox 2281 1985 3817 2056">
     <span class='ocr_line' id='line_1_52' title="bbox 2281 1985 3817 2056; baseline 0.001 -17"><span class='ocrx_word' id='word_1_373' title='bbox 2281 1988 2569 2056; x_wconf 84' lang='lat' dir='ltr'>Asportato</span> <span class='ocrx_word' id='word_1_374' title='bbox 2620 1986 2838 2040; x_wconf 89' lang='lat' dir='ltr'>demum</span> <span class='ocrx_word' id='word_1_375' title='bbox 2898 2001 2982 2051; x_wconf 87' lang='lat' dir='ltr'>eo,</span> <span class='ocrx_word' id='word_1_376' title='bbox 3017 2001 3137 2040; x_wconf 92' lang='lat' dir='ltr'>cum</span> <span class='ocrx_word' id='word_1_377' title='bbox 3168 1985 3491 2039; x_wconf 88' lang='lat' dir='ltr'>mirarentur</span> <span class='ocrx_word' id='word_1_378' title='bbox 3520 1997 3817 2055; x_wconf 67' lang='lat' dir='ltr'>prmsentes</span> 
     </span>
    </p>
   </div>
   <div class='ocr_carea' id='block_1_53' title="bbox 2212 2074 3815 2144">
    <p class='ocr_par' dir='ltr' id='par_1_53' title="bbox 2212 2074 3815 2144">
     <span class='ocr_line' id='line_1_53' title="bbox 2212 2074 3815 2144; baseline 0.001 -17"><span class='ocrx_word' id='word_1_379' title='bbox 2212 2090 2375 2144; x_wconf 84' lang='lat' dir='ltr'>super</span> <span class='ocrx_word' id='word_1_380' title='bbox 2405 2074 2492 2127; x_wconf 87' lang='lat' dir='ltr'>tali</span> <span class='ocrx_word' id='word_1_381' title='bbox 2514 2074 2784 2144; x_wconf 85' lang='lat' dir='ltr'>prodigio,</span> <span class='ocrx_word' id='word_1_382' title='bbox 2818 2082 3125 2128; x_wconf 87' lang='lat' dir='ltr'>asserentes</span> <span class='ocrx_word' id='word_1_383' title='bbox 3144 2090 3419 2144; x_wconf 90' lang='lat' dir='ltr'>nunquam</span> <span class='ocrx_word' id='word_1_384' title='bbox 3442 2074 3619 2128; x_wconf 89' lang='lat' dir='ltr'>visum</span> <span class='ocrx_word' id='word_1_385' title='bbox 3652 2075 3815 2129; x_wconf 85' lang='lat' dir='ltr'>fuisse</span> 
     </span>
    </p>
   </div>
   <div class='ocr_carea' id='block_1_54' title="bbox 2212 2162 3817 2235">
    <p class='ocr_par' dir='ltr' id='par_1_54' title="bbox 2212 2162 3817 2235">
     <span class='ocr_line' id='line_1_54' title="bbox 2212 2162 3817 2235; baseline 0.001 -20"><span class='ocrx_word' id='word_1_386' title='bbox 2212 2162 2507 2232; x_wconf 90' lang='lat' dir='ltr'>tripudium</span> <span class='ocrx_word' id='word_1_387' title='bbox 2549 2171 2653 2216; x_wconf 91' lang='lat' dir='ltr'>tam</span> <span class='ocrx_word' id='word_1_388' title='bbox 2714 2162 3041 2216; x_wconf 89' lang='lat' dir='ltr'>immensum</span> <span class='ocrx_word' id='word_1_389' title='bbox 3069 2162 3122 2214; x_wconf 93' lang='lat' dir='ltr'>in</span> <span class='ocrx_word' id='word_1_390' title='bbox 3172 2169 3278 2216; x_wconf 88' lang='lat' dir='ltr'>tam</span> <span class='ocrx_word' id='word_1_391' title='bbox 3340 2171 3572 2233; x_wconf 89' lang='lat' dir='ltr'>augusto</span> <span class='ocrx_word' id='word_1_392' title='bbox 3619 2179 3817 2235; x_wconf 87' lang='lat' dir='ltr'>corpu-</span> 
     </span>
    </p>
   </div>
   <div class='ocr_carea' id='block_1_55' title="bbox 2214 2250 3818 2321">
    <p class='ocr_par' dir='ltr' id='par_1_55' title="bbox 2214 2250 3818 2321">
     <span class='ocr_line' id='line_1_55' title="bbox 2214 2250 3818 2321; baseline 0.001 -16"><span class='ocrx_word' id='word_1_393' title='bbox 2214 2252 2383 2316; x_wconf 92' lang='lat' dir='ltr'>sculo,</span> <span class='ocrx_word' id='word_1_394' title='bbox 2409 2251 2704 2321; x_wconf 90' lang='lat' dir='ltr'>episcopus</span> <span class='ocrx_word' id='word_1_395' title='bbox 2736 2251 2905 2306; x_wconf 90' lang='lat' dir='ltr'>semel</span> <span class='ocrx_word' id='word_1_396' title='bbox 2928 2251 3057 2304; x_wconf 89' lang='lat' dir='ltr'>alias</span> <span class='ocrx_word' id='word_1_397' title='bbox 3088 2250 3192 2305; x_wconf 87' lang='lat' dir='ltr'>tale</span> <span class='ocrx_word' id='word_1_398' title='bbox 3221 2251 3350 2321; x_wconf 91' lang='lat' dir='ltr'>quid</span> <span class='ocrx_word' id='word_1_399' title='bbox 3385 2268 3443 2306; x_wconf 93' lang='lat' dir='ltr'>se</span> <span class='ocrx_word' id='word_1_400' title='bbox 3465 2252 3674 2306; x_wconf 89' lang='lat' dir='ltr'>vidisse</span> <span class='ocrx_word' id='word_1_401' title='bbox 3698 2270 3818 2307; x_wconf 88' lang='lat' dir='ltr'>nar-</span> 
     </span>
    </p>
   </div>
   <div class='ocr_carea' id='block_1_56' title="bbox 2213 2339 3816 2413">
    <p class='ocr_par' dir='ltr' id='par_1_56' title="bbox 2213 2339 3816 2413">
     <span class='ocr_line' id='line_1_56' title="bbox 2213 2339 3816 2413; baseline 0.001 -19"><span class='ocrx_word' id='word_1_402' title='bbox 2213 2339 2370 2395; x_wconf 86' lang='lat' dir='ltr'>ravit.</span> <span class='ocrx_word' id='word_1_403' title='bbox 2412 2362 2432 2390; x_wconf 79' lang='lat'><strong>«</strong></span> <span class='ocrx_word' id='word_1_404' title='bbox 2478 2341 2617 2393; x_wconf 86' lang='lat' dir='ltr'>Nam</span> <span class='ocrx_word' id='word_1_405' title='bbox 2670 2340 2893 2407; x_wconf 86' lang='lat' dir='ltr'>dudum,</span> <span class='ocrx_word' id='word_1_406' title='bbox 2927 2340 3122 2411; x_wconf 90' lang='lat' dir='ltr'>inquit,</span> <span class='ocrx_word' id='word_1_407' title='bbox 3172 2355 3292 2394; x_wconf 88' lang='lat' dir='ltr'>cum</span> <span class='ocrx_word' id='word_1_408' title='bbox 3322 2340 3618 2409; x_wconf 89' lang='lat' dir='ltr'>prioratum</span> <span class='ocrx_word' id='word_1_409' title='bbox 3650 2358 3816 2413; x_wconf 84' lang='lat' dir='ltr'>gere-</span> 
     </span>
    </p>
   </div>
   <div class='ocr_carea' id='block_1_57' title="bbox 2216 2428 3817 2500">
    <p class='ocr_par' dir='ltr' id='par_1_57' title="bbox 2216 2428 3817 2500">
     <span class='ocr_line' id='line_1_57' title="bbox 2216 2428 3817 2500; baseline 0.001 -17"><span class='ocrx_word' id='word_1_410' title='bbox 2216 2446 2331 2483; x_wconf 92' lang='lat' dir='ltr'>rem</span> <span class='ocrx_word' id='word_1_411' title='bbox 2358 2428 2674 2483; x_wconf 74' lang='lat' dir='ltr'>Witbamiae</span> <span class='ocrx_word' id='word_1_412' title='bbox 2700 2431 2869 2498; x_wconf 76' lang='grc'>(124),</span> <span class='ocrx_word' id='word_1_413' title='bbox 2899 2428 3123 2500; x_wconf 81' lang='lat' dir='ltr'>contigit</span> <span class='ocrx_word' id='word_1_414' title='bbox 3152 2445 3239 2483; x_wconf 91' lang='lat' dir='ltr'>me</span> <span class='ocrx_word' id='word_1_415' title='bbox 3271 2436 3514 2498; x_wconf 89' lang='lat' dir='ltr'>tempore</span> <span class='ocrx_word' id='word_1_416' title='bbox 3544 2431 3817 2500; x_wconf 84' lang='lat' dir='ltr'>generalis</span> 
     </span>
    </p>
   </div>
   <div class='ocr_carea' id='block_1_58' title="bbox 2214 2516 3814 2588">
    <p class='ocr_par' dir='ltr' id='par_1_58' title="bbox 2214 2516 3814 2588">
     <span class='ocr_line' id='line_1_58' title="bbox 2214 2516 3814 2588; baseline 0 -15"><span class='ocrx_word' id='word_1_417' title='bbox 2214 2517 2431 2588; x_wconf 89' lang='lat' dir='ltr'>capituli</span> <span class='ocrx_word' id='word_1_418' title='bbox 2458 2518 2609 2572; x_wconf 90' lang='lat' dir='ltr'>adire</span> <span class='ocrx_word' id='word_1_419' title='bbox 2642 2517 3001 2572; x_wconf 89' lang='lat' dir='ltr'>Carthusiam.</span> <span class='ocrx_word' id='word_1_420' title='bbox 3035 2516 3338 2571; x_wconf 89' lang='lat' dir='ltr'>Occasione</span> <span class='ocrx_word' id='word_1_421' title='bbox 3383 2526 3561 2573; x_wconf 87' lang='lat' dir='ltr'>autem</span> <span class='ocrx_word' id='word_1_422' title='bbox 3604 2519 3814 2573; x_wconf 88' lang='lat' dir='ltr'>itineris</span> 
     </span>
    </p>
   </div>
   <div class='ocr_carea' id='block_1_59' title="bbox 2214 2605 3813 2676">
    <p class='ocr_par' dir='ltr' id='par_1_59' title="bbox 2214 2605 3813 2676">
     <span class='ocr_line' id='line_1_59' title="bbox 2214 2605 3813 2676; baseline 0.001 -17"><span class='ocrx_word' id='word_1_423' title='bbox 2214 2606 2527 2676; x_wconf 67' lang='lat' dir='ltr'>praeteriens</span> <span class='ocrx_word' id='word_1_424' title='bbox 2557 2614 2795 2661; x_wconf 90' lang='lat' dir='ltr'>castrum</span> <span class='ocrx_word' id='word_1_425' title='bbox 2839 2606 2906 2660; x_wconf 90' lang='lat' dir='ltr'>de</span> <span class='ocrx_word' id='word_1_426' title='bbox 2936 2605 3177 2671; x_wconf 85' lang='lat' dir='ltr'>Avalim,</span> <span class='ocrx_word' id='word_1_427' title='bbox 3229 2606 3382 2673; x_wconf 88' lang='lat' dir='ltr'>cujus</span> <span class='ocrx_word' id='word_1_428' title='bbox 3430 2605 3598 2661; x_wconf 88' lang='lat' dir='ltr'>frater</span> <span class='ocrx_word' id='word_1_429' title='bbox 3628 2617 3813 2663; x_wconf 89' lang='lat' dir='ltr'>noster</span> 
     </span>
    </p>
   </div>
   <div class='ocr_carea' id='block_1_60' title="bbox 2214 2693 3815 2758">
    <p class='ocr_par' dir='ltr' id='par_1_60' title="bbox 2214 2693 3815 2758">
     <span class='ocr_line' id='line_1_60' title="bbox 2214 2693 3815 2758; baseline 0.002 -10"><span class='ocrx_word' id='word_1_430' title='bbox 2214 2695 2526 2749; x_wconf 88' lang='lat' dir='ltr'>Willelmus</span> <span class='ocrx_word' id='word_1_431' title='bbox 2557 2711 2738 2750; x_wconf 91' lang='lat' dir='ltr'>arcem</span> <span class='ocrx_word' id='word_1_432' title='bbox 2771 2694 3014 2750; x_wconf 90' lang='lat' dir='ltr'>noscitur</span> <span class='ocrx_word' id='word_1_433' title='bbox 3041 2693 3308 2758; x_wconf 86' lang='lat' dir='ltr'>obtinere,</span> <span class='ocrx_word' id='word_1_434' title='bbox 3344 2694 3613 2750; x_wconf 86' lang='lat' dir='ltr'>declinavi</span> <span class='ocrx_word' id='word_1_435' title='bbox 3638 2697 3698 2749; x_wconf 88' lang='lat' dir='ltr'>in</span> <span class='ocrx_word' id='word_1_436' title='bbox 3728 2698 3815 2751; x_wconf 87' lang='lat' dir='ltr'>do-</span> 
     </span>
    </p>
   </div>
   <div class='ocr_carea' id='block_1_61' title="bbox 2213 2782 3815 2854">
    <p class='ocr_par' dir='ltr' id='par_1_61' title="bbox 2213 2782 3815 2854">
     <span class='ocr_line' id='line_1_61' title="bbox 2213 2782 3815 2854; baseline 0.001 -17"><span class='ocrx_word' id='word_1_437' title='bbox 2213 2799 2358 2837; x_wconf 89' lang='lat' dir='ltr'>mum</span> <span class='ocrx_word' id='word_1_438' title='bbox 2383 2785 2516 2851; x_wconf 88' lang='lat' dir='ltr'>ejus.</span> <span class='ocrx_word' id='word_1_439' title='bbox 2542 2783 2622 2837; x_wconf 91' lang='lat' dir='ltr'>Ibi</span> <span class='ocrx_word' id='word_1_440' title='bbox 2647 2782 2804 2838; x_wconf 90' lang='lat' dir='ltr'>nobis</span> <span class='ocrx_word' id='word_1_441' title='bbox 2833 2782 3256 2854; x_wconf 72' lang='lat' dir='ltr'>praesentabatur</span> <span class='ocrx_word' id='word_1_442' title='bbox 3276 2782 3551 2852; x_wconf 87' lang='lat' dir='ltr'>puerulus,</span> <span class='ocrx_word' id='word_1_443' title='bbox 3580 2785 3815 2840; x_wconf 85' lang='lat' dir='ltr'>necdum</span> 
     </span>
    </p>
   </div>
   <div class='ocr_carea' id='block_1_62' title="bbox 2214 2870 3814 2942">
    <p class='ocr_par' dir='ltr' id='par_1_62' title="bbox 2214 2870 3814 2942">
     <span class='ocr_line' id='line_1_62' title="bbox 2214 2870 3814 2942; baseline 0.002 -17"><span class='ocrx_word' id='word_1_444' title='bbox 2214 2872 2365 2926; x_wconf 90' lang='lat' dir='ltr'>fandi</span> <span class='ocrx_word' id='word_1_445' title='bbox 2391 2872 2613 2942; x_wconf 90' lang='lat' dir='ltr'>peritus,</span> <span class='ocrx_word' id='word_1_446' title='bbox 2648 2871 2789 2926; x_wconf 85' lang='lat' dir='ltr'>filius</span> <span class='ocrx_word' id='word_1_447' title='bbox 2845 2870 3098 2926; x_wconf 91' lang='lat' dir='ltr'>videlicet</span> <span class='ocrx_word' id='word_1_448' title='bbox 3146 2870 3387 2939; x_wconf 90' lang='lat' dir='ltr'>ejusdem</span> <span class='ocrx_word' id='word_1_449' title='bbox 3418 2871 3599 2926; x_wconf 85' lang='lat' dir='ltr'>fratris</span> <span class='ocrx_word' id='word_1_450' title='bbox 3640 2874 3814 2928; x_wconf 89' lang='lat' dir='ltr'>nostri</span> 
     </span>
    </p>
   </div>
   <div class='ocr_carea' id='block_1_63' title="bbox 2218 2958 3816 3031">
    <p class='ocr_par' dir='ltr' id='par_1_63' title="bbox 2218 2958 3816 3031">
     <span class='ocr_line' id='line_1_63' title="bbox 2218 2958 3816 3031; baseline 0.001 -17"><span class='ocrx_word' id='word_1_451' title='bbox 2218 2962 2387 3031; x_wconf 70' lang='grc'>(125).</span> <span class='ocrx_word' id='word_1_452' title='bbox 2424 2962 2523 3017; x_wconf 90' lang='lat' dir='ltr'>Hic</span> <span class='ocrx_word' id='word_1_453' title='bbox 2569 2959 2838 3015; x_wconf 91' lang='lat' dir='ltr'>similibus</span> <span class='ocrx_word' id='word_1_454' title='bbox 2892 2976 2993 3030; x_wconf 90' lang='lat' dir='ltr'>per</span> <span class='ocrx_word' id='word_1_455' title='bbox 3022 2959 3205 3014; x_wconf 89' lang='lat' dir='ltr'>omnia</span> <span class='ocrx_word' id='word_1_456' title='bbox 3251 2958 3408 3013; x_wconf 90' lang='lat' dir='ltr'>nobis</span> <span class='ocrx_word' id='word_1_457' title='bbox 3449 2960 3816 3031; x_wconf 87' lang='lat' dir='ltr'>applaudebat</span> 
     </span>
    </p>
   </div>
   <div class='ocr_carea' id='block_1_64' title="bbox 2213 3047 3817 3119">
    <p class='ocr_par' dir='ltr' id='par_1_64' title="bbox 2213 3047 3817 3119">
     <span class='ocr_line' id='line_1_64' title="bbox 2213 3047 3817 3119; baseline 0.001 -16"><span class='ocrx_word' id='word_1_458' title='bbox 2213 3049 2471 3117; x_wconf 89' lang='lat' dir='ltr'>motibus,</span> <span class='ocrx_word' id='word_1_459' title='bbox 2507 3049 2579 3104; x_wconf 89' lang='lat' dir='ltr'>ita</span> <span class='ocrx_word' id='word_1_460' title='bbox 2607 3056 2662 3104; x_wconf 94' lang='lat' dir='ltr'>ut</span> <span class='ocrx_word' id='word_1_461' title='bbox 2692 3048 2946 3103; x_wconf 89' lang='lat' dir='ltr'>dimissus</span> <span class='ocrx_word' id='word_1_462' title='bbox 2976 3063 3010 3103; x_wconf 91' lang='lat' dir='ltr'>a</span> <span class='ocrx_word' id='word_1_463' title='bbox 3038 3047 3269 3113; x_wconf 87' lang='lat' dir='ltr'>nutrice,</span> <span class='ocrx_word' id='word_1_464' title='bbox 3320 3056 3373 3102; x_wconf 91' lang='lat' dir='ltr'>et</span> <span class='ocrx_word' id='word_1_465' title='bbox 3419 3065 3584 3119; x_wconf 87' lang='lat' dir='ltr'>super</span> <span class='ocrx_word' id='word_1_466' title='bbox 3612 3050 3817 3106; x_wconf 89' lang='lat' dir='ltr'>lectum</span> 
     </span>
    </p>
   </div>
   <div class='ocr_carea' id='block_1_65' title="bbox 2212 3136 3816 3210">
    <p class='ocr_par' dir='ltr' id='par_1_65' title="bbox 2212 3136 3816 3210">
     <span class='ocr_line' id='line_1_65' title="bbox 2212 3136 3816 3210; baseline 0.001 -17"><span class='ocrx_word' id='word_1_467' title='bbox 2212 3147 2455 3194; x_wconf 90' lang='lat' dir='ltr'>nostrum</span> <span class='ocrx_word' id='word_1_468' title='bbox 2528 3138 2824 3210; x_wconf 89' lang='lat' dir='ltr'>expositus,</span> <span class='ocrx_word' id='word_1_469' title='bbox 2886 3137 3026 3192; x_wconf 91' lang='lat' dir='ltr'>inter</span> <span class='ocrx_word' id='word_1_470' title='bbox 3083 3136 3300 3208; x_wconf 85' lang='lat' dir='ltr'>gaudia,</span> <span class='ocrx_word' id='word_1_471' title='bbox 3361 3154 3480 3207; x_wconf 70' lang='lat' dir='ltr'>qua:</span> <span class='ocrx_word' id='word_1_472' title='bbox 3558 3139 3816 3201; x_wconf 85' lang='lat' dir='ltr'>ducebat.</span> 
     </span>
    </p>
   </div>
   <div class='ocr_carea' id='block_1_66' title="bbox 2212 3224 3817 3299">
    <p class='ocr_par' dir='ltr' id='par_1_66' title="bbox 2212 3224 3817 3299">
     <span class='ocr_line' id='line_1_66' title="bbox 2212 3224 3817 3299; baseline 0.002 -17"><span class='ocrx_word' id='word_1_473' title='bbox 2212 3227 2371 3282; x_wconf 88' lang='lat' dir='ltr'>etiam</span> <span class='ocrx_word' id='word_1_474' title='bbox 2428 3226 2739 3283; x_wconf 89' lang='lat' dir='ltr'>cachinnari</span> <span class='ocrx_word' id='word_1_475' title='bbox 2787 3224 3186 3299; x_wconf 89' lang='lat' dir='ltr'>quodammodo</span> <span class='ocrx_word' id='word_1_476' title='bbox 3236 3240 3399 3296; x_wconf 90' lang='lat' dir='ltr'>supra</span> <span class='ocrx_word' id='word_1_477' title='bbox 3428 3226 3577 3282; x_wconf 89' lang='lat' dir='ltr'>vires</span> <span class='ocrx_word' id='word_1_478' title='bbox 3608 3236 3817 3284; x_wconf 67' lang='lat' dir='ltr'>naturae</span> 
     </span>
    </p>
   </div>
   <div class='ocr_carea' id='block_1_67' title="bbox 2213 3324 2552 3373">
    <p class='ocr_par' dir='ltr' id='par_1_67' title="bbox 2213 3324 2552 3373">
     <span class='ocr_line' id='line_1_67' title="bbox 2213 3324 2552 3373; baseline -0.009 0"><span class='ocrx_word' id='word_1_479' title='bbox 2213 3324 2552 3373; x_wconf 84' lang='lat' dir='ltr'>cerneretur.</span> 
     </span>
    </p>
   </div>
   <div class='ocr_carea' id='block_1_68' title="bbox 1805 3650 2490 3723">
    <p class='ocr_par' dir='ltr' id='par_1_68' title="bbox 1805 3650 2490 3723">
     <span class='ocr_line' id='line_1_68' title="bbox 1805 3650 2490 3723; baseline -0.004 -16"><span class='ocrx_word' id='word_1_480' title='bbox 1805 3651 2061 3723; x_wconf 75' lang='lat' dir='ltr'>Explicit</span> <span class='ocrx_word' id='word_1_481' title='bbox 2095 3650 2232 3706; x_wconf 82' lang='lat' dir='ltr'>liber</span> <span class='ocrx_word' id='word_1_482' title='bbox 2265 3651 2490 3705; x_wconf 79' lang='lat' dir='ltr'>tertius.</span> 
     </span>
    </p>
   </div>
   <div class='ocr_carea' id='block_1_69' title="bbox 1610 3825 2684 3897">
    <p class='ocr_par' dir='ltr' id='par_1_69' title="bbox 1610 3825 2684 3897">
     <span class='ocr_line' id='line_1_69' title="bbox 1610 3825 2684 3897; baseline 0.001 -9"><span class='ocrx_word' id='word_1_483' title='bbox 1610 3826 2052 3889; x_wconf 83' lang='lat' dir='ltr'>PROLOGUS</span> <span class='ocrx_word' id='word_1_484' title='bbox 2094 3826 2313 3888; x_wconf 84' lang='lat' dir='ltr'><strong>LIBRI</strong></span> <span class='ocrx_word' id='word_1_485' title='bbox 2357 3825 2684 3897; x_wconf 80' lang='lat' dir='ltr'>QUARTI.</span> 
     </span>
    </p>
   </div>
   <div class='ocr_carea' id='block_1_70' title="bbox 574 4011 2096 4085">
    <p class='ocr_par' dir='ltr' id='par_1_70' title="bbox 574 4011 2096 4085">
     <span class='ocr_line' id='line_1_70' title="bbox 574 4011 2096 4085; baseline -0.003 -13"><span class='ocrx_word' id='word_1_486' title='bbox 574 4018 642 4073; x_wconf 87' lang='lat' dir='ltr'>Ut</span> <span class='ocrx_word' id='word_1_487' title='bbox 670 4025 851 4071; x_wconf 91' lang='lat' dir='ltr'>autem</span> <span class='ocrx_word' id='word_1_488' title='bbox 876 4015 1138 4085; x_wconf 89' lang='lat' dir='ltr'>temporis</span> <span class='ocrx_word' id='word_1_489' title='bbox 1166 4015 1303 4069; x_wconf 88' lang='lat' dir='ltr'>serie</span> <span class='ocrx_word' id='word_1_490' title='bbox 1334 4011 1615 4085; x_wconf 88' lang='lat' dir='ltr'>paululum</span> <span class='ocrx_word' id='word_1_491' title='bbox 1655 4012 1958 4067; x_wconf 88' lang='lat' dir='ltr'>intermissa</span> <span class='ocrx_word' id='word_1_492' title='bbox 1995 4030 2096 4084; x_wconf 91' lang='lat' dir='ltr'>pro</span> 
     </span>
    </p>
   </div>
   <div class='ocr_carea' id='block_1_71' title="bbox 503 4101 2097 4172">
    <p class='ocr_par' dir='ltr' id='par_1_71' title="bbox 503 4101 2097 4172">
     <span class='ocr_line' id='line_1_71' title="bbox 503 4101 2097 4172; baseline -0.004 -11"><span class='ocrx_word' id='word_1_493' title='bbox 503 4115 720 4161; x_wconf 63' lang='lat' dir='ltr'>aetatum</span> <span class='ocrx_word' id='word_1_494' title='bbox 749 4105 935 4160; x_wconf 91' lang='lat' dir='ltr'>ordine</span> <span class='ocrx_word' id='word_1_495' title='bbox 966 4104 1143 4159; x_wconf 88' lang='lat' dir='ltr'>adhuc</span> <span class='ocrx_word' id='word_1_496' title='bbox 1192 4103 1328 4157; x_wconf 91' lang='lat' dir='ltr'>sicut</span> <span class='ocrx_word' id='word_1_497' title='bbox 1358 4102 1639 4172; x_wconf 90' lang='lat' dir='ltr'>coepimus,</span> <span class='ocrx_word' id='word_1_498' title='bbox 1675 4117 1849 4172; x_wconf 90' lang='lat' dir='ltr'>pauca</span> <span class='ocrx_word' id='word_1_499' title='bbox 1887 4101 2097 4156; x_wconf 90' lang='lat' dir='ltr'>refera-</span> 
     </span>
    </p>
   </div>
   <div class='ocr_carea' id='block_1_72' title="bbox 501 4189 2099 4265">
    <p class='ocr_par' dir='ltr' id='par_1_72' title="bbox 501 4189 2099 4265">
     <span class='ocr_line' id='line_1_72' title="bbox 501 4189 2099 4265; baseline -0.004 -16"><span class='ocrx_word' id='word_1_500' title='bbox 501 4212 641 4260; x_wconf 88' lang='lat' dir='ltr'>mus,</span> <span class='ocrx_word' id='word_1_501' title='bbox 676 4202 799 4265; x_wconf 88' lang='lat' dir='ltr'>post</span> <span class='ocrx_word' id='word_1_502' title='bbox 833 4201 1076 4249; x_wconf 88' lang='lat' dir='ltr'>exactam</span> <span class='ocrx_word' id='word_1_503' title='bbox 1136 4190 1415 4255; x_wconf 89' lang='lat' dir='ltr'>infantilis,</span> <span class='ocrx_word' id='word_1_504' title='bbox 1450 4206 1550 4245; x_wconf 91' lang='lat' dir='ltr'>nec</span> <span class='ocrx_word' id='word_1_505' title='bbox 1605 4206 1714 4244; x_wconf 91' lang='lat' dir='ltr'>non</span> <span class='ocrx_word' id='word_1_506' title='bbox 1745 4189 1846 4245; x_wconf 75' lang='lat' dir='ltr'>aevi</span> <span class='ocrx_word' id='word_1_507' title='bbox 1876 4189 2099 4261; x_wconf 88' lang='lat' dir='ltr'>puerilis</span> 
     </span>
    </p>
   </div>
   <div class='ocr_carea' id='block_1_73' title="bbox 499 4278 2100 4352">
    <p class='ocr_par' dir='ltr' id='par_1_73' title="bbox 499 4278 2100 4352">
     <span class='ocr_line' id='line_1_73' title="bbox 499 4278 2100 4352; baseline -0.004 -14"><span class='ocrx_word' id='word_1_508' title='bbox 499 4284 798 4352; x_wconf 87' lang='lat' dir='ltr'>historiam,</span> <span class='ocrx_word' id='word_1_509' title='bbox 832 4281 1257 4337; x_wconf 88' lang='lat' dir='ltr'>adolescentium</span> <span class='ocrx_word' id='word_1_510' title='bbox 1308 4288 1391 4335; x_wconf 90' lang='lat' dir='ltr'>est</span> <span class='ocrx_word' id='word_1_511' title='bbox 1444 4278 1668 4334; x_wconf 88' lang='lat' dir='ltr'>intentio</span> <span class='ocrx_word' id='word_1_512' title='bbox 1698 4278 1937 4333; x_wconf 91' lang='lat' dir='ltr'>breviter</span> <span class='ocrx_word' id='word_1_513' title='bbox 1966 4281 2100 4332; x_wconf 91' lang='lat' dir='ltr'>sub-</span> 
     </span>
    </p>
   </div>
   <div class='ocr_carea' id='block_1_74' title="bbox 500 4367 2100 4441">
    <p class='ocr_par' dir='ltr' id='par_1_74' title="bbox 500 4367 2100 4441">
     <span class='ocr_line' id='line_1_74' title="bbox 500 4367 2100 4441; baseline -0.005 -14"><span class='ocrx_word' id='word_1_514' title='bbox 500 4372 785 4436; x_wconf 87' lang='lat' dir='ltr'>nectenda,</span> <span class='ocrx_word' id='word_1_515' title='bbox 822 4371 1007 4441; x_wconf 91' lang='lat' dir='ltr'>sicque</span> <span class='ocrx_word' id='word_1_516' title='bbox 1036 4385 1134 4440; x_wconf 87' lang='lat' dir='ltr'>per</span> <span class='ocrx_word' id='word_1_517' title='bbox 1175 4368 1583 4424; x_wconf 89' lang='lat' dir='ltr'>succedentium</span> <span class='ocrx_word' id='word_1_518' title='bbox 1638 4367 1841 4439; x_wconf 82' lang='lat' dir='ltr'>gradus</span> <span class='ocrx_word' id='word_1_519' title='bbox 1888 4375 2100 4422; x_wconf 76' lang='lat' dir='ltr'>aetatum</span> 
     </span>
    </p>
   </div>
   <div class='ocr_carea' id='block_1_75' title="bbox 499 4455 2099 4530">
    <p class='ocr_par' dir='ltr' id='par_1_75' title="bbox 499 4455 2099 4530">
     <span class='ocr_line' id='line_1_75' title="bbox 499 4455 2099 4530; baseline -0.003 -16"><span class='ocrx_word' id='word_1_520' title='bbox 499 4476 673 4530; x_wconf 89' lang='lat' dir='ltr'>usque</span> <span class='ocrx_word' id='word_1_521' title='bbox 702 4459 771 4514; x_wconf 90' lang='lat' dir='ltr'>ad</span> <span class='ocrx_word' id='word_1_522' title='bbox 801 4466 1133 4513; x_wconf 89' lang='lat' dir='ltr'>mortuorum</span> <span class='ocrx_word' id='word_1_523' title='bbox 1156 4456 1443 4528; x_wconf 86' lang='lat' dir='ltr'>exsequias</span> <span class='ocrx_word' id='word_1_524' title='bbox 1473 4455 1711 4510; x_wconf 87' lang='lat' dir='ltr'>narratio</span> <span class='ocrx_word' id='word_1_525' title='bbox 1733 4455 2099 4523; x_wconf 78' lang='lat' dir='ltr'>extendenda,</span> 
     </span>
    </p>
   </div>
   <div class='ocr_carea' id='block_1_76' title="bbox 499 4544 2105 4618">
    <p class='ocr_par' dir='ltr' id='par_1_76' title="bbox 499 4544 2105 4618">
     <span class='ocr_line' id='line_1_76' title="bbox 499 4544 2105 4618; baseline -0.002 -18"><span class='ocrx_word' id='word_1_526' title='bbox 499 4547 556 4601; x_wconf 90' lang='lat' dir='ltr'>in</span> <span class='ocrx_word' id='word_1_527' title='bbox 599 4563 829 4618; x_wconf 88' lang='lat' dir='ltr'>quorum</span> <span class='ocrx_word' id='word_1_528' title='bbox 872 4545 1287 4617; x_wconf 85' lang='lat' dir='ltr'>diligentissima</span> <span class='ocrx_word' id='word_1_529' title='bbox 1333 4544 1700 4611; x_wconf 86' lang='lat' dir='ltr'>exsecutione,</span> <span class='ocrx_word' id='word_1_530' title='bbox 1732 4552 1854 4614; x_wconf 91' lang='lat' dir='ltr'>post</span> <span class='ocrx_word' id='word_1_531' title='bbox 1884 4544 2105 4599; x_wconf 89' lang='lat' dir='ltr'>Tobiam</span> 
     </span>
    </p>
   </div>
   <div class='ocr_carea' id='block_1_77' title="bbox 500 4631 2107 4705">
    <p class='ocr_par' dir='ltr' id='par_1_77' title="bbox 500 4631 2107 4705">
     <span class='ocr_line' id='line_1_77' title="bbox 500 4631 2107 4705; baseline -0.002 -15"><span class='ocrx_word' id='word_1_532' title='bbox 500 4651 661 4691; x_wconf 91' lang='lat' dir='ltr'>nemo</span> <span class='ocrx_word' id='word_1_533' title='bbox 690 4634 951 4705; x_wconf 89' lang='lat' dir='ltr'>reperitur</span> <span class='ocrx_word' id='word_1_534' title='bbox 996 4635 1312 4705; x_wconf 87' lang='lat' dir='ltr'>adaequasse</span> <span class='ocrx_word' id='word_1_535' title='bbox 1343 4635 1649 4705; x_wconf 83' lang='lat' dir='ltr'>Ilugonem,</span> <span class='ocrx_word' id='word_1_536' title='bbox 1684 4631 1793 4702; x_wconf 89' lang='lat' dir='ltr'>qui,</span> <span class='ocrx_word' id='word_1_537' title='bbox 1845 4640 1902 4685; x_wconf 93' lang='lat' dir='ltr'>ut</span> <span class='ocrx_word' id='word_1_538' title='bbox 1940 4648 2107 4702; x_wconf 90' lang='lat' dir='ltr'>supe-</span> 
     </span>
    </p>
   </div>
   <div class='ocr_carea' id='block_1_78' title="bbox 500 4719 2110 4795">
    <p class='ocr_par' dir='ltr' id='par_1_78' title="bbox 500 4719 2110 4795">
     <span class='ocr_line' id='line_1_78' title="bbox 500 4719 2110 4795; baseline -0.002 -17"><span class='ocrx_word' id='word_1_539' title='bbox 500 4725 615 4779; x_wconf 89' lang='lat' dir='ltr'>rius</span> <span class='ocrx_word' id='word_1_540' title='bbox 652 4724 929 4790; x_wconf 90' lang='lat' dir='ltr'>innotuit,</span> <span class='ocrx_word' id='word_1_541' title='bbox 980 4722 1193 4795; x_wconf 87' lang='lat' dir='ltr'>singula</span> <span class='ocrx_word' id='word_1_542' title='bbox 1238 4722 1359 4777; x_wconf 78' lang='lat' dir='ltr'>vitae</span> <span class='ocrx_word' id='word_1_543' title='bbox 1408 4737 1519 4776; x_wconf 77' lang='lat' dir='ltr'>sua:</span> <span class='ocrx_word' id='word_1_544' title='bbox 1566 4728 1841 4775; x_wconf 86' lang='lat' dir='ltr'>momenta</span> <span class='ocrx_word' id='word_1_545' title='bbox 1913 4719 2110 4775; x_wconf 90' lang='lat' dir='ltr'>divinis</span> 
     </span>
    </p>
   </div>
   <div class='ocr_carea' id='block_1_79' title="bbox 504 4808 2112 4884">
    <p class='ocr_par' dir='ltr' id='par_1_79' title="bbox 504 4808 2112 4884">
     <span class='ocr_line' id='line_1_79' title="bbox 504 4808 2112 4884; baseline -0.004 -16"><span class='ocrx_word' id='word_1_546' title='bbox 504 4813 866 4884; x_wconf 89' lang='lat' dir='ltr'>mancipando</span> <span class='ocrx_word' id='word_1_547' title='bbox 896 4811 1182 4883; x_wconf 84' lang='lat' dir='ltr'>praeceptis</span> <span class='ocrx_word' id='word_1_548' title='bbox 1209 4810 1262 4865; x_wconf 92' lang='lat' dir='ltr'>id</span> <span class='ocrx_word' id='word_1_549' title='bbox 1287 4811 1405 4880; x_wconf 90' lang='lat' dir='ltr'>jure</span> <span class='ocrx_word' id='word_1_550' title='bbox 1434 4808 1746 4881; x_wconf 88' lang='lat' dir='ltr'>promeruit,</span> <span class='ocrx_word' id='word_1_551' title='bbox 1780 4814 1837 4862; x_wconf 90' lang='lat' dir='ltr'>ut</span> <span class='ocrx_word' id='word_1_552' title='bbox 1869 4808 2112 4879; x_wconf 90' lang='lat' dir='ltr'>pluribus</span> 
     </span>
    </p>
   </div>
   <div class='ocr_carea' id='block_1_80' title="bbox 2198 4012 3815 4088">
    <p class='ocr_par' dir='ltr' id='par_1_80' title="bbox 2198 4012 3815 4088">
     <span class='ocr_line' id='line_1_80' title="bbox 2198 4012 3815 4088; baseline 0.002 -19"><span class='ocrx_word' id='word_1_553' title='bbox 2198 4015 2255 4069; x_wconf 90' lang='lat' dir='ltr'>in</span> <span class='ocrx_word' id='word_1_554' title='bbox 2287 4013 2524 4083; x_wconf 90' lang='lat' dir='ltr'>quolibet</span> <span class='ocrx_word' id='word_1_555' title='bbox 2555 4012 2722 4068; x_wconf 58' lang='lat' dir='ltr'>aetatis</span> <span class='ocrx_word' id='word_1_556' title='bbox 2753 4012 2927 4086; x_wconf 84' lang='lat' dir='ltr'>gradu</span> <span class='ocrx_word' id='word_1_557' title='bbox 2956 4013 3308 4069; x_wconf 86' lang='lat' dir='ltr'>existentibus</span> <span class='ocrx_word' id='word_1_558' title='bbox 3341 4015 3503 4071; x_wconf 90' lang='lat' dir='ltr'>etiam</span> <span class='ocrx_word' id='word_1_559' title='bbox 3534 4014 3655 4087; x_wconf 89' lang='lat' dir='ltr'>ipse</span> <span class='ocrx_word' id='word_1_560' title='bbox 3689 4033 3815 4088; x_wconf 84' lang='lat' dir='ltr'>pro-</span> 
     </span>
    </p>
   </div>
   <div class='ocr_carea' id='block_1_81' title="bbox 2198 4100 3816 4175">
    <p class='ocr_par' dir='ltr' id='par_1_81' title="bbox 2198 4100 3816 4175">
     <span class='ocr_line' id='line_1_81' title="bbox 2198 4100 3816 4175; baseline 0.004 -21"><span class='ocrx_word' id='word_1_561' title='bbox 2198 4101 2358 4154; x_wconf 90' lang='lat' dir='ltr'>desse</span> <span class='ocrx_word' id='word_1_562' title='bbox 2387 4100 2665 4156; x_wconf 89' lang='lat' dir='ltr'>valuisset.</span> <span class='ocrx_word' id='word_1_563' title='bbox 2715 4102 2909 4156; x_wconf 90' lang='lat' dir='ltr'>Factus</span> <span class='ocrx_word' id='word_1_564' title='bbox 2970 4118 3099 4158; x_wconf 85' lang='lat' dir='ltr'>vero</span> <span class='ocrx_word' id='word_1_565' title='bbox 3124 4103 3236 4172; x_wconf 88' lang='lat' dir='ltr'>jam</span> <span class='ocrx_word' id='word_1_566' title='bbox 3291 4104 3462 4159; x_wconf 72' lang='lat' dir='ltr'>aetatis</span> <span class='ocrx_word' id='word_1_567' title='bbox 3501 4104 3736 4175; x_wconf 58' lang='lat' dir='ltr'>integra</span> <span class='ocrx_word' id='word_1_568' title='bbox 3766 4115 3816 4162; x_wconf 90' lang='lat' dir='ltr'>et</span> 
     </span>
    </p>
   </div>
   <div class='ocr_carea' id='block_1_82' title="bbox 2198 4186 3812 4261">
    <p class='ocr_par' dir='ltr' id='par_1_82' title="bbox 2198 4186 3812 4261">
     <span class='ocr_line' id='line_1_82' title="bbox 2198 4186 3812 4261; baseline 0.004 -18"><span class='ocrx_word' id='word_1_569' title='bbox 2198 4186 2491 4259; x_wconf 83' lang='lat' dir='ltr'>pontificali</span> <span class='ocrx_word' id='word_1_570' title='bbox 2519 4188 2692 4245; x_wconf 74' lang='lat' dir='ltr'>ofﬁcio</span> <span class='ocrx_word' id='word_1_571' title='bbox 2714 4190 3023 4261; x_wconf 88' lang='lat' dir='ltr'>insignitus,</span> <span class='ocrx_word' id='word_1_572' title='bbox 3059 4192 3387 4261; x_wconf 91' lang='lat' dir='ltr'>sepeliendis</span> <span class='ocrx_word' id='word_1_573' title='bbox 3425 4193 3651 4248; x_wconf 89' lang='lat' dir='ltr'>mortuis</span> <span class='ocrx_word' id='word_1_574' title='bbox 3684 4202 3812 4249; x_wconf 84' lang='lat' dir='ltr'>tan-</span> 
     </span>
    </p>
   </div>
   <div class='ocr_carea' id='block_1_83' title="bbox 2200 4278 3813 4352">
    <p class='ocr_par' dir='ltr' id='par_1_83' title="bbox 2200 4278 3813 4352">
     <span class='ocr_line' id='line_1_83' title="bbox 2200 4278 3813 4352; baseline 0.004 -21"><span class='ocrx_word' id='word_1_575' title='bbox 2200 4285 2309 4331; x_wconf 87' lang='lat' dir='ltr'>tam</span> <span class='ocrx_word' id='word_1_576' title='bbox 2340 4278 2488 4332; x_wconf 82' lang='lat' dir='ltr'>visus</span> <span class='ocrx_word' id='word_1_577' title='bbox 2510 4286 2593 4333; x_wconf 90' lang='lat' dir='ltr'>est</span> <span class='ocrx_word' id='word_1_578' title='bbox 2640 4278 3058 4334; x_wconf 80' lang='lat' dir='ltr'>sollicitudinem</span> <span class='ocrx_word' id='word_1_579' title='bbox 3096 4280 3449 4352; x_wconf 88' lang='lat' dir='ltr'>impendisse,</span> <span class='ocrx_word' id='word_1_580' title='bbox 3483 4290 3539 4335; x_wconf 89' lang='lat' dir='ltr'>ut</span> <span class='ocrx_word' id='word_1_581' title='bbox 3586 4282 3813 4338; x_wconf 86' lang='lat' dir='ltr'>miseri-</span> 
     </span>
    </p>
   </div>
   <div class='ocr_carea' id='block_1_84' title="bbox 2132 4366 3813 4467">
    <p class='ocr_par' dir='ltr' id='par_1_84' title="bbox 2132 4366 3813 4467">
     <span class='ocr_line' id='line_1_84' title="bbox 2132 4366 3813 4467; baseline 0.004 -46"><span class='ocrx_word' id='word_1_582' title='bbox 2132 4409 2183 4467; x_wconf 84' lang='lat' dir='ltr'><strong>D</strong></span> <span class='ocrx_word' id='word_1_583' title='bbox 2204 4366 2404 4421; x_wconf 53' lang='lat' dir='ltr'>cordiai</span> <span class='ocrx_word' id='word_1_584' title='bbox 2425 4367 2583 4436; x_wconf 83' lang='lat' dir='ltr'>hujus</span> <span class='ocrx_word' id='word_1_585' title='bbox 2612 4367 2837 4438; x_wconf 77' lang='lat' dir='ltr'>praemio</span> <span class='ocrx_word' id='word_1_586' title='bbox 2867 4367 2921 4421; x_wconf 92' lang='lat' dir='ltr'>in</span> <span class='ocrx_word' id='word_1_587' title='bbox 2951 4366 3190 4424; x_wconf 87' lang='lat' dir='ltr'>futurum</span> <span class='ocrx_word' id='word_1_588' title='bbox 3239 4370 3499 4440; x_wconf 89' lang='lat' dir='ltr'>reposito,</span> <span class='ocrx_word' id='word_1_589' title='bbox 3533 4371 3637 4425; x_wconf 90' lang='lat' dir='ltr'>sub</span> <span class='ocrx_word' id='word_1_590' title='bbox 3668 4389 3813 4442; x_wconf 54' lang='lat' dir='ltr'>pra.»-</span> 
     </span>
    </p>
   </div>
   <div class='ocr_carea' id='block_1_85' title="bbox 2204 4455 3812 4528">
    <p class='ocr_par' dir='ltr' id='par_1_85' title="bbox 2204 4455 3812 4528">
     <span class='ocr_line' id='line_1_85' title="bbox 2204 4455 3812 4528; baseline 0.004 -19"><span class='ocrx_word' id='word_1_591' title='bbox 2204 4455 2341 4509; x_wconf 90' lang='lat' dir='ltr'>senti</span> <span class='ocrx_word' id='word_1_592' title='bbox 2371 4471 2587 4527; x_wconf 90' lang='lat' dir='ltr'>quoque</span> <span class='ocrx_word' id='word_1_593' title='bbox 2643 4465 2888 4527; x_wconf 87' lang='lat' dir='ltr'>tempore</span> <span class='ocrx_word' id='word_1_594' title='bbox 2944 4456 3204 4528; x_wconf 84' lang='lat' dir='ltr'>singulari</span> <span class='ocrx_word' id='word_1_595' title='bbox 3254 4458 3546 4514; x_wconf 88' lang='lat' dir='ltr'>donaretur</span> <span class='ocrx_word' id='word_1_596' title='bbox 3602 4461 3812 4516; x_wconf 86' lang='lat' dir='ltr'>honore</span> 
     </span>
    </p>
   </div>
   <div class='ocr_carea' id='block_1_86' title="bbox 2207 4544 3813 4617">
    <p class='ocr_par' dir='ltr' id='par_1_86' title="bbox 2207 4544 3813 4617">
     <span class='ocr_line' id='line_1_86' title="bbox 2207 4544 3813 4617; baseline 0.005 -20"><span class='ocrx_word' id='word_1_597' title='bbox 2207 4544 2518 4614; x_wconf 66' lang='lat' dir='ltr'>sepulturas.</span> <span class='ocrx_word' id='word_1_598' title='bbox 2550 4544 2719 4615; x_wconf 73' lang='lat'>(126).</span> <span class='ocrx_word' id='word_1_599' title='bbox 2756 4544 2912 4613; x_wconf 86' lang='lat' dir='ltr'>Quod</span> <span class='ocrx_word' id='word_1_600' title='bbox 2942 4554 3066 4602; x_wconf 91' lang='lat' dir='ltr'>tunc</span> <span class='ocrx_word' id='word_1_601' title='bbox 3096 4547 3308 4617; x_wconf 88' lang='lat' dir='ltr'>plenius</span> <span class='ocrx_word' id='word_1_602' title='bbox 3340 4548 3569 4603; x_wconf 90' lang='lat' dir='ltr'>Domino</span> <span class='ocrx_word' id='word_1_603' title='bbox 3593 4548 3813 4605; x_wconf 82' lang='lat' dir='ltr'>favente</span> 
     </span>
    </p>
   </div>
   <div class='ocr_carea' id='block_1_87' title="bbox 2208 4635 3814 4710">
    <p class='ocr_par' dir='ltr' id='par_1_87' title="bbox 2208 4635 3814 4710">
     <span class='ocr_line' id='line_1_87' title="bbox 2208 4635 3814 4710; baseline 0.005 -24"><span class='ocrx_word' id='word_1_604' title='bbox 2208 4639 2523 4703; x_wconf 86' lang='lat' dir='ltr'>exponetur,</span> <span class='ocrx_word' id='word_1_605' title='bbox 2556 4650 2680 4689; x_wconf 93' lang='lat' dir='ltr'>cum</span> <span class='ocrx_word' id='word_1_606' title='bbox 2711 4642 2900 4705; x_wconf 89' lang='lat' dir='ltr'>quarto</span> <span class='ocrx_word' id='word_1_607' title='bbox 2929 4635 3055 4692; x_wconf 89' lang='lat' dir='ltr'>huic</span> <span class='ocrx_word' id='word_1_608' title='bbox 3074 4644 3236 4707; x_wconf 89' lang='lat' dir='ltr'>atque</span> <span class='ocrx_word' id='word_1_609' title='bbox 3273 4636 3569 4707; x_wconf 92' lang='lat' dir='ltr'>penultimo</span> <span class='ocrx_word' id='word_1_610' title='bbox 3619 4648 3814 4710; x_wconf 82' lang='lat' dir='ltr'>gesto-</span> 
     </span>
    </p>
   </div>
   <div class='ocr_carea' id='block_1_88' title="bbox 2212 4720 3811 4794">
    <p class='ocr_par' dir='ltr' id='par_1_88' title="bbox 2212 4720 3811 4794">
     <span class='ocr_line' id='line_1_88' title="bbox 2212 4720 3811 4794; baseline 0.004 -20"><span class='ocrx_word' id='word_1_611' title='bbox 2212 4737 2329 4775; x_wconf 92' lang='lat' dir='ltr'>rum</span> <span class='ocrx_word' id='word_1_612' title='bbox 2362 4720 2507 4776; x_wconf 91' lang='lat' dir='ltr'>illius</span> <span class='ocrx_word' id='word_1_613' title='bbox 2536 4722 2676 4776; x_wconf 92' lang='lat' dir='ltr'>libro</span> <span class='ocrx_word' id='word_1_614' title='bbox 2714 4722 3021 4794; x_wconf 88' lang='lat' dir='ltr'>imponetur</span> <span class='ocrx_word' id='word_1_615' title='bbox 3049 4732 3215 4792; x_wconf 89' lang='lat' dir='ltr'>meta,</span> <span class='ocrx_word' id='word_1_616' title='bbox 3248 4725 3400 4794; x_wconf 92' lang='lat' dir='ltr'>cujus</span> <span class='ocrx_word' id='word_1_617' title='bbox 3431 4726 3659 4781; x_wconf 90' lang='lat' dir='ltr'>exordio</span> <span class='ocrx_word' id='word_1_618' title='bbox 3710 4727 3811 4782; x_wconf 87' lang='lat' dir='ltr'>ista</span> 
     </span>
    </p>
   </div>
   <div class='ocr_carea' id='block_1_89' title="bbox 2214 4808 2861 4881">
    <p class='ocr_par' dir='ltr' id='par_1_89' title="bbox 2214 4808 2861 4881">
     <span class='ocr_line' id='line_1_89' title="bbox 2214 4808 2861 4881; baseline 0.006 -18"><span class='ocrx_word' id='word_1_619' title='bbox 2214 4808 2461 4864; x_wconf 89' lang='lat' dir='ltr'>duximus</span> <span class='ocrx_word' id='word_1_620' title='bbox 2508 4810 2861 4881; x_wconf 69' lang='lat' dir='ltr'>praelibanda.</span> 
     </span>
    </p>
   </div>
   <div class='ocr_carea' id='block_1_90' title="bbox 1863 4988 2431 5061">
    <p class='ocr_par' dir='ltr' id='par_1_90' title="bbox 1863 4988 2431 5061">
     <span class='ocr_line' id='line_1_90' title="bbox 1863 4988 2431 5061; baseline 0 -18"><span class='ocrx_word' id='word_1_621' title='bbox 1863 4988 2118 5059; x_wconf 69' lang='lat' dir='ltr'>Explicit</span> <span class='ocrx_word' id='word_1_622' title='bbox 2144 4988 2431 5061; x_wconf 61' lang='lat' dir='ltr'>prologue.</span> 
     </span>
    </p>
   </div>
   <div class='ocr_carea' id='block_1_91' title="bbox 577 5166 2102 5236">
    <p class='ocr_par' dir='ltr' id='par_1_91' title="bbox 577 5166 2102 5236">
     <span class='ocr_line' id='line_1_91' title="bbox 577 5166 2102 5236; baseline -0.003 -14"><span class='ocrx_word' id='word_1_623' title='bbox 577 5169 713 5236; x_wconf 69' lang='lat'>(123)</span> <span class='ocrx_word' id='word_1_624' title='bbox 750 5170 889 5221; x_wconf 88' lang='lat' dir='ltr'>Circa</span> <span class='ocrx_word' id='word_1_625' title='bbox 929 5167 1182 5236; x_wconf 86' lang='lat' dir='ltr'>parvulum</span> <span class='ocrx_word' id='word_1_626' title='bbox 1217 5166 1306 5236; x_wconf 80' lang='lat' dir='ltr'>hic</span> <span class='ocrx_word' id='word_1_627' title='bbox 1347 5169 1546 5218; x_wconf 86' lang='lat' dir='ltr'>narrata</span> <span class='ocrx_word' id='word_1_628' title='bbox 1586 5166 1803 5236; x_wconf 80' lang='lat' dir='ltr'>evenisse</span> <span class='ocrx_word' id='word_1_629' title='bbox 1843 5167 2102 5236; x_wconf 83' lang='lat' dir='ltr'>postremis</span> 
     </span>
    </p>
   </div>
   <div class='ocr_carea' id='block_1_92' title="bbox 510 5234 2101 5300">
    <p class='ocr_par' dir='ltr' id='par_1_92' title="bbox 510 5234 2101 5300">
     <span class='ocr_line' id='line_1_92' title="bbox 510 5234 2101 5300; baseline -0.002 -12"><span class='ocrx_word' id='word_1_630' title='bbox 510 5241 621 5289; x_wconf 74' lang='lat' dir='ltr'>vitm</span> <span class='ocrx_word' id='word_1_631' title='bbox 646 5234 701 5287; x_wconf 80' lang='lat' dir='ltr'>S.</span> <span class='ocrx_word' id='word_1_632' title='bbox 727 5236 939 5300; x_wconf 81' lang='lat' dir='ltr'>Hugonis</span> <span class='ocrx_word' id='word_1_633' title='bbox 970 5236 1110 5286; x_wconf 88' lang='lat' dir='ltr'>annis</span> <span class='ocrx_word' id='word_1_634' title='bbox 1136 5234 1350 5284; x_wconf 89' lang='lat' dir='ltr'>insinuat</span> <span class='ocrx_word' id='word_1_635' title='bbox 1373 5237 1562 5298; x_wconf 83' lang='lat' dir='ltr'>auctor,</span> <span class='ocrx_word' id='word_1_636' title='bbox 1587 5234 1699 5284; x_wconf 90' lang='lat' dir='ltr'>dum</span> <span class='ocrx_word' id='word_1_637' title='bbox 1724 5246 1777 5284; x_wconf 88' lang='lat' dir='ltr'>se</span> <span class='ocrx_word' id='word_1_638' title='bbox 1822 5248 1879 5285; x_wconf 87' lang='lat' dir='ltr'>ea</span> <span class='ocrx_word' id='word_1_639' title='bbox 1923 5234 2101 5285; x_wconf 84' lang='lat' dir='ltr'>vidisse</span> 
     </span>
    </p>
   </div>
   <div class='ocr_carea' id='block_1_93' title="bbox 508 5305 703 5357">
    <p class='ocr_par' dir='ltr' id='par_1_93' title="bbox 508 5305 703 5357">
     <span class='ocr_line' id='line_1_93' title="bbox 508 5305 703 5357; baseline -0.021 0"><span class='ocrx_word' id='word_1_640' title='bbox 508 5305 703 5357; x_wconf 87' lang='lat' dir='ltr'>astruit.</span> 
     </span>
    </p>
   </div>
   <div class='ocr_carea' id='block_1_94' title="bbox 576 5366 2097 5433">
    <p class='ocr_par' dir='ltr' id='par_1_94' title="bbox 576 5366 2097 5433">
     <span class='ocr_line' id='line_1_94' title="bbox 576 5366 2097 5433; baseline -0.003 -12"><span class='ocrx_word' id='word_1_641' title='bbox 576 5372 709 5433; x_wconf 60' lang='grc' dir='ltr'>(ειη)</span> <span class='ocrx_word' id='word_1_642' title='bbox 752 5368 1099 5421; x_wconf 80' lang='lat' dir='ltr'>Verosimiliter</span> <span class='ocrx_word' id='word_1_643' title='bbox 1128 5380 1225 5419; x_wconf 92' lang='lat' dir='ltr'>uno</span> <span class='ocrx_word' id='word_1_644' title='bbox 1266 5381 1325 5418; x_wconf 85' lang='lat' dir='ltr'>ex</span> <span class='ocrx_word' id='word_1_645' title='bbox 1364 5368 1504 5418; x_wconf 87' lang='lat' dir='ltr'>annis</span> <span class='ocrx_word' id='word_1_646' title='bbox 1562 5366 1890 5418; x_wconf 86' lang='lat' dir='ltr'>bissextilibus</span> <span class='ocrx_word' id='word_1_647' title='bbox 1950 5366 2097 5431; x_wconf 89' lang='grc'>1180,</span> 
     </span>
    </p>
   </div>
   <div class='ocr_carea' id='block_1_95' title="bbox 509 5434 2099 5500">
    <p class='ocr_par' dir='ltr' id='par_1_95' title="bbox 509 5434 2099 5500">
     <span class='ocr_line' id='line_1_95' title="bbox 509 5434 2099 5500; baseline -0.003 -11"><span class='ocrx_word' id='word_1_648' title='bbox 509 5443 592 5489; x_wconf 87' lang='lat' dir='ltr'>aut</span> <span class='ocrx_word' id='word_1_649' title='bbox 618 5439 767 5500; x_wconf 80' lang='grc'>1184,</span> <span class='ocrx_word' id='word_1_650' title='bbox 794 5449 888 5499; x_wconf 91' lang='lat' dir='ltr'>quo</span> <span class='ocrx_word' id='word_1_651' title='bbox 911 5436 1093 5498; x_wconf 89' lang='lat' dir='ltr'>priores</span> <span class='ocrx_word' id='word_1_652' title='bbox 1118 5434 1260 5498; x_wconf 72' lang='lat' dir='ltr'>Angli</span> <span class='ocrx_word' id='word_1_653' title='bbox 1298 5434 1358 5485; x_wconf 86' lang='lat' dir='ltr'>ad</span> <span class='ocrx_word' id='word_1_654' title='bbox 1399 5434 1621 5497; x_wconf 82' lang='lat' dir='ltr'>generale</span> <span class='ocrx_word' id='word_1_655' title='bbox 1645 5436 1905 5497; x_wconf 87' lang='lat' dir='ltr'>capitulum</span> <span class='ocrx_word' id='word_1_656' title='bbox 1932 5434 2099 5485; x_wconf 88' lang='lat' dir='ltr'>venire</span> 
     </span>
    </p>
   </div>
   <div class='ocr_carea' id='block_1_96' title="bbox 509 5504 870 5565">
    <p class='ocr_par' dir='ltr' id='par_1_96' title="bbox 509 5504 870 5565">
     <span class='ocr_line' id='line_1_96' title="bbox 509 5504 870 5565; baseline -0.006 -10"><span class='ocrx_word' id='word_1_657' title='bbox 509 5504 870 5565; x_wconf 79' lang='lat' dir='ltr'>obligabantur.</span> 
     </span>
    </p>
   </div>
   <div class='ocr_carea' id='block_1_97' title="bbox 578 5566 2098 5635">
    <p class='ocr_par' dir='ltr' id='par_1_97' title="bbox 578 5566 2098 5635">
     <span class='ocr_line' id='line_1_97' title="bbox 578 5566 2098 5635; baseline -0.001 -15"><span class='ocrx_word' id='word_1_658' title='bbox 578 5570 715 5635; x_wconf 71' lang='lat'>(125)</span> <span class='ocrx_word' id='word_1_659' title='bbox 744 5569 1117 5634; x_wconf 78' lang='lat' dir='ltr'>Distinguendus</span> <span class='ocrx_word' id='word_1_660' title='bbox 1139 5568 1202 5619; x_wconf 88' lang='lat' dir='ltr'>ab</span> <span class='ocrx_word' id='word_1_661' title='bbox 1227 5567 1389 5620; x_wconf 87' lang='lat' dir='ltr'>altero</span> <span class='ocrx_word' id='word_1_662' title='bbox 1428 5566 1645 5631; x_wconf 85' lang='lat' dir='ltr'>ejusdem</span> <span class='ocrx_word' id='word_1_663' title='bbox 1671 5567 1837 5621; x_wconf 81' lang='lat' dir='ltr'>fratris</span> <span class='ocrx_word' id='word_1_664' title='bbox 1869 5567 1942 5620; x_wconf 80' lang='lat' dir='ltr'>sui</span> <span class='ocrx_word' id='word_1_665' title='bbox 1981 5566 2098 5631; x_wconf 86' lang='lat' dir='ltr'>ﬂlio,</span> 
     </span>
    </p>
   </div>
   <div class='ocr_carea' id='block_1_98' title="bbox 2200 5164 3806 5231">
    <p class='ocr_par' dir='ltr' id='par_1_98' title="bbox 2200 5164 3806 5231">
     <span class='ocr_line' id='line_1_98' title="bbox 2200 5164 3806 5231; baseline 0.002 -16"><span class='ocrx_word' id='word_1_666' title='bbox 2200 5178 2344 5229; x_wconf 89' lang='lat' dir='ltr'>quem</span> <span class='ocrx_word' id='word_1_667' title='bbox 2375 5164 2467 5230; x_wconf 90' lang='lat' dir='ltr'>(uti</span> <span class='ocrx_word' id='word_1_668' title='bbox 2510 5166 2596 5217; x_wconf 91' lang='lat' dir='ltr'>lib.</span> <span class='ocrx_word' id='word_1_669' title='bbox 2643 5181 2709 5228; x_wconf 88' lang='lat' dir='ltr'>v,</span> <span class='ocrx_word' id='word_1_670' title='bbox 2745 5179 2791 5216; x_wconf 95' lang='lat' dir='ltr'>c.</span> <span class='ocrx_word' id='word_1_671' title='bbox 2840 5164 2938 5230; x_wconf 72' lang='lat'>20,</span> <span class='ocrx_word' id='word_1_672' title='bbox 2983 5167 3176 5231; x_wconf 76' lang='lat' dir='ltr'>legitur)</span> <span class='ocrx_word' id='word_1_673' title='bbox 3220 5168 3272 5219; x_wconf 93' lang='lat' dir='ltr'>S.</span> <span class='ocrx_word' id='word_1_674' title='bbox 3314 5167 3453 5231; x_wconf 82' lang='lat' dir='ltr'>Hugo</span> <span class='ocrx_word' id='word_1_675' title='bbox 3492 5180 3622 5218; x_wconf 87' lang='lat' dir='ltr'>anno</span> <span class='ocrx_word' id='word_1_676' title='bbox 3669 5168 3806 5219; x_wconf 70' lang='lat'>1230</span> 
     </span>
    </p>
   </div>
   <div class='ocr_carea' id='block_1_99' title="bbox 2200 5232 3805 5297">
    <p class='ocr_par' dir='ltr' id='par_1_99' title="bbox 2200 5232 3805 5297">
     <span class='ocr_line' id='line_1_99' title="bbox 2200 5232 3805 5297; baseline 0.004 -16"><span class='ocrx_word' id='word_1_677' title='bbox 2200 5232 2463 5295; x_wconf 85' lang='lat' dir='ltr'>baptizavit</span> <span class='ocrx_word' id='word_1_678' title='bbox 2496 5246 2699 5296; x_wconf 89' lang='lat' dir='ltr'>puerum</span> <span class='ocrx_word' id='word_1_679' title='bbox 2738 5237 3061 5295; x_wconf 89' lang='lat' dir='ltr'>septennem.</span> <span class='ocrx_word' id='word_1_680' title='bbox 3106 5234 3219 5284; x_wconf 90' lang='lat' dir='ltr'>dum</span> <span class='ocrx_word' id='word_1_681' title='bbox 3266 5234 3381 5297; x_wconf 90' lang='lat' dir='ltr'>ille,</span> <span class='ocrx_word' id='word_1_682' title='bbox 3424 5235 3484 5284; x_wconf 90' lang='lat' dir='ltr'>de</span> <span class='ocrx_word' id='word_1_683' title='bbox 3517 5247 3612 5297; x_wconf 89' lang='lat' dir='ltr'>quo</span> <span class='ocrx_word' id='word_1_684' title='bbox 3658 5237 3805 5287; x_wconf 81' lang='lat' dir='ltr'>modo</span> 
     </span>
    </p>
   </div>
   <div class='ocr_carea' id='block_1_100' title="bbox 2199 5300 3679 5363">
    <p class='ocr_par' dir='ltr' id='par_1_100' title="bbox 2199 5300 3679 5363">
     <span class='ocr_line' id='line_1_100' title="bbox 2199 5300 3679 5363; baseline 0.003 -15"><span class='ocrx_word' id='word_1_685' title='bbox 2199 5302 2377 5363; x_wconf 77' lang='lat' dir='ltr'>agitur,</span> <span class='ocrx_word' id='word_1_686' title='bbox 2406 5300 2465 5349; x_wconf 90' lang='lat' dir='ltr'>ad</span> <span class='ocrx_word' id='word_1_687' title='bbox 2492 5302 2651 5351; x_wconf 89' lang='lat' dir='ltr'>minus</span> <span class='ocrx_word' id='word_1_688' title='bbox 2677 5301 2919 5350; x_wconf 80' lang='lat' dir='ltr'>sexdecim</span> <span class='ocrx_word' id='word_1_689' title='bbox 2945 5314 3181 5351; x_wconf 68' lang='lat' dir='ltr'>annorum</span> <span class='ocrx_word' id='word_1_690' title='bbox 3208 5302 3354 5351; x_wconf 85' lang='lat' dir='ltr'>fuerit</span> <span class='ocrx_word' id='word_1_691' title='bbox 3373 5313 3499 5351; x_wconf 81' lang='lat' dir='ltr'>anno</span> <span class='ocrx_word' id='word_1_692' title='bbox 3526 5302 3679 5352; x_wconf 72' lang='grc'>1200.</span> 
     </span>
    </p>
   </div>
   <div class='ocr_carea' id='block_1_101' title="bbox 2269 5364 3805 5431">
    <p class='ocr_par' dir='ltr' id='par_1_101' title="bbox 2269 5364 3805 5431">
     <span class='ocr_line' id='line_1_101' title="bbox 2269 5364 3805 5431; baseline 0.003 -16"><span class='ocrx_word' id='word_1_693' title='bbox 2269 5364 2407 5431; x_wconf 70' lang='grc'>(126)</span> <span class='ocrx_word' id='word_1_694' title='bbox 2438 5369 2503 5416; x_wconf 86' lang='lat' dir='ltr'>De</span> <span class='ocrx_word' id='word_1_695' title='bbox 2525 5368 2774 5429; x_wconf 70' lang='lat' dir='ltr'>sepultura</span> <span class='ocrx_word' id='word_1_696' title='bbox 2801 5372 2970 5418; x_wconf 85' lang='lat' dir='ltr'>sancto</span> <span class='ocrx_word' id='word_1_697' title='bbox 2996 5369 3213 5419; x_wconf 83' lang='lat' dir='ltr'>exhibita</span> <span class='ocrx_word' id='word_1_698' title='bbox 3245 5368 3429 5431; x_wconf 83' lang='lat' dir='ltr'>prolixe</span> <span class='ocrx_word' id='word_1_699' title='bbox 3468 5369 3630 5430; x_wconf 78' lang='lat' dir='ltr'>agitur</span> <span class='ocrx_word' id='word_1_700' title='bbox 3672 5370 3805 5419; x_wconf 83' lang='lat' dir='ltr'>intra</span> 
     </span>
    </p>
   </div>
   <div class='ocr_carea' id='block_1_102' title="bbox 2198 5432 3809 5499">
    <p class='ocr_par' dir='ltr' id='par_1_102' title="bbox 2198 5432 3809 5499">
     <span class='ocr_line' id='line_1_102' title="bbox 2198 5432 3809 5499; baseline 0.002 -17"><span class='ocrx_word' id='word_1_701' title='bbox 2198 5432 2286 5482; x_wconf 89' lang='lat' dir='ltr'>lib.</span> <span class='ocrx_word' id='word_1_702' title='bbox 2337 5447 2386 5495; x_wconf 92' lang='lat' dir='ltr'>v,</span> <span class='ocrx_word' id='word_1_703' title='bbox 2432 5448 2477 5483; x_wconf 95' lang='lat' dir='ltr'>c.</span> <span class='ocrx_word' id='word_1_704' title='bbox 2522 5434 2584 5483; x_wconf 73' lang='grc'>27</span> <span class='ocrx_word' id='word_1_705' title='bbox 2632 5438 2681 5483; x_wconf 90' lang='lat' dir='ltr'>et</span> <span class='ocrx_word' id='word_1_706' title='bbox 2720 5434 2801 5495; x_wconf 71' lang='lat'>28,</span> <span class='ocrx_word' id='word_1_707' title='bbox 2848 5447 2935 5498; x_wconf 88' lang='lat' dir='ltr'>per</span> <span class='ocrx_word' id='word_1_708' title='bbox 2974 5438 3149 5485; x_wconf 86' lang='lat' dir='ltr'>totum.</span> <span class='ocrx_word' id='word_1_709' title='bbox 3192 5436 3259 5485; x_wconf 90' lang='lat' dir='ltr'>De</span> <span class='ocrx_word' id='word_1_710' title='bbox 3306 5435 3480 5485; x_wconf 88' lang='lat' dir='ltr'>eadem</span> <span class='ocrx_word' id='word_1_711' title='bbox 3517 5435 3809 5499; x_wconf 81' lang='lat' dir='ltr'>Radulpbus</span> 
     </span>
    </p>
   </div>
   <div class='ocr_carea' id='block_1_103' title="bbox 2200 5500 3803 5564">
    <p class='ocr_par' dir='ltr' id='par_1_103' title="bbox 2200 5500 3803 5564">
     <span class='ocr_line' id='line_1_103' title="bbox 2200 5500 3803 5564; baseline 0.002 -14"><span class='ocrx_word' id='word_1_712' title='bbox 2200 5500 2502 5561; x_wconf 77' lang='lat' dir='ltr'>Coggeshale</span> <span class='ocrx_word' id='word_1_713' title='bbox 2526 5500 2575 5549; x_wconf 91' lang='lat' dir='ltr'>in</span> <span class='ocrx_word' id='word_1_714' title='bbox 2601 5500 2831 5550; x_wconf 79' lang='lat' dir='ltr'>chronica</span> <span class='ocrx_word' id='word_1_715' title='bbox 2869 5501 3121 5564; x_wconf 81' lang='lat' dir='ltr'>anglicano</span> <span class='ocrx_word' id='word_1_716' title='bbox 3159 5514 3187 5551; x_wconf 90' lang='lat' dir='ltr'>a</span> <span class='ocrx_word' id='word_1_717' title='bbox 3228 5502 3443 5553; x_wconf 75' lang='lat' dir='ltr'>Martene</span> <span class='ocrx_word' id='word_1_718' title='bbox 3477 5505 3527 5553; x_wconf 87' lang='lat' dir='ltr'>et</span> <span class='ocrx_word' id='word_1_719' title='bbox 3564 5502 3803 5555; x_wconf 81' lang='lat' dir='ltr'>Durando</span> 
     </span>
    </p>
   </div>
   <div class='ocr_carea' id='block_1_104' title="bbox 2203 5566 3360 5633">
    <p class='ocr_par' dir='ltr' id='par_1_104' title="bbox 2203 5566 3360 5633">
     <span class='ocr_line' id='line_1_104' title="bbox 2203 5566 3360 5633; baseline 0.001 -15"><span class='ocrx_word' id='word_1_720' title='bbox 2203 5566 2429 5629; x_wconf 73' lang='lat' dir='ltr'>evulgato</span> <span class='ocrx_word' id='word_1_721' title='bbox 2456 5570 2495 5617; x_wconf 89' lang='lat' dir='ltr'>t.</span> <span class='ocrx_word' id='word_1_722' title='bbox 2518 5566 2578 5631; x_wconf 79' lang='grc' dir='ltr'>ν,</span> <span class='ocrx_word' id='word_1_723' title='bbox 2605 5579 2743 5619; x_wconf 80' lang='lat' dir='ltr'>novae</span> <span class='ocrx_word' id='word_1_724' title='bbox 2768 5567 2975 5633; x_wconf 88' lang='lat' dir='ltr'>collect,</span> <span class='ocrx_word' id='word_1_725' title='bbox 3002 5570 3218 5621; x_wconf 87' lang='lat' dir='ltr'>column.</span> <span class='ocrx_word' id='word_1_726' title='bbox 3244 5568 3360 5620; x_wconf 85' lang='lat'>866.</span> 
     </span>
    </p>
   </div>
  </div>
