3960 6062
178 166 317 219 1005

1525 161 1707 218 VITA.
1747 192 1816 203 —
1856 163 1984 220 LIB.
2025 165 2116 220 IV.

3331 172 3465 225 1006

1330 654 1664 738 LIBER
1733 653 2254 753 QUARTUS

698 1159 921 1216 CAPUT
951 1161 1238 1216 PRIMUM.

177 1268 250 1316 De
272 1267 475 1318 Martini
502 1269 659 1317 nostri
684 1268 906 1330 Hugonis
930 1270 1184 1320 scriniarii
1211 1270 1451 1328 tonsione,
1478 1268 1542 1318 ad
1570 1266 1777 1329 religio-

394 1347 500 1384 nem
526 1336 865 1398 conversione,
892 1342 943 1386 et
965 1337 1264 1397 profectione
1288 1338 1339 1386 in
1364 1336 1546 1385 eadem.

244 1434 613 1504 Deputaverat
673 1436 933 1491 custodia:-
993 1435 1383 1505 pontificalium
1450 1434 1774 1489 scriniorum

174 1523 503 1577 reverendus
551 1524 777 1579 antistes
806 1524 962 1597 Hugo
1003 1527 1256 1593 juvenem
1305 1523 1616 1594 quemdam,
1650 1538 1773 1577 mo-

174 1611 390 1665 destum
439 1612 656 1683 quidem
700 1613 942 1668 moribus
973 1621 1025 1667 et
1072 1613 1351 1683 pudicum,
1386 1612 1482 1667 sed
1526 1611 1775 1667 vanitatis

174 1700 464 1755 mundanae
492 1717 599 1756 non
629 1701 788 1771 plene
834 1717 1086 1767 vacuum,
1116 1701 1403 1755 Martinam
1444 1701 1682 1755 nomine.
1718 1701 1777 1753 In

175 1788 388 1843 scriniis
443 1798 619 1844 autem
663 1805 797 1844 vasa
844 1798 894 1844 et
944 1789 1284 1853 vestimenta,
1326 1789 1538 1860 aliaque
1586 1790 1775 1857 hujus-

176 1876 323 1930 modi
354 1893 522 1945 sacra,
558 1894 790 1948 quorum
818 1878 871 1930 in
902 1878 1088 1933 altaris
1135 1878 1433 1933 ministerio
1478 1894 1610 1931 usus
1638 1885 1772 1944 erat,

177 1965 616 2020 continebantur.
653 1966 816 2020 Moris
855 1975 1037 2021 autem
1068 1975 1184 2021 erat
1206 1968 1401 2021 horum
1418 1966 1703 2021 custodem
1725 1975 1778 2020 et

177 2055 435 2123 bajulum,
470 2055 717 2125 quamvis
768 2055 983 2122 laicum,
1019 2064 1196 2109 tamen
1245 2055 1367 2126 quia
1406 2055 1547 2110 inter
1595 2055 1775 2111 eccle-

178 2144 395 2199 siastica
445 2143 764 2199 versabalur
791 2159 912 2198 cum
946 2144 1161 2199 clericis
1210 2144 1531 2209 ministeria,
1566 2143 1776 2198 tonderi

178 2240 235 2286 ut
264 2230 543 2298 clericum,
579 2240 630 2286 et
660 2232 893 2286 tunicam
924 2231 1154 2302 propriis
1184 2232 1425 2285 vestibus
1456 2232 1776 2302 superindu-

179 2328 291 2374 tum
319 2321 516 2374 lineam
550 2320 769 2375 creditis
800 2321 903 2374 sibi
934 2320 1211 2375 deservire
1242 2321 1545 2391 obsequiis.
1589 2320 1774 2375 Marti-

176 2426 278 2463 nus
300 2410 425 2465 huic
454 2410 523 2463 de
554 2409 755 2464 recenti
779 2409 1104 2479 subrogatus
1132 2408 1307 2464 otiicio
1332 2410 1635 2464 tonsionem
1659 2426 1775 2464 sus-

1791 1160 1842 1218 A
1866 1159 1980 1228 jam
2012 1168 2354 1215 comesturus
2384 1162 2454 1215 ad
2504 1160 2814 1217 triclinium.
2849 1164 2915 1216 At
2948 1163 3157 1217 czeteris
3196 1164 3468 1220 vescenti—

1874 1248 1976 1302 bus
2004 1249 2140 1303 edax
2170 1249 2425 1304 desiderii
2459 1250 2676 1305 ﬂamma
2708 1251 3038 1321 depascebat
3079 1252 3293 1306 Martini
3323 1270 3470 1323 prae-

1876 1337 2080 1400 cordia,
2116 1338 2253 1392 adeo
2296 1347 2352 1392 ut
2392 1338 2481 1392 vix
2528 1339 2845 1411 contingere
2895 1338 3163 1395 sineretur
3206 1343 3473 1413 corporea

1876 1425 2151 1493 alimenta,
2187 1444 2299 1497 pra:
2331 1426 2523 1481 interni
2556 1428 2764 1483 ardoris
2796 1444 2902 1499 quo
2934 1430 3244 1484 medullitus
3270 1440 3471 1486 aastua-

1876 1514 1964 1567 bat
1995 1515 2355 1570 vehementia.
2388 1517 2561 1570 Finito
2593 1516 2757 1588 igitur
2789 1517 3038 1572 convivio
3076 1520 3285 1573 accedit
3315 1537 3472 1575 scor-

1878 1620 1996 1656 sum
2026 1604 2093 1657 ad
2115 1612 2337 1659 cunctos
2371 1605 2703 1675 singillatim,
2730 1621 2866 1676 quos
2896 1605 2950 1660 in
2973 1606 3066 1660 tali
3096 1609 3351 1662 censebat
3379 1626 3474 1664 ne-

1877 1692 2024 1761 gotio
2056 1693 2232 1763 magis
2263 1693 2598 1748 exaudibiles
2646 1693 2760 1748 fore
2790 1694 3068 1765 episcopo.
3102 1695 3347 1764 Quorum
3376 1714 3473 1768 pe-

1877 1780 2036 1833 dibus
2082 1781 2384 1851 advolutus,
2434 1798 2613 1848 aures,
2643 1782 2852 1837 animos
2901 1781 3234 1855 affectusque
3283 1802 3474 1841 eorum

1878 1868 2203 1941 singultibus
2224 1870 2419 1941 pulsat,
2444 1879 2624 1926 movet
2642 1871 2918 1941 precibus,
2945 1880 2997 1926 et
3026 1872 3239 1927 fletibus
3270 1875 3470 1944 pietate

1876 1957 2053 2026 plenis
2082 1957 2321 2023 inclinat,
2357 1966 2415 2012 ut
2436 1958 2679 2013 :estuanti
2708 1975 2878 2029 penes
2926 1960 3241 2031 episcopum
3276 1962 3472 2018 suﬂra-

1878 2046 1969 2117 gia
1990 2045 2289 2110 conferant,
2313 2062 2420 2118 quo
2441 2063 2539 2118 per
2558 2064 2679 2101 eum
2715 2047 2967 2102 salutaris
3000 2049 3260 2105 desiderii
3281 2067 3473 2108 conse-

1878 2141 2071 2205 quatur
2098 2134 2371 2189 eﬂ'ectum.

1947 2223 2006 2276 In
2040 2222 2231 2276 talibus
2261 2238 2392 2278 vero
2424 2222 2615 2277 diebus
2636 2225 2932 2294 persistens
2953 2226 3261 2282 indefessus
3277 2236 3325 2283 et
3349 2245 3473 2285 noc-

1878 2310 2036 2381 tibus,
2068 2312 2285 2365 tandem
2312 2320 2435 2381 post
2485 2312 2723 2367 triduum
2770 2314 3001 2368 obtinuit
3046 2316 3189 2387 quod
3220 2333 3475 2387 perseve-

1876 2407 2059 2453 ranter
2105 2399 2413 2469 postulavit.
2463 2400 2689 2471 Expiata
2747 2401 3015 2472 siquidem
3060 2404 3307 2460 triduana
3358 2408 3476 2475 ejus

180 2498 363 2568 cipcre
386 2498 605 2565 jubetur
642 2498 709 2551 ab
750 2498 1029 2568 episcopo.
1064 2496 1237 2565 Quam
1266 2498 1355 2551 ille
1375 2498 1550 2553 triduo
1583 2498 1847 2573 jussio-B
1875 2487 2238 2542 inObedienlia
2286 2504 2351 2542 ex
2382 2487 2575 2556 dilatae,
2610 2504 2719 2544 ηοῐι
2756 2490 2954 2545 minori
3001 2499 3265 2563 tempore,
3300 2510 3472 2550 exau-

177 2602 321 2654 nem,
346 2587 551 2657 pudore
572 2587 866 2641 obsistente
888 2603 996 2641 non
1028 2587 1191 2653 bono,
1212 2587 1417 2641 distulit
1449 2587 1769 2657 adimplere,

179 2675 345 2730 variis
365 2692 463 2745 per
484 2675 601 2729 dies
632 2676 879 2747 singulos
902 2676 1337 2731 excusationibus
1370 2675 1552 2730 velare
1574 2675 1771 2740 nitens,

177 2779 301 2819 cum
333 2771 674 2835 argueretur,
710 2764 897 2819 omissi
926 2765 1186 2835 przecepti
1214 2764 1572 2819 voluntariam
1602 2764 1670 2818 ob
1700 2764 1777 2818 in-

178 2852 563 2907 obedientiam.
597 2853 713 2908 Hoc
739 2854 1030 2923 episcopus
1077 2854 1369 2909 advertens
1406 2860 1776 2930 reportantem

177 2941 246 2995 ab
278 2940 511 2997 ecclesia
534 2941 766 3012 quadam
798 2942 884 2996 die
903 2950 1025 3013 post
1054 2942 1250 2996 missas
1282 2941 1483 2997 scrinia
1503 2942 1772 3007 observat,

181 3046 411 3101 eumque
454 3030 509 3083 in
552 3030 861 3085 ulteriorem
908 3040 1125 3086 secutus
1173 3031 1456 3097 exedram,
1507 3030 1776 3086 cincinnio

178 3118 278 3191 [αι.
314 3118 543 3190 cicinno]
575 3119 768 3190 capitis
797 3119 940 3173 illius
969 3119 1169 3189 digitos
1198 3119 1514 3174 innectens:
1554 3141 1575 3167 «
1610 3119 1771 3183 Ecce,

181 3210 274 3273 ait,
309 3208 436 3279 quia
466 3217 743 3263 tonsorem
774 3224 881 3262 non
929 3207 1196 3278 reperisti,
1231 3208 1322 3279 qui
1353 3208 1653 3262 ordinatam
1682 3207 1777 3260 tibi

180 3298 339 3355 faciat
370 3305 667 3359 tonsuram,
701 3313 805 3369 ego
837 3297 954 3366 ipse
983 3297 1218 3351 tondebo
1252 3305 1322 3351 te.
1362 3318 1383 3346 ι
1419 3298 1546 3352 Haec
1568 3296 1773 3363 dicens,

180 3386 408 3457 sumptis
436 3385 727 3456 forcipibus
757 3385 1033 3441 caesariem
1074 3385 1217 3439 illius
1246 3385 1302 3439 in
1332 3385 1617 3440 rotundum
1664 3385 1777 3441 cir-

180 3474 452 3531 cumcidit.
506 3474 623 3542 Quo
665 3473 828 3541 facto,
889 3490 1014 3529 mox
1058 3474 1380 3543 juvenculus
1418 3475 1471 3528 in
1505 3475 1777 3544 lacrymas

179 3563 451 3618 resolutus
474 3563 705 3634 genibus
730 3562 902 3618 sancti
920 3563 1270 3633 provolvitur,
1289 3562 1777 3634 constringensque

178 3652 430 3705 manibus
472 3651 680 3705 fortiter
724 3652 893 3721 pedes
944 3652 1078 3720 ejus.
1119 3674 1139 3697 α
1173 3651 1420 3720 Domine,
1456 3652 1645 3721 inquit,
1680 3668 1779 3720 per

181 3740 619 3795 misericordiam
650 3740 749 3794 Dei
779 3741 969 3808 adjuro
998 3756 1115 3807 vos,
1139 3748 1195 3793 ut
1226 3740 1453 3794 audiatis
1483 3755 1780 3810 parumper

179 3846 286 3883 me.
322 3828 461 3897 Quia
494 3828 635 3883 enim
667 3829 887 3883 dextera
915 3836 1109 3883 vestrae
1140 3828 1438 3883 sanctitatis
1470 3828 1632 3898 capiti
1658 3843 1778 3882 meo

180 3918 396 3989 signum
426 3917 645 3970 abstulit
683 3917 969 3972 mundana
998 3917 1267 3981 vanitatis,
1301 3933 1419 3984 oro,
1454 3925 1714 3988 quatenus
1750 3934 1779 3970 a

180 4006 366 4060 mundi
417 4007 573 4074 hujus
601 4005 808 4076 laqueis
857 4005 1073 4075 penitus
1117 4022 1202 4059 me
1246 4006 1529 4061 absolvere
1578 4006 1773 4061 velitis.

178 4097 314 4149 Nam
347 4110 537 4148 revera
584 4102 854 4164 amputata
884 4111 981 4164 per
1010 4110 1202 4148 manus
1243 4102 1455 4150 vestras
1486 4111 1645 4150 coma
1668 4111 1775 4150 sa)-

179 4183 379 4238 cularis
410 4198 562 4237 meas
593 4182 815 4237 ulterius
854 4183 1092 4238 cervices
1124 4182 1345 4238 minime
1375 4184 1767 4253 praegravabit.

177 4273 246 4327 Ut
279 4288 492 4342 quoque
521 4271 855 4341 propositum
887 4271 1082 4325 mentis
1110 4288 1210 4341 per
1239 4287 1431 4326 manus
1463 4280 1655 4326 vestrae
1687 4272 1779 4326 ob-

180 4360 429 4430 sequium
460 4360 669 4415 conlitus
716 4360 848 4413 mihi
896 4359 1216 4429 inspiratum
1264 4359 1599 4414 manifestius
1638 4377 1777 4430 pan-

179 4450 327 4517 dam,
360 4448 510 4503 viluit
559 4448 690 4502 mihi
730 4465 953 4518 prorsus
999 4448 1101 4503 hoc
1132 4465 1365 4519 nequam
1413 4448 1690 4515 saeculum,
1725 4455 1776 4502 et

180 4546 374 4607 appeto
405 4539 817 4592 monachatum:
844 4538 956 4591 Deo
988 4536 1041 4589 in
1063 4545 1343 4606 posterum
1373 4553 1457 4591 me
1487 4544 1660 4591 totum
1689 4536 1777 4590 dc-

181 4642 373 4692 voveo,
408 4634 460 4679 et
492 4626 675 4681 saeculi
704 4642 769 4680 ex
801 4633 909 4679 toto
932 4625 1145 4695 pompis
1176 4626 1445 4680 renuntio.
1472 4627 1775 4695 Prosequa-

178 4722 286 4781 tur,
319 4716 567 4781 obsecro,
592 4715 763 4786 gratia
795 4722 992 4779 vestra,
1021 4730 1127 4785 qua
1142 4731 1242 4784 per
1270 4731 1367 4769 vos
1388 4714 1776 4784 meruipraeve-

177 4803 284 4857 niri
314 4803 490 4876 gratia
522 4804 639 4867 Dei,
672 4810 728 4857 ut
759 4811 808 4857 ct
850 4802 966 4873 ipsa
999 4811 1358 4874 prosequatur
1403 4820 1489 4857 me
1520 4820 1639 4873 qua:
1661 4804 1775 4870 jam

175 4892 439 4965 praevenit
468 4892 717 4945 omnibus
746 4891 939 4946 diebus
970 4892 1092 4947 vitae
1121 4908 1277 4946 mea}.
1309 4893 1410 4947 Per
1436 4908 1534 4946 vos
1563 4890 1778 4963 religio-

176 4983 263 5036 nis
286 4996 496 5035 merear
519 4980 795 5050 suscipere
816 4989 1046 5047 vestem,
1066 4998 1165 5051 per
1186 4998 1346 5053 quem
1367 4981 1529 5036 modo
1562 4979 1777 5049 suscepi

178 5072 629 5126 characterem.»
667 5069 807 5136 Quid
859 5069 1072 5123 multa?
1130 5071 1261 5125 Cum
1319 5070 1606 5140 episcopus
1662 5070 1775 5123 haec

180 5157 336 5230 quasi
365 5157 504 5212 dicta
533 5158 758 5227 puerilia
790 5158 1011 5214 duceret
1040 5175 1102 5213 ac
1124 5159 1463 5230 negligenter
1483 5160 1771 5229 acciperet,

1877 2576 2092 2630 ditionis
2137 2592 2310 2644 mora,
2347 2576 2525 2633 sciens
2572 2577 2655 2631 vir
2701 2577 3157 2635 clementissimus
3206 2590 3473 2653 tempera-

1876 2673 2115 2719 mentum
2148 2664 2536 2720 misericordiae
2565 2682 2695 2735 sum,
2728 2665 2852 2722 fecit
2884 2669 2953 2723 ad
2982 2684 3039 2722 se
3083 2671 3342 2725 accersiri
3371 2689 3472 2727 ve-

1877 2753 2175 2808 nerabilem
2206 2754 2401 2818 virum,
2434 2753 2675 2824 priorem
2722 2754 2905 2810 Sancti
2933 2757 3130 2811 Neothi
3161 2760 3308 2829 (127)
3334 2778 3348 2827 ;
3383 2768 3472 2814 ut-

1877 2857 1982 2912 que
2013 2841 2359 2897 absolvamus
2391 2843 2713 2913 compendio
2736 2843 2883 2914 quod
2913 2853 3128 2916 gestum
3158 2854 3258 2915 est,
3284 2856 3473 2904 sancto

1877 2930 2038 2984 coetui
2096 2930 2339 2999 ejusdem
2387 2931 2539 2987 cella
2596 2948 2753 2986 suum
2808 2933 3097 2988 Martinum
3152 2935 3473 2991 favorabili-

1876 3025 1961 3074 ter
2007 3019 2204 3075 sociari
2249 3020 2402 3090 petiit
2451 3029 2501 3075 et
2542 3020 2869 3091 impetravit.
2923 3022 3269 3093 Compertam
3312 3041 3474 3080 nam-

1879 3123 1986 3178 que
2024 3124 2056 3161 a
2093 3108 2526 3178 prmoedentibus
2564 3110 2722 3163 annis
2787 3111 3138 3166 Beccensium
3206 3113 3471 3170 habuerat

1878 3195 2021 3251 idem
2074 3195 2289 3263 juvenis
2346 3196 2670 3252 laudabilem
2743 3214 2970 3268 prorsus
3042 3200 3470 3270 institutionem,

1879 3300 1980 3340 nec
2009 3300 2117 3339 non
2150 3293 2201 3339 et
2230 3285 2531 3345 ordinatam
2577 3286 2792 3343 familia:
2820 3288 2990 3344 sancti
3016 3290 3213 3345 Neothi
3244 3306 3472 3347 conver-

1880 3372 2164 3428 sationem.
2198 3374 2349 3428 Unde
2396 3373 2735 3445 professione
2782 3375 2925 3431 illius
2954 3377 3202 3450 astringi,
3227 3379 3315 3435 isti
3346 3398 3473 3437 vero

1877 3461 2191 3517 habitationi
2221 3462 2572 3533 praelegerat
2602 3464 2877 3537 conjungi.
2940 3467 3036 3521 Cui
3071 3468 3322 3537 provisor
3350 3469 3473 3540 pius

1880 3559 1933 3605 et
1962 3551 2215 3606 vestitum
2245 3551 2467 3607 contulit
2497 3553 2829 3625 regularem,
2863 3562 2915 3608 et
2941 3554 3084 3609 diem
3115 3558 3475 3627 susceptionis

1878 3640 2022 3693 illius
2051 3640 2119 3694 ad
2147 3640 2388 3694 habitum
2419 3657 2628 3696 sacrum
2664 3642 2894 3697 solemni
2923 3643 3219 3701 refectione
3256 3646 3475 3703 univer-

1881 3728 1956 3782 sis
1985 3727 2240 3783 fratribus
2270 3729 2644 3784 exsultabilem
2674 3730 2820 3786 fecit.

1951 3830 2213 3885 Martinus
2262 3848 2412 3899 vero,
2459 3848 2577 3903 quae
2625 3832 2725 3887 Dei
2775 3841 2894 3887 sunt
2923 3849 3031 3888 non
3068 3834 3248 3891 minus
3295 3836 3473 3894 facere

1880 3935 2041 3990 quam
2073 3919 2214 3974 scire
2257 3919 2661 3990 infatigabiliter
2707 3922 2948 3988 studens,
2994 3935 3359 3996 prosequente
3385 3927 3475 3997 pia

1878 4008 1995 4076 ejus
2025 4016 2147 4063 vota
2177 4008 2353 4081 gratia
2383 4008 2599 4076 Christi,
2634 4009 2688 4063 in
2718 4009 2957 4065 bonitate
2996 4019 3049 4066 et
3078 4012 3383 4085 disciplina,
3417 4016 3471 4070 in

1878 4096 2101 4151 scientia
2130 4097 2268 4151 adeo
2298 4096 2351 4149 in
2382 4097 2532 4151 brevi
2561 4097 2787 4167 profecit
2818 4107 2873 4153 ut
2902 4100 3153 4155 omnibus
3194 4103 3309 4170 ejus
3338 4119 3473 4173 pro-

1876 4183 2048 4239 fectUS
2070 4184 2229 4238 etiam
2258 4185 2552 4239 imitandus
2574 4202 2697 4241 esse
2726 4196 3057 4242 censeretur.
3092 4188 3262 4256 Quem
3283 4199 3475 4261 postea

1875 4273 1942 4327 ad
1974 4272 2395 4327 subdiaconatus
2426 4274 2653 4344 gradum
2681 4274 2932 4329 nutritius
2963 4292 3094 4330 suus
3123 4294 3246 4332 cum
3275 4280 3473 4349 gaudio

1875 4361 2082 4433 ingenti
2125 4361 2414 4430 promovit.
2448 4363 2577 4415 Erat
2610 4361 2829 4432 quidem
2859 4362 2915 4417 in
2942 4380 3007 4419 eo
3049 4366 3256 4421 cunctis
3299 4368 3472 4424 mira-

1875 4450 2002 4513 bile,
2036 4449 2180 4520 quod
2207 4449 2262 4503 in
2291 4450 2584 4520 semetipso
2629 4450 2920 4523 unicuique
2950 4452 3234 4509 videbatur
3260 4456 3473 4528 impos-

1876 4538 2049 4605 sibile,
2070 4545 2125 4590 ut
2155 4537 2209 4591 in
2238 4546 2397 4593 aetate
2436 4538 2643 4594 scilicet
2665 4540 2778 4608 jam
2806 4543 3145 4611 provectiore
3187 4552 3334 4600 tanto
3366 4546 3472 4601 cito

1876 4626 2080 4680 litteras
2111 4626 2265 4680 scivit
2296 4642 2431 4698 quas
2461 4627 2516 4681 in
2542 4629 2903 4684 tenerioribus
2933 4631 3089 4686 annis
3132 4633 3354 4689 minime
3382 4635 3470 4689 di-

1878 4714 2116 4770 dicisset.
2174 4717 2242 4769 At
2298 4716 2557 4770 Martinus
2605 4718 2983 4773 admirantium
3041 4720 3308 4789 laudibus,
3364 4738 3471 4777 non

1878 4804 2017 4869 dico,
2051 4820 2158 4859 non
2189 4804 2566 4873 extollebatur,
2596 4806 2704 4861 imo
2751 4824 2853 4862 nec
2882 4808 3101 4879 quidem
3132 4809 3321 4863 leviter
3348 4793 3473 4866 mo-

1877 4893 2117 4957 vebatur,
2153 4893 2279 4963 quin
2311 4894 2489 4963 potius
2520 4910 2734 4949 coaevos
2765 4903 2818 4950 et
2846 4896 3170 4951 consodales
3202 4899 3471 4967 quondam

1875 4997 2003 5035 suos
2052 4979 2379 5035 ﬁrmissimis
2427 4982 2726 5037 rationibus
2775 4984 3034 5056 arguebat
3080 4984 3354 5054 vanitatis,
3406 4989 3473 5044 ad

1875 5069 2109 5125 studium
2138 5086 2232 5125 eos
2254 5070 2487 5125 invitans
2508 5071 2628 5127 vitae
2659 5072 3024 5128 correctioris.
3054 5073 3283 5145 Rogavit
3313 5076 3472 5132 etiam

1874 5157 2213 5229 pontificem,
2275 5168 2536 5231 quatenus
2592 5176 2623 5213 a
2680 5161 2910 5216 Domino
2964 5162 3157 5217 abbate
3215 5164 3473 5222 Beccensi

176 5226 556 5301 dissimulabat
580 5246 856 5317 quidpiam
886 5247 1096 5302 referre
1144 5226 1365 5313 auditis,
1398 5226 1769 5319 processitque
1802 5226 1855 5285 Ῑ)
1874 5226 1991 5301 suis
2018 5226 2339 5319 dignaretur
2368 5248 2616 5319 precibus
2644 5248 2909 5319 obtinere,
2934 5257 2992 5304 ut
3019 5251 3087 5305 ad
3118 5252 3339 5309 domum
3358 5271 3475 5311 ma-

248 5424 390 5492 (127)
429 5428 482 5479 S.
528 5428 667 5478 Neoti
711 5428 956 5491 prioratus
984 5425 1241 5493 (scribitur
1280 5428 1329 5477 in
1374 5428 1579 5478 Monast.
1609 5426 1775 5489 Angli-

180 5506 304 5544 cano
328 5498 365 5543 t.
394 5495 432 5555 l,
460 5508 508 5556 p.
536 5495 658 5557 368)
687 5495 736 5545 in
761 5496 997 5545 comitatu
1038 5494 1410 5558 Huntingdonite
1431 5533 1443 5557 ,
1470 5493 1629 5557 primo
1655 5494 1775 5544 cella

178 5560 385 5611 abbatis:
421 5561 484 5612 de
523 5563 675 5613 Becco
723 5562 775 5612 in
816 5562 1169 5614 Northmannia
1190 5599 1204 5627 ,
1244 5561 1419 5613 deinde
1462 5573 1579 5611 vero
1623 5560 1779 5611 factus

1882 5426 2129 5489 indigena.
2158 5427 2323 5478 Acturi
2360 5431 2475 5478 sunt
2498 5428 2559 5478 de
2598 5430 2651 5478 S.
2694 5430 2883 5479 Neotho
2919 5431 3237 5491 Bollandiani,
3266 5438 3348 5485 aut
3368 5434 3470 5495 jam

1884 5498 2106 5556 egerunt,
2136 5495 2195 5544 ad
2222 5495 2350 5546 diem
2375 5495 2431 5543 31
2482 5495 2615 5545 Julii.
2659 5495 2905 5547 Videndus
2943 5512 3131 5561 quoque
3168 5501 3474 5555 Mabillonius

1889 5560 2067 5623 Annal.
2089 5563 2210 5612 tom.
2250 5562 2334 5625 Il],
2362 5574 2412 5624 p.
2438 5561 2531 5612 241
2563 5564 2613 5613 et
2646 5565 2685 5614 t.
2710 5562 2768 5628 V,
2794 5560 3034 5627 p.327’et
3057 5560 3175 5617 520.
