3960 6062
492 144 631 198 1007

1344 141 1408 196 S.
1455 137 1773 196 HUGONIS
1810 135 2032 193 EPISC.
2074 132 2398 191 LINCOLN.
2441 133 2608 191 ORD.
2651 133 2905 191 CARTH.

3667 133 3693 183 1
3706 131 3809 184 008

487 267 676 324 tricem
708 266 855 337 (128)
887 265 955 321 de
986 267 1161 322 Bocco
1189 264 1442 321 veniendi
1471 272 1522 319 et
1551 263 1606 318 in
1635 280 1698 319 ea
1727 261 1925 318 diutius
1949 278 2081 333 per-
2106 266 2158 327 Α
2187 276 2396 327 eorum,
2448 258 2846 331 conﬁguratum
2892 255 3107 329 corpori
3155 254 3412 313 claritatis
3456 271 3572 311 suae
3618 256 3806 326 (Phil.

489 356 716 411 sistendi
747 355 904 426 copia
934 355 1160 409 daretur
1191 354 1312 422 sibi,
1349 369 1456 424 quo
1486 352 1625 409 sacri
1666 352 1874 407 ordinis
1903 350 2087 422 perfe-

488 446 627 502 ctius
656 443 1042 500 informaretur
1083 443 1441 510 caeremoniis,
1475 450 1527 497 et
1552 441 2082 513 probatissimorum,

489 550 626 606 quos
655 533 725 587 ibi
764 549 885 588 esse
933 540 1174 595 noverat,
1226 531 1437 602 plenius
1485 531 1846 586 instrueretur
1892 546 2085 585 mona—

489 623 715 679 chorum
747 621 1029 692 exemplis.
1062 622 1399 676 Consecutus
1431 628 1513 675 est
1542 628 1721 675 autem
1759 626 1881 691 post
1911 618 2086 674 modi-

488 727 613 768 cum
641 719 855 782 tempus
880 711 1183 764 interventu
1214 709 1464 781 praesulis
1492 708 1597 780 piae
1624 709 1783 778 hujus
1810 707 2085 779 petitionis

490 799 760 856 eﬁ'ectum.
794 800 874 854 De
906 799 1058 867 cujus
1088 799 1236 871 (129)
1266 814 1441 869 nuper
1478 797 1892 854 conversatione
1921 805 1971 852 et
2002 795 2084 850 in-

487 889 708 955 dustria,
734 896 841 942 tam
872 888 942 943 ab
974 887 1143 958 ipsius
1160 887 1357 942 abbate
1385 903 1543 958 quam
1560 887 1628 941 ab
1657 886 1796 954 aliis,
1822 886 2085 957 pleraque

488 977 773 1034 didicimus
803 976 933 1032 satis
962 975 1433 1033 commendabilia.

1124 1100 1348 1156 CAPUT
1378 1101 1443 1154 II.

485 1209 559 1258 De
598 1210 763 1260 osculo
807 1210 1109 1271 leprosorum
1156 1209 1292 1270 (130)
1335 1214 1384 1259 et
1420 1208 1686 1270 multiplici
1733 1207 2080 1268 consolatione,

551 1276 716 1326 verbis
760 1277 915 1326 nostri
958 1277 1179 1338 Hugonis
1206 1315 1219 1338 ,
1267 1277 1328 1326 de
1367 1276 1628 1327 dulcedine
1669 1274 1984 1335 Saluatoris,
2037 1279 2091 1324 et

552 1343 867 1404 eleemosynm
909 1343 1193 1404 largissima
1248 1343 1617 1392 distributione.
1676 1368 1726 1378 —
1777 1342 1842 1390 Et
1880 1342 1971 1392 hoc
2008 1346 2087 1391 est

551 1409 819 1470 capitulum
842 1409 895 1459 in
919 1410 1048 1459 serie
1068 1422 1256 1474 magna;
1286 1407 1404 1459 Vita;
1436 1409 1564 1459 libro
1587 1411 1780 1471 quarto.

558 1508 705 1563 Inter
735 1507 839 1562 alia
869 1523 1003 1562 vero
1034 1508 1245 1578 pietatis
1275 1507 1512 1580 insignia
1533 1516 1788 1579 quantam
1810 1514 2083 1579 aegrotan-

484 1595 627 1650 tibus
657 1612 861 1662 curam,
897 1604 1151 1667 quantam
1181 1597 1335 1651 etiam
1367 1597 1535 1667 leprae
1564 1596 1685 1650 tabe
1713 1596 2085 1651 laborantibus
2108 1626 2161 1686 Β

486 1684 878 1757 benignitatem
899 1684 1246 1755 impenderit,
1274 1685 1395 1756 quis
1412 1685 1577 1755 digne
1594 1685 2089 1740 commemoraret?

487 1773 583 1827 His
612 1772 867 1827 nimirum
897 1774 1068 1843 pedes
1097 1773 1334 1844 propriis
1385 1791 1531 1844 saepe
1561 1773 1810 1827 manibus
1849 1772 2084 1838 diluens,

490 1869 543 1917 et
574 1870 866 1935 extergens
894 1862 1204 1933 osculisque
1233 1863 1571 1926 demulcens,
1596 1877 1847 1917 nummos
1868 1861 2091 1932 insuper

490 1948 711 2006 refectis
737 1950 859 2005 cibo
890 1957 941 2005 et
970 1959 1099 2021 potu
1129 1950 1318 2022 largiri
1348 1958 1721 2015 consueverat,
1748 1949 2091 2021 faciebatque

490 2038 623 2093 illud
654 2038 922 2095 secretius
956 2054 1137 2095 coram
1168 2040 1358 2110 paucis
1389 2039 1606 2094 arbitris
1634 2040 1690 2093 in
1738 2054 1960 2095 camera
1992 2054 2090 2093 sua

492 2127 749 2182 tredecim
783 2127 981 2198 smpius
1010 2128 1277 2197 personis,
1338 2144 1459 2183 cum
1514 2136 1592 2183 tot
1621 2128 1848 2183 inveniri
1891 2127 2093 2199 potuis-

494 2222 615 2269 sent
643 2214 700 2268 in
726 2213 861 2270 locis
891 2214 1086 2286 quibus
1115 2214 1234 2286 ipse
1261 2214 1613 2271 interfuisset.

564 2302 734 2357 Erant
762 2311 1024 2373 praeterea
1052 2303 1105 2357 in
1138 2303 1465 2374 quibusdam
1486 2304 1667 2358 fundis
1689 2302 1949 2375 episcopii
1978 2319 2093 2357 ma-

493 2389 717 2458 tricuiae,
749 2390 804 2444 in
835 2390 1031 2462 quibus
1061 2406 1170 2446 non
1199 2391 1358 2462 pauci
1385 2392 1545 2461 hujus
1575 2391 1752 2446 morbi
1792 2391 2093 2447 incommo-

492 2478 564 2534 do
597 2478 818 2547 detenti,
854 2487 958 2533 tam
1007 2474 1119 2535 viri
1149 2495 1313 2550 quam
1362 2479 1596 2545 feminm,
1632 2479 2087 2534 sustentabantur.

493 2566 608 2634 His,
643 2575 837 2638 praeter
879 2568 1186 2640 assignatos
1217 2585 1246 2622 a
1275 2567 1778 2639 praadecessoribus
1818 2568 1930 2622 suis
1961 2567 2092 2622 red-

492 2654 658 2719 ditus,
692 2655 841 2710 varia
872 2654 927 2708 in
956 2656 1137 2709 multis
1170 2656 1335 2710 rebus
1365 2657 1611 2710 subsidia
1639 2672 1762 2712 cum
1790 2656 1939 2710 omni
1971 2655 2092 2710 dili-

493 2742 681 2814 gentia
709 2741 1044 2809 conferebat,
1069 2742 1379 2815 frequenter
1410 2744 1479 2798 ad
1510 2759 1605 2798 eos
1633 2744 1689 2797 in
1708 2743 1930 2814 propria
1961 2759 2091 2815 quo-

493 2846 598 2902 que
646 2830 912 2886 accedens
951 2847 1205 2901 persona,
1239 2847 1304 2887 ac
1353 2848 1477 2888 cum
1521 2831 1863 2903 paucissimis
1894 2848 1960 2887 ex
1990 2831 2093 2886 sibi

493 2919 917 2987 adhaerentibus,
944 2919 1075 2974 viris
1106 2920 1372 2976 timoratis
1394 2929 1447 2976 et
1467 2921 1695 2986 devotis,
1719 2921 1931 2976 medius
1951 2920 2094 2975 inter

491 3007 614 3062 illos
644 3007 699 3061 in
727 3008 862 3064 cella
893 3008 1137 3064 residens
1169 3009 1465 3076 secretiori,
1496 3009 1677 3065 verbis
1706 3008 1923 3081 optimis
1956 3010 2093 3065 rele-
2115 2983 2161 3043 Ο

493 3096 658 3152 vabat
688 3096 897 3151 animos
943 3113 1149 3162 eorum,
1204 3097 1513 3153 dolentibus
1559 3106 1806 3153 materna
1835 3099 2094 3169 quodam-

494 3184 658 3239 modo
716 3184 938 3239 lenitate
993 3184 1278 3241 blandiens
1326 3194 1380 3241 et
1427 3187 1496 3241 ad
1540 3202 1693 3258 spem
1724 3185 2093 3242 retributionis

495 3279 712 3327 aeternae
740 3272 1016 3328 desolatos
1038 3274 1409 3344 temporaliter
1423 3273 1755 3347 aﬂlictosque
1779 3276 2089 3331 sustollens.

494 3360 709 3415 Merum
738 3376 952 3432 quoque
983 3362 1247 3418 bonorum
1296 3364 1617 3418 documenta
1662 3364 1927 3419 suavitate
1956 3364 2094 3419 mira

491 3448 827 3504 interserens
873 3449 1055 3505 verbis
1103 3450 1501 3518 consolatoriis,
1527 3451 1620 3518 ita,
1646 3452 1691 3505 si
1722 3452 1852 3524 quid
1897 3468 2094 3524 repre-

492 3536 761 3592 hensibile
791 3537 860 3592 de
883 3537 963 3593 eis
992 3539 1346 3610 percepisset,
1371 3556 1439 3594 ne
1469 3539 1663 3595 iterum
1693 3540 2091 3609 admitteretur,

494 3626 758 3680 suadebat
787 3633 845 3681 ut
862 3642 957 3682 eos
978 3634 1031 3682 et
1059 3627 1284 3682 admissi
1300 3627 1675 3684 vehementius
1703 3629 2010 3699 pcnniteret,
2042 3637 2096 3684 et

494 3713 724 3769 ulterius
751 3715 1068 3770 admittendi
1115 3716 1373 3773 audentia
1400 3733 1498 3774 seu
1546 3717 1795 3773 voluntas
1823 3717 1969 3772 nulla
2016 3717 2095 3773 eis

495 3809 805 3858 remaneret
818 3843 831 3857 .
1440 3847 1444 3855 ,

567 3892 706 3946 Ante
736 3891 1127 3947 exhortationis
1167 3908 1298 3948 vero
1329 3892 1582 3965 alloquia,
1619 3893 1842 3949 semotis
1884 3893 2096 3949 interim

491 3977 647 4046 jussu
695 3979 814 4047 ejus
844 3978 1078 4047 feminis,
1111 3996 1295 4035 mares
1339 3981 1655 4055 singillatim
1703 3982 1972 4039 circuiens
2002 4000 2095 4039 ex-

499 4066 871 4137 osculabatur,
904 4067 1132 4139 singulis
1161 4085 1221 4124 se
1263 4069 1549 4139 inclinans,
1585 4078 1638 4125 et
1668 4086 1805 4142 quos
1853 4080 2098 4127 cerneret

499 4153 737 4210 atrocius
760 4155 875 4224 jam
901 4156 1029 4212 tabe
1059 4157 1338 4214 confectos
1367 4158 1565 4214 diutius
1596 4175 1671 4215 ac
1690 4160 1910 4215 suavius
1940 4175 2096 4216 com-

498 4241 744 4312 plexans.
795 4244 953 4300 Tales
1000 4246 1333 4317 praedicabat
1382 4263 1505 4303 esse
1548 4248 1754 4315 felices,
1788 4249 1926 4304 tales
1973 4265 2096 4305 esse

2190 365 2271 416 tu,
2323 353 2436 419 21),
2497 365 2620 405 cum
2677 364 2742 403 ex
2799 348 3032 402 adverso
3091 345 3430 400 formidolosi
3477 353 3807 415 exspectent

2190 437 2477 492 sublimem
2507 436 2815 492 adfuturum
2844 435 3110 504 Judicem,
3144 434 3236 507 qui
3267 432 3426 489 modo
3455 434 3523 488 de
3545 433 3805 505 corporis

2192 526 2377 597 specie
2429 525 2746 598 gloriantes,
2781 524 2924 579 illius
2955 540 3054 595 per
3081 523 3278 578 mentis
3320 522 3613 579 elationem
3642 521 3802 577 refu-

2190 615 2346 688 giunt
2374 614 2687 670 humilitatis
2719 621 2772 670 et
2803 613 3078 668 munditia
3107 611 3560 668 conformitatem.

2260 706 2446 774 Agens
2474 720 2602 759 vero
2632 719 2877 759 seorsum
2908 718 3027 758 cum
3050 700 3401 756 familiaribus
3431 701 3544 755 suis
3565 700 3633 756 de
3652 706 3800 754 tanta

2193 792 2494 848 Salvatoris
2524 792 2695 847 nostri
2727 791 3036 857 clementia,
3059 790 3150 862 qui
3178 790 3513 845 miserrimos
3542 805 3800 861 quosque

2191 881 2245 935 in
2275 881 2384 936 vita
2413 881 2671 953 prazseuti
2701 879 2859 935 toties
2887 895 2983 935 ore
3013 879 3196 935 divino
3229 878 3501 935 beatiﬁcat
3529 878 3589 932 in
3616 879 3798 933 Evano

2192 968 2338 1042 gelio
2387 956 2505 1039 suo,
2537 984 2683 1024 nunc
2730 970 2991 1023 Lazarum
3037 967 3345 1023 inducendo
3387 967 3698 1023 ulcerosum
3743 967 3796 1021 in

2193 1059 2371 1113 sinum
2404 1058 2633 1113 Abrahae
2661 1058 2730 1112 ab
2761 1057 2972 1131 angelis
3000 1056 3345 1128 perductum,
3377 1072 3519 1111 nunc
3548 1057 3795 1127 seipsum

2192 1146 2248 1200 in
2277 1145 2507 1201 infirmis
2537 1146 2835 1202 asserendo
2864 1162 2986 1201 esse
3028 1144 3324 1211 infirmum,
3354 1145 3491 1200 mira
3519 1160 3646 1200 cum
3675 1144 3798 1199 dul-

2193 1235 2386 1290 cedine
2414 1235 2655 1290 omnium
2674 1238 2964 1291 Auctorem
2984 1233 3331 1289 dulcedinum
3352 1233 3644 1289 attollebat.
3678 1258 3699 1282 -
3723 1232 3791 1299 Ο,

2193 1323 2383 1395 inquit,
2417 1339 2579 1395 quam
2626 1323 2811 1379 felices
2840 1332 3011 1391 erant,
3043 1322 3133 1394 qui
3160 1322 3369 1378 Medico
3411 1327 3549 1378 adeo
3592 1322 3796 1378 dilecto

2193 1411 2512 1466 familiarius
2575 1412 2922 1467 adhaerebant
2960 1410 2972 1465 ι
3016 1410 3185 1480 Quam
3253 1411 3382 1465 mihi
3447 1410 3607 1467 dulce
3675 1410 3797 1466 fore

2195 1517 2530 1572 quaecunque
2571 1500 2655 1554 his
2686 1516 2782 1555 seu
2831 1500 3061 1571 pedibus
3096 1500 3380 1569 calcasset,
3416 1516 3508 1553 seu
3550 1499 3796 1570 qualibet

2195 1589 2442 1659 corporis
2463 1588 2543 1643 sui
2564 1596 2718 1659 parte
2740 1588 3115 1660 contigissent,
3139 1587 3227 1643 vel
3242 1588 3491 1642 manibus
3508 1595 3801 1643 attrectas-

2191 1686 2271 1733 set
2305 1677 2506 1733 osculis
2547 1677 2811 1743 lambere,
2839 1677 3008 1732 oculis
3055 1692 3351 1747 opponere,
3375 1676 3577 1730 intimis
3608 1676 3793 1741 etiam,

2190 1765 2235 1820 si
2265 1764 2379 1821 fieri
2406 1774 2613 1837 posset,
2650 1765 2954 1821 visceribus
3003 1763 3285 1820 inserere!
3320 1763 3497 1833 Quam
3525 1780 3657 1820 vero
3684 1766 3796 1819 mi-

2191 1854 2299 1909 seri
2359 1862 2484 1908 sunt
2531 1854 2623 1925 qui
2671 1854 2818 1909 aliud
2866 1853 3160 1925 quidquam
3206 1853 3395 1908 timent
3442 1870 3605 1924 quam
3654 1854 3796 1909 adeo

2189 1942 2406 1997 dulcem
2450 1941 2764 1997 offendere!
2796 1957 2957 2013 quam
3007 1941 3262 2014 gemendi
3310 1950 3453 2010 sunt,
3505 1942 3599 2013 qui
3646 1941 3796 1996 aliud

2192 2030 2468 2102 quidpiam
2498 2030 2654 2085 dulce
2682 2037 2935 2100 reputant
2961 2030 3211 2102 aliudque
3242 2038 3495 2100 expetunt
3523 2047 3686 2101 quam
3715 2031 3797 2087 sic

2190 2118 2338 2173 dulci
2383 2118 2612 2174 dulciter
2655 2119 2936 2173 adhaerere
2964 2126 3016 2173 et
3057 2117 3286 2173 dulciter
3328 2115 3555 2189 parere!
3589 2118 3795 2173 Nescio

2192 2207 2320 2278 quid
2361 2207 2476 2276 jam
2518 2207 2691 2278 possit
2736 2221 2983 2261 amarum
3028 2205 3227 2261 sentire
3274 2206 3367 2278 qui
3412 2205 3588 2261 dulcis
3638 2206 3797 2275 hujus

2192 2294 2673 2367 dulcedinemjugi
2702 2294 2889 2351 didicit
2917 2295 3265 2351 meditatione
3294 2294 3349 2349 in
3370 2294 3580 2350 interno
3610 2295 3798 2350 cordis

2194 2384 2277 2438 sui
2305 2384 2483 2455 palato
2512 2383 2745 2439 dulciter
2774 2383 3069 2438 ruminare.
3101 2404 3122 2433 ι

2264 2474 2392 2528 Haec
2419 2471 2502 2527 vir
2531 2480 2753 2528 sanctus
2783 2472 2852 2527 de
2894 2471 3105 2527 caelesti
3153 2472 3437 2527 vulnerum
3482 2478 3796 2527 nostrorum

2196 2560 2403 2616 Medico
2432 2561 2692 2628 sentiens,
2729 2562 2843 2615 haec
2873 2560 3080 2625 dicens,
3115 2561 3231 2616 hmo
3277 2561 3436 2616 etiam
3483 2577 3603 2632 quae
3646 2577 3796 2632 prae-

2196 2649 2457 2715 misimus,
2483 2650 2550 2704 de
2584 2649 2843 2704 membris
2872 2649 3017 2703 illius
3065 2647 3459 2703 inﬁrmantibus
3488 2649 3793 2720 proferens,

2193 2738 2311 2793 haec
2347 2737 2452 2791 illis
2510 2737 2832 2808 impendens
2897 2737 3176 2793 evidenter
3236 2738 3369 2792 satis
3432 2737 3793 2808 exprimebat,

2195 2833 2395 2897 quanto
2442 2825 2669 2880 interius
2699 2825 2933 2883 ferveret
2959 2826 3089 2898 igne
3136 2826 3333 2882 divinae
3361 2827 3568 2897 pariter
3596 2836 3653 2882 et
3683 2826 3794 2882 fra-

2195 2922 2359 2969 terna:
2387 2914 2713 2970 dilectionis.
2748 2913 2854 2983 Qui
2880 2915 3042 2970 etiam
3070 2914 3123 2968 in
3168 2931 3456 2971 commune
3487 2916 3796 2988 quibusque

2193 3002 2559 3075 indigentibus
2580 3011 2758 3058 tantas
2779 3002 3115 3075 largiebatur
3129 3002 3503 3074 eleemosynas
3524 3014 3583 3059 ut
3602 3013 3800 3075 praeter

2192 3091 2284 3146 illa
2314 3108 2435 3163 quae
2463 3091 2649 3146 multis
2675 3108 2821 3164 saepe
2851 3092 3180 3163 specialibus
3211 3108 3278 3148 ex
3307 3093 3485 3148 causis
3531 3110 3682 3150 nunc
3712 3095 3799 3149 in-

2194 3180 2525 3250 terpellatus,
2558 3196 2704 3237 nunc
2743 3180 2861 3251 ipse
2892 3196 3057 3237 voces
3104 3181 3447 3252 praeveniens
3491 3183 3799 3237 necessita-

2193 3275 2304 3322 tem
2331 3268 2673 3339 patientium,
2706 3268 2966 3324 secretius
2997 3270 3280 3342 erogabat,
3313 3285 3522 3325 annuas
3551 3272 3800 3326 omnium

2194 3373 2375 3413 rerum
2407 3373 2629 3412 suarum
2675 3358 3032 3415 obventiones
3077 3375 3251 3430 usque
3288 3359 3356 3414 ad
3404 3360 3580 3415 tertiae
3622 3361 3800 3431 partis

2193 3445 2603 3503 aestimationem
2648 3446 2750 3501 sub
2795 3454 2945 3503 certa
2985 3447 3364 3504 constitutione
3391 3448 3448 3503 in
3496 3464 3667 3520 opera
3708 3466 3802 3505 ex-

2194 3534 2451 3605 pendisse
2480 3550 2591 3590 non
2619 3534 2895 3590 dubitetur
2922 3535 3329 3592 misericordia).

2808 3695 3033 3752 CAPUT
3061 3696 3156 3751 III.

2196 3816 2350 3879 Quam
2397 3823 2673 3872 constanter
2713 3820 2979 3872 rebellibus
3034 3834 3089 3872 se
3131 3822 3385 3887 opposuit,
3423 3827 3473 3874 et
3528 3823 3583 3874 in
3641 3824 3800 3875 Dm

2264 3887 2614 3938 contumaciter
2663 3888 3006 3951 delinquentes
3059 3890 3396 3940 ecclesiastica
3448 3902 3660 3941 meum
3702 3905 3802 3954 pu-

2261 3953 2398 4003 uiuit.

2268 4069 2395 4124 Post
2421 4071 2707 4141 praemissa
2736 4073 3134 4128 recensendum
3171 4073 3382 4129 videtur
3426 4089 3587 4146 quam
3619 4077 3799 4148 egerit

2198 4157 2408 4214 fortiter
2436 4158 2493 4212 in
2523 4160 2884 4231 superborum
2904 4162 3420 4233 praesumptionibus
3448 4165 3793 4235 coercendis,

2200 4262 2364 4318 quam
2382 4246 2757 4304 incunctanter
2791 4258 3122 4306 armatorum
3140 4267 3285 4322 sape
3315 4251 3433 4323 ipse
3449 4268 3509 4307 se
3528 4252 3796 4309 inermem

498 4330 738 4401 paradisi
762 4331 927 4388 ﬂores
958 4341 1011 4389 et
1043 4335 1334 4405 praeclaras
1365 4351 1580 4392 corona:
1601 4337 1769 4410 Regis
1797 4337 1987 4393 aeterni
2015 4338 2096 4393 di-
2119 4337 2171 4398 D
2199 4334 2493 4408 ingesserit
2521 4336 2729 4407 turmis,
2764 4355 2924 4409 quam
2954 4339 3165 4395 steterit
3192 4339 3336 4395 inter
3377 4340 3642 4397 micantes
3671 4342 3796 4414 gla-

500 4418 660 4473 cebat
704 4436 826 4476 esse
867 4423 1213 4494 margaritas.
1267 4425 1377 4481 Hos
1438 4424 1757 4481 fiducialiter
1803 4434 1857 4481 et
1900 4441 2095 4482 secure

500 4515 820 4578 exspectare
833 4509 1165 4567 Salvatorem
1178 4514 1511 4569 memorabat
1542 4514 1833 4569 Dominum
1852 4523 2094 4570 nostrum

499 4594 685 4651 Jesum
737 4597 1042 4668 Christum,
1085 4600 1177 4672 qui
1214 4601 1475 4658 reformet
1528 4618 1727 4674 corpus
1781 4602 2097 4657 humilitatis

505 4776 717 4897 10192183
743 4780 812 4908 ge
837 4778 983 4896 ﬁgisus
1007 4780 1214 4831 ρωποι)Ῑί
1240 4781 1424 4845 origine
1450 4781 1552 4845 agit
1569 4780 1871 4833 Mabillonius
1918 4782 2093 4833 Annal.

506 4910 714 5029 13339)
744 4915 817 4963 An
856 4913 969 4976 quid
993 4913 1214 4965 noverint
1240 4915 1507 4966 Beccenses
1541 4916 1603 4966 de
1639 4915 1734 4966 hoc
1756 4916 1994 4978 Martino,
2024 4928 2099 4967 me

526 4990 677 5028 ateat.

570 5042 711 5106 (130)
747 5045 939 5097 Dictum
967 5047 1311 5110 memorabile,
1356 5049 1481 5110 quod
1518 5048 1673 5099 Sirius
1702 5049 1856 5100 refert
1879 5048 1939 5100 de
1960 5048 2102 5101 diffe-

506 5110 669 5178 rentia
729 5113 1001 5165 osculorum
1044 5114 1247 5176 leprosis
1289 5127 1316 5163 a
1357 5116 1409 5165 8.
1458 5117 1665 5166 Martino
1705 5119 1756 5165 et
1795 5118 1849 5167 S.
1899 5117 2099 5178 Hugone

507 5176 834 5244 exhibitorum
879 5180 993 5231 dum
1039 5180 1347 5231 abbreviator
1388 5185 1553 5240 tacet,
1594 5185 1837 5244 utcunque
1887 5176 2103 5234 insinuat

509 5243 704 5293 Surium
762 5256 864 5306 pra:
915 5246 1138 5296 manibus
1193 5246 1421 5297 habuisse
1472 5248 1630 5298 Vitam
1671 5243 1987 5309 prolixiorem
2042 5251 2099 5300 8.

507 5310 739 5378 liugonis,
766 5311 836 5360 uti
861 5313 912 5362 et
946 5324 1008 5361 ex
1031 5312 1180 5363 variis
1225 5313 1343 5363 locis
1367 5314 1529 5378 colligi
1567 5314 1739 5376 datur;
1789 5318 1838 5365 et
1882 5316 2104 5368 Petreius

791 5388 881 5427 suo
920 5381 1139 5443 tempore
1203 5378 1336 5431 illam
1394 5379 1445 5430 in
1490 5376 1784 5433 'Coloniensi
1841 5382 2102 5434 Cartbusia

2198 4424 2317 4480 dios
2359 4433 2413 4480 et
2460 4433 2676 4481 exertas
2724 4426 2994 4495 dexteras,
3041 4428 3096 4483 in
3155 4428 3520 4485 Lincolniensi
3557 4430 3797 4500 primum

2196 4513 2463 4579 Ecclesia,
2494 4514 2691 4570 deinde
2740 4515 2798 4570 iu
2843 4516 3128 4572 Hollandia
3170 4517 3319 4589 (l3l)
3369 4533 3433 4574 ac
3474 4519 3700 4574 demum
3748 4521 3799 4574 in

2196 4603 2541 4659 Norbantona
2591 4602 2759 4675 (132),
2792 4605 2939 4660 nudo
2968 4605 3142 4677 capite
3183 4615 3438 4663 constans
3484 4616 3538 4662 et
3564 4607 3797 4680 intrepi-

2269 4780 2412 4852 (ιδῃ)
2435 4784 2567 4852 Lege
2596 4803 2618 4827 ι
2646 4783 2697 4852 in
2720 4784 2992 4848 iloylandia
3013 4819 3029 4845 ,
3076 4806 3099 4829 ι
3144 4790 3280 4850 parte
3320 4788 3507 4852 Angliaa
3528 4826 3543 4851 ,
3569 4786 3798 4840 dimcesis

2199 4849 2554 4917 Lincolniensis
2584 4890 2598 4913 ,
2642 4850 2693 4900 in
2736 4864 2832 4914 qua
2878 4849 3190 4917 cmnobium,
3241 4854 3306 4905 de
3352 4849 3445 4917 quo
3486 4849 3538 4905 in
3585 4857 3797 4907 Monast.

2200 4916 2462 4984 Anglic.t.
2489 4917 2527 4984 l,
2555 4929 2604 4980 p.
2633 4918 2731 4984 775
2771 4937 2784 4967 :
2828 4920 3311 4972 Swineshevedensis
3344 4916 3539 4973 abbatia
3582 4922 3635 4971 in
3679 4936 3798 4984 agro

2200 4982 2527 5033 Lincolniensi
2548 4983 2747 5034 fundata
2772 4997 2900 5035 anno
2932 4987 3079 5036 1154.
3107 5002 3128 5033 ι
3157 4990 3219 5040 Et
3240 4986 3465 5039 Vischius
3501 4989 3550 5039 in
3575 4982 3799 5039 Chrono-

2200 5049 2328 5119 logia
2370 5049 2433 5119 ad
2473 5050 2656 5119 dictum
2675 5063 2878 5119 annum
2904 5066 2919 5102 :
2948 5072 2970 5095 ι
3002 5052 3287 5106 C(enobium
3320 5055 3601 5119 Swinshed,
3627 5055 3676 5107 id
3700 5060 3797 5119 est,

2200 5115 2469 5178 Hoylandia
2493 5117 2542 5166 in
2567 5117 2757 5180 Anglia.
2782 5132 2809 5166 δ

2266 5181 2408 5247 (152)
2454 5184 2587 5234 Alias
2628 5186 3050 5248 Northamptona,
3100 5187 3359 5239 comitatus
3423 5189 3483 5239 ad
3547 5187 3797 5240 dioecesim

2202 5249 2591 5319 Lincolniensem
2623 5251 2896 5315 pertinens.
2923 5253 3075 5304 Adest
3099 5256 3267 5305 charta
3296 5256 3345 5305 in
3369 5256 3576 5306 Monast.
3601 5256 3794 5319 Anglic.

2200 5318 2245 5392 ς.
2279 5316 2457 5392 apag.
2483 5318 2604 5392 δεμ
2630 5319 2680 5368 in
2719 5321 2979 5392 quaAHugo
3020 5326 3189 5392 noster
3213 5322 3465 5392 monachis
3496 5324 3549 5372 S.
3590 5316 3801 5374 Andreae

2200 5383 2252 5433 in
2293 5383 2681 5447 Northamptona
2722 5385 2981 5438 conﬁrmat
3017 5387 3210 5440 diversa
3248 5389 3345 5441 illis
3385 5388 3501 5441 olim
3541 5401 3798 5441 concessa.
