3960 6062
134 292 273 344 1009

1500 290 1681 345 νιΤΑ.
1716 319 1784 329 -—
1814 287 1940 343 LIB.
1985 288 2073 344 IV.

3312 290 3448 342 1010

137 415 261 469 dus.
299 412 473 468 Minus
504 430 632 470 vero
654 414 783 479 dixi,
818 414 1044 485 steterit,
1092 429 1217 471 cum
1247 416 1353 471 huc
1381 421 1433 469 et
1462 414 1586 469 illuc
1617 413 1733 468 dis-
1752 417 1807 475 Α
1835 411 2055 467 tradidit
2083 418 2317 467 mortem
2349 412 2465 467 solo
2511 412 2872 482 anathemate,
2921 411 3012 483 qui
3062 411 3169 467 ﬁne
3200 413 3456 468 horribili

138 504 411 558 currendo
442 503 683 574 gladium
715 504 934 574 spiritus
982 513 1093 558 tota
1124 522 1247 558 cum
1294 504 1541 559 libertate
1573 503 1628 556 in
1660 502 1745 556 fu-

136 601 322 647 rentes
380 602 431 647 et
495 592 786 647 frementes
831 594 1230 663 conspiratores
1280 609 1377 647 seu
1445 593 1745 646 intrusores

135 681 451 745 vibraverit,
485 682 710 735 tradens
752 690 1095 737 contumaces
1142 683 1356 736 Satante
1387 682 1440 735 in
1471 681 1745 735 interitum

136 770 333 835 carnis,
369 779 423 824 ut
449 770 672 840 spiritus
705 772 888 825 salvus
929 769 1081 825 ﬁeret
1102 770 1157 824 in
1187 770 1273 825 die
1306 770 1521 825 Domini
1552 770 1597 839 (Ι
1621 770 1742 826 Cor.

137 876 195 925 v,
244 861 319 929 5,).
374 859 542 926 Cujus
586 874 651 913 eo
703 860 1008 914 constantia
1060 858 1342 913 sublimius
1375 859 1591 913 emicuit
1641 874 1749 928 quo

136 947 339 1002 ibidem
368 947 605 1002 virorum
640 946 854 1002 fortium
894 948 1063 1002 robur
1112 947 1386 1003 formidini
1438 947 1746 1003 evidentius

137 1036 321 1099 cessit,
356 1052 530 1107 eoque
562 1035 708 1090 illius
752 1036 1076 1092 conﬁdentia
1116 1036 1372 1090 illustrius
1417 1036 1606 1091 claruit
1637 1052 1743 1107 quo

137 1141 361 1179 suorum
393 1124 685 1179 difﬁdentia
717 1125 975 1181 comitum
1001 1134 1053 1179 et
1081 1124 1391 1180 oﬂicialium
1421 1126 1475 1178 in
1506 1133 1654 1179 tanto
1686 1142 1745 1180 se

136 1213 448 1268 discrimine
480 1214 717 1283 apertius
748 1214 1013 1284 probavit.
1047 1214 1142 1268 His
1178 1230 1411 1284 namque
1441 1230 1545 1268 non
1581 1214 1744 1268 modo

135 1304 201 1356 ad
232 1318 353 1357 aras
384 1302 682 1373 confugere
721 1319 912 1372 parum
940 1301 1054 1371 fuit,
1090 1303 1197 1356 imo
1229 1302 1397 1357 etsub
1429 1302 1560 1372 ipsis
1594 1318 1744 1357 men-

149 1392 223 1445 sis
254 1391 554 1446 Dominicis
585 1407 643 1446 se
672 1391 1008 1447 abscondere
1036 1390 1321 1445 videbatur
1344 1390 1520 1444 minus
1553 1399 1740 1444 tutum.

146 1479 355 1547 Quibus
379 1479 448 1533 ita
471 1479 910 1552 confugientibus
928 1486 980 1534 et
996 1479 1227 1533 latebras
1251 1478 1559 1533 foventibus
1579 1480 1739 1551 Hugo

141 1568 462 1639 persistebat
494 1568 659 1633 solus,
695 1568 1047 1639 czedebatque
1076 1567 1234 1622 labiis
1268 1568 1594 1622 intentantes
1625 1583 1743 1622 cer-

141 1657 347 1713 vicibus
379 1657 491 1711 suis
524 1656 753 1729 gladios.
791 1657 954 1725 Cujus
985 1657 1322 1728 magnanimi
1343 1657 1617 1720 audentia,
1644 1671 1743 1711 nec

136 1763 245 1801 non
278 1755 327 1801 et
359 1746 759 1817 protegentium
792 1763 850 1799 se
898 1745 1213 1817 angelorum
1263 1745 1509 1801 custodia
1540 1745 1742 1815 ipsius-
1763 1775 1816 1834 Β

137 1852 241 1906 quc
273 1835 469 1890 divinae
500 1835 708 1890 virtutis
739 1842 1014 1889 armatura
1063 1833 1219 1889 fracti
1251 1842 1303 1889 et
1337 1833 1566 1902 confusi,
1602 1834 1746 1904 apud

136 1924 466 1979 Lincolniam
500 1932 605 1977 tam
636 1924 817 1979 clerici
850 1940 1014 1995 quam
1044 1923 1187 1989 laici,
1235 1923 1379 1993 apud
1408 1923 1747 1978 Ilollandiam

134 2013 333 2068 milites
381 2020 433 2067 et
506 2012 785 2084 armigeri,
848 2013 989 2083 apud
1047 2012 1477 2067 Nortliantonam
1532 2028 1747 2083 quoque

138 2104 438 2173 burgenses
496 2100 557 2173 [ι’.
615 2118 661 2157 e.
720 2100 909 2173 cives],
979 2101 1175 2156 infensi
1233 2109 1511 2156 cesserunt
1569 2100 1752 2171 plures

136 2192 247 2261 uni,
282 2192 566 2246 sarvientes
594 2191 726 2258 miti,
784 2199 833 2245 et
874 2189 1163 2262 tranquillo
1191 2190 1407 2245 turbati.

208 2280 362 2351 Apud
384 2279 724 2335 Ilollandiam
762 2288 959 2345 tamen,
995 2280 1138 2351 quod
1175 2278 1609 2349 praetereundum
1637 2294 1745 2334 non

137 2378 238 2433 est,
283 2369 611 2424 Wilbelmus
662 2370 728 2423 de
775 2369 1005 2435 Avalim,
1068 2368 1430 2424 consobrinus
1478 2367 1740 2438 episcopi,

139 2459 297 2513 miles
346 2458 664 2525 acerrimus,
717 2457 973 2528 generosi
1029 2457 1311 2530 sanguinis
1360 2473 1495 2512 vena
1543 2456 1746 2512 incale-

142 2564 336 2613 scens,
390 2564 512 2602 cum
568 2548 755 2602 stricto
810 2563 1072 2602 mucrone
1129 2546 1348 2617 quidam
1404 2553 1741 2599 armatorum

142 2636 454 2707 pontiﬁcem
482 2636 691 2691 funesta
722 2645 941 2706 pararet
996 2635 1157 2691 ferire
1204 2634 1451 2701 audacia,
1479 2635 1590 2702 jam
1623 2650 1744 2704 per-

144 2742 372 2782 cussuro
403 2742 460 2781 se
492 2724 702 2780 fortiter
731 2724 948 2793 objecit.
1010 2724 1105 2779 Cui
1151 2724 1311 2779 etiam
1341 2724 1393 2777 vi
1425 2739 1627 2795 magna
1659 2741 1742 2777 ex-

138 2824 396 2885 torquens
427 2814 688 2887 gladium,
734 2814 837 2869 nisi
893 2814 1275 2884 prohiberetur
1304 2829 1333 2867 a
1362 2812 1596 2883 praesule
1652 2812 1739 2866 di-

132 2904 387 2969 strictius,
423 2920 547 2958 eum
577 2904 782 2975 absque
813 2903 1039 2957 vulnere
1068 2902 1218 2957 abire
1258 2917 1366 2956 non
1397 2902 1629 2955 sivisset.

206 2994 284 3047 Ita
306 3009 437 3047 vero
468 3000 685 3063 paratus
715 3001 833 3046 erat
857 2993 1014 3063 Hugo
1037 2992 1185 3059 juxta
1216 2990 1442 3045 formam
1474 2989 1739 3060 apostoli-

133 3099 272 3147 cam,
298 3097 516 3137 omnem
546 3081 601 3134 in
633 3080 817 3153 gladio
848 3079 1071 3150 spiritus
1101 3078 1288 3134 ulcisci
1317 3079 1739 3133 inobedientiam

134 3171 209 3241 (II
242 3170 367 3226 Cor.
408 3185 467 3236 Χ,
503 3170 580 3240 6),
612 3170 687 3223 ita
719 3184 937 3240 quoque
969 3169 1085 3235 ejus
1118 3167 1305 3222 ultioni
1344 3166 1740 3221 animadversio

138 3260 376 3315 celerem
408 3258 780 3314 subinferebat
820 3256 1133 3321 vindictam,
1169 3264 1224 3310 ut
1255 3256 1310 3310 in
1341 3257 1513 3310 Deum
1544 3263 1739 3311 contu-

140 3349 365 3404 maciter
393 3347 852 3419 delinquentibus,
888 3346 1023 3401 sicut
1054 3345 1171 3416 ipse
1201 3344 1507 3399 nullatenus
1538 3360 1738 3414 parce-

145 3445 241 3501 ret,
272 3437 349 3492 sic
373 3452 753 3508 quemcunque
788 3434 904 3490 zelo
928 3434 1171 3503 justitiae,
1196 3433 1739 3504 spiritualimucrone

142 3526 261 3597 ipse
290 3525 632 3596 percelleret,
668 3524 772 3578 nisi
830 3523 987 3578 citius
1042 3522 1407 3593 resipisceret,
1469 3523 1741 3593 corporali

136 3614 343 3685 pariter
373 3613 537 3669 exitio
588 3612 851 3667 interiret.
913 3612 1051 3666 Hinc
1108 3610 1337 3666 rebelles
1394 3627 1637 3682 quosque
1691 3618 1741 3665 et

133 3702 494 3758 ecclesiastici
518 3702 657 3771 juris
689 3701 1000 3765 violatores,
1043 3700 1112 3755 de
1156 3715 1255 3754 sua
1288 3700 1615 3770 quandoque
1644 3714 1740 3769 po-

132 3791 301 3846 tentia
331 3790 630 3845 insolenter
661 3797 1051 3861 praesumentes
1082 3805 1143 3843 ac
1187 3803 1298 3859 pra:
1339 3797 1551 3843 tumore
1582 3804 1739 3841 men-

130 3880 199 3934 tis
232 3880 301 3934 ad
351 3879 525 3934 minas
571 3878 844 3934 interdum
901 3878 1202 3949 procaciter
1246 3884 1611 3947 erumpentes,
1664 3876 1741 3931 sic

130 3985 267 4023 voce
289 3967 529 4023 terriﬁca
546 3968 876 4040 objurgabat
909 3984 921 4020 :
948 3989 968 4013 α
1001 3965 1143 4035 Quid
1165 3966 1233 4020 de
1264 3966 1471 4031 v’CSll'lS,
1494 3966 1585 4033 ait,
1611 3965 1740 4019 viri-

132 4059 238 4111 bus
271 4057 353 4112 vel
385 4057 549 4111 armis
580 4065 770 4111 contra
828 4071 1049 4110 manum
1086 4054 1513 4125 omnipotentem
1545 4070 1745 4124 praesu-

133 4146 302 4213 mitis,
337 4146 555 4218 quando
586 4146 743 4201 nobis
775 4146 935 4200 etiam
988 4143 1225 4215 indignis
1258 4152 1310 4198 et
1347 4143 1579 4197 inﬁrmis
1624 4144 1741 4197 hinc

133 4251 332 4290 manus
363 4235 500 4290 adeo
541 4234 779 4305 potentia
826 4249 979 4289 arma
1037 4232 1263 4289 contulit
1289 4240 1345 4287 ut
1376 4232 1456 4287 eis
1512 4232 1741 4285 humana

129 4323 446 4378 nullatenus
502 4332 815 4394 coa'quetur
883 4321 1197 4376 armatura?
1244 4320 1463 4376 Loricas
1526 4328 1742 4375 nostras

122 4412 309 4482 jacula
339 4420 517 4467 vestra
548 4427 656 4467 non
687 4418 986 4482 penetrant,
1019 4418 1074 4465 et
1115 4409 1289 4482 galea:
1336 4416 1533 4463 nostra:
1582 4424 1742 4463 enses

1847 502 1915 556 de
1947 503 2047 557 hac
2078 502 2197 557 luce
2232 502 2555 575 migrarunt,
2588 518 2791 572 paucos
2820 501 3060 572 exempli
3090 501 3266 573 gratia
3297 518 3451 558 com-

1844 607 2150 645 memorare
2180 606 2288 645 non
2321 591 2421 645 erit
2455 591 2661 645 inutile.
2692 593 2820 645 Erat
2851 591 2904 644 in
2938 590 3209 645 territorio
3240 591 3452 647 Lincol-

1845 679 2021 734 niensi
2053 680 2210 734 miles
2257 680 2476 751 quidam
2519 681 2631 749 jam
2680 680 3035 750 provectioris
3083 680 3272 747 aetatis,
3328 697 3453 735 uxo-

1844 785 1961 822 rem
1992 770 2200 823 habens
2233 769 2494 824 sterilem.
2532 769 2778 824 Habebat
2808 785 3020 840 quoque
3050 768 3265 824 fratrem
3297 786 3451 843 teque

1843 858 2067 912 militem
2099 858 2421 914 industrium
2456 867 2507 913 et
2552 859 2895 929 prudentem,
2942 874 3098 929 quem
3124 860 3241 927 jure
3270 860 3450 915 imre-

1844 946 2061 1015 ditario,
2092 946 2135 1000 si
2160 947 2368 1018 absque
2399 947 2587 1002 liberis
2608 948 2697 1002 ille
2731 947 3042 1012 decederet,
3077 948 3359 1003 habiturus
3380 948 3454 1005 vi-

1845 1035 2081 1089 debatur
2103 1051 2499 1091 successorem.
2528 1036 2806 1091 Invidebat
2823 1046 3003 1092 autem
3028 1037 3149 1091 huic
3169 1054 3305 1092 uxor
3327 1054 3447 1105 sua,

1846 1140 2044 1179 verens
2076 1142 2144 1179 ne
2180 1124 2316 1180 forte
2345 1126 2563 1180 viduata
2614 1126 2807 1181 marito
2857 1128 2956 1181 sub
2999 1127 3143 1182 illius
3172 1127 3453 1183 deveniret

1845 1213 2199 1281 dominatum,
2241 1230 2377 1285 erga
2409 1231 2567 1284 quem
2609 1214 2862 1284 placitum
2886 1232 3160 1287 nunquam
3192 1216 3456 1287 gessisset

1844 1295 2113 1350 affectum.
2150 1298 2416 1368 Nequitizn
2467 1298 2634 1368 igitur
2680 1298 2912 1368 vipereae
2960 1300 3099 1354 dolis
3128 1300 3363 1365 incitata,
3395 1307 3454 1353 ut

1845 1385 1893 1440 ei
1912 1386 2311 1457 consequendae
2332 1387 2663 1441 haereditatis
2684 1388 3043 1457 prazcluderet
3069 1390 3289 1456 aditum,
3325 1389 3454 1459 quia

1844 1483 2059 1543 partum
2091 1491 2198 1529 non
2232 1476 2468 1529 habebat
2500 1477 2798 1546 proprium,
2854 1479 3137 1547 supposuit
3187 1478 3288 1531 sibi
3320 1478 3450 1532 alie-

1845 1580 1972 1616 num
2004 1564 2172 1631 (133).
2212 1565 2444 1618 Ret'ertis
2475 1566 2744 1636 siquidem
2790 1583 2852 1621 ac
2882 1568 3211 1622 tumentibus
3243 1568 3453 1623 interna

1846 1650 2037 1705 fraude
2087 1652 2390 1707 visceribus
2431 1654 2665 1708 cervical
2709 1656 2987 1727 praecingit
3037 1656 3323 1711 exterius?
3362 1656 3452 1711 Si-

1845 1741 2011 1794 mulat
2045 1757 2259 1812 quoque
2309 1749 2523 1796 uterum
2571 1743 2931 1799 intumescere
2980 1745 3289 1815 puerperio,
3333 1762 3453 1815 qua)

1852 1829 2190 1884 solummodo
2222 1831 2427 1885 scelere
2458 1830 2727 1886 fetabatur
2764 1832 3008 1887 infando.
3050 1834 3224 1902 Miles,
3258 1834 3313 1886 in
3352 1850 3451 1888 cu-

1843 1918 1934 1987 jus
1980 1919 2348 1988 praejudicium
2418 1928 2651 1975 versutae
2718 1921 3065 1993 malignitatis
3113 1922 3455 1992 componitur

1853 2008 2097 2076 stropha,
2133 2007 2315 2061 dolum
2354 2008 2457 2061 sibi
2489 2009 2624 2061 strui
2673 2009 3106 2079 deprehendens,
3155 2011 3247 2065 sed
3289 2008 3451 2064 artiﬁ-

1848 2111 1967 2150 cem
1989 2096 2100 2150 doli
2132 2112 2239 2150 non
2262 2097 2589 2151 convincere
2612 2114 2713 2151 nec
2736 2098 2990 2153 cohibere
3012 2098 3304 2165 sufﬁciens,
3337 2115 3454 2153 rem

1848 2183 2020 2238 defert
2087 2184 2155 2238 ad
2207 2185 2447 2239 notitiam
2498 2186 2817 2242 amicorum.
2876 2187 3120 2242 Rimatur
3170 2187 3452 2243 sollicitius

1847 2273 2059 2329 consilii
2092 2274 2411 2341 remedium,
2446 2275 2542 2329 sed
2582 2275 2805 2330 minime
2837 2276 3037 2346 reperit
3066 2285 3448 2346 Opportunum.

1847 2363 2055 2416 Interea
2081 2362 2276 2416 mulier
2305 2363 2581 2418 decumbit
2623 2364 2782 2431 lecto,
2816 2373 2866 2418 et
2898 2363 3036 2419 ﬁctae
3079 2364 3452 2434 parturitionis

1845 2450 2088 2522 indulget
2137 2451 2400 2521 suspiriis.
2453 2451 2748 2520 Quazsitam
2799 2469 2925 2507 vero
2964 2470 2994 2507 a
3037 2453 3154 2508 vico
3202 2453 3452 2524 proximo

1844 2540 2178 2594 muliercula“:
2236 2540 2514 2618 cujusdam
2573 2558 2764 2596 recens
2810 2549 2991 2595 natam
3034 2541 3245 2613 prolem
3289 2542 3451 2597 femi-

1843 2643 2004 2682 neam
2054 2629 2110 2682 in
2158 2628 2438 2699 publicum
2490 2629 2617 2693 edit,
2680 2646 2745 2685 ac
2790 2631 2955 2685 veluti
2986 2646 3018 2684 a
3071 2648 3129 2685 se
3186 2632 3454 2687 veraciter

1844 2716 2058 2771 enixam
2090 2717 2235 2771 omni
2281 2734 2404 2772 cum
2430 2718 2712 2791 diligentia
2734 2719 3031 2773 studiosius
3053 2719 3265 2774 enutrit.
3286 2720 3452 2788 Cujus

1844 2805 2005 2859 etiam
2053 2806 2322 2860 veriorem
2366 2807 2435 2861 ad
2480 2823 2537 2861 se
2586 2807 2871 2861 accersivit
2903 2806 3240 2879 genitricem,
3294 2808 3453 2879 eique

1843 2894 2111 2948 nutriendi
2140 2895 2386 2967 pignoris
2434 2895 2641 2965 proprii
2692 2896 2966 2966 delegavit
3013 2896 3449 2951 sollicitudinem.

1912 2983 2053 3036 Dum
2087 2983 2213 3037 talia
2237 2992 2498 3055 geruntur
2536 3000 2645 3038 non
2690 2984 2940 3053 procula
2990 2984 3286 3046 Lincolnia,
3320 3001 3450 3040 con-

1840 3070 1961 3142 tigit
1990 3071 2193 3125 instare
2218 3073 2328 3141 jam
2360 3072 2794 3127 Resurrectionis
2824 3072 3121 3127 Dominicae
3152 3071 3291 3127 festa
3319 3089 3447 3143 pas-

1773 3135 1818 3195 C
1841 3159 2041 3214 chalia.
2076 3160 2359 3215 Accedens
2378 3159 2545 3232 igitur
2573 3160 2750 3225 miles,
2776 3160 3025 3215 muliebri
3047 3161 3450 3217 circumventus

1840 3247 2055 3314 astutia,
2131 3249 2198 3303 ad
2268 3246 2597 3319 pontiﬁcem,
2659 3248 3075 3318 astipulantibus
3150 3249 3251 3304 sibi
3321 3249 3449 3304 viris

1839 3336 2112 3403 discretis,
2145 3353 2281 3408 quos
2328 3337 2466 3391 fama
2508 3337 2708 3392 certior
2739 3337 2873 3391 tanti
2920 3338 3247 3409 perﬂaverat
3277 3339 3448 3394 male-

1838 3427 1964 3496 ﬁcii,
1998 3443 2218 3482 onmem
2248 3427 2327 3481 rei
2372 3426 2580 3482 cunctis
2624 3426 2970 3481 audientibus
3019 3427 3157 3483 adeo
3184 3436 3450 3498 suspectae

1840 3516 2026 3589 pandit
2058 3516 2343 3571 rationem.
2378 3516 2491 3571 Nec
2522 3531 2669 3581 vero,
2703 3517 2985 3585 cujusnam
3016 3525 3162 3571 esset
3188 3515 3317 3583 ﬁlia,
3352 3534 3449 3572 seu

1842 3605 2303 3678 quemadmodum
2362 3620 2394 3659 a
2484 3604 2621 3659 falsa
2678 3605 2945 3677 genitrice
3004 3605 3284 3677 acquisita,
3355 3622 3453 3677 per

1842 3711 2006 3766 quam
2049 3695 2149 3748 sibi
2207 3693 2616 3749 exhazreditatio
2664 3693 2975 3763 parabatur,
3028 3694 3205 3749 adhuc
3254 3694 3452 3749 certius

1841 3784 1943 3838 sibi
1975 3783 2296 3838 innotuerat.
2331 3784 2505 3837 Motus
2553 3790 2733 3837 autem
2791 3784 3139 3837 vehementer
3169 3782 3251 3837 vir
3272 3784 3450 3852 justus

1841 3881 1894 3927 et
1924 3873 2043 3943 pius
2073 3872 2140 3926 ad
2198 3871 2395 3936 audita,
2431 3870 2685 3943 maligna:
2732 3872 2977 3925 maritum
3022 3871 3261 3926 mulieris
3290 3871 3360 3926 ad
3391 3887 3451 3927 se

1834 3962 1987 4030 jubet
2020 3960 2340 4032 quantocius
2389 3959 2664 4016 accersiri.
2709 3959 2885 4028 Quem
2916 3960 3177 4015 secretius
3207 3960 3449 4016 advoca—

1840 4059 1949 4104 tum
1981 4050 2193 4104 discutit
2224 4050 2528 4115 instantius,
2579 4048 2789 4104 instruit
2820 4059 2870 4105 et
2909 4049 3173 4121 coarguit,
3209 4050 3450 4120 tantique

1842 4148 2024 4194 reatus
2044 4138 2440 4193 confessionem
2465 4138 2534 4192 ab
2556 4154 2621 4193 eo
2643 4138 2843 4194 elicere
2866 4154 3202 4208 magnopere
3225 4137 3441 4193 insistit.

1845 4229 2044 4283 Verum
2076 4228 2189 4293 ille,
2239 4227 2488 4298 conjugis
2532 4226 2757 4280 nimium
2805 4226 3057 4296 procacis
3102 4226 3222 4296 plus
3262 4226 3448 4298 jurgia

1844 4332 2001 4386 quam
2035 4315 2133 4369 Dei
2175 4315 2435 4383 justitiam
2479 4315 2891 4384 pertimescens,
2944 4319 3059 4382 ejus
3105 4330 3319 4386 quoque
3367 4314 3445 4369 si-

1844 4404 1966 4458 bilis
2028 4404 2447 4474 przeincantatus
2506 4403 2761 4472 vipereis,
2813 4419 2872 4457 se
2922 4403 3155 4472 primum
3203 4402 3447 4459 criminis

130 4509 342 4557 vestros
374 4517 481 4555 non
513 4501 817 4556 formidant.
842 4500 1056 4554 Nostris
1086 4515 1213 4553 vero
1243 4498 1464 4552 ensibus
1494 4513 1596 4553 nec
1617 4512 1739 4552 cas—
1762 4500 1813 4559 D
1843 4494 2002 4561 hujus
2052 4492 2319 4547 inﬁciatur
2368 4492 2570 4546 habere
2615 4491 3027 4547 conscientiam.
3080 4492 3321 4563 Urgente
3352 4493 3447 4547 de-

129 4591 281 4645 sides
315 4599 508 4646 vestra:
537 4606 638 4645 nec
667 4592 917 4645 thoraces
946 4589 1225 4642 resistunt.
1282 4588 1410 4653 Vos,
1447 4587 1491 4642 si
1521 4587 1739 4658 quando

132 4696 360 4735 carnem
393 4680 617 4745 caeditis,
679 4679 913 4732 animam
968 4693 1192 4747 prorsus
1250 4677 1571 4747 contingere
1630 4686 1737 4732 non

131 4768 345 4823 valetis.
382 4768 606 4823 Gladius
644 4775 829 4822 noster
859 4774 911 4821 et
958 4780 1155 4835 corpus
1201 4764 1437 4836 perimit,
1472 4773 1525 4819 et
1555 4766 1734 4833 morti,

131 4874 241 4912 non
277 4856 618 4924 transitoria),
662 4856 756 4910 sed
787 4864 1002 4911 aeternae
1031 4870 1214 4909 eorum
1272 4869 1411 4925 quos
1468 4853 1734 4924 percellit,

133 4942 347 4996 animas
395 4940 617 4996 addicit.
655 4964 677 4991 ι

766 5010 987 5065 CAPUT
1026 5010 1115 5062 IV.

134 5107 209 5155 De
238 5109 414 5166 partus
456 5104 516 5153 ab
561 5114 717 5151 uxore
758 5102 1009 5164 cujusdam
1056 5100 1236 5148 militis
1278 5099 1644 5160 suppositione,
1688 5103 1740 5147 et

202 5184 368 5221 eorum
409 5171 666 5231 punitione
707 5169 791 5230 qui
830 5173 962 5217 tanto
1005 5167 1220 5226 facinori
1266 5170 1640 5221 consenserunt,
1678 5167 1739 5215 de

202 5239 394 5287 nomine
441 5236 697 5296 forestart'i
720 5275 734 5295 ,
781 5240 828 5283 et
885 5236 945 5283 de
984 5234 1173 5283 crudeli
1221 5233 1475 5293 cujusdam
1521 5233 1737 5293 episcopi

203 5304 588 5352 malcdictioncm
615 5302 876 5352 retinentis
902 5301 1262 5361 interfectionc.

208 5388 327 5439 Jam
362 5401 495 5440 vero
527 5385 593 5439 de
631 5400 855 5438 numero
891 5383 1103 5436 illorum
1152 5397 1287 5453 quos
1342 5381 1395 5435 in
1443 5381 1736 5451 reprobam

1848 4599 1994 4636 mum
2040 4582 2296 4652 episcopo
2345 4590 2394 4635 et
2446 4580 2817 4635 aestimationis
2859 4580 3090 4650 publica:
3128 4588 3447 4651 argumenta

1848 4673 2045 4728 acriter
2090 4671 2373 4736 inferentc,
2456 4670 2651 4740 quibus
2717 4670 2933 4740 patebat
2982 4669 3444 4725 verosimillimum

1847 4778 1969 4817 esse
1999 4777 2099 4815 nec
2130 4760 2178 4814 ei
2208 4759 2450 4814 sobolem
2470 4759 2618 4814 nasci
2650 4759 2890 4829 potuisse
2915 4760 3024 4826 jam
3058 4758 3447 4813 valetudinario

1847 4861 1899 4906 et
1928 4851 2063 4915 seni,
2098 4865 2199 4904 nec
2230 4865 2351 4903 eum
2401 4848 2566 4903 videri
2616 4848 2869 4919 ignarum
2914 4848 3090 4902 uxorii
3133 4846 3443 4914 commenti,

1846 4948 2101 4995 attractus
2133 4937 2368 4992 evidenti
2394 4938 2605 4992 ratione
2649 4939 2769 5001 hac,
2815 4938 3030 4991 tandem
3070 4936 3309 5006 seipsum
3351 4952 3445 4989 re-

1847 5027 2139 5097 sponsione
2159 5025 2383 5080 deludit.
2421 5047 2443 5074 (
2477 5025 2616 5093 Quia
2634 5026 2817 5096 longo,
2838 5026 2928 5086 ait,
2952 5034 3214 5094 tempore,
3250 5040 3446 5094 corpo-

1846 5116 1917 5169 ris
1949 5115 2293 5170 incommodo
2325 5131 2408 5167 me
2440 5122 2739 5183 premente,
2792 5114 3039 5185 conjugis
3070 5130 3205 5167 meae
3237 5122 3446 5168 secreta

1845 5204 2023 5257 minus
2051 5204 2288 5273 perfecte
2319 5202 2464 5269 novi,
2499 5202 2621 5257 ideo
2652 5203 2795 5267 volo,
2844 5202 2888 5255 si
2920 5202 3115 5272 placet,
3148 5204 3348 5257 arctius
3378 5203 3446 5257 de

1846 5292 1927 5345 his
1958 5293 2024 5345 ab
2057 5292 2141 5345 illa
2171 5291 2479 5362 perdiscere
2514 5290 2815 5344 veritatem.
2851 5289 3124 5361 Quidquid
3160 5307 3289 5345 vero
3318 5290 3445 5345 inde

1845 5382 1976 5434 mihi
2008 5389 2345 5451 compertum
2378 5378 2556 5443 fuerit,
2590 5378 2743 5432 vobis
2776 5393 2932 5433 mane
2956 5379 3230 5443 nuntiabo,
3265 5388 3445 5435 vestro

211 5566 351 5624 (135)
392 5568 569 5621 Anno.
614 5564 685 5615 uti
720 5564 987 5627 colligitur,
1039 5564 1187 5614 1195.
1237 5563 1404 5614 Puella
1447 5562 1631 5614 etenim
1680 5561 1763 5613 vix
1810 5564 2016 5627 quatuor
2060 5574 2293 5613 annorum
2337 5559 2681 5631 desponsatur,
2730 5561 2779 5609 et
2826 5559 2960 5610 fraus
3005 5572 3131 5610 anno
3180 5560 3341 5625 1199,
3399 5559 3449 5610 in

134 5633 399 5701 praesentia
422 5631 642 5685 auctoris
662 5631 928 5695 detegitur.
