3960 6062
476 254 605 306 1011

1356 250 1413 304 S.
1454 246 1769 305 HUGONIS
1806 246 2029 303 EPISC.
2071 244 2394 303 LINCOLN.
2437 246 2601 303 0RD.
2644 245 2891 303 CARTH.

3650 248 3793 300 1012

471 374 836 429 indubitanter
868 374 1141 446 pariturus
1196 373 1426 430 consilio
1456 389 1622 443 super
1650 372 1919 441 omnibus,
1956 388 2077 443 qua
2102 373 2153 432 A
2184 371 2348 426 nebat
2377 370 2521 426 idem
2552 387 2704 426 more
2762 368 2985 441 nuptiali
3035 367 3348 425 solemniter
3397 368 3498 423 sibi
3545 368 3793 438 despon-

472 462 673 519 fuerint
724 464 878 533 juxta
944 464 1022 519 rei
1077 462 1343 535 inquisita
1400 461 1599 517 seriem
1662 460 1845 515 utilius
1911 476 2075 515 exse-

476 552 710 623 quenda.
767 572 789 601 ι

545 642 677 695 Tum
708 640 911 711 prasul
941 640 1073 694 satis
1121 639 1475 704 admonitum,
1529 639 1583 692 in
1613 637 1697 693 his
1737 637 1920 692 verbis
1952 653 2076 692 eum

476 730 628 785 abire
676 730 995 800 permittens
1029 747 1041 783 :
1096 751 1117 778 α
1155 728 1323 795 Scias,
1360 728 1548 798 inquit,
1603 727 1690 781 die
1721 726 1954 782 crastina
1984 742 2077 779 ex-

475 818 978 873 communicationis
998 818 1262 872 sententia
1283 833 1472 871 omnes
1492 816 1614 871 illos
1637 833 1666 869 a
1688 816 1845 870 nobis
1877 816 2077 870 solem-

473 908 613 962 niter
641 922 705 962 ac
736 906 1046 961 terribiliter
1078 922 1199 961 esse
1224 905 1499 960 feriendos
1527 905 1616 976 qui
1638 905 1797 973 hujus
1826 904 1952 957 mali
1984 921 2076 957 au-

476 1004 654 1051 ctores
685 995 989 1050 exstiterint
1019 1002 1111 1049 aut
1146 994 1404 1063 fautores,
1439 994 1483 1047 si
1529 994 1707 1047 minus
1740 992 1897 1058 forte,
1932 993 2076 1064 quod

471 1084 768 1155 polliceris,
796 1083 962 1138 fueris
985 1092 1298 1139 exsecutus.
1348 1107 1369 1131 n
1405 1083 1493 1139 Sic
1515 1083 1603 1136 ille
1622 1082 1897 1150 dimissus,
1933 1090 1985 1136 et
2007 1081 2077 1135 ad

472 1189 601 1228 suos
630 1190 904 1239 reversus,
941 1173 1109 1228 sterili
1143 1187 1444 1243 puerpera,
1469 1187 1589 1242 quae
1619 1170 1821 1225 audivit
1851 1186 1881 1223 a
1909 1168 2079 1239 ponti-

474 1262 595 1327 fice,
628 1262 714 1317 vel
746 1278 867 1333 qua
896 1260 1137 1331 pontifici
1167 1260 1346 1315 retulit
1385 1260 1521 1329 ipse,
1570 1258 1805 1314 seriatim
1836 1257 2073 1327 exponit.

472 1350 554 1404 Ad
586 1351 702 1406 hac
732 1350 841 1416 illa,
875 1349 1190 1403 infrendens
1212 1356 1265 1403 et
1292 1347 1565 1402 infelicem
1596 1347 1745 1400 illum
1774 1345 2079 1417 procaciter

476 1439 796 1511 objurgans,
832 1436 1012 1492 redire
1035 1454 1157 1492 eum
1179 1437 1245 1491 ad
1266 1435 1485 1491 ﬁdelem
1515 1436 1887 1491 consiliarium
1922 1435 2075 1506 peni-

476 1536 563 1581 tus
593 1527 868 1581 dissuasit.
908 1524 1013 1594 Qui
1059 1526 1197 1580 male
1243 1525 1597 1597 acquiescens
1626 1524 1897 1578 domitrici
1943 1540 2074 1591 sua,

476 1617 561 1670 cui
594 1616 785 1671 ordine
816 1622 1151 1687 prapostero
1181 1614 1273 1668 diu
1312 1622 1666 1669 consueverat
1695 1612 1957 1677 ancillari,
1992 1628 2081 1666 re-

2176 476 2319 528 sare,
2346 475 2661 531 pracavens
2684 460 2937 514 nimirum
2968 475 3036 513 ne
3074 458 3213 513 forte
3236 458 3471 529 qualibet
3490 458 3793 513 occasione

2174 550 2479 620 privaretur
2527 549 2647 603 talis
2691 548 3002 619 patrimonii
3049 547 3428 619 acquisitione.
3488 545 3649 614 Quod
3703 545 3794 599 ubi

2177 637 2405 691 innotuit
2434 638 2691 708 cpiSCOpo
2722 637 2836 708 (qui
2874 636 3114 707 generali
3150 635 3346 706 sapius
3378 636 3677 690 constituto
3710 634 3792 687 in-

2177 726 2424 780 hibuerat
2454 726 2628 780 aetatis
2658 726 2968 780 indiscreta
3015 724 3263 795 copulam
3311 724 3633 794 nuptialem)
3667 738 3794 777 mox

2178 816 2339 869 etiam
2374 815 2596 885 speciali
2628 814 2897 885 prohibuit
2942 813 3228 868 interdicto
3252 830 3320 867 ne
3351 813 3471 884 quis
3502 813 3791 882 presbyte-

2177 920 2362 958 rorum
2396 920 2491 957 seu
2522 903 2748 975 quilibet
2779 902 3017 957 ﬁdelium
3061 901 3494 956 Christianorum
3527 900 3614 954 his
3645 916 3794 970 pra-

2181 993 2364 1047 sertim
2395 992 2596 1062 nuptiis
2624 999 2983 1062 prasumeret
3012 991 3300 1045 interesse.
3335 990 3713 1060 Prospiciebat
3738 989 3789 1042 in

2178 1082 2283 1136 hoc
2311 1081 2537 1152 perenni
2569 1081 2729 1135 simul
2758 1088 2811 1135 et
2848 1080 3135 1151 temporali
3183 1079 3470 1134 multorum
3518 1078 3792 1131 indemni-

2181 1167 2293 1232 tati,
2358 1166 2649 1221 consulens
2696 1166 2856 1221 etiam
2912 1165 3019 1233 juri
3068 1165 3361 1228 communi,
3422 1163 3677 1218 videlicet
3723 1180 3791 1217 ne

2180 1264 2300 1309 ante
2329 1254 2542 1325 plenius
2569 1254 2840 1324 cognitam
2870 1261 2923 1308 et
2962 1253 3261 1308 discussam
3304 1251 3384 1307 rei
3413 1252 3793 1319 hujuscemodi

2181 1344 2462 1399 veritatem
2493 1343 2547 1396 in
2595 1342 2819 1411 alicujus
2862 1343 3030 1412 partis
3076 1341 3447 1412 prajudicium
3481 1341 3586 1394 tale
3617 1339 3792 1394 inire-

2183 1440 2267 1487 tur
2296 1432 2644 1487 connubium.

2253 1524 2320 1575 At
2351 1521 2610 1591 episcOpo
2643 1520 2803 1576 citius
2832 1528 2955 1590 post
2984 1520 3102 1575 hac
3120 1519 3191 1574 ob
3207 1519 3450 1590 quadam
3482 1518 3704 1591 negotia
3724 1518 3792 1572 ad

2182 1625 2372 1682 regem
2417 1609 2471 1662 in
2519 1609 2827 1663 Neustriam
2864 1609 3106 1679 profecto
3138 1607 3305 1679 [135),
3332 1615 3709 1662 convenerunt
3742 1607 3792 1659 in

476 1706 617 1760 sedit
644 1705 808 1771 domi,
859 1704 1066 1759 crimen
1121 1703 1384 1773 adjiciens
1430 1702 1697 1758 mendacii
1754 1700 2081 1773 praecedenti
2109 1698 2303 1790 Bvico
2336 1698 2570 1769 quodam
2602 1697 2877 1753 remotiori
2902 1697 3117 1765 juvenis
3156 1696 3402 1767 pradicti
3450 1695 3692 1749 fautores
3744 1704 3796 1748 et

475 1810 667 1849 Cl‘l‘OI‘l.

549 1878 710 1933 Facta
741 1885 822 1932 est
853 1876 971 1931 dies
1002 1876 1259 1946 crastina,
1297 1892 1419 1947 qua
1454 1874 1549 1930 fuit
1580 1882 1942 1930 sacrosanctae
1971 1874 2083 1929 Re-

483 1966 843 2022 surrectionis
873 1965 1174 2021 Dominica
1194 1965 1439 2036 paschali
1456 1964 1796 2020 solemnitate
1824 1962 2080 2033 gloriosa,

480 2071 585 2127 qua
614 2056 927 2127 episcOpus,
960 2055 1142 2109 habito
1172 2069 1347 2109 sacra
1397 2053 1788 2108 exhortationis
1816 2052 1985 2107 verbo
2015 2051 2084 2105 ad

478 2144 758 2215 populum,
819 2142 1029 2199 cunctis
1084 2142 1290 2215 negotii
1359 2143 1520 2211 hujus
1566 2142 1751 2212 pandit
1810 2148 2080 2205 eventum,

479 2233 854 2288 enormitatem
895 2240 1196 2304 exaggerat
1242 2231 1517 2295 maleficii,
1552 2239 1605 2285 et
1654 2246 1712 2285 se
1742 2245 1850 2284 non
1878 2228 2084 2283 defutu-

478 2338 601 2375 rum
629 2327 925 2387 asseverat,
959 2320 1088 2392 quin
1121 2327 1269 2374 tanto
1316 2336 1413 2391 pro
1461 2319 1669 2374 viribus
1699 2325 1946 2373 occurrat
1972 2317 2085 2387 pia-

476 2410 595 2466 culo
617 2426 683 2465 ex
731 2425 958 2465 censura
1004 2408 1288 2479 pastoralis
1342 2407 1522 2464 officii.
1572 2408 1814 2477 Cumque
1870 2405 2083 2477 plenius

477 2497 858 2570 perdocuisset
887 2497 1072 2569 quanti
1092 2498 1161 2552 sit
1193 2497 1456 2567 criminis,
1488 2512 1597 2551 non
1627 2495 1997 2550 tantummodo
2028 2494 2082 2547 in

478 2588 701 2642 fratrem
726 2587 1029 2658 proprium,
1064 2587 1161 2641 sed
1209 2586 1294 2641 vel
1349 2586 1403 2639 in
1460 2585 1708 2657 quemvis
1755 2584 2078 2655 proximum,

479 2676 758 2747 quippiam
814 2675 1125 2744 hujusmodi
1183 2681 1515 2741 attentasse,
1566 2674 1709 2728 unde
1766 2671 2082 2727 necessario

478 2764 754 2836 contingat
785 2779 907 2818 eum
939 2778 1061 2819 cum
1103 2763 1251 2817 omni
1296 2763 1609 2832 posteritate
1637 2777 1733 2816 sua
1762 2760 2081 2815 irremedia-

478 2853 572 2907 bili
601 2852 889 2923 dispendio
935 2851 1221 2920 subjacere
1265 2851 1433 2922 (quod
1463 2850 1623 2906 etiam
1669 2849 1875 2920 peccati
1906 2866 2082 2921 genus

480 2942 581 2996 sub
608 2940 750 2996 mole
780 2956 893 2995 sua
922 2939 1176 3011 nequitia
1205 2940 1274 2995 ad
1322 2948 1555 2995 mortem
1583 2939 1665 2993 sui
1705 2954 1849 3009 saepe
1878 2954 2082 3009 perpe-

478 3038 707 3086 tratores
756 3030 969 3085 dicebat
998 3028 1444 3084 irremissibiliter
1490 3027 1838 3100 astringere),
1889 3043 2081 3082 omnes

476 3119 601 3175 illos
632 3119 848 3175 vinculo
889 3118 1170 3174 innodavit
1224 3118 1582 3172 anathematis
1640 3116 1731 3188 qui
1786 3117 1854 3171 de
1893 3124 2081 3186 partus

478 3208 724 3279 pradicti
764 3206 1138 3278 suppositione
1184 3206 1715 3261 exhareditationem
1764 3205 1948 3259 militis
1979 3222 2081 3259 sa:-

477 3297 600 3367 pius
645 3296 932 3351 memorati
978 3295 1201 3349 minime
1256 3296 1562 3350 timuissent
1616 3309 1932 3364 procurare.
1966 3294 2080 3349 Nec

477 3401 609 3440 vero
639 3385 693 3439 in
724 3385 948 3456 longum
979 3384 1185 3439 distulit
1222 3384 1277 3438 in
1330 3384 1559 3439 traditos
1590 3383 1693 3437 sibi
1723 3399 1788 3437 ex
1817 3382 2082 3438 sententia

477 3475 576 3531 viri
601 3474 730 3543 justi
762 3474 987 3529 Satanas
1018 3473 1237 3529 savitia
1269 3490 1381 3528 sua
1423 3472 1767 3543 tyrannidem
1801 3487 2077 3527 exercere.

478 3563 668 3619 Virum
699 3579 934 3634 namque
965 3562 1214 3634 sequenti
1238 3569 1398 3617 nocte
1420 3562 1704 3629 invadens,
1739 3561 1830 3632 qui
1860 3576 2084 3632 perver-

484 3652 697 3708 sitatem
761 3653 1010 3723 conjugis
1065 3650 1455 3706 dissimulando
1513 3651 1690 3721 potius
1734 3649 1867 3705 fovit
1924 3664 2084 3721 quam

480 3742 733 3808 correxit,
784 3742 900 3809 ejus
942 3739 1120 3795 subito
1166 3740 1399 3794 animam
1447 3739 1690 3794 extorsit.
1726 3738 1967 3808 Repente
1997 3746 2083 3791 et-

482 3831 627 3885 enim
654 3830 712 3883 in
740 3829 942 3884 lectulo
970 3828 1220 3899 apparuit
1266 3836 1528 3892 mortuus,
1562 3828 1617 3881 in
1649 3843 1811 3898 quem
1841 3842 1900 3881 se
1930 3826 2083 3880 loca-

479 3925 635 3973 verat
668 3917 868 3989 quiete,
900 3925 960 3972 ut
1009 3916 1259 3983 credidit,
1304 3923 1646 3987 pausaturus.
1699 3915 1868 3982 Hujus
1905 3922 2083 3968 autem

480 4006 721 4061 mulieris
750 4006 823 4060 ita
854 4005 1001 4059 furor
1028 4004 1278 4075 pertinax
1324 4012 1377 4058 et
1425 4004 1508 4058 ira
1553 4004 1691 4058 adeo
1721 4003 1855 4057 dura
1902 4002 1997 4057 fuit
2031 4012 2085 4058 ut

474 4095 756 4168 proprium
799 4103 906 4149 tam
953 4094 1238 4149 exitialiter
1287 4093 1457 4149 virum
1534 4092 1841 4164 perdidisse
1884 4108 1993 4146 non
2027 4092 2077 4147 ei

484 4183 775 4251 sufﬁceret,
808 4183 913 4238 nisi
953 4183 1224 4253 inceptam
1272 4189 1463 4237 contra
1491 4181 1608 4250 ejus
1639 4197 1959 4253 germanum
1990 4198 2085 4235 ne-

484 4275 706 4345 quitiam
738 4274 1000 4328 hostiliter
1044 4272 1388 4343 adimpleret.
1439 4270 1678 4327 Perstitit
1716 4271 1861 4325 enim
1890 4271 2085 4327 confir-

483 4379 633 4417 mare
693 4378 1001 4417 sermonem
1059 4377 1313 4433 nequam,
1366 4360 1605 4415 debitam
1661 4359 1762 4413 sibi
1813 4366 2086 4414 retentans

2184 1786 2598 1857 consanguinei,
2630 1786 2811 1857 ibique
2860 1785 3199 1855 simplicitate
3244 1785 3531 1839 abutentes
3560 1801 3661 1838 seu
3691 1799 3790 1838 cu-

2180 1876 2402 1948 piditate
2434 1875 2735 1931 sacerdotis
2768 1874 2871 1929 loci
2899 1874 3062 1942 illius,
3115 1873 3341 1929 solemni
3370 1890 3525 1928 more
3556 1873 3793 1941 conjun-

2184 1973 2317 2038 gunt
2348 1965 2403 2017 in
2436 1963 2572 2019 facie
2603 1964 2865 2019 Ecclesia
2907 1962 3063 2016 militi
3092 1962 3428 2027 infantulam,
3464 1962 3662 2016 illustri
3695 1978 3792 2014 ru-

2186 2054 2471 2117 sticanam,
2505 2053 2744 2123 ingenuo
2775 2068 2840 2106 ex
2865 2051 3049 2107 servili
3080 2051 3392 2106 conditione
3422 2058 3788 2121 procreatam.

2183 2143 2354 2196 Tanta
2384 2142 2483 2195 fuit
2510 2141 2737 2196 aviditas
2765 2140 2925 2195 alieni
2948 2140 3088 2209 juris
3132 2140 3435 2210 occupandi
3482 2148 3542 2193 ut
3571 2155 3677 2194 nec
3706 2140 3792 2193 in-

2182 2230 2515 2303 genuitatem
2563 2230 2895 2302 degenerata
2937 2229 3193 2298 conditio,
3246 2245 3347 2284 nec
3388 2228 3577 2283 salutis
3610 2228 3793 2282 mani-

2183 2319 2323 2374 festa
2354 2318 2585 2390 perditio
2607 2318 2872 2373 infaustas
2892 2319 3109 2388 nuptias
3131 2318 3474 2388 prapediret.
3510 2318 3791 2388 Regresso

2184 2408 2384 2463 interea
2413 2425 2443 2462 a
2473 2408 2853 2462 transmarinis
2884 2407 3158 2478 episcopo,
3213 2422 3331 2479 qua
3376 2414 3530 2479 gesta
3564 2416 3692 2460 sunt
3721 2408 3795 2461 ci-

2182 2498 2287 2551 tius
2329 2497 2692 2552 innotescunt.
2753 2496 2889 2552 Hinc
2933 2496 3235 2567 presbyter,
3298 2496 3482 2550 talium
3540 2495 3790 2548 minister

2183 2587 2513 2656 nuptiarum,
2548 2586 2913 2656 suspensione
2953 2585 3021 2640 ab
3071 2586 3263 2640 eodem
3300 2585 3507 2654 pariter
3540 2583 3791 2639 beneficii

2183 2675 2476 2730 mulctatur
2506 2683 2557 2729 et
2587 2674 2768 2730 ofiicii.
2796 2676 2855 2729 In
2900 2675 3137 2745 reliquos
3167 2689 3295 2728 vero
3326 2673 3472 2729 vetiti
3504 2673 3589 2726 sui
3626 2682 3793 2726 trans-

2183 2780 2489 2837 gressores,
2527 2778 2647 2819 cum
2679 2764 2781 2819 viri
2825 2779 3009 2819 coram
3042 2778 3107 2818 eo
3151 2778 3347 2833 parere
3395 2763 3794 2817 contumaciter

2182 2853 2557 2919 detrectarent,
2610 2852 3185 2908 excommunicationis
3234 2852 3497 2906 sententia
3548 2850 3795 2922 promul-

2181 2949 2355 3012 gatur.

2254 3032 2466 3087 Interea
2495 3029 2634 3087 ﬁcta
2663 3031 2852 3086 matris
2902 3029 3230 3086 cubicularia
3280 3030 3457 3099 (cujus
3486 3029 3793 3083 ministerio

2180 3119 2366 3192 proles
2395 3119 2587 3175 aliena
2618 3119 2897 3191 genitricis
2947 3118 3172 3191 quasita
3206 3128 3287 3174 est
3318 3127 3371 3173 et
3413 3118 3662 3183 inventa)
3697 3127 3796 3172 ter-

2180 3216 2335 3265 rente
2364 3209 2711 3277 conscientia,
2745 3208 2977 3279 primum
3009 3208 3080 3261 ad
3112 3207 3566 3278 peenitentiarium
3597 3207 3795 3262 Eccle-

2182 3298 2276 3352 sia
2318 3297 2729 3363 Lincolniensis,
2786 3306 2986 3353 sancta
3035 3296 3425 3353 recordationis
3470 3296 3793 3366 magistrum

2181 3386 2520 3441 Willelmum
2551 3387 2618 3440 de
2649 3384 2965 3441 Bredefeldo
3014 3387 3381 3441 subdecanum
3424 3386 3596 3451 (136),
3630 3396 3687 3439 et
3719 3386 3796 3455 ip-

2184 3475 2294 3528 sius
2324 3475 2539 3529 demum
2571 3476 2781 3529 hortatu
2813 3475 2880 3529 ad
2910 3475 3087 3546 ipsum
3126 3474 3396 3530 accedens
3446 3473 3794 3544 episcopum,

2183 3579 2399 3618 omnem
2430 3563 2507 3618 rei
2538 3563 2784 3618 ordinem
2824 3579 2946 3619 cum
2991 3579 3188 3636 magna
3241 3563 3443 3634 detegit
3474 3561 3793 3632 profusione

2182 3652 2564 3723 lacrymarum.
2597 3653 2749 3707 Tunc
2776 3653 3067 3723 episcopus
3090 3653 3157 3707 de
3190 3652 3274 3705 his
3306 3651 3558 3706 omnibus
3591 3652 3798 3706 certior

2184 3740 2428 3807 effectus,
2464 3750 2731 3796 secretum
2772 3741 2988 3812 quidem
3018 3742 3159 3811 apud
3209 3757 3268 3795 se
3316 3739 3527 3795 interim
3578 3740 3792 3803 habuit,

2185 3830 2330 3900 quod
2359 3828 2621 3884 secretius
2643 3829 2866 3896 audivit,
2887 3829 3049 3883 latam
3070 3845 3202 3884 vero
3223 3828 3431 3900 pridem
3463 3829 3794 3881 sententiam

2184 3917 2416 3989 singulis
2444 3918 2866 3989 circumquaque
2912 3934 3010 3988 per
3058 3917 3335 3973 Ecclesias
3365 3916 3555 3970 diebus
3602 3916 3793 3971 Domi-

2183 4005 2321 4061 nicis
2351 4005 2604 4061 renovari
2632 4007 2847 4075 publice
2870 4006 3236 4061 demandavit.
3262 4004 3415 4074 Quod
3448 4005 3788 4075 aliquandiu,

2184 4103 2241 4149 ut
2272 4094 2369 4148 fuit
2397 4095 2694 4165 impletum,
2723 4095 3075 4150 machinatrix
3117 4104 3169 4149 et
3216 4095 3441 4149 materia
3474 4094 3632 4161 hujus
3665 4093 3791 4146 mali

2185 4183 2377 4237 mulier
2404 4182 2607 4249 infelix,
2642 4199 2867 4239 reversa
2915 4184 3134 4238 domum
3183 4184 3237 4237 in
3269 4200 3327 4238 se
3373 4184 3533 4252 capit
3565 4183 3792 4237 horrere

2186 4288 2324 4342 opus
2354 4272 2492 4326 adeo
2523 4272 2889 4342 perniciosum
2918 4291 2948 4327 a
2980 4289 3038 4328 se
3056 4272 3425 4337 commissum,
3457 4272 3790 4342 tandemque

2187 4360 2422 4415 animata
2450 4361 2678 4417 consilio
2715 4362 2971 4432 prudenti
3000 4362 3210 4417 accedit
3255 4361 3460 4431 pariter
3491 4376 3679 4415 secum
3711 4376 3795 4413 as-

480 4450 915 4506 maledictionem
945 4458 998 4505 et
1026 4450 1317 4505 indebitam
1365 4449 1599 4504 alumna
1658 4464 1770 4503 sua
1801 4448 2155 4511 vindicansD
2188 4458 2399 4521 sumpta
2430 4450 2611 4505 delicti
2661 4451 2743 4504 sui
2783 4451 2999 4505 conscia
3046 4459 3098 4504 et
3141 4451 3408 4517 ministra,
3458 4449 3793 4503 cubicularia

482 4539 871 4595 hareditatem.

553 4628 790 4683 Excluso
822 4628 984 4699 igitur
1013 4626 1255 4698 legitimo
1276 4626 1492 4682 barede
1521 4641 1553 4679 a
1584 4626 1827 4681 fraterna
1859 4641 2083 4681 succes-

483 4718 657 4783 sione,
692 4718 849 4771 datur
877 4717 1032 4787 regio
1064 4732 1287 4771 munere
1311 4714 1574 4769 infantula
1605 4729 1728 4769 cum
1761 4715 1879 4784 ipsa
1911 4715 2084 4769 hare-

483 4807 650 4862 ditate
701 4805 915 4862 cuidam
952 4804 1158 4873 juveni,
1220 4803 1311 4875 qui
1358 4803 1525 4858 frater
1569 4810 1679 4858 erat
1726 4803 1970 4874 Hugonis
2017 4804 2085 4857 de

481 4911 622 4950 nova
652 4895 801 4959 villa,
835 4893 1030 4948 summi
1051 4893 1264 4951 scilicet
1309 4892 1363 4944 in
1405 4907 1576 4964 regno
1618 4890 1881 4945 forestarii
1912 4894 2078 4960 (134).

484 4984 656 5052 Quam
686 4984 858 5039 atatis
896 4983 981 5038 vix
1016 4989 1268 5053 quartum
1315 4980 1627 5051 implentem
1659 4996 1857 5034 annum
1893 4980 2083 5051 dispo-

551 5160 694 5225 (134)
738 5162 827 5223 Qui
854 5162 904 5211 in
944 5164 1037 5212 hoc
1076 5174 1274 5212 munere
1298 5163 1604 5211 successerat
1644 5160 1881 5223 Galfrido,
1906 5160 1967 5210 de
1992 5172 2084 5222 quo

483 5228 688 5289 dictum,
716 5229 805 5278 lib.
839 5244 910 5290 In,
940 5244 985 5278 c.
1016 5230 1065 5278 8.

554 5294 698 5359 (135)
741 5297 794 5344 1η
817 5297 1094 5344 Neustriam
1122 5297 1254 5345 venit
1295 5296 1430 5357 llugo
1474 5294 1521 5343 in
1565 5296 1928 5358 Septuagesima
1971 5295 2081 5344 anni

490 5363 639 5421 1199,
671 5363 798 5411 intra
826 5363 909 5410 lib.
936 5377 984 5423 v,
1009 5376 1054 5411 c.
1088 5363 1165 5420 15,
1195 5363 1347 5411 iturus
1371 5363 1429 5413 ad
1454 5362 1750 5412 Richardum
1774 5375 1958 5424 regem.

553 5430 699 5494 (136)
740 5430 882 5479 Forte
909 5433 957 5478 et
984 5429 1327 5479 cancellarium
1347 5468 1360 5492 ,
1388 5430 1465 5491 qui
1492 5429 1616 5491 apud
1642 5428 1833 5479 Surium
1876 5428 2084 5478 tentavit

2185 4546 2499 4610 pranotata,
2553 4539 2620 4592 ad
2672 4539 3006 4609 episcopum,
3050 4548 3208 4611 atque
3256 4539 3490 4609 primum
3538 4538 3615 4590 illi
3666 4538 3791 4599 soli,

2188 4628 2385 4682 deinde
2407 4627 2653 4697 pluribus
2686 4628 2818 4683 viris
2849 4628 3099 4683 discretis
3120 4628 3282 4697 (inter
3303 4642 3438 4698 quos
3469 4635 3518 4680 et
3552 4626 3665 4691 ille,
3702 4628 3794 4696 qui

2185 4716 2301 4771 hac
2335 4716 2551 4785 scripsit.
2585 4716 2754 4786 (137),
2789 4732 3029 4786 prasens
3061 4716 3178 4786 fuit)
3211 4724 3418 4770 reatum
3452 4731 3611 4767 suum
3644 4714 3796 4769 ﬂebi-

2186 4803 2309 4858 liter
2338 4804 2645 4871 confitetur,
2680 4812 2731 4858 et
2765 4820 2823 4858 se
2853 4805 3131 4875 proprium
3177 4805 3424 4857 maritum
3458 4803 3788 4873 perdidisse,

2187 4910 2245 4947 se
2268 4893 2486 4948 fratrem
2512 4895 2626 4961 ejus
2646 4893 3091 4959 circumvenisse,
3112 4894 3264 4948 illum
3284 4893 3351 4946 ad
3369 4901 3622 4957 mortem,
3649 4894 3794 4945 hunc

2187 4982 2254 5036 ad
2313 4982 2761 5052 proscriptionem
2807 4992 2859 5037 et
2903 4983 3377 5037 exheredationem
3417 4997 3549 5036 voce
3594 4998 3791 5053 geme-

2184 5161 2435 5279 lhliugpnem
2498 5163 2555 5213 de
2628 5162 2907 5213 differentia
2977 5163 3251 5213 osculorum
3308 5162 3439 5211 inter
3484 5174 3568 5211 sua
3644 5169 3696 5213 et
3740 5165 3793 5213 S.

2234 5241 2399 5277 arum.

2234 5233 2399 5356 3(rltg'lfl).
2432 5297 2503 5345 Ex
2558 5297 2650 5345 hoc
2702 5296 2909 5356 eunjicio
2954 5296 3291 5357 panitentiam
3355 5295 3586 5345 adultera
3658 5298 3790 5344 accio

2183 5362 2322 5477 gitis?
2348 5375 2475 5411 anno
2504 5364 2667 5424 1199,
2714 5368 2969 5426 postquam
3014 5365 3151 5425 llugo
3198 5364 3342 5413 rediit
3388 5375 3447 5411 ex
3492 5363 3716 5413 Nrustria
3748 5364 3793 5411 in

2263 5441 2426 5490 gnam.
