3960 6062
141 269 278 324 1013

1494 257 1676 315 ἮΤΑ.
1718 286 1788 299 -
1825 258 1953 314 LIB.
1995 258 2087 313 IV.

3306 250 3447 305 1014

139 394 327 449 bunda
353 397 699 464 protestatur.
746 388 880 459 Quae
908 387 1165 444 universa
1196 383 1577 441 Cantuariensi
1606 399 1728 438 me-
1750 385 1806 444 A
1833 399 1984 438 more
2015 398 2113 438 suo
2161 389 2395 438 tractare
2446 378 2732 452 disposuit,
2783 378 2858 432 ita
2882 382 3221 449 peremptus
3253 382 3354 444 est,
3386 382 3445 429 ut

138 482 467 553 trOpolitano
502 481 671 550 (138),
724 487 851 534 tunc
900 477 1159 549 temporis
1204 476 1369 531 totius
1400 472 1561 546 regni
1584 472 1746 542 justi-

141 572 318 639 tiario,
354 570 584 625 sollicite
616 585 714 640 per
742 568 1058 638 episcopum
1096 564 1457 629 insinuantur,
1491 562 1747 616 fratribus

143 676 361 731 quoque
410 667 461 713 et
500 657 688 712 amicis
745 656 907 711 alieni
945 654 1273 726 patrimonii,
1328 660 1386 706 ut
1426 650 1744 722 praedictum

146 754 247 812 est,
292 743 630 797 insidiatorie
675 740 898 804 obtenti,
951 738 1161 795 cunctis
1208 738 1372 791 etiam
1420 735 1747 807 primoribus

148 833 265 888 fere
298 842 350 886 et
383 831 683 885 baronibus
714 829 876 885 curiae
905 827 1277 899 Angelicanae.

214 920 577 975 Nihilominus
607 933 739 973 vero
773 933 1007 988 sponsus
1054 915 1251 985 puella;
1296 915 1542 968 insonter
1571 912 1747 967 noxia:

144 1026 267 1066 cum
312 1010 423 1063 suis
469 1007 799 1064 consiliariis
824 1005 1085 1061 incumbit
1116 1002 1454 1075 possessioni
1486 1010 1746 1056 nocenter

141 1101 372 1170 adeptae.
407 1100 676 1153 Asserunt
706 1096 850 1151 enim
877 1096 1028 1164 juxta
1059 1093 1212 1164 leges
1243 1092 1452 1163 Anglia
1484 1091 1744 1161 cujusque

145 1188 393 1243 sobolem
439 1185 662 1241 decerni
710 1184 1026 1255 legitimam,
1078 1198 1241 1254 quam
1284 1180 1470 1235 uxoris
1520 1179 1745 1233 maritus

144 1277 408 1350 legitime,
442 1275 623 1346 quoad
653 1274 875 1337 viveret,
916 1272 1215 1344 legitimam
1245 1270 1541 1325 habuisset.
1572 1272 1744 1323 Arce-

144 1375 230 1419 tur
261 1366 441 1435 itaque
466 1364 624 1432 hujus
653 1370 919 1434 praetextu
952 1360 1234 1415 sententiae
1263 1360 1438 1413 haeres
1468 1356 1745 1430 legitimus

146 1455 213 1507 ab
258 1454 514 1525 ingressu
562 1451 929 1522 possessionis
972 1447 1351 1503 haereditariai.
1404 1449 1469 1500 At
1508 1445 1741 1511 interim,

148 1544 220 1598 ob
269 1541 636 1597 reverentiam
682 1539 860 1610 magis
911 1538 1151 1609 episcopi
1195 1552 1353 1608 quam
1377 1543 1598 1606 propter
1626 1533 1745 1588 evi-

148 1632 389 1687 dentiam
420 1630 692 1685 universis
722 1645 861 1700 pene
889 1627 1174 1682 notiticatae
1206 1626 1301 1694 rei,
1327 1641 1436 1679 non
1467 1624 1747 1678 sinebatur

148 1729 341 1777 contra
386 1736 509 1776 eum
552 1718 842 1788 judiciaria
885 1716 1132 1771 diﬂinitio
1175 1713 1565 1770 sententialiter
1608 1727 1815 1805 pro-B

149 1811 300 1867 ferri.
335 1811 532 1864 Iterato
561 1816 739 1862 autem
777 1804 1213 1861 constantissimo
1250 1804 1390 1872 juris
1420 1816 1744 1873 prOpugna-

150 1909 268 1955 tore
318 1900 371 1952 in
408 1896 859 1952 Northmanniam
912 1893 1298 1949 trans’fretante
1365 1894 1534 1963 (139),
1584 1890 1747 1960 inque

150 1989 398 2044 discessu
427 2002 525 2041 suo
558 1986 756 2055 sapius
787 1990 1119 2054 protestante
1160 1981 1305 2053 quia,
1348 1981 1391 2034 si
1420 1982 1559 2034 hanc
1590 1978 1747 2032 miles

152 2078 275 2145 sibi,
308 2085 365 2131 ut
412 2074 681 2146 proponit,
731 2074 783 2126 in
836 2073 1129 2144 conjugem
1167 2069 1457 2139 acceperit,
1492 2068 1749 2122 rusticam

152 2165 399 2237 profecto
446 2180 504 2218 se
551 2162 762 2218 noverit
813 2162 1030 2226 habere,
1081 2146 1183 2215 nec
1232 2159 1301 2212 de
1346 2157 1436 2211 illa
1465 2156 1752 2227 plurimum

157 2254 437 2327 gaudebit.
497 2251 752 2305 Homines
792 2266 985 2304 rursus
1014 2247 1309 2303 facinorosi
1352 2244 1754 2315 conspiratione

158 2344 301 2398 facta
328 2342 475 2396 diem
523 2340 764 2410 partibus
815 2345 1070 2400 statuunt,
1119 2352 1228 2407 quo
1285 2333 1567 2389 diﬁinitum
1596 2332 1755 2405 litigii

154 2433 314 2500 hujus
346 2429 611 2486 calculum
661 2427 807 2498 apud
846 2425 1183 2481 Londonium
1212 2424 1602 2495 proferendum
1631 2437 1755 2491 pro-

156 2518 543 2577 crastinatione
597 2525 807 2571 remota
836 2516 1073 2570 edicunt.
1108 2514 1281 2586 Igitur
1310 2512 1484 2566 Adam
1514 2512 1583 2565 de
1616 2526 1758 2563 nova

156 2610 284 2665 villa
315 2611 333 2678 (
341 2610 441 2663 hoc
472 2606 617 2661 enim
648 2620 847 2660 nomen
878 2612 992 2658 erat
1022 2603 1160 2671 viro,
1197 2602 1289 2673 qui
1316 2601 1553 2671 puellam
1586 2600 1754 2653 duxe-

161 2701 263 2767 rat)
292 2698 520 2766 stipatus
550 2695 981 2766 propinquorum
1012 2691 1205 2746 turmis
1225 2689 1535 2746 Londonias
1567 2687 1758 2742 festiue

156 2795 367 2858 petens,
416 2793 576 2840 nocte
619 2784 761 2837 diem
819 2781 1181 2852 praecedente,
1229 2795 1337 2849 qua
1385 2778 1598 2846 judices
1656 2775 1761 2829 sibi

161 2885 360 2931 terram
394 2874 540 2928 illam
572 2871 941 2943 promiserant
986 2870 1039 2923 in
1084 2869 1315 2923 solidum
1345 2865 1759 2936 adjudicandam

160 2965 335 3035 (cujus
364 2961 708 3017 solummodo
739 2968 963 3014 eatenus
994 2957 1268 3012 obtinebat
1299 2954 1623 3023 custodiam)
1656 2968 1760 3006 nou

159 3052 350 3126 procul
382 3052 448 3105 ab
478 3051 614 3104 urbe
658 3048 893 3119 hospitio
941 3045 1252 3116 suscipitur.
1286 3044 1451 3112 Cujus
1484 3044 1608 3097 dum
1640 3041 1763 3095 fau-

160 3105 214 3126 τ-
237 3105 251 3107 -
274 3105 285 3107 ~
763 3105 777 3119 .
1092 3105 1107 3116 .
1363 3105 1380 3112 -

160 3153 302 3197 tores
332 3148 383 3195 et
432 3138 721 3195 consiliarii
766 3137 834 3191 de
874 3136 1045 3190 forma
1075 3133 1358 3188 sententiae
1402 3131 1597 3185 dandae
1640 3146 1762 3185 cum
1787 3105 1832 3164 Ο

154 3230 428 3300 judicibus
460 3228 514 3281 in
561 3226 774 3282 civitate
824 3224 1053 3279 sollicite
1097 3222 1422 3282 deliberant,
1469 3220 1559 3272 ille
1592 3218 1645 3271 in
1676 3217 1764 3271 di-

162 3318 411 3375 versorio
450 3316 607 3371 laetus
659 3324 711 3369 et
760 3312 1091 3367 temulentus
1143 3311 1285 3365 lecto
1331 3307 1616 3378 excipitur,
1669 3306 1765 3359 sed

162 3408 347 3478 sopori
397 3413 626 3460 mortem
676 3402 891 3457 socians
946 3400 1125 3455 subito
1183 3396 1541 3470 exstinguitur
1585 3395 1762 3465 (140),

163 3497 419 3567 solusque
452 3495 520 3548 ad
563 3492 799 3546 tribunal
844 3489 1088 3559 justioris
1124 3488 1343 3556 judicis,
1378 3486 1641 3539 factorum
1676 3499 1765 3536 re-

164 3594 419 3655 cepturus
452 3584 646 3647 vicem,
680 3589 788 3634 tam
832 3580 1133 3649 imparatus
1179 3591 1338 3647 quam
1371 3574 1444 3628 nil
1478 3573 1584 3627 tale
1613 3572 1763 3625 arbi-

164 3684 339 3729 tratus
386 3671 660 3741 extemplo
711 3667 1061 3739 protrahitur.
1114 3664 1434 3719 Timendum
1480 3671 1656 3715 autem
1700 3675 1765 3714 ne

162 3764 301 3818 forte
348 3778 471 3817 cum
512 3758 843 3829 imprOperio
896 3756 1096 3809 ibidem
1126 3752 1355 3807 audierit
1397 3767 1460 3805 ex
1492 3748 1762 3803 sententia

161 3850 391 3907 districti
431 3847 630 3917 judicis
679 3846 823 3917 quod
876 3843 1074 3913 szepius
1125 3841 1179 3894 in
1214 3856 1308 3895 ore
1344 3838 1566 3893 veridici
1597 3837 1769 3906 ipsius

165 3940 247 3994 sui
279 3937 546 4009 praeconis
589 3934 923 3990 vertebatur.
956 3932 1089 3986 Cum
1122 3929 1267 3983 enim
1296 3926 1631 3999 incognitum
1663 3923 1767 3977 sibi

164 4038 215 4084 et
246 4026 597 4099 peregrinum
649 4023 923 4094 quondam
974 4035 1171 4074 nomen
1202 4010 1611 4072 forestariorum
1643 4028 1767 4067 cre—

167 4117 318 4171 brius
350 4116 433 4169 vir
464 4122 683 4168 sanctus
731 4111 961 4174 audiret,
1014 4107 1249 4179 querelis
1282 4105 1443 4159 etiam
1475 4118 1768 4174 oppresso-

168 4223 288 4260 rum
345 4205 414 4259 ab
474 4203 553 4257 eis
608 4201 733 4254 hinc
792 4198 915 4253 inde
976 4194 1443 4256 crebescentibus,
1524 4191 1771 4245 barbarae

165 4290 572 4363 muncupationi
592 4290 843 4343 alludens
866 4287 1047 4341 dicere
1069 4282 1350 4339 consuevit
1386 4296 1396 4334 :
1436 4304 1455 4326 «
1496 4281 1661 4333 Recte
1682 4279 1774 4332 ho—

166 4383 345 4439 mines
374 4381 462 4435 isti
506 4388 559 4433 et
600 4378 733 4432 satis
774 4375 997 4446 prOprie
1043 4378 1422 4441 nuncupantur
1474 4365 1769 4424 forestarii.

169 4472 323 4528 Foris
345 4484 575 4539 namque
608 4466 822 4521 stabunt
855 4480 883 4517 a
915 4478 1085 4535 regno
1117 4460 1236 4514 Dei.
1281 4483 1301 4507 ι)

241 4559 393 4614 Alius
440 4557 599 4612 etiam
647 4555 866 4625 quidam
911 4550 1228 4605 forestarius
1260 4544 1503 4617 episc0pi
1533 4542 1765 4597 maledi-

168 4650 349 4706 ctione
381 4653 587 4702 retenta
616 4643 750 4697 infra
782 4657 989 4712 paucos
1020 4639 1157 4702 dies,
1194 4654 1259 4692 ex
1290 4651 1395 4706 quo
1414 4633 1551 4687 tradi
1574 4631 1767 4685 meruit

169 4741 384 4795 Satanae
433 4735 488 4789 in
533 4733 811 4787 interitum
860 4728 1039 4785 carnis
1086 4727 1136 4796 (Ι
1161 4726 1278 4781 Cor.
1311 4740 1365 4788 v,
1402 4726 1476 4789 5),
1532 4719 1768 4775 crudelis

168 4826 369 4882 interiit
418 4822 684 4878 sententia
725 4818 930 4874 mortis.
982 4817 1120 4870 Nam
1169 4831 1199 4868 a
1246 4810 1592 4885 quihusdam,
1634 4823 1769 4879 quos

168 4919 222 4971 in
258 4914 458 4970 foresta
490 4928 606 4977 sua,
641 4925 801 4981 quam
855 4906 1125 4969 servabat,
1174 4903 1422 4957 inventos
1451 4896 1769 4953 insolentius

243 5091 385 5155 (158)
412 5091 650 5150 Huberto,
679 5088 739 5155 de
777 5099 869 5148 quo
898 5086 1079 5155 iterum
1106 5094 1213 5155 ca_p.
1248 5079 1469 5142 sequenti
1495 5080 1545 5127 et
1568 5074 1703 5155 alibi.

243 5142 386 5219 (139)
414 5160 553 5208 Anno
582 5142 730 5217 12b0,
757 5142 867 5203 cum
914 5154 1099 5202 Joanne
1150 5142 1279 5209 Rege
1317 5160 1376 5196 ex
1414 5157 1580 5205 causa,
1610 5142 1695 5192 lib.
1722 5154 1769 5190 v.

176 5229 260 5285 19,
288 5224 565 5277 indicanda.

238 5275 282 5349 (1
306 5275 381 5346 10)
411 5294 540 5340 lntra
564 5289 678 5338 illud
704 5291 915 5349 tempus,
962 5297 1055 5346 quo
1101 5284 1238 5343 Ηυςο
1263 5281 1311 5330 in
1340 5275 1700 5329 Northmannia
1727 5276 1776 5323 et

174 5364 223 5412 in
252 5360 405 5409 Gallia
438 5356 734 5406 iiiorabatur.

242 5408 671 5490 (141)11ubcrtus,
718 5421 764 5470 in
792 5419 1208 5482 archiepiscopum
1250 5414 1433 5463 electus
1458 5422 1587 5461 anno
1617 5408 1773 5464 1193.

1848 472 2085 527 brachiis
2111 471 2398 542 amputatis
2428 478 2481 525 et
2510 486 2542 523 a
2572 468 2747 540 capite
2792 465 2997 521 avulsis
3025 464 3196 520 fustes
3226 464 3448 535 quidam

1849 561 1978 614 satis
2010 561 2192 633 exigui
2223 561 2345 631 (pro
2378 559 2575 630 quibus
2594 558 2662 612 ab
2695 557 2889 612 eodem
2905 543 3043 613 Satis
3064 552 3299 623 injuriati
3330 551 3453 607 fue-

1848 659 1986 715 rant,
2022 650 2112 721 qui
2145 666 2268 704 eum
2312 648 2681 719 peremerunt)
2716 647 2858 700 inter
2888 644 3119 700 cadaver
3148 649 3453 696 truncatum

1847 746 1898 794 et
1929 752 2089 809 caput
2123 745 2425 803 exsectum,
2459 753 2559 791 nec
2587 752 2695 791 non
2725 744 2778 789 et
2808 734 2909 788 alia
2938 731 3187 786 membra
3219 730 3457 785 feraliter

1846 828 2046 894 excisa,
2080 835 2131 882 et
2163 826 2289 881 hinc
2315 826 2439 880 inde
2467 825 2643 896 posita
2665 840 2765 895 per
2805 823 2923 878 loca
2950 822 3051 876 tria
3088 821 3451 892 relinqueren-

1842 924 1955 981 tur,
1992 916 2045 970 in
2094 916 2315 986 signum
2361 914 2615 969 videlicet
2663 922 2712 967 et
2756 912 3123 967 testimonium
3175 908 3446 981 nequitiae,

1846 1005 1969 1076 quia
2014 1004 2067 1057 in
2116 1002 2371 1058 finitimos
2422 1018 2666 1074 quosque
2716 1001 3017 1074 tyranicam
3064 1000 3268 1055 rabiem
3314 1012 3449 1052 con-

1846 1101 2099 1149 suevcrat
2132 1108 2411 1148 exercere.
2596 1100 2601 1105 ”

2477 1278 2703 1334 CAPUT
2742 1279 2806 1333 V.

1845 1428 1918 1477 De
1939 1426 2145 1488 quodam
2177 1424 2402 1485 diacono,
2448 1424 2533 1485 qui
2586 1423 2780 1473 militem
2807 1423 3061 1484 quemdam
3087 1432 3245 1481 super
3269 1418 3455 1488 crimen

1910 1486 2065 1555 regia:
2084 1492 2382 1554 proditionis
2396 1491 2580 1540 acriter
2604 1490 2880 1551 impetebat.
2904 1515 2965 1525 —
2992 1490 3157 1538 Elhoc
3185 1486 3454 1548 capitulum

1911 1561 2153 1611 inseritur
2172 1573 2357 1621 magna:
2402 1557 2545 1621 γειω,
2569 1570 2677 1619 cap.
2712 1559 2762 1618 6,
2791 1557 2880 1609 lib.
2909 1569 2977 1605 Iv.

1916 1696 2193 1751 Diaconus
2242 1694 2482 1767 quidam,
2533 1693 2752 1749 nomine
2796 1691 3100 1747 Ricbardus
3148 1689 3216 1743 de
3246 1689 3444 1753 Wara,

1847 1785 2074 1840 militem
2114 1784 2406 1856 quemdam
2446 1782 2710 1838 vocabulo
2761 1779 3121 1853 Reginaldum
3153 1778 3222 1833 de
3252 1780 3459 1849 Argen-

1847 1875 1977 1929 temi
2031 1890 2196 1944 super
2256 1872 2484 1927 crimine
2542 1870 2837 1941 impetebat
2887 1868 3053 1940 regia:
3112 1865 3453 1937 proditionis.

1848 1964 1978 2018 Erat
2006 1970 2237 2033 uterque
2290 1961 2358 2014 de
2409 1960 2720 2030 episcopatu
2749 1957 3132 2013 Lincolniensi.
3167 1956 3293 2009 Erat
3324 1969 3456 2009 vero

1850 2050 2100 2122 plurimis
2140 2065 2248 2103 non
2294 2049 2562 2103 incertum
2604 2046 2742 2102 falso
2789 2046 2974 2116 impeti
3006 2044 3231 2099 militem
3266 2059 3298 2096 a
3330 2041 3451 2098 cle—

1854 2141 1983 2195 rico.
2018 2139 2113 2192 His
2134 2138 2421 2208 episcopus
2439 2135 2693 2208 cognitis,
2720 2135 3009 2189 diaconum
3032 2149 3129 2204 per
3158 2147 3450 2188 censuram

1854 2228 2287 2285 ecclesiasticam
2351 2226 2542 2279 nititur
2592 2241 2622 2279 a
2672 2223 2973 2279 temeritate
3024 2237 3122 2275 sua
3180 2220 3457 2276 cohibere.

1856 2318 2065 2371 Inhibet
2110 2315 2340 2387 proinde
2410 2315 2511 2368 sub
2577 2311 3011 2367 interminatione
3073 2308 3457 2373 anathematis,

1855 2423 1923 2461 ne
1954 2407 2007 2459 in
2038 2405 2158 2460 foro
2206 2403 2469 2471 saaculari,
2510 2402 2812 2474 pra-sertim
2845 2401 2913 2454 ad
2939 2399 3201 2469 judicium
3235 2396 3461 2469 sangui-

1857 2496 1961 2561 nis,
2013 2495 2207 2549 audeat
2253 2508 2373 2547 eam
2421 2493 2739 2563 pertrahere
2791 2490 3076 2544 diaconus.
3123 2491 3190 2541 At
3231 2486 3340 2553 ille,
3392 2486 3461 2540 de

1859 2584 2015 2656 regio
2048 2583 2139 2654 qui
2188 2599 2311 2637 eum
2354 2581 2605 2635 tuebatur
2642 2580 2814 2634 elatus
2845 2577 3053 2646 favore,
3083 2575 3288 2630 monita
3316 2574 3463 2645 pari-

1860 2682 1945 2729 ter
1976 2681 2027 2727 et
2076 2672 2247 2725 minas
2293 2668 2564 2741 pontificis
2611 2667 3011 2723 contemnebat.
3059 2666 3195 2720 Nam
3242 2671 3295 2718 et
3325 2664 3462 2718 Can-

1862 2760 2154 2816 tuariensis
2184 2758 2632 2829 archiepiscopus
2663 2759 2811 2827 (141)
2843 2754 2957 2826 (qui
2988 2762 3039 2808 et
3071 2761 3197 2807 tunc
3219 2751 3464 2823 publicus

1864 2851 2019 2923 regni
2042 2848 2363 2918 justitiarius
2411 2847 2729 2911 habebatur,
2783 2844 2938 2913 cujus
2986 2840 3309 2913 protectioni
3339 2855 3463 2895 eum

1862 2957 1957 2995 rex
1986 2938 2289 2995 Richardus
2329 2936 2625 3007 impensius
2677 2932 3179 3000 commendaverat)
3209 2930 3466 3000 episeopo

1865 3028 2162 3097 injunxisse
2208 3027 2420 3091 dicitur,
2457 3042 2525 3079 ne
2565 3032 2749 3079 contra
2779 3024 3045 3076 honorem
3078 3019 3285 3091 regium
3318 3034 3467 3073 com-

1865 3118 2092 3189 pelleret
2140 3115 2399 3171 clericum
2428 3131 2457 3167 a
2486 3112 2867 3183 prosecutione
2908 3110 3052 3164 initae
3102 3106 3467 3163 accusationis

1865 3206 2151 3261 desistere.
2207 3207 2402 3258 Verum
2453 3201 2594 3257 Petri
2642 3201 2879 3254 imitator
2927 3214 3121 3253 versus
3152 3197 3206 3250 in
3234 3197 3358 3261 hoc,
3394 3195 3467 3249 si—

1866 3304 1953 3351 cut
1983 3295 2035 3349 in
2074 3293 2341 3348 similibus
2382 3308 2527 3361 saepe
2556 3289 2826 3344 mandatis
2856 3288 3021 3351 illius,
3056 3286 3138 3361 sui
3167 3285 3347 3356 potius
3377 3284 3465 3339 of-

1867 3382 2107 3453 ficiijura
2139 3398 2298 3453 quam
2326 3379 2558 3435 hominis
2586 3377 2896 3433 attendebat
2914 3376 3102 3431 verba.
3138 3376 3298 3438 Nam,
3332 3374 3463 3444 quia

1866 3488 2102 3544 magnus
2132 3470 2221 3525 ille
2252 3470 2350 3535 vir,
2383 3478 2438 3523 ut
2466 3468 2582 3539 ipse
2615 3466 2877 3521 veraciter
2907 3464 3198 3535 perhibere
3229 3462 3460 3525 solebat,

1868 3570 2159 3630 utrumque
2209 3558 2312 3612 sibi
2352 3557 2594 3630 gladium
2637 3554 2989 3610 commissum
3041 3551 3274 3605 habebat
3325 3552 3467 3619 (erat

1866 3666 2121 3721 namque.
2174 3648 2312 3703 sicut
2356 3653 2624 3716 potestate
2672 3643 2949 3699 ordinaria
2995 3639 3462 3710 metropolitanus,

1868 3748 1920 3794 et
1946 3738 2261 3793 auctoritate
2293 3734 2590 3806 apostolica
2613 3733 2776 3787 totius
2800 3731 3013 3803 Anglim
3033 3730 3413 3802 legatus(142)
3451 3744 3464 3780 :

1867 3828 1938 3882 ita
1969 3828 2086 3883 vice
2118 3841 2333 3897 quoque
2364 3824 2517 3896 regia
2547 3839 2713 3893 super
2741 3820 2987 3875 forenses
3022 3818 3233 3887 judices
3268 3816 3470 3869 arbiter

1870 3916 2135 3985 summus)
2183 3914 2491 3984 episcopus,
2538 3911 2685 3982 quid,
2731 3927 2760 3963 a
2807 3925 2913 3980 quo
2963 3908 3105 3961 idem
3155 3906 3469 3977 loqueretur

1869 4005 2073 4077 gladio,
2099 4004 2395 4074 prudenter
2412 4009 2463 4055 et
2486 4008 2641 4056 caute
2662 4000 2976 4054 discernere
2998 3996 3265 4050 studebat.
3290 3993 3467 4056 Unde,

1870 4094 2300 4165 quotiescunque
2356 4090 2556 4161 aliquid
2614 4087 2872 4142 monebat
2912 4093 3003 4140 aut
3051 4085 3278 4153 jubebat
3324 4083 3470 4153 quod

1867 4181 2134 4236 materiali
2163 4180 2340 4251 potius
2385 4194 2546 4249 quam
2594 4177 2780 4248 gladio
2808 4181 3139 4244 congrueret
3173 4170 3462 4241 spirituali,

1872 4282 1977 4321 non
2024 4266 2311 4320 verebatur
2359 4263 2438 4316 vir
2486 4261 2581 4315 Dei
2631 4260 2813 4313 dicere
2845 4258 2894 4312 ei
2925 4256 3068 4329 quod
3099 4254 3469 4325 apostolorum

1872 4371 2117 4409 summus
2167 4350 2509 4423 pontificibus
2552 4350 2754 4419 legitur
2792 4346 2995 4400 dixisse
3030 4362 3042 4397 :
3080 4346 3311 4416 Oportet
3341 4344 3467 4398 obc-

1788 4460 1839 4517 D
1869 4446 1990 4500 dire
2019 4445 2126 4497 Deo
2158 4442 2337 4510 magis
2359 4455 2527 4511 quam
2561 4436 2879 4491 hominibus
2914 4436 3059 4505 (Act.
3096 4449 3149 4499 γ,
3182 4434 3295 4503 29).

1949 4530 2313 4599 Quamobrem
2347 4526 2599 4583 clericum
2633 4523 2896 4578 rebellem
2929 4530 2981 4577 et
3020 4520 3320 4591 disciplina
3350 4535 3472 4574 con-

1874 4619 2158 4674 tumaciter
2197 4617 2537 4671 resistentem
2589 4612 2995 4679 ecclesiasticae,
3036 4608 3332 4681 pontificali
3362 4623 3469 4663 non

1874 4708 2079 4762 distulit
2110 4707 2289 4779 rigore
2333 4704 2650 4775 percellere.
2702 4702 2993 4772 Suspendit
3044 4700 3220 4770 itaque
3249 4699 3318 4751 ab
3350 4695 3471 4751 oﬁi-

1875 4799 1959 4853 cio
1991 4806 2042 4852 et
2073 4794 2335 4856 beneficio
2370 4793 2643 4847 nolentem
2670 4792 2803 4863 jugo
2835 4790 2991 4844 subdi
3022 4787 3304 4844 canonico.
3341 4784 3465 4852 Qui,

1874 4888 1941 4941 ad
1971 4887 2208 4957 legatum
2244 4882 2591 4954 perveniens,
2634 4897 2729 4951 per
2760 4897 2879 4935 eum
2912 4880 2980 4933 de
3012 4876 3151 4932 facto
3181 4891 3213 4929 a
3244 4890 3473 4944 suspen—

1875 5059 1995 5109 obiit
2018 5071 2144 5109 anno
2190 5056 2336 5107 1205.
2388 5056 2459 5106 Ita
2498 5056 2717 5117 Whart.,
2753 5065 2799 5114 p.
2829 5066 2862 5112 ι,
2890 5063 3003 5113 pag.
3037 5051 3148 5099 114.
3178 5048 3326 5117 Angl.
3359 5047 3473 5117 Sac:

1945 5127 2085 5190 (142)
2113 5126 2207 5175 Isto
2234 5125 2482 5173 "ubertas
2509 5114 2711 5190 (inquit:
2729 5120 3017 5190 Badquhus
3061 5117 3121 5190 de
3157 5114 3471 5190 Diceto_apqd

1875 5182 2394 5254 wharl,'p.2,Ang1.
2442 5182 2658 5250 Sacrﬁp.
2687 5188 2833 5254 693),
2863 5182 3042 5254 «anno
3081 5183 3279 5254 _l)omini
3327 5182 3474 5254 11.95,

1878 5248 2222 5321 plenitudinem
2255 5248 2506 5321 potcstatis
2551 5248 2777 5305 in'otlicio
2802 5251 3063 5321 legationis
3076 5251 3237 5321 favore
3259 5248 3473 5321 omnium

1878 5316 2192 5376 cardinalium
2220 5316 2468 5374 assecutus
2492 5328 2565 5373 est
2590 5323 2651 5372 ab
2676 5321 2842 5369 eodem
2868 5316 3151 5377 Caelestino,
3199 5320 3296 5366 tam
3317 5316 3364 5365 in
3391 5327 3473 5363 ar-

1879 5394 2239 5458 chicpiscopatu
2269 5390 2566 5442 Eboracensi
2590 5400 2739 5451 quam
2766 5386 2978 5449 proprio.
3006 5404 3027 5427 ι
