3960 6062
452 200 591 252 1015

1331 196 1386 251 S.
1429 194 1744 252 HUGONIS
1778 194 1996 251 EPISC.
2037 192 2365 251 LINCOLN.
2410 195 2577 252 ORD.
2618 197 2873 253 CARTH.

3626 199 3767 252 1016

454 321 609 376 sione
639 319 871 376 obtinuit
900 319 1152 376 relaxari.
1186 320 1323 376 Hinc
1351 327 1564 376 tumore
1593 320 1807 391 plenus,
1839 320 1905 376 ad
1938 318 2058 390 epi-
2079 320 2129 380 A
2155 320 2388 389 jussioni
2434 336 2591 388 meae,
2637 330 2690 377 et
2739 321 2957 393 suscipe
3005 321 3060 376 in
3087 320 3239 393 pacis
3285 321 3476 379 osculo
3506 338 3634 377 cum
3668 321 3769 375 Dei

455 426 680 480 scopum
710 410 999 476 accedens,
1033 410 1133 464 sub
1161 410 1457 480 praesentia
1485 409 1785 465 multorum
1819 408 2061 480 optima-

455 506 569 553 tum
587 499 883 571 regni,tam
897 514 1186 570 procerum
1200 498 1455 571 videlicet
1476 514 1638 569 quam
1652 498 2056 569 episcoporum,

452 587 651 642 minari
677 587 842 658 erepit
863 587 1116 658 grandia.
1137 587 1385 643 Jactabat
1406 603 1538 642 vero
1560 603 1619 641 se
1640 603 1668 640 a
1685 586 2062 655 jurisdictione

453 675 851 732 Lincolniensis
898 675 1142 747 episcopi
1176 675 1353 730 taliter
1383 677 1493 746 jam
1540 675 1853 730 auctoritate
1898 674 2062 747 legati

454 772 786 835 exemptum,
859 765 1004 836 quod
1066 764 1134 819 de
1184 771 1384 820 caetero
1432 764 1742 819 nullatenus
1791 764 2062 819 omitteret

456 860 686 924 propter
715 853 887 920 illum,
941 852 1071 924 quin
1100 860 1152 908 et
1181 853 1402 908 domino
1432 853 1550 925 regi
1581 869 1795 908 omnem
1829 850 2061 907 fidelita-

454 948 563 996 tem
591 941 889 1007 exhiberet,
923 941 1082 1013 eique
1118 941 1380 1011 justitiam
1414 941 1483 997 de
1512 942 1624 996 suis
1658 942 1905 996 oblinere
1933 957 2061 1011 pro-

456 1029 725 1085 ditoribus
773 1030 1105 1086 decertaret.
1176 1030 1445 1085 Insultans
1514 1045 1732 1102 quoque
1781 1030 2057 1100 episcopo,

457 1118 740 1174 asserebat
784 1135 845 1173 se
890 1118 1187 1174 relaxatum
1236 1134 1268 1173 a
1317 1118 1674 1189 suspensione
1726 1133 1831 1189 qua
1860 1118 2059 1189 ipsum,

455 1213 514 1261 ut
543 1206 777 1273 dicebat,
810 1207 988 1262 minus
1015 1207 1161 1263 licite
1191 1207 1527 1262 decrevisset
1556 1206 1770 1278 punire.

530 1296 612 1350 Ad
643 1296 759 1352 haec
784 1296 875 1351 ille
902 1312 1009 1350 non
1060 1295 1274 1351 enervis
1304 1296 1570 1351 naviculae
1601 1294 1743 1350 Petri
1775 1294 2058 1367 guberna-

456 1392 545 1439 tor
574 1400 675 1440 suo
705 1400 875 1453 more,
908 1392 966 1439 ut
996 1400 1235 1455 semper,
1269 1383 1418 1438 illato
1457 1384 2055 1449 terrore-constantior,

455 1480 513 1528 ut
538 1473 605 1528 de
634 1473 871 1545 quodam
910 1482 1097 1528 sancto
1144 1472 1347 1545 legitur
1375 1472 1466 1544 qui
1497 1472 1551 1526 in
1581 1472 1773 1527 diebus
1804 1472 1917 1526 suis
1946 1487 2055 1526 non

463 1561 706 1616 extimuit
754 1561 1074 1633 principem,
1118 1561 1192 1615 ita
1239 1560 1448 1616 cunctis
1497 1560 1840 1616 audientibus
1894 1559 2054 1615 infit:

2163 409 2541 465 benedictione
2590 411 2842 465 maritum
2907 419 3075 465 tuum.
3139 412 3395 483 Alioquin
3443 426 3643 466 revera
3701 411 3770 464 de

2163 508 2362 554 cetero
2393 516 2501 554 non
2532 516 2752 571 parcam
2798 500 2915 565 tibi,
2944 516 3047 556 nec
3077 500 3403 571 perniciosis
3433 499 3764 556 consiliariis

2163 588 2288 642 tuis.
2339 611 2358 635 ιι
2392 588 2668 659 Jussitque
2699 588 2876 643 virum
2925 589 3040 657 ejus
3072 588 3125 642 in
3157 589 3347 644 osculo
3376 596 3563 644 sancto
3594 588 3766 644 susci-

2161 692 2293 747 pere
2324 692 2463 731 eam.
2498 677 2657 745 Quod
2688 677 2815 731 dum
2849 677 2938 732 ille
2971 676 3201 748 implere
3238 677 3418 741 vellet,
3452 677 3639 732 infelix
3673 676 3764 731 illa

2160 765 2628 835 impudentissime
2660 766 2871 836 exspuit
2921 765 2976 819 in
3022 765 3217 821 faciem
3266 766 3402 835 ejus,
3436 781 3559 821 cum
3591 782 3768 836 prope

2162 862 2308 909 esset
2351 855 2537 921 altare,
2590 870 2937 927 praesensque
2979 870 3101 910 cum
3152 854 3399 925 pluribus
3449 854 3583 908 viris
3612 870 3770 909 reve-

2162 943 2487 998 rentissimis
2537 943 2758 999 adesset
2804 950 2984 997 tantus
3025 943 3307 1007 sacerdos,
3352 951 3405 998 et
3451 943 3609 997 turba
3637 942 3766 998 tide-

2162 1031 2291 1085 lium
2322 1032 2509 1096 multa,
2542 1032 2595 1086 in
2623 1031 2738 1103 ipsa
2769 1032 3004 1088 ecclesia
3035 1033 3241 1103 pariter
3269 1032 3576 1088 constituta.
3611 1032 3764 1087 Tunc

2160 1120 2429 1176 universis
2457 1121 2528 1176 ob
2558 1129 2764 1176 tantam
2796 1122 3180 1177 contumeliam
3212 1121 3330 1177 viro
3360 1121 3561 1176 illatam
3595 1122 3763 1176 vehe—

2160 1217 2371 1265 menter
2435 1210 2908 1276 erubescentibus,
2979 1210 3268 1280 episcOpus
3340 1226 3473 1265 voce
3536 1208 3761 1264 terribili

2160 1298 2233 1353 ait
2287 1317 2300 1353 :
2350 1320 2371 1349 ι
2435 1296 2576 1366 Quia
2625 1298 2865 1365 noluisti,
2917 1298 3106 1369 inquit,
3153 1299 3611 1364 benedictionem,
3661 1297 3763 1351 sed

2160 1388 2598 1443 maledictionem
2646 1386 2898 1451 dilexisti,
2952 1402 3080 1443 ecce
3110 1387 3480 1458 apprehendet
3509 1395 3560 1441 te
3589 1386 3763 1441 male-

2161 1478 2345 1534 dictio.
2376 1478 2605 1548 Moxque
2662 1475 3151 1532 excommunicavit
3196 1492 3337 1530 eam.
3378 1474 3512 1544 Quae
3541 1476 3597 1529 in
3625 1492 3761 1546 pro-

2160 1566 2278 1637 pria
2309 1566 2697 1621 contumaciter
2746 1564 3069 1633 abscedens,
3112 1571 3235 1635 post
3276 1564 3393 1619 dies
3422 1580 3629 1635 paucos
3657 1564 3762 1618 sibi

468 1670 490 1700 ι
518 1651 800 1706 Incassum
823 1666 974 1714 sane,
994 1650 1186 1721 inquit,
1211 1666 1378 1720 super
1395 1649 1704 1718 bujusmodi
1724 1650 2056 1706 relaxatione
2087 1681 2138 1740 Β
2162 1656 2232 1711 ad
2269 1655 2520 1711 inducias
2569 1654 2753 1709 utilius
2802 1670 2987 1709 secum
3034 1653 3370 1708 deliberandi
3408 1654 3616 1708 caelesti
3646 1655 3765 1724 pie-

462 1738 559 1793 tibi
588 1737 872 1795 blandiris.
918 1739 1056 1793 Nam
1095 1738 1677 1795 excommunicandum
1707 1746 1761 1794 te
1799 1738 1854 1793 in
1884 1739 2055 1794 conti-

2160 1752 2267 1800 tate
2298 1760 2611 1810 concessos,
2665 1760 2789 1799 cum
2836 1743 3014 1815 magis
3064 1742 3408 1797 induraretur
3435 1758 3533 1797 cor
3561 1743 3681 1811 ejus
3712 1753 3765 1798 et

460 1827 611 1882 nenti
640 1826 879 1894 noveris,
932 1827 977 1881 si
1009 1826 1115 1897 juri
1150 1843 1348 1899 parere
1388 1843 1552 1898 super
1598 1827 1911 1882 excessibus
1951 1827 2057 1881 tuis
2156 1834 2467 1888 nullatenus
2484 1832 2853 1903 resipisceret,
2886 1831 3181 1902 praefocata
3212 1832 3283 1885 ab
3313 1832 3468 1886 hoste
3499 1832 3765 1905 maligno,

460 1916 691 1971 ulterius
727 1914 1141 1972 detrectaveris.
1170 1936 1193 1966 ι
1229 1915 1371 1985 Quid
1402 1916 1571 1970 multa
1593 1916 1621 1970 ?
1654 1916 1750 1970 Illo
1771 1924 2057 1971 contuma-

460 2005 596 2061 citer
632 2004 981 2077 obstrepente
1003 2011 1057 2059 et
1083 2012 1337 2077 tanquam
1362 2020 1459 2060 ore
1489 2004 1643 2077 regio
1674 2004 1849 2059 minas
1881 2004 2058 2059 furio-

454 2109 546 2149 sas
593 2093 892 2160 intonante,
944 2093 1235 2165 episcopus
1290 2109 1416 2149 eum
1459 2093 1722 2149 innodare
1751 2108 1855 2149 nec
1886 2092 2061 2148 timuit

454 2194 561 2238 nec
591 2181 797 2237 distulit
819 2181 1050 2237 solemni
1080 2182 1441 2237 anathemate.
1463 2181 1571 2251 Qui
1600 2182 1838 2253 legatum
1869 2182 2061 2237 adiens

464 2270 714 2344 queritur
742 2270 811 2325 de
860 2270 1120 2342 episcopo
1165 2271 1310 2342 quod
1340 2270 1395 2324 in
1426 2271 1540 2340 ejus
1570 2270 1945 2341 prtejudicium
1976 2287 2061 2326 re-

458 2359 655 2431 gisque
674 2358 1021 2431 dispendium
1054 2359 1210 2424 adeo,
1247 2366 1304 2414 ut
1325 2359 1620 2430 allegabat,
1652 2367 1909 2430 proterve
1938 2376 2063 2415 eum

463 2448 1006 2505 excommunicasset.
1048 2450 1095 2504 A
1142 2463 1250 2520 quo
1296 2448 1516 2503 tandem
1563 2447 1770 2503 litteras
1799 2448 2062 2519 impetra-

462 2537 540 2593 vit
588 2537 659 2592 ad
702 2537 1043 2609 episcopum,
1088 2545 1355 2609 quatenus
1396 2552 1498 2609 pro
1542 2537 1790 2593 absoluto
1831 2538 2065 2593 haberet

461 2642 607 2690 eum,
653 2634 839 2697 utpote
881 2642 912 2680 a
961 2642 1020 2681 se
1070 2625 1401 2681 absolutum.
1467 2626 1565 2681 Cui
1606 2626 1915 2697 episcopus,
1968 2626 2063 2680 tali

462 2714 649 2787 perlec
662 2722 716 2769 to
746 2714 1017 2783 mandato,
1043 2714 1114 2769 ita
1144 2715 1277 2770 dixit
1311 2730 1324 2768 :
1357 2737 1379 2762 «
1418 2714 1474 2769 Si
1491 2715 1697 2771 centies
1717 2723 1770 2770 te
1800 2715 2064 2771 Dominus

465 2802 915 2875 archiepiscOpus
974 2802 1365 2858 absolvendum
1414 2803 1649 2871 duxerit,
1712 2803 1920 2859 centies
1973 2811 2065 2858 aut

464 2892 630 2948 etiam
681 2892 881 2963 saepius
929 2899 981 2947 te
1025 2891 1168 2947 scias
1209 2907 1243 2947 a
1269 2891 1428 2947 nobis
1457 2892 2061 2957 excommunicandum,

467 2980 706 3054 quandiu
728 2989 781 3037 te
819 2980 1124 3037 videbimus
1170 2980 1225 3035 in
1270 2980 1710 3052 praesumptionis
1741 2988 1846 3036 tua:
1873 2997 2065 3036 amen-

464 3071 539 3127 tia
610 3069 1046 3126 irrevocabiliter
1097 3069 1428 3125 induratum.
1487 3070 1566 3125 Tu
1622 3069 1826 3125 videris
1874 3070 2063 3142 quanti

463 3160 669 3215 habeas
716 3158 1040 3215 sententiam
1085 3167 1367 3225 nostram;
1400 3174 1501 3214 nos
1543 3158 1686 3213 enim
1716 3159 1855 3214 hanc
1884 3159 2065 3214 omni-

466 3247 642 3303 modis
690 3255 861 3305 ratam
910 3246 1178 3302 habemus
1208 3254 1261 3303 et
1292 3245 1522 3301 ﬁrmam.
1561 3267 1583 3296 ι
1621 3247 1711 3303 Sic
1753 3246 1845 3302 ille
1875 3247 2066 3303 absce-

465 3336 624 3402 dens,
654 3336 875 3408 jamque
924 3342 1072 3390 metu
1104 3342 1267 3390 tantae
1295 3335 1443 3390 illius
1471 3334 1788 3391 constantiae
1815 3335 2065 3407 aliquan-

466 3424 637 3480 tulum
685 3424 853 3481 corde
905 3424 1146 3493 fractior,
1196 3423 1488 3496 pollicetur
1534 3423 1964 3479 deliberaturum
2006 3440 2066 3479 se

466 3522 663 3581 utrum,
687 3514 841 3583 juxta
887 3514 1033 3586 quod
1082 3513 1405 3587 exigebatur
1452 3529 1618 3584 super
1662 3513 1909 3584 parendo
1931 3513 2062 3582 juri,

464 3619 646 3659 coram
677 3602 937 3675 episcopo
986 3602 1150 3658 vellet
1198 3617 1417 3658 cavere.
1466 3600 1573 3670 Qui
1600 3601 1705 3657 cito
1734 3609 1855 3672 post
1886 3601 2004 3657 haec
2035 3616 2067 3656 a

465 3692 702 3765 quodam
732 3707 832 3747 suo
860 3706 1029 3763 puero
1059 3690 1330 3747 lethaliter
1359 3691 1539 3747 securi
1569 3706 1862 3762 percussus
1893 3690 1949 3744 in
1978 3706 2068 3746 ca-

465 3780 596 3852 pile,
627 3780 767 3852 prob
796 3778 988 3835 dolor!
1023 3780 1173 3851 prius
1202 3779 1473 3835 exhalavit
1521 3779 1759 3834 animam
1793 3795 1957 3850 quam
1987 3795 2070 3834 er-

467 3869 605 3924 roris
651 3868 734 3923 sui
783 3867 1078 3923 insinuavit
1125 3868 1527 3939 paenitentiam.
1591 3869 1710 3924 Uno
1767 3867 1912 3923 enim
1959 3866 2067 3923 ictu

469 3956 852 4013 excerebratus
880 3964 934 4012 et
964 3963 1186 4026 repente
1217 3956 1513 4012 exstinctus
1544 3963 1649 4011 est.

1089 4115 1315 4171 CAPUT
1355 4116 1441 4170 VI.

467 4246 539 4297 De
551 4243 911 4297 adolescentula
927 4241 1153 4303 Orontes,
1170 4255 1298 4305 quoa,
1324 4242 1494 4304 priore
1512 4254 1689 4303 sponso
1706 4244 1989 4305 contempto,
2009 4242 2070 4292 de

531 4314 666 4373 facto
688 4312 837 4362 alteri
861 4310 1122 4372 coniugata
1139 4315 1187 4360 et
1206 4322 1358 4371 super
1379 4311 1469 4359 hoc
1492 4312 1732 4369 convicta,
1756 4322 1938 4371 parere
1965 4322 2071 4360 con-

2158 1923 2381 1978 delicias
2428 1929 2651 1992 repente
2703 1920 2919 1976 illicitas
2969 1928 3021 1974 et
3069 1920 3305 1976 caducas
3348 1928 3459 1974 tam
3485 1922 3769 1991 perpetuis

2159 2028 2319 2085 quam
2350 2011 2511 2082 justis
2541 2009 2889 2067 commutavit
2920 2009 3222 2081 suppliciis.
3262 2029 3283 2059 κ

2766 2117 2994 2172 CAPUT
3035 2116 3153 2171 VII.

2159 2213 2232 2263 De
2253 2212 2431 2262 clerico
2453 2208 2782 2261 Eboracensis
2805 2208 3028 2259 diaeesis
3044 2246 3058 2269 ,
3081 2207 3167 2269 qui
3192 2218 3343 2269 super
3364 2207 3576 2258 ecclesia
3599 2205 3765 2258 dimit-

2225 2280 2388 2340 tenda,
2436 2277 2500 2327 de
2538 2290 2636 2338 qua
2675 2278 2844 2325 contra
2901 2288 3010 2324 eum
3034 2288 3066 2324 a
3089 2275 3227 2325 beato
3250 2275 3453 2334 Hagone
3474 2275 3766 2325 auctoritate

2226 2348 2445 2407 delegata
2467 2344 2720 2402 ferebatur
2741 2342 3004 2402 sententia,
3040 2354 3217 2402 parere
3240 2342 3394 2393 noluit
3411 2341 3672 2401 judicans.
3697 2367 3763 2377 —

2226 2414 2291 2463 Et
2301 2417 2375 2463 est
2396 2413 2559 2461 adhuc
2586 2410 2853 2473 capitulum
2872 2410 2963 2458 hoc
2985 2408 3077 2459 sub
3099 2408 3268 2459 eodem
3293 2408 3506 2468 capitqu
3537 2415 3680 2459 sexto
3712 2409 3762 2458 in

2227 2493 2403 2543 magna
2431 2479 2555 2529 Vita.

2234 2580 2427 2635 Itidem
2478 2577 2677 2633 clerico
2709 2576 2925 2633 cuidam
2954 2575 3320 2632 Eboracensis
3349 2575 3624 2643 dioecesis,
3659 2590 3765 2629 no-

2162 2670 2308 2725 mine
2339 2667 2639 2735 Willelmo,
2688 2681 2864 2736 suam,
2903 2682 3006 2737 qua
3047 2665 3243 2734 injuste
3273 2682 3395 2720 eum
3427 2664 3765 2735 spoliaverat

2164 2758 2523 2831 quorumdam
2572 2755 2843 2818 violentia.
2914 2754 3297 2809 restituendam
3341 2754 3625 2809 ecclesiam
3664 2766 3764 2807 au-

2165 2847 2407 2905 ctoritate
2474 2847 2633 2918 Hugo
2677 2845 2996 2900 decreverat
3037 2844 3352 2915 apostolica.
3412 2843 3588 2912 Quem
3632 2859 3764 2913 pars

2166 2938 2401 2994 adversa
2429 2935 2627 2990 diutius
2658 2934 2727 2990 ab
2757 2934 3009 3006 ingressu
3033 2932 3401 3004 possessionis
3422 2932 3525 2986 sibi
3553 2931 3766 3001 adjudi—

2094 3044 2141 3105 C
2172 3035 2307 3084 catae
2340 3042 2503 3081 manu
2531 3023 2831 3095 repellebat
2869 3030 3098 3077 armata.
3148 3022 3302 3076 Miles
3333 3036 3589 3092 namque,
3624 3020 3768 3074 illius

2163 3118 2307 3178 villae
2354 3115 2627 3181 dominus,
2676 3112 2729 3166 in
2777 3127 2884 3183 qua
2929 3111 3028 3165 sita
3076 3119 3191 3165 erat
3234 3110 3467 3167 ecclesia
3504 3109 3763 3178 litigiosa,

2166 3210 2393 3265 fratrem
2446 3219 2603 3259 suum
2650 3202 2705 3256 in
2756 3200 3003 3256 eamdem
3035 3199 3342 3272 ingressum
3372 3215 3472 3269 per
3501 3198 3769 3253 intrusio-

2166 3314 2293 3353 nem
2324 3293 2506 3353 carnis
2551 3292 2823 3359 tuebatur,
2871 3290 3074 3344 viribus
3112 3289 3291 3343 nitens
3321 3288 3503 3342 illicite
3532 3302 3771 3358 occupa-

2168 3396 2273 3442 tam
2307 3384 2577 3441 vindicare
2627 3380 2703 3435 illi
2747 3377 3175 3451 possessionem.
3226 3377 3500 3433 Fovebant
3547 3392 3769 3449 quoque

2165 3483 2382 3548 partem
2438 3470 2726 3526 intrusoris
2770 3477 2881 3523 tam
2936 3467 3295 3523 ecclesiastici
3348 3482 3510 3538 quam
3537 3474 3591 3520 et
3623 3483 3775 3520 mun-

2166 3564 2297 3620 dani
2337 3561 2549 3633 judices
2587 3566 2641 3615 et
2698 3558 2984 3630 optimates
3027 3556 3171 3611 illius
3230 3555 3487 3628 regionis.
3526 3554 3771 3609 Tandem

2166 3653 2478 3709 Willelmus
2523 3647 2705 3704 nimiis
2746 3648 2861 3716 jam
2904 3645 3181 3701 laboribus
3210 3643 3509 3709 confectus,
3542 3644 3776 3714 sumpti-

2167 3742 2271 3797 bus
2317 3755 2533 3814 quoque
2580 3736 2746 3794 curiae
2799 3737 3056 3792 Romanae
3106 3732 3423 3807 suffragium
3458 3733 3511 3786 in
3544 3733 3775 3803 propria

2166 3831 2421 3902 implorat
2450 3842 2706 3900 persona,
2738 3825 3095 3896 plurimorum
3126 3824 3289 3878 etiam
3322 3823 3444 3877 hinc
3464 3821 3590 3877 inde
3620 3822 3773 3876 auxi—

2168 3920 2238 3975 lia
2268 3918 2537 3991 pervigili,
2583 3916 2681 3971 sed
2710 3931 2903 3986 parum
2933 3913 3069 3979 utili,
3102 3912 3327 3983 requirit
3357 3910 3630 3967 instantia.
3660 3912 3771 3965 Pe-

2168 4010 2311 4064 nitus
2338 4009 2631 4063 exhaustus
2663 4013 2805 4060 totus
2836 4001 3173 4058 convertitur
3202 4001 3270 4055 ad
3296 4000 3514 4056 unicum
3543 4016 3774 4070 oppres-

2170 4114 2354 4155 sorum
2412 4095 2709 4166 refugium,
2739 4101 2792 4148 et
2838 4091 2907 4147 ad
2938 4081 3221 4147 ‘invictum
3272 4090 3412 4159 juris
3458 4097 3771 4159 patronum,

2169 4189 2285 4258 ejus
2315 4201 2533 4259 quoque
2564 4182 2835 4239 ﬂebilibus
2864 4180 3089 4238 vocibus
3118 4178 3425 4249 interpellat
3445 4177 3770 4231 subsidiem.

2171 4277 2493 4349 Indignatus
2541 4288 2760 4345 quoque
2805 4270 2982 4325 bonus
3011 4269 3145 4324 Eliae
3167 4276 3327 4339 atque
3355 4266 3534 4321 Eliszei
3566 4266 3621 4319 in
3652 4265 3774 4320 zelo

535 4354 2142 4466 linisix'iéégé'ﬁaiﬁi'fﬁiag'iob'izniiwEdam}.D
2174 4365 2468 4430 aemulator,
2519 4361 2835 4459 auctoritate
2877 4358 3043 4413 fultus
3090 4356 3405 4466 apostolica,
3438 4354 3773 4466 intrus‘ore‘m

533 4447 587 4497 in
607 4458 786 4506 magna
821 4444 923 4496 Vita
944 4444 1035 4495 sub
1058 4445 1272 4506 capitulo
1296 4448 1451 4495 sexto.

538 4545 957 4602 Adolescentula
986 4545 1235 4617 quaedam
1253 4543 1603 4611 Oxoniensis,
1629 4544 1916 4613 cujusdam
1943 4543 2071 4598 bur-

466 4635 654 4710 gensis
674 4634 805 4702 ﬁlia,
832 4633 1165 4690 convicaneo
1185 4633 1398 4689 cuidam
1410 4632 1600 4702 juveni
1618 4632 1858 4705 legitime
1879 4641 2066 4704 nupta,

467 4724 689 4781 alterius
712 4723 929 4794 juvenis
951 4738 1139 4778 amore
1170 4722 1406 4794 amplius
1421 4737 1702 4787 succensa,
1740 4722 1922 4792 priore
1941 4737 2070 4777 con-

471 4821 677 4886 tempto
706 4828 929 4885 sponso,
949 4812 1026 4867 illi
1048 4812 1117 4868 de
1138 4811 1283 4868 facto
1305 4819 1389 4867 est
1406 4812 1715 4883 conjugata.
1750 4809 1885 4878 Qua:
1905 4826 2072 4881 super

475 4902 717 4974 impetita
746 4918 777 4955 a
805 4901 990 4971 priore
1020 4908 1183 4972 atque
1213 4900 1465 4956 convicta
1500 4899 1819 4954 monebatur
1847 4898 2074 4971 diligen«

474 4991 687 5046 tissime
716 4989 787 5044 ab
816 4990 1095 5061 episcopo,
1121 4996 1387 5060 quatenus
1416 4988 1592 5059 primo
1611 5003 1669 5042 se
1686 4987 1940 5043 redderet
1962 5003 2074 5041 ma-

474 5079 598 5134 rito.
646 5078 772 5148 Ipsa
818 5094 948 5133 vero
986 5077 1230 5132 dissuasa
1261 5092 1291 5130 a
1328 5084 1524 5141 matre,
1588 5091 1710 5147 quae
1745 5076 1798 5129 in
1844 5075 2072 5131 consilio

472 5182 709 5240 nequam
740 5166 961 5221 alteram
995 5182 1054 5221 se
1077 5164 1201 5221 tiliae
1222 5181 1333 5220 sua:
1364 5165 1653 5219 exhibebat
1684 5164 2069 5233 Herodiadem,

475 5265 600 5312 ante
649 5272 708 5310 se
760 5256 1077 5310 morituram
1129 5270 1293 5327 quam
1342 5253 1391 5309 ei
1442 5260 1732 5323 nupturam
1777 5254 2075 5324 procaciter

474 5345 803 5401 clamitabat.
852 5346 1003 5399 Tunc
1050 5344 1130 5399 vir
1179 5342 1412 5410 Domini,
1458 5342 1798 5413 apprehensa
1829 5343 2073 5412 ejusdem

478 5434 667 5505 sponsi
704 5434 846 5489 illius
902 5434 1144 5499 dextera,
1214 5432 1450 5489 miscens
1502 5430 1805 5489 terroribus
1862 5448 2074 5503 quoque

478 5522 848 5580 blandimenta
873 5539 885 5579 :
914 5543 937 5574 α
970 5521 1125 5589 Filia,
1158 5521 1351 5594 inquit,
1375 5535 1499 5578 mea
1528 5520 1575 5576 si
1595 5519 1676 5577 vis
1700 5535 1843 5587 esse,
1876 5520 2075 5576 obaudi

2172 4452 2625 4525 praenominatum
2654 4458 2705 4503 et
2733 4448 2903 4519 ipsius
2933 4446 3230 4517 complices
3260 4444 3412 4499 durae
3440 4442 3778 4498 maledictio-

2170 4544 2255 4598 nis
2287 4542 2410 4597 ferit
2440 4538 2703 4595 sententia
2717 4580 2729 4592 .

2241 4633 2357 4687 Nec
2402 4629 2564 4700 paulo
2613 4626 2821 4682 tardius
2872 4625 2927 4679 in
2974 4623 3281 4696 sacrilegos
3311 4621 3577 4677 desaevire
3608 4621 3775 4692 carpit

2171 4721 2304 4776 ultio
2334 4719 2537 4774 divina.
2590 4717 2747 4781 Nam,
2779 4722 2837 4769 ut
2866 4713 2998 4771 viris
3027 4712 3303 4784 plerisque
3334 4710 3607 4781 religiosis
3640 4710 3776 4764 refe-

2173 4809 2418 4865 rentibus
2449 4806 2604 4861 nobis
2637 4803 2887 4871 innotuit,
2921 4801 3011 4857 alii
3038 4817 3108 4856 ex
3122 4800 3207 4855 his
3233 4800 3284 4854 in
3308 4800 3600 4854 amentiam
3630 4798 3775 4853 versi

2174 4905 2317 4965 sunt,
2351 4896 2441 4950 alii
2470 4893 2749 4965 repentina
2783 4900 2956 4947 morte
2990 4889 3373 4945 miserabiliter
3402 4888 3671 4958 praeventi
3699 4887 3778 4942 in-

2174 4987 2452 5051 terierunt,
2488 4984 2608 5039 aliis
2637 4999 2702 5038 ex
2732 4981 2883 5037 cavis
2912 4979 3134 5036 orbibus
3165 4978 3306 5034 oculi
3336 4993 3461 5033 cum
3491 4977 3777 5031 immensis

2174 5074 2503 5131 cruciatibus
2550 5071 2885 5127 exciderunt.
2938 5069 3026 5124 Sic
3066 5068 3245 5137 itaque
3313 5066 3480 5121 virtus
3530 5066 3778 5121 absentis

2174 5171 2500 5235 praesentem
2548 5161 2617 5215 ad
2650 5159 2955 5215 nocendum
2987 5157 3208 5212 innoxio
3239 5155 3547 5227 perdomuit
3579 5171 3775 5224 supcr-

2176 5254 2368 5308 borum
2402 5250 2706 5314 audaciam,
2758 5249 2839 5303 sic
2883 5246 3127 5319 legitimo
3166 5244 3475 5316 possessori
3527 5244 3776 5298 restituta

2176 5350 2257 5396 est
2288 5339 2510 5396 defensa
2553 5338 2820 5393 bonorum
2870 5335 3167 5407 possessio,
3202 5334 3281 5389 sic
3311 5332 3543 5403 denique
3575 5332 3777 5386 athleta

2174 5431 2327 5485 fortis
2356 5429 2667 5500 nostrisque
2711 5425 3048 5497 temporibus
3083 5423 3422 5478 ambidexter
3450 5422 3778 5492 probatissi-

2176 5535 2321 5588 mus,
2353 5527 2582 5590 utraque
2611 5532 2775 5573 manu
2803 5530 3049 5589 pugnare
3078 5521 3131 5569 et
3160 5520 3393 5585 utraque
3419 5526 3518 5583 pro
3550 5511 3777 5567 dextera
