3960 6062
318 203 466 256 1017

1684 199 1867 254 VITA.
1898 228 1968 241 -
1995 198 2128 254 LIB.
2177 199 2267 253 IV.

3491 199 3627 252 1018

337 325 416 380 uti
476 325 689 390 doctus,
742 325 844 379 hos
888 323 1224 395 percutiebat
1273 330 1323 376 et
1379 320 1751 389 interﬁciebat,
1810 323 1932 378 illos
1961 322 2172 387 Asiam
2229 322 2406 392 (cujus
2453 321 2543 377 ille
2575 329 2628 377 et
2657 337 2824 378 onera
2873 320 3149 388 subiisset,
3183 328 3237 376 et
3277 319 3641 377 emolumenta

339 412 568 468 feriebat
627 420 679 467 et
707 413 892 467 vivere
942 413 1208 476 faciebat,
1268 411 1642 482 cadebantque
1697 413 1765 465 ab
1807 429 1873 466 eo
1905 429 1936 466 a

332 501 539 556 dextris
569 510 618 556 et
651 517 683 556 ει
717 501 978 555 sinistris.
1020 500 1188 554 Citius
1237 499 1380 555 enim
1428 499 1657 571 quisque
1689 500 1740 553 in
1787 517 1934 555 mor-

332 599 439 645 tem
463 591 659 646 cecidit
709 591 799 662 qui
845 591 1082 644 dextera}
1130 590 1301 660 ipsius
1343 590 1507 644 ictum
1557 589 1784 660 excepit.
1829 592 1934 644 Aut

331 679 476 734 enim
508 680 906 752 corrigebatur,
940 688 991 734 et
1031 681 1147 733 Deo
1189 679 1427 734 victurus
1470 687 1693 748 peccato
1724 679 1930 733 morie-

326 769 506 835 batur,
539 776 629 822 aut
661 769 828 824 corde
867 769 1151 823 induratus
1181 776 1234 822 et
1263 768 1604 823 incorrectus
1635 766 1798 822 exitio
1822 775 1930 822 tra-

325 857 575 912 debatur.

922 1009 1145 1064 CAPUT
1189 1010 1327 1065 VIII.

333 1151 560 1214 Qualiter
593 1166 624 1202 a
665 1165 780 1217 rege
822 1153 1068 1203 Richardo
1100 1155 1306 1204 redemit
1339 1154 1497 1217 pallii
1536 1156 1849 1219 servitutem,
1885 1140 1934 1205 et

391 1231 536 1280 quam
589 1219 866 1270 liberaliter
919 1221 1188 1270 contribuit
1239 1220 1406 1271 clerus
1457 1223 1680 1272 diacesis
1719 1237 1824 1273 sum
1869 1223 1934 1272 ad

392 1285 531 1335 illam
555 1287 958 1347 redemptionem.
985 1292 1036 1335 et
1059 1286 1191 1348 quod
1215 1289 1360 1336 etiam
1380 1303 1569 1350 paenem
1587 1291 1931 1351 pecuniariam

389 1354 544 1414 recipi
559 1355 815 1414 prohibuit
833 1368 924 1415 pro
949 1354 1161 1404 delictis.
1189 1379 1252 1390 —
1280 1356 1348 1405 Et
1378 1357 1468 1406 hoc
1491 1362 1567 1406 est
1585 1357 1854 1418 capitulum
1881 1358 1932 1406 in

390 1433 566 1480 magna
612 1421 727 1470 Vita
751 1423 844 1470 sub
884 1433 993 1482 cap.
1022 1420 1073 1470 7.

401 1554 650 1609 Sentiens
702 1571 831 1610 vero
871 1563 1130 1610 cruentus
1178 1555 1397 1624 generis
1428 1556 1647 1610 humani
1678 1557 1929 1612 inimicus

2039 411 2371 482 perciperet)
2403 427 2504 481 pro
2542 420 2786 482 tempore
2836 411 3104 465 Waltheri
3138 410 3287 479 (145)
3320 410 3404 464 sui
3435 411 3632 465 deces-

2038 499 2175 552 soris
2209 500 2321 571 (qui
2365 515 2466 555 nec
2499 501 2615 570 ipse
2665 499 2883 569 pallium
2911 499 3027 570 regi
3077 499 3315 553 debitum
3349 498 3637 570 aliquando

2035 588 2300 657 dedisset)
2331 597 2381 642 et
2413 589 2738 644 detentionis
2770 604 2934 652 ream,
2968 596 3020 642 et
3051 587 3371 642 redditionis
3406 586 3634 641 debitri-

2036 693 2155 731 cem
2184 692 2307 731 esse
2351 677 2729 747 perhibebant.
2783 677 3095 731 Conventus
3141 693 3306 747 super
3335 676 3534 730 talibus
3566 676 3636 729 ab

2035 764 2155 834 ipso
2180 773 2303 820 tunc
2332 782 2461 836 rege
2490 765 2764 820 Richardo
2804 765 3114 836 episcopus,
3148 765 3236 818 vix
3267 765 3504 830 tandem,
3528 763 3631 816 ini-

2036 849 2178 905 mico
2225 850 2374 920 (146)
2421 850 2743 905 adversante
2792 850 2997 914 sibi,ut
3046 849 3345 915 ferebatur,
3400 848 3634 902 maxime

2033 937 2443 1010 archiepiscopo
2475 939 2674 1009 saepius
2724 946 3048 1006 memorato,
3075 954 3173 1008 pro
3200 937 3374 991 tribus
3395 936 3635 990 millibus

2031 1041 2342 1082 marcarum
2409 1035 2519 1081 tam
2584 1043 2616 1080 a
2665 1027 2988 1097 repetitione
3058 1027 3325 1081 subtracti
3392 1025 3636 1080 muneris

2035 1132 2196 1185 quam
2228 1123 2279 1170 et
2309 1116 2378 1169 ab
2409 1114 2652 1183 ejusdem
2684 1115 2739 1168 in
2769 1123 3045 1186 posterum
3086 1115 3396 1179 collatione,
3423 1122 3476 1168 et
3500 1130 3559 1168 se
3586 1122 3638 1168 et

2033 1219 2163 1257 suos
2210 1204 2404 1274 eripuit
2444 1219 2816 1269 successores,
2869 1220 3131 1275 suamque
3174 1203 3453 1274 perpetuis
3498 1211 3635 1257 tem-

2031 1292 2257 1362 poribus
2288 1307 2320 1346 a
2349 1293 2786 1362 praesentationis
2816 1292 2958 1346 illius
2992 1309 3156 1347 onere
3187 1292 3419 1346 absolvit
3448 1291 3639 1346 Eccle-

2032 1380 2188 1434 siam.
2220 1380 2366 1434 Nihil
2397 1381 2538 1434 enim
2585 1381 2881 1452 indignius,
2935 1380 3068 1434 nihil
3099 1380 3202 1434 sibi
3241 1379 3633 1434 intolerabilius

2030 1468 2144 1522 fore
2175 1469 2479 1524 mstimabat
2525 1485 2689 1540 quam
2711 1470 2879 1541 Regis
2908 1469 3098 1524 aeterni
3132 1483 3411 1539 sponsam,
3443 1477 3532 1521 aut
3554 1485 3638 1524 se-

2027 1556 2229 1627 ipsum,
2265 1558 2406 1612 illius
2436 1574 2534 1628 pro
2564 1565 2810 1628 tempore
2843 1558 3146 1622 custodem,
3181 1556 3394 1611 mortali
3425 1556 3631 1610 homini

324 1645 380 1696 in
410 1643 493 1697 sui
523 1659 692 1712 grave
723 1644 1066 1714 dispendium
1099 1645 1199 1698 viri
1241 1644 1440 1716 ubique
1493 1645 1926 1701 victoriosissimi
1948 1685 2000 1745 B
2031 1646 2345 1701 censualem
2393 1646 2744 1714 constituere,
2779 1653 2832 1702 et
2862 1645 3263 1718 quodammodo
3311 1644 3627 1716 vestigalem

327 1733 473 1787 vires
503 1732 822 1802 praevalere,
855 1749 885 1785 a
934 1733 1127 1787 castris
1175 1749 1366 1788 eorum
1415 1750 1550 1805 quos
1583 1735 1698 1803 ejus
1729 1735 1926 1790 tueba-

325 1828 412 1874 tur
445 1821 752 1890 priesentia,
815 1837 939 1875 eum
996 1830 1106 1875 arte
1165 1822 1359 1876 callida
1416 1823 1603 1876 uititur
1647 1839 1924 1889 amovere,

327 1917 591 1980 quatenus
642 1910 867 1978 saltem,
931 1910 1243 1980 elongatoa
1302 1911 1615 1965 certaminis
1671 1911 1791 1967 loco
1841 1911 1929 1965 in-

326 1997 623 2067 superabili
667 1998 828 2052 totius
861 1999 997 2054 aciei
1041 2006 1372 2068 protectore,
1421 1999 1474 2054 in
1519 1999 1731 2070 reliquo
1760 1999 1929 2054 licen-

325 2087 432 2140 tius
478 2095 824 2158 grassaretur
865 2088 1104 2159 agmine.
1166 2087 1356 2142 Sciens
1412 2104 1647 2160 namque
1705 2105 1928 2158 serpens

323 2175 624 2229 virulentus
670 2176 846 2229 virum
895 2176 994 2230 Dei
1046 2176 1353 2230 libertatem
1396 2177 1659 2232 Ecclesiae
1713 2177 1928 2248 impen-

323 2263 434 2317 sius
464 2264 638 2318 zelare
654 2265 764 2335 (qui
789 2281 889 2320 nec
913 2265 1166 2333 subjectis
1187 2266 1564 2321 sibiEcclesiis
1584 2266 1930 2337 pecuniarias

324 2353 597 2407 ullatenus
643 2353 956 2408 exactiones
1003 2353 1322 2424 imponeret,
1359 2371 1459 2409 nec
1491 2355 1795 2426 quibusque
1823 2371 1926 2425 po-

325 2441 614 2495 testatibus
647 2442 750 2496 tale
771 2443 899 2513 quid
932 2458 964 2496 a
997 2459 1091 2496 sua
1142 2443 1485 2514 exigentibus
1522 2443 1773 2498 Ecclesia
1818 2443 1928 2497 ulla

320 2529 529 2584 ratione
582 2531 977 2601 acquiesceret)
1031 2531 1084 2584 in
1137 2531 1299 2586 talem
1349 2549 1472 2586 eum
1520 2531 1926 2602 perplexitatem

319 2627 548 2673 conatur
580 2619 856 2683 inducere,
893 2636 960 2674 ex
992 2636 1100 2690 qua
1129 2629 1332 2690 printer
1381 2621 1584 2692 aliquid
1614 2620 1808 2675 saltem
1838 2620 1926 2674 in-

319 2707 653 2762 conveniens
683 2708 825 2761 haud
857 2707 1016 2762 facile
1046 2709 1162 2778 ipse
1185 2709 1446 2779 quivisset
1478 2727 1788 2781 erumpere.

390 2799 644 2850 Armatus
687 2796 851 2869 igitur
880 2804 1002 2851 astu
1042 2797 1356 2853 inveteratze
1391 2799 1610 2856 malitiae
1636 2819 1925 2873 perversas

320 2885 684 2956 quorumdam
748 2885 1089 2940 familiariter
1141 2887 1482 2941 subditorum
1553 2890 1654 2946 sibi
1702 2892 1926 2967 instigat

318 2981 561 3039 mentes,
614 2990 715 3044 per
747 2990 884 3045 quos
928 2975 1075 3046 regis
1124 2975 1335 3030 animos
1385 2985 1576 3032 contra
1606 2979 1924 3052 episcopum

2033 1734 2296 1790 exhibere
2319 1736 2487 1805 (14⁸7).

2102 1824 2210 1879 Sed
2239 1824 2381 1879 unde
2407 1825 2524 1880 viro
2573 1824 2954 1880 liberalissimo
2985 1825 3104 1880 haec
3143 1832 3284 1878 tanta
3315 1823 3632 1894 proveniret

2029 1913 2278 1982 pecunia,
2334 1913 2425 1984 qui
2467 1929 2658 1968 omnes
2703 1929 2921 1984 semper
2970 1929 3181 1968 annuos
3234 1912 3493 1976 redditus,
3543 1911 3631 1967 vel

2032 2017 2385 2072 quoscunque
2449 2009 2743 2072 proventus
2790 2003 2858 2056 ad
2895 2002 3165 2072 impendia
3212 2001 3626 2067 misericordiae,

2038 2098 2089 2144 et
2120 2089 2172 2143 in
2219 2097 2466 2161 sumptus
2505 2091 2669 2160 justae
2714 2091 3056 2146 necessitatis
3105 2089 3387 2146 effundere
3435 2090 3626 2144 solitus

2031 2185 2162 2243 erat,
2210 2179 2295 2233 cui
2346 2195 2620 2250 nunquam
2680 2179 2819 2232 ultra
2875 2179 3160 2249 praesentis
3215 2178 3342 2232 anni
3391 2179 3624 2248 spatium

2029 2267 2322 2338 quidquam
2366 2267 2614 2337 pecunia:
2662 2275 2779 2322 erat
2816 2267 3123 2333 residuum,
3177 2267 3374 2337 quippe
3419 2282 3542 2322 cum
3575 2274 3628 2321 et

2027 2363 2267 2410 mutuum
2296 2373 2370 2410 ms
2404 2355 2716 2427 frequenter
2753 2363 2994 2411 sumeret
3023 2355 3262 2410 alienum
3285 2357 3312 2409 ?
3342 2355 3435 2409 ubi
3465 2355 3623 2411 inve-

2027 2443 2169 2498 niret
2209 2443 2299 2515 qui
2362 2443 2480 2514 regi
2529 2444 2868 2514 persolveret
2913 2452 2989 2498 tot
3036 2443 3205 2498 millia
3253 2443 3625 2498 talentorum?

2027 2533 2155 2586 Erat
2186 2532 2402 2603 quidem
2434 2540 2676 2602 paratum
2717 2533 2787 2587 ad
2815 2549 3007 2587 manus
3037 2532 3341 2597 consilium,
3377 2532 3442 2597 si,
3478 2531 3624 2602 quod

2027 2621 2264 2691 propriis
2301 2621 2489 2676 deerat
2526 2621 2821 2686 crumenis,
2854 2637 2883 2674 a
2933 2621 3295 2690 subjectorum
3329 2621 3492 2676 vellet
3521 2637 3622 2675 ex-

2025 2717 2281 2780 torquere
2313 2709 2540 2764 locellis.
2568 2709 2695 2774 Sed,
2721 2709 2812 2781 qui
2843 2725 2952 2765 non
2973 2711 3139 2764 modo
3168 2709 3479 2780 pecuniam,
3512 2709 3622 2764 imo

2026 2806 2078 2852 et
2106 2798 2386 2869 prOpriam
2437 2814 2537 2869 pro
2569 2799 2672 2852 sibi
2719 2798 3131 2853 commissorum
3184 2797 3534 2853 indemnitate
3564 2797 3620 2852 in

2026 2887 2164 2940 votis
2203 2903 2424 2957 semper
2470 2887 2660 2941 habuit
2710 2887 2946 2942 animam
2994 2902 3234 2957 ponere,
3281 2886 3514 2958 qualiter
3543 2887 3623 2941 eis

2027 2990 2182 3029 suam
2229 2983 2573 3046 extorqueret
2641 2975 2995 3028 substantiam
3025 2975 3052 3027 ‘P
3099 2975 3220 3042 vel,
3271 2975 3363 3046 qui
3403 2991 3560 3029 suam
3591 2990 3624 3030 a

316 3062 386 3115 ad
417 3078 588 3116 novas
619 3043 671 3117 et
725 3043 1027 3133 inopinatas
1059 3064 1306 3134 querelas
1339 3066 1618 3120 excitaret.
1639 3043 1927 3142 Suggeri-
1951 3043 1996 3103 Ο
2028 3063 2346 3134 Ρΐὶεὕίῑὶοῐιρ
2395 3043 2623 3132 ίξζηοῢὶη
2679 3064 2916 3119 ΘΧίῐηθΓθ
2958 3063 3241 3134 satagebat
3289 3043 3618 3130 130018933111.

318 3158 403 3203 tur
432 3168 532 3220 per
562 3167 656 3206 eos
709 3152 827 3224 regi
859 3152 1096 3224 ingentis
1142 3153 1424 3222 cujusdam
1472 3154 1657 3219 debiti,
1699 3159 1842 3228 quod
1875 3161 1924 3215 ei

317 3239 599 3293 annuatim
620 3241 838 3294 solvere
885 3242 1187 3309 tenebatur,
1239 3242 1676 3299 Lincolniensem
1707 3247 1925 3317 episco-

312 3345 440 3398 pum
472 3345 594 3383 esse
627 3329 990 3398 detentorum,
1026 3330 1171 3385 unde
1201 3339 1252 3385 et
1286 3348 1410 3385 reus
1434 3331 1488 3386 in
1505 3335 1638 3401 ejus,
1673 3343 1728 3390 ut
1759 3337 1922 3409 vulgo

315 3416 531 3483 dicitur,
583 3417 1014 3473 misericordiam
1078 3419 1376 3485 incidisset,
1447 3429 1499 3475 et
1542 3423 1608 3476 ad
1657 3441 1921 3480 summam

313 3505 438 3560 aeris
468 3507 686 3575 plurimi
734 3505 867 3562 fisco
901 3524 964 3561 ex
1015 3507 1219 3561 diutina
1273 3511 1575 3567 retentione
1619 3512 1919 3569 refunden-

310 3594 436 3647 dam
459 3595 638 3650 addici
664 3596 949 3665 potuisset.
970 3596 1113 3650 Nam
1137 3597 1529 3653 Lincolniensis
1548 3601 1764 3670 quidam
1791 3603 1921 3658 olim

311 3683 557 3748 antistes,
611 3685 791 3739 dictus
829 3685 1160 3752 Alexander,
1207 3686 1297 3756 qui
1327 3688 1518 3741 tertuis
1558 3690 1704 3760 (143)
1735 3692 1918 3762 Ilugo-

312 3787 437 3826 nem
495 3781 870 3842 prmcesserat,
921 3773 1139 3843 pallium
1187 3783 1400 3829 centum
1446 3778 1656 3847 argenti
1711 3782 1914 3836 marcis

312 3861 672 3930 appretiatum
704 3862 842 3933 regi,
880 3878 980 3916 suo
1012 3870 1258 3933 tempore
1289 3864 1595 3935 imperanti,
1630 3867 1833 3939 aliquot
1860 3870 1914 3923 in

309 3950 692 4020 prietermissis
723 3950 880 4004 annis
910 3951 1130 4005 dedisse
1161 3950 1452 4008 ferebatur.
1490 3956 1654 4024 Cujus
1686 3973 1911 4012 succes-

311 4053 422 4102 sor,
459 4039 728 4094 vocabulo
759 4040 1030 4094 Robertus
1054 4042 1222 4111 (144),
1249 4041 1392 4096 idem
1409 4043 1696 4115 aliquoties
1729 4047 1911 4118 egisse

309 4126 613 4180 dicebatur.
670 4127 808 4181 Hinc
855 4128 1122 4183 calumnia
1173 4129 1226 4182 in
1298 4131 1584 4202 Hugonem
1634 4134 1905 4190 devoluta.

305 4215 426 4269 Non
485 4216 626 4269 enim
679 4217 850 4270 solum
894 4218 1029 4282 hoc,
1082 4218 1229 4288 quod
1261 4235 1384 4273 eum
1433 4220 1780 4290 pontificatus
1827 4225 1909 4278 sui

304 4313 543 4374 tempore
575 4305 866 4376 quotannis
914 4307 1170 4361 debuisse
1213 4317 1448 4376 praetare
1506 4313 1903 4379 memorabant,

2027 3147 2300 3218 quomodo
2349 3147 2624 3203 Ecclesias
2667 3155 2920 3202 oneraret
2965 3147 3216 3212 aliorum,
3273 3155 3330 3201 ut
3381 3147 3622 3218 seipsum

2025 3236 2315 3303 relevaret,
2350 3244 2402 3291 et
2429 3251 2531 3307 pro
2553 3251 2650 3290 sua
2670 3236 2914 3291 libertate
2941 3236 3133 3307 jugum
3167 3235 3287 3290 aliis
3317 3236 3624 3308 imponeret

2024 3325 2300 3380 servitutis
2320 3326 2348 3379 ?

2091 3415 2209 3467 Jam
2257 3414 2436 3485 itaque
2460 3413 2577 3468 viro
2608 3414 2708 3468 Dei
2746 3414 3034 3469 videbatur
3071 3415 3287 3470 unicum
3333 3429 3624 3485 superesse

2022 3503 2343 3568 remedium,
2379 3503 2527 3574 quod
2556 3510 2608 3557 et
2639 3503 2739 3556 sibi
2772 3504 2901 3557 satis
2932 3511 3046 3558 erat
3089 3503 3347 3567 votivum,
3396 3509 3454 3557 ut
3503 3502 3622 3573 ipse

2017 3591 2222 3646 scilicet
2252 3592 2322 3645 ad
2352 3608 2505 3646 suam
2535 3591 2752 3646 interim
2782 3592 3044 3647 secedens
3063 3591 3425 3646 Withamiam
3445 3591 3616 3662 (148),

2018 3679 2202 3752 ibique
2234 3680 2472 3735 solitario
2516 3680 2746 3750 degens,
2797 3689 3095 3750 proventus
3139 3680 3426 3734 universos
3457 3679 3618 3734 totius

2012 3769 2356 3840 episcopatus
2385 3770 2454 3823 ad
2486 3785 2756 3823 summam
2805 3770 2963 3839 hujus
2993 3769 3161 3824 debiti
3188 3768 3610 3840 persolvendam

2015 3857 2260 3913 converti
2285 3858 2577 3913 ordinaret.
2611 3857 2895 3913 Gaudebat
2924 3865 3036 3914 toto
3078 3857 3255 3912 anima
3287 3865 3339 3912 et
3371 3857 3610 3912 exsulta-

2015 3945 2104 4000 bat
2143 3946 2290 4017 quia,
2351 3963 2459 4003 non
2509 3947 2672 4002 modo
2725 3947 2929 4014 justam
2963 3954 3014 4002 et
3067 3948 3373 4014 honestam,
3426 3946 3536 4002 imo
3567 3954 3621 4002 et

2012 4035 2396 4102 necessariam,
2447 4036 2664 4105 putabat
2705 4052 2764 4090 se
2809 4035 3084 4090 invenisse
3145 4035 3514 4106 occasionem,
3557 4044 3614 4090 ut

2011 4138 2042 4177 a
2099 4125 2384 4178 mundanis
2441 4124 2757 4178 tumultibus
2823 4124 3135 4196 aliquandiu
3188 4125 3487 4189 secederet,
3542 4139 3608 4180 ac

2009 4213 2267 4266 secrestis
2301 4213 2618 4267 caelestibus
2648 4228 2713 4267 eo
2744 4213 2962 4266 suavius
2992 4228 3098 4283 quo
3116 4212 3342 4268 liberius
3374 4213 3617 4268 inhaere-

2009 4308 2092 4354 ret
2127 4301 2342 4366 Verum,
2380 4307 2436 4354 ut
2468 4301 2571 4356 hoc
2616 4316 2773 4353 suum
2813 4301 3150 4371 propositum
3210 4301 3413 4357 notitiae
3481 4317 3616 4357 suo-

309 4393 466 4447 anxie
499 4393 567 4446 ab
613 4395 808 4448 eodem
858 4403 1130 4464 repetunt,
1165 4397 1262 4450 sed
1311 4397 1471 4450 etiam
1501 4415 1598 4468 pro
1643 4400 1909 4468 injuriosa
1936 4401 2126 4460 Drum
2157 4388 2420 4443 intimavit
2464 4389 2812 4453 clericorum,
2874 4389 3045 4444 obniti
3087 4391 3463 4446 vehementius
3493 4391 3621 4446 uni-

307 4481 442 4551 regii
477 4482 717 4536 muneris
763 4483 1136 4538 subtractione
1195 4485 1373 4554 ipsum
1422 4487 1492 4540 ad
1542 4488 1689 4560 regis
1721 4498 1909 4545 nutum

309 4570 660 4626 satisfactioni
691 4588 813 4626 esse
871 4573 1166 4627 obnoxium
1220 4574 1351 4628 satis
1398 4575 1664 4631 invidiose
1713 4578 1911 4634 decer-

307 4667 457 4713 nunt.
489 4661 603 4716 Nec
635 4669 837 4715 tantum
872 4678 1163 4731 personam
1195 4663 1458 4734 episcopi,
1494 4665 1602 4719 imo
1634 4673 1684 4720 et
1713 4667 1909 4723 Eccle-

374 4840 504 4902 (143)
527 4842 631 4911 Non
657 4845 942 4892 numeratur
965 4843 1210 4893 Galfridus
1242 4847 1326 4895 aut
1361 4845 1654 4910 Gaurridus,
1699 4849 1780 4911 qui
1804 4851 1910 4901 sine

312 4909 676 4976 consecratione
700 4914 747 4959 et
776 4913 880 4961 sine
904 4911 1049 4973 pallio
1076 4911 1256 4974 aliquot
1295 4913 1436 4962 annis
1462 4909 1795 4976 episcopatum
1843 4921 1908 4968 te-

311 4975 439 5034 nuit,
459 4980 506 5023 et
531 4977 724 5025 tandem
749 4979 1034 5039 resignavit.

379 5043 513 5102 (144)
540 5041 694 5101 Hujus
718 5045 923 5094 nominis
945 5045 1006 5100 ll,
1033 5044 1112 5106 qui
1131 5046 1314 5107 primus
1348 5047 1626 5098 Alexandro
1647 5051 1907 5101 successit.

381 5107 514 5176 (145)
543 5110 631 5169 Qui
679 5112 918 5162 secundus
963 5112 1224 5161 Alexandri
1271 5114 1357 5164 fuit
1407 5128 1682 5176 successor,
1735 5121 1785 5166 et
1834 5119 1910 5168 cui

310 5175 482 5224 tertius
518 5179 681 5225 noster
701 5178 936 5228 successit
964 5180 1115 5239 Hugo.

379 5242 517 5310 (tm)
545 5243 596 5291 ld
623 5248 715 5305 est,
745 5246 968 5295 Huberts.
1003 5245 1091 5295 Ubi
1134 5250 1264 5308 nota,
1311 5248 1592 5310 Baronium,
1628 5249 1685 5298 ad
1731 5262 1911 5302 annum

311 5309 459 5376 “89,
498 5311 716 5371 quzedam
768 5313 987 5362 retulisse
1030 5326 1088 5362 ex
1115 5314 1272 5374 Surio,
1317 5315 1450 5364 velut
1496 5309 1585 5364 sub
1639 5316 1913 5376 primordiis

308 5375 443 5436 regni
468 5377 696 5428 Richardi
724 5379 850 5442 regis
877 5379 1024 5439 facta,
1051 5393 1155 5442 qum
1183 5381 1394 5443 primum
1431 5395 1557 5432 anno
1596 5375 1719 5434 1197
1760 5385 1915 5434 conti-

2010 4477 2151 4533 versi
2183 4485 2485 4547 coeperunt,
2521 4477 2921 4533 intolerabilem
2952 4479 3055 4532 sibi
3086 4495 3315 4549 prorsus
3344 4479 3489 4534 illius
3521 4496 3612 4534 re-

2009 4567 2300 4621 motionem
2380 4574 2580 4621 tantam
2643 4575 3034 4638 protestantes,
3109 4569 3288 4624 sedet
3347 4569 3620 4640 religiosae

2010 4671 2258 4726 persona:
2318 4656 2618 4710 innumerae
2671 4671 2740 4710 ne
2779 4655 2832 4710 id
2885 4655 3036 4712 ﬁeret
3093 4657 3238 4728 quod
3287 4657 3616 4727 disponebat

2009 4835 2158 4895 gisse,
2185 4847 2244 4884 ex
2269 4833 2416 4894 hujus
2440 4835 2563 4884 Vita:
2587 4834 2673 4884 lib.
2701 4848 2749 4895 v,
2772 4847 2818 4884 c.
2849 4836 2897 4895 7,
2935 4837 3145 4885 constat.
3193 4835 3327 4884 Unde
3370 4837 3419 4885 et
3465 4836 3621 4886 Baro-

2010 4901 2120 4951 nius
2145 4902 2191 4951 in
2214 4900 2370 4950 indice
2407 4901 2481 4950 lit.
2511 4902 2564 4950 B.
2616 4914 2819 4951 erronee
2856 4900 2918 4950 de
2955 4901 3183 4952 Balduino
3223 4902 3436 4951 scribit:
3470 4919 3493 4947 «ι
3522 4905 3616 4952 Ac-

2010 4972 2148 5017 cusat
2197 4970 2248 5018 S.
2294 4969 2541 5028 Hugonem
2587 4968 2772 5019 Lincol.
2813 4969 3091 5031 episcopum
3141 4967 3270 5030 apud
3317 4968 3614 5021 ﬂichardum

2011 5047 2188 5084 novum
2229 5047 2394 5096 regem
2424 5035 2627 5096 Anglize.
2655 5051 2672 5080 ι)

2080 5101 2311 5164 (147)ῐ)ο
2348 5100 2495 5162 pallio
2529 5100 2726 5163 ejusque
2776 5101 3111 5164 redemptione
3153 5102 3343 5164 legatur
3390 5102 3615 5155 Giraldus

2009 5168 2322 5217 Cambrensis
2348 5168 2475 5228 apud
2500 5169 2722 5227 Whart.,
2746 5171 2872 5228 part.
2919 5182 2971 5226 ιι,
3001 5168 3142 5226 Angl.
3171 5170 3330 5227 Sacr.,
3355 5182 3465 5231 pag.
3493 5170 3611 5220 419.

2081 5236 2212 5294 (118)
2239 5235 2396 5284 Semel
2446 5239 2530 5283 aut
2556 5234 2630 5282 bis
2672 5246 2829 5282 annue
2878 5235 3200 5284 Withamiam
3227 5235 3490 5284 seceSsisse
3516 5237 3613 5287 Hu-

2011 5313 2208 5363 goncm,
2235 5302 2361 5350 intra
2386 5315 2430 5349 c.
2463 5302 2542 5362 10,
2572 5301 2824 5350 asseritur.
2877 5303 3032 5359 Nunc,
3081 5307 3135 5351 ut
3157 5314 3278 5351 onus
3324 5302 3454 5363 pallii
3485 5305 3607 5354 redi-

2014 5373 2170 5418 meret
2194 5368 2299 5418 sine
2325 5367 2526 5418 aliorum
2552 5367 2842 5429 sumptibus,
2871 5368 2983 5419 illuc
3007 5368 3235 5419 secedere
3257 5367 3516 5432 cogitabat.
