3960 6062
316 242 451 300 1019

1182 253 1240 310 S.
1282 253 1597 314 HUGONIS
1635 257 1853 315 EPISC.
1896 256 2222 317 LINCOLN.
2267 260 2431 321 0RD.
2475 265 2725 323 CARTH.

3469 276 3607 330 1020

316 382 655 441 magnopere
679 372 1085 430 dissuadebant.
1110 376 1357 450 Denique
1372 380 1639 436 universis
1660 383 1914 439 dioecesis
1936 386 1984 446 A
2087 386 2408 443 Econtrario
2439 388 2546 444 illis
2574 389 2890 462 frequenter
2936 394 3306 449 asserentibus
3336 394 3458 465 plus
3489 403 3607 451 ter-

322 474 433 513 suae
464 467 515 513 et
577 462 965 519 ecclesiasticis
1008 467 1258 535 personis
1289 469 1342 522 in
1393 473 1665 526 communi
1710 473 1913 543 placuit

317 546 387 600 ad
418 550 815 619 exemptionem
845 554 1088 609 matricis
1118 572 1230 611 suae
1259 558 1520 614 Ecclesiae
1541 562 1827 631 pecuniam
1846 563 1912 617 de

318 635 431 688 suis
461 637 631 707 cepiis
663 640 914 697 conferre
944 643 1125 698 animo
1154 645 1361 700 libenti.
1404 648 1744 704 Unanimiter
1771 667 1912 721 quo-

320 740 443 794 que,
479 734 531 778 ut
556 734 767 796 patrem
799 738 851 784 et
880 730 1227 787 defensorem
1270 735 1417 805 pium
1473 744 1631 808 atque
1684 738 1913 793 fortissi-

314 829 483 880 mum,
518 815 767 870 obnixius
816 818 992 888 ipsum
1033 821 1409 894 efflagitabant
1455 826 1790 897 episcopum,
1844 844 1911 882 ne

314 902 623 969 hujusmodi
656 906 732 959 rei
763 908 937 976 gratia
969 925 1123 963 suam
1172 912 1238 964 ab
1268 913 1346 966 eis
1390 913 1731 985 aliquatenus
1762 933 1908 986 prte-

314 991 543 1045 sentiam
576 994 904 1050 absentaret.
938 998 1012 1051 Ita
1043 999 1291 1065 multum,
1325 1001 1451 1056 licet
1479 1003 1695 1071 invitus,
1732 1013 1782 1059 et
1813 1021 1909 1060 co—

314 1086 467 1133 actus
513 1079 747 1136 filiorum
794 1100 1015 1140 suorum
1066 1089 1418 1157 petitionibus
1467 1092 1764 1163 acquievit,
1799 1111 1911 1148 sua}

316 1166 604 1223 voluntatis
661 1172 931 1227 desiderio
988 1191 1314 1246 praeponens
1343 1179 1491 1248 pium
1541 1182 1909 1251 generalitatis

320 1254 624 1313 decretum.
660 1260 781 1316 Suis
815 1278 943 1317 vero
974 1264 1266 1320 districtius
1308 1266 1534 1322 inhibuit
1565 1268 1905 1335 officialibus,

315 1360 383 1398 ne
413 1360 445 1399 a
476 1348 667 1417 quovis
699 1351 977 1407 hominum
999 1353 1259 1424 quidquid
1282 1356 1512 1426 amplius
1531 1358 1749 1429 exigere
1770 1376 1909 1429 prae-

319 1444 618 1501 sumerent,
654 1454 815 1508 quam
848 1441 993 1510 quod
1037 1441 1312 1496 voluntate
1363 1453 1657 1514 spontanee
1686 1447 1910 1518 quilibet

316 1522 637 1589 obtulisset;
690 1527 757 1580 de
788 1528 1011 1598 prOprio
1043 1538 1220 1585 autem
1271 1532 1501 1601 peculio,
1538 1543 1794 1604 quantum
1828 1536 1909 1589 fa-

314 1611 486 1666 cultas
515 1608 843 1679 admitteret,
897 1617 1012 1671 dari
1042 1621 1316 1690 praecepit.
1368 1622 1563 1692 Sicque
1604 1624 1911 1693 provincia-

2015 491 2139 531 rere
2170 476 2446 548 improbos
2476 479 2718 548 pecuniae
2756 481 3014 535 damnum
3046 499 3208 554 quam
3240 486 3610 539 excommuni-

2014 565 2245 620 cationis
2298 567 2580 636 probrum,
2615 576 2707 622 aut
2750 570 3108 640 corporalium
3153 588 3435 641 poenarum
3467 572 3611 627 afﬂi-

2013 653 2245 708 ctionem
2280 655 2385 709 illis
2421 656 2845 725 indicendarum,
2896 658 2987 713 ille
3017 676 3047 714 e
3077 661 3294 715 diverso
3338 663 3614 717 asserebat

2011 742 2064 794 id
2097 758 2208 797 sure
2252 744 2601 816 negligentiae
2647 746 3069 814 ascribendum,
3107 748 3198 820 qui
3232 750 3508 804 remissius
3550 768 3610 805 se

2010 831 2277 885 haberent
2308 832 2362 885 in
2404 833 2762 903 corripiendis
2809 835 2915 890 illis
2948 837 3037 908 qui
3066 847 3406 908 peccassent,
3441 847 3493 894 et
3520 840 3611 893 di-

2012 920 2249 974 strictius
2280 923 2624 991 coercendis,
2649 939 2749 977 nec
2773 940 2867 979 eos
2888 934 2995 978 tam
3017 927 3258 981 studiose
3288 928 3609 994 observare,

2009 1016 2065 1061 ut
2096 1008 2171 1061 illi
2202 1010 2496 1077 injunctam
2527 1012 2807 1081 explerent
2838 1013 3285 1081 satisfactionem,
3311 1032 3470 1087 quam
3502 1017 3609 1071 ob-

2012 1107 2293 1152 servarent
2344 1108 2399 1153 ut
2448 1100 2549 1153 sibi
2616 1101 2906 1171 pollicitam
2984 1113 3303 1159 enumerent
3364 1105 3613 1175 pecunia:

2012 1187 2360 1241 taxationem.
2397 1187 2506 1241 Illis
2548 1188 2817 1243 interdum
2848 1205 2945 1260 pro
2974 1208 3033 1246 se
3070 1192 3313 1265 allegare
3345 1193 3611 1247 studenti-

2010 1274 2113 1328 bus
2145 1290 2211 1329 ae
2263 1275 2568 1331 dicentibus
2626 1278 2993 1334 beatissimum
3050 1283 3520 1352 archiepis/JOpum
3561 1291 3617 1336 et

2010 1370 2305 1434 martyrem
2368 1366 2632 1419 Thomam
2718 1367 3026 1436 hujusmodi
3093 1386 3122 1423 a
3176 1370 3613 1441 delinquentibus

2012 1453 2310 1523 sumpsisse
2330 1454 2579 1519 mulctas,
2605 1454 2693 1509 ille
2716 1456 2979 1511 confestin
3004 1459 3365 1528 respondebat
3398 1477 3411 1513 :
3440 1480 3460 1507 ι
3489 1460 3612 1513 Cre-

2009 1540 2119 1595 dite
2147 1541 2298 1607 mihi,
2335 1558 2442 1597 non
2486 1544 2692 1599 ideirco
2741 1554 2963 1601 sanctus
3012 1545 3129 1601 fuit.
3161 1546 3283 1601 Alia
3326 1546 3467 1601 enim
3499 1548 3609 1600 vir-

2008 1636 2178 1683 tutum
2254 1631 2439 1685 merita
2491 1642 2735 1689 sanctum
2787 1635 3161 1701 exhibuerunt,
3220 1635 3409 1690 etalio
3458 1634 3612 1689 titulo

314 1699 394 1753 les
425 1701 601 1770 potuis
630 1703 928 1774 Eeclesias,
962 1722 1124 1778 quam
1155 1725 1337 1763 earum
1359 1719 1583 1765 matrem
1604 1713 1909 1768 Ecclesiam
1932 1748 1983 1806 B
2014 1720 2207 1774 meruit
2250 1721 2479 1791 palmam
2510 1732 2792 1794 reportare
2824 1722 3084 1795 martyrii.
3118 1744 3140 1774 »

314 1788 766 1859 Lincolniensem,
802 1809 833 1847 a
864 1795 1003 1865 turpi
1027 1796 1185 1850 simul
1216 1806 1266 1852 et
1284 1800 1435 1870 gravi
1455 1800 1543 1854 diu
1574 1801 1772 1857 inolitaa
1796 1819 1911 1858 scr-

312 1876 496 1932 vitutis
510 1879 644 1951 jugo
678 1882 846 1936 semel
871 1884 1168 1953 eripiendo,
1194 1896 1472 1956 perpetuae
1489 1889 1718 1944 restituit.
1748 1891 1912 1946 liber-

313 1965 426 2019 tati.
470 1966 608 2020 Nam
653 1969 785 2024 citra
816 1972 1076 2044 cujusque
1122 1991 1413 2046 gravamen
1442 1993 1470 2031 a
1502 1978 1717 2033 clericis
1748 1981 1911 2035 modo

313 2054 484 2109 semel
513 2058 756 2128 percepit
799 2075 1003 2125 eorum,
1055 2070 1112 2116 ut
1143 2064 1221 2119 sic
1257 2065 1480 2133 dicatur,
1518 2068 1830 2139 redemptor
1860 2078 1909 2123 et

314 2144 683 2199 manumissor
726 2147 829 2203 hoc
859 2150 1021 2220 quod,
1049 2150 1157 2205 imo
1200 2154 1448 2223 amplius,
1483 2171 1592 2210 non
1624 2157 1737 2211 sine
1767 2158 1901 2212 mul-

312 2238 490 2285 torum
543 2236 862 2304 gravamine
916 2247 1239 2310 extorquere
1297 2243 1487 2297 solitus
1517 2252 1635 2299 erat
1679 2254 1909 2318 uterque

310 2330 760 2390 praamemoratus
801 2325 961 2394 hujus
1008 2328 1191 2382 tributi
1238 2328 1489 2386 inventor
1533 2348 1597 2389 ac
1645 2335 1905 2401 redditor,

310 2407 527 2478 palliata
560 2411 796 2479 scilicet,
845 2415 944 2468 sub
990 2426 1249 2486 prmtextu
1296 2421 1497 2493 regalis
1528 2422 1695 2492 pallii,
1731 2424 1908 2477 ambi—

316 2497 461 2553 tione
509 2500 824 2571 pontificali.
873 2503 1032 2572 Quod
1062 2514 1241 2561 tamen
1271 2525 1334 2563 ex
1380 2511 1537 2565 nobis
1571 2512 1751 2567 dicere
1800 2529 1908 2567 non

311 2587 596 2654 audemus,
631 2591 729 2645 sed
763 2592 865 2647 hoc
895 2593 1127 2649 dicimus
1159 2613 1223 2650 ex
1250 2600 1511 2653 sententia
1531 2600 1906 2669 plurimorum,

309 2675 401 2746 qui
431 2677 629 2747 saepius
660 2694 733 2733 ex
764 2680 856 2734 tali
886 2681 1110 2737 divitum
1144 2685 1379 2740 colludio
1408 2688 1635 2759 egestati
1671 2706 1780 2744 sum
1804 2706 1909 2761 ge-

308 2763 530 2818 mebant
560 2766 733 2822 illudi.
765 2768 903 2822 Nam
937 2779 989 2824 et
1010 2771 1125 2841 ipse
1149 2789 1244 2827 rex
1278 2774 1523 2841 edoctus,
1558 2785 1613 2829 ut
1644 2777 1909 2832 credeba-

310 2860 414 2918 tur,
464 2868 497 2907 a
552 2854 877 2924 quibusdam
937 2858 1019 2913 lae
1073 2876 1293 2914 suarum
1370 2863 1551 2917 ovium
1608 2881 1777 2935 usque
1838 2866 1905 2919 ad

309 2942 714 3011 expressionem
745 2945 919 3017 butyri
944 2946 1174 3003 libenter
1201 2966 1263 3004 ac
1295 2949 1610 3022 frequenter
1631 2953 1905 3024 emulgen-

309 3030 472 3095 tibus,
506 3032 611 3088 hoc
660 3033 919 3105 episcopo
968 3037 1146 3105 potius
1203 3055 1363 3109 quam
1413 3040 1515 3093 sibi
1565 3041 1905 3111 profuturum

2621 1955 2846 2011 CAPUT
2887 1957 2979 2009 1X.

2011 2138 2233 2199 Qualiter
2256 2136 2344 2196 jus
2368 2135 2646 2187 advocatio:
2681 2138 2894 2187 abbatiw
2913 2136 2976 2187 de
3008 2138 3302 2199 Eyneshaim
3339 2143 3507 2187 contra
3532 2152 3608 2189 re-

2072 2218 2177 2265 gem
2204 2203 2504 2254 Richardum
2542 2205 2669 2254 illud
2716 2206 2811 2254 sibi
2848 2206 3189 2264 vindicantem,
3233 2204 3612 2266 peritiquisitio-

2076 2285 2179 2322 nem
2222 2271 2479 2319 solemnem
2531 2272 2749 2322 cvicerit.
2795 2298 2858 2308 —
2890 2273 2958 2321 Et
2997 2278 3073 2322 est
3113 2273 3203 2321 hoc
3248 2272 3515 2333 capitulum
3550 2277 3607 2321 in

2074 2352 2247 2399 magna
2300 2337 2408 2390 Vita
2431 2352 2542 2401 cap.
2570 2340 2620 2389 8.

2080 2502 2213 2556 Cum
2241 2510 2439 2568 autem,
2495 2504 2559 2557 ab
2590 2503 2825 2557 adventu
2874 2502 3371 2557 Northmannorum
3405 2502 3458 2555 in
3488 2505 3605 2556 An-

2016 2591 2203 2663 gliam,
2248 2592 2444 2647 bellico
2497 2592 2599 2645 sibi
2623 2593 2747 2661 jure
2790 2592 3070 2647 subactam
3115 2607 3214 2661 per
3261 2606 3435 2645 annos
3469 2606 3605 2646 cen-

2012 2688 2124 2735 tum
2155 2682 2322 2752 (149),
2374 2689 2425 2735 et
2477 2697 2542 2737 eo
2599 2680 2847 2750 amplius,
2906 2680 3154 2735 Ecclesia
3208 2680 3603 2735 Lincolniensis

2008 2770 2260 2825 continue
2293 2778 2345 2824 et
2376 2770 2703 2824 inconcusse
2732 2785 2903 2840 usque
2933 2770 3003 2824 ad
3034 2769 3086 2823 id
3134 2769 3395 2839 temporis
3424 2778 3606 2839 patro-

2010 2866 2190 2912 natum
2222 2858 2451 2930 gesserit
2481 2858 2945 2928 Eyneshamensis
2999 2857 3232 2912 coanobii
3264 2858 3432 2926 (150),
3466 2858 3605 2911 hanc

2008 2946 2056 3001 ei
2087 2946 2405 3018 dignitatem
2436 2947 2717 3017 subripere
2748 2946 2976 3017 maligni
3008 2946 3226 3016 quidam
3259 2945 3606 3015 pertinaciter

2009 3044 2129 3089 sunt
2159 3035 2433 3107 aggressi.
2483 3036 2685 3090 Beatus
2710 3050 2843 3089 sane
2873 3032 3112 3104 pontifex
3142 3034 3423 3106 Remigius
3454 3037 3603 3104 (151)

310 3117 536 3187 dixerat,
571 3120 615 3174 si
648 3138 797 3176 more
846 3103 1312 3193 pra‘decessorum
1358 3103 1581 3182 suorum
1612 3130 1777 3184 multa
1809 3146 1903 3184 su-
1934 3103 1979 3161 Ο
2010 3125 2192 3194 (ηυρῐη
2225 3124 2279 3192 il
2308 3125 2457 3179 brevi
2488 3132 2611 3194 post
2638 3123 3018 3193 triumphatam
3042 3122 3274 3177 insulam
3305 3122 3602 3194 gloriosum

310 3216 479 3261 meret
507 3224 538 3262 a
561 3208 673 3263 suis
695 3211 927 3280 clericis,
952 3214 1093 3268 unde
1112 3216 1197 3268 vix
1216 3232 1389 3286 pauca
1413 3217 1565 3271 daret
1584 3234 1684 3288 pro
1714 3218 1903 3289 pallio,

309 3298 671 3365 appendendo
702 3299 813 3354 suis
841 3301 1102 3357 humeris.

380 3387 447 3439 At
479 3402 642 3441 verus
674 3396 724 3443 et
747 3388 920 3443 bonus
951 3398 1154 3460 pastor,
1189 3400 1444 3464 quantum
1492 3410 1622 3450 oves
1645 3396 1747 3450 sibi
1777 3411 1903 3451 ere-

310 3471 449 3527 ditas
481 3473 763 3546 diligebat,
812 3485 1021 3533 tantum
1074 3480 1463 3537 immunitatem
1508 3483 1715 3537 illarum
1756 3484 1903 3539 zela-

310 3563 426 3617 bat.
469 3562 740 3632 Quantum
791 3584 922 3622 vero
952 3569 1018 3622 ad
1050 3586 1108 3624 se
1150 3572 1472 3641 pertinebat,
1522 3572 1661 3627 sicut
1689 3588 1903 3628 omnem

309 3653 585 3707 avaritiam
635 3655 823 3711 sedulo
874 3655 1132 3728 fugiebat,
1168 3659 1238 3713 ita
1269 3668 1319 3715 et
1348 3647 1694 3716 occasionem
1724 3662 1903 3716 avari-

310 3741 397 3796 tiae
445 3743 691 3807 summis,
724 3744 816 3797 ubi
858 3755 1062 3814 posset,
1114 3747 1322 3802 nisibus
1364 3750 1570 3821 jugiter
1617 3751 1901 3805 evellebat.

309 3830 464 3886 Unde
519 3832 743 3886 multam
790 3835 1163 3903 pecuniariam
1194 3853 1226 3891 a
1275 3838 1687 3910 quibuscumque
1734 3839 1907 3894 delin-

312 3920 603 3988 quentibus
670 3929 779 3975 tam
827 3924 1237 3980 archidiaconos
1304 3943 1430 3981 suos
1497 3944 1660 3998 quam
1718 3944 1904 3982 eorum

308 4004 568 4062 officiales
599 4024 659 4063 ac
690 4011 927 4065 decanos
981 4012 1202 4083 exigere
1251 4016 1593 4084 prohibebat,
1653 4015 1903 4069 nimirum

310 4111 507 4150 verens
538 4114 606 4151 ne
638 4113 737 4168 pro
786 4100 1097 4154 muneribus
1127 4101 1360 4172 aliquem
1409 4111 1500 4156 aut
1539 4104 1904 4174 opprimerent
1931 4111 1941 4121 '

310 4184 599 4251 insontem,
648 4195 739 4240 aut
779 4187 831 4241 in
862 4187 972 4242 suis
1028 4191 1341 4244 excessibus
1393 4201 1603 4246 sontem
1635 4192 1899 4259 foverent,

305 4274 457 4341 juxta
511 4274 643 4329 illud
704 4276 909 4347 antiqui
966 4277 1296 4348 legislatoris
1329 4298 1342 4333 :
1380 4303 1403 4327 ‹‹
1456 4282 1675 4336 Munera
1731 4299 1904 4337 exem-

309 4369 433 4417 cant
463 4364 649 4419 oculos
694 4366 1036 4435 sapientum,
1090 4375 1143 4421 et
1183 4368 1502 4423 subvertant
1533 4371 1701 4425 verba
1727 4372 1902 4439 justo-

2006 3213 2194 3266 habuit
2224 3212 2547 3268 cathedralis
2578 3211 2812 3267 ecclesia
2859 3210 3315 3267 Lincolniensium
3348 3210 3605 3265 fundato-

2007 3303 2145 3369 rem)
2177 3302 2327 3371 (152)
2359 3310 2655 3370 vastatam,
2713 3300 2915 3373 fugatis
2944 3299 3127 3355 hostili
3154 3308 3299 3354 metu
3330 3299 3602 3366 fratribus,

2007 3391 2280 3445 abbatiam
2312 3389 2633 3444 reformavit
2666 3397 3043 3460 prmnotatam.
3077 3389 3250 3457 Quam
3284 3388 3388 3442 sibi
3417 3396 3608 3443 aucto-

2007 3480 2164 3534 ritate
2196 3478 2350 3549 regia
2380 3478 2610 3549 inclytus
2634 3479 2978 3548 triumphato,
3036 3477 3345 3532 Willelmus
3375 3477 3446 3530 ita
3467 3492 3605 3531 con-

2007 3567 2259 3621 firmasse
2290 3567 2572 3623 dicebatur
2614 3568 2669 3621 in
2726 3566 3021 3637 prepriam,
3071 3574 3130 3619 ut
3182 3574 3379 3635 praeter
3424 3564 3604 3635 ipsum

2010 3657 2324 3727 episcOpum
2358 3657 2581 3727 ejusque
2614 3670 2961 3710 successores
3010 3654 3159 3708 nulla
3188 3654 3243 3707 in
3273 3669 3395 3708 eam
3418 3653 3603 3708 vindi-

2007 3761 2131 3800 care
2162 3745 2263 3798 sibi
2306 3752 2659 3815 praasumeret
2714 3740 3082 3798 ecclesiastica
3113 3758 3209 3796 seu
3238 3741 3443 3796 laicalis
3472 3757 3603 3811 per-

2008 3846 2139 3885 sona
2169 3844 2543 3901 quamcunque
2570 3828 3014 3883 dominationem.

2078 3918 2284 3973 Accidit
2314 3926 2490 3971 autem
2539 3926 2593 3971 ut
2625 3931 2769 3971 anno
2809 3916 3130 3987 praesulatus
3186 3913 3327 3968 beati
3355 3912 3603 3984 Ilugonis

2006 4007 2218 4062 decimo
2250 4007 2397 4075 (153)
2451 4005 2791 4061 venerandus
2846 4005 3073 4060 caenobii
3126 4004 3284 4071 hujus
3336 4011 3516 4057 rector
3551 4011 3607 4056 et

2006 4096 2173 4149 abbas
2251 4095 2512 4165 migraret
2553 4094 2621 4149 ad
2688 4094 2995 4159 Dominum,
3048 4092 3266 4147 nomine
3342 4090 3606 4145 Godefri-

2007 4186 2107 4239 dus
2138 4186 2308 4254 (154),
2341 4185 2431 4255 qui
2476 4199 2507 4238 a
2539 4182 2733 4237 diebus
2783 4183 3041 4253 Staphani
3064 4180 3214 4251 (155)
3250 4180 3397 4251 regis
3428 4195 3603 4250 usque

2008 4274 2077 4327 ad
2141 4281 2385 4344 tempora
2446 4272 2603 4345 regni
2660 4272 2953 4343 penultima
3010 4270 3450 4339 Riehardi(156),
3510 4266 3607 4320 ﬁlii

2006 4362 2224 4417 Henrici
2288 4362 2457 4434 regis,
2489 4360 2644 4415 annis
2694 4360 2911 4415 circiter
2966 4358 3322 4430 quadraginta
3375 4364 3607 4427 quatuor

310 4466 429 4504 rum
479 4452 678 4517 (Exod.
742 4468 924 4519 χχιιι,
960 4457 1034 4523 8).
1072 4476 1093 4505 »
1148 4457 1390 4529 Itemque
1422 4458 1555 4512 illud
1610 4459 1902 4529 Scriptura:
1932 4474 1983 4531 D
2006 4450 2128 4506 loco
2160 4450 2336 4505 eidem
2360 4450 2622 4505 moscitur
2642 4448 2926 4519 prmfuisse
2950 4448 3117 4515 (157).
3145 4444 3264 4513 Quo
3313 4445 3605 4515 episcopus

306 4538 528 4593 alterius
560 4540 755 4595 crebro
800 4542 911 4595 suis
968 4541 1289 4599 oftieialibus
1334 4547 1620 4616 ingerebat
1654 4564 1667 4600 :
1707 4548 1905 4619 «Ignis

307 4627 593 4683 devorabit
639 4630 990 4686 tabernacula
1022 4648 1229 4700 eorum,
1285 4636 1376 4705 qui
1406 4651 1632 4690 munera
1673 4635 1905 4690 libenter

302 4716 574 4787 accipiunt
603 4718 719 4789 (Job
749 4735 845 4784 xv,
881 4719 990 4788 34).
1030 4741 1051 4769 ι

373 4891 514 4958 (149)
545 4893 620 4965 Ad
640 4906 771 4965 anno
808 4895 958 4965 1066,
1005 4895 1135 4965 quod
1165 4897 1491 4960 triomphator
1514 4898 1786 4949 Willelmus
1820 4897 1903 4965 (de

304 4973 402 5022 quo
429 4960 560 5022 mox)
585 4974 611 5009 e
640 4962 991 5012 Northmannia
1018 4963 1065 5011 in
1094 4965 1316 5025 Angliam
1344 4966 1724 5025 transfretando,
1754 4969 1801 5016 in
1826 4960 1903 5015 die

303 5026 490 5078 Natalis
516 5027 704 5077 Domini
740 5030 1005 5079 Lundonia:
1032 5036 1287 5081 coronatur
1313 5031 1359 5080 in
1387 5034 1549 5094 regem
1578 5034 1781 5094 Angliaz.
1833 5037 1902 5083 Ita

303 5094 482 5155 Pagius
508 5094 556 5144 in
580 5095 728 5153 Crit.,
758 5108 812 5157 p.
845 5096 963 5145 “228.

373 5162 782 5230 (150)”Giraldus
830 5162 1147 5212 Cambrensis
1200 5166 1327 5226 part.
1380 5178 1433 5223 ιι,
1496 5165 1678 5225 Anglia:
1726 5180 1900 5230 sacrm,

302 5240 429 5289 page
457 5229 574 5278 417.
615 5243 632 5273 1
659 5230 919 5279 Monachus
961 5242 1173 5291 quoque,
1213 5231 1386 5291 inquit,
1442 5231 1685 5281 Robertus
1735 5234 1901 5283 Bloeth

302 5295 361 5361 de
388 5298 549 5346 Stowa
583 5308 735 5356 usque
759 5295 819 5345 ad
856 5297 1154 5357 Egneshain,
1184 5300 1302 5357 etc.,
1331 5297 1551 5358 providet
1578 5301 1900 5361 transposuit,

304 5360 559 5424 baculique
588 5362 845 5423 pastoralis
886 5363 1196 5412 donationem
1222 5363 1315 5413 sibi
1342 5366 1390 5413 et
1416 5366 1778 5416 successoribus
1802 5360 1903 5417 suis

304 5429 592 5478 reservavit.
626 5449 645 5469 -

367 5496 511 5561 (151)
534 5494 607 5547 Ab
632 5507 757 5545 anno
788 5496 937 5559 1067,
963 5496 1093 5545 circa
1119 5496 1263 5546 initia
1290 5498 1427 5560 regni
1456 5498 1647 5561 praefati
1673 5498 1902 5550 Willelmi

2004 4540 2205 4603 audito,
2252 4539 2393 4593 misit
2434 4540 2585 4607 juxta
2626 4554 2831 4592 morem
2863 4536 3140 4606 antiquum
3174 4552 3238 4589 ex
3271 4534 3383 4587 suis
3425 4532 3604 4587 cleri-

2005 4644 2127 4683 cum
2157 4644 2343 4694 unum,
2394 4628 2484 4698 qui
2533 4627 2762 4681 abbatis:
2793 4624 3098 4680 custodiam
3146 4624 3201 4677 in
3248 4638 3438 4676 manus
3467 4637 3598 4675 suas

2004 4717 2290 4788 reciperet,
2341 4732 2404 4772 ac
2460 4731 2641 4771 rerum
2686 4713 2999 4769 monasterii
3060 4729 3163 4767 una
3224 4728 3344 4766 curn
3366 4709 3600 4764 fratrum

2074 4891 2352 4955 (152)1deo
2376 4893 2446 4942 sic
2488 4890 2695 4952 dictum,
2740 4889 2854 4950 quia
2891 4889 3209 4940 Dorkecestra
3236 4885 3399 4937 sedem
3448 4888 3609 4934 trans-

2004 4959 2115 5009 tulit
2144 4959 2467 5009 Lincolniam.

2072 5028 2212 5089 (155)
2262 5027 2350 5088 Qui
2395 5031 2501 5077 erat
2549 5040 2705 5077 annus
2749 5023 2933 5075 Christi
2992 5022 3141 5081 1195,
3191 5028 3277 5075 aut
3347 5022 3492 5084 1196,
3542 5022 3606 5071 ob

2001 5092 2221 5156 dubium,
2248 5105 2342 5153 quo
2365 5107 2493 5144 anno
2516 5096 2655 5155 Ηυεο
2680 5094 2744 5143 sit
2770 5095 2927 5141 factus
2948 5090 3222 5154 episcopus.

2072 5160 2213 5223 (151)
2240 5160 2406 5209 Nullus
2431 5162 2477 5209 in
2498 5162 2625 5209 serie
2649 5160 2877 5209 abbatum
2904 5158 3337 5210 Eveshamensium
3377 5160 3466 5209 sub
3509 5160 3602 5208 hoc

2002 5228 2216 5290 tempore
2242 5228 2453 5276 occurrit
2488 5228 2772 5277 Goilrfridus
2800 5240 2813 5286 ;
2861 5226 2985 5276 unde
3029 5225 3179 5287 liquet
3210 5229 3337 5277 hunc
3362 5228 3607 5288 Eynesba-

2004 5305 2221 5344 mensem
2247 5294 2393 5343 fuisse
2417 5294 2666 5343 abbatem.

2068 5362 2211 5424 (155)
2239 5360 2370 5411 Obiit
2390 5362 2668 5422 Stephanus
2691 5372 2777 5409 rex
2804 5359 2987 5421 Anglim
3014 5371 3141 5408 anno
3170 5362 3298 5410 1151

2073 5428 2213 5487 (156)
2237 5428 2385 5477 Error
2409 5428 2599 5476 videtur
2636 5427 2896 5484 admissus,
2932 5432 3015 5475 aut
3037 5440 3210 5476 sensus
3234 5433 3309 5477 est
3330 5427 3598 5476 obscurior.

2072 5494 2213 5557 (157)
2243 5496 2457 5544 Ριιξεεδεθ
2476 5494 2623 5554 igitur
2645 5493 2790 5556 erepit
2834 5496 2948 5543 ante
2981 5499 3185 5544 mortem
3211 5494 3339 5556 regis
3366 5494 3601 5555 Stephani

301 5571 330 5607 a
352 5562 596 5630 Latraan
620 5561 956 5630 Cantuariensi
982 5563 1031 5611 in
1077 5562 1359 5625 episcopum
1408 5568 1738 5630 consecratus,
1784 5568 1906 5618 obiit
2001 5576 2097 5614 uno
2122 5567 2205 5613 aut
2229 5562 2384 5612 altero
2404 5572 2549 5610 anno.
3276 5594 3277 5601 η

306 5637 434 5676 anno
464 5628 614 5690 1095,
640 5628 690 5677 in
715 5627 795 5679 die
814 5630 1129 5681 Ascensionis
1157 5630 1367 5680 Domini.
