3960 6062
309 292 439 347 1021

1662 285 1843 341 VITA.
1879 315 1948 327 —
1985 284 2113 341 LIB.
2154 287 2245 344 IV.

3474 290 3497 340 1
3509 288 3611 344 022

316 413 599 487 diligentia
630 412 1053 469 sollicitudinem
1103 420 1342 484 gereret,
1390 428 1673 484 quousque
1701 410 1911 465 abbatis
1930 413 1984 471 Α
2010 411 2146 467 sime
2177 419 2367 467 contra
2399 412 2578 484 ipsum
2608 427 2819 485 regem,
2847 426 3009 483 quam
3036 419 3087 466 et
3108 419 3298 468 contra
3318 411 3611 483 plerosque

314 502 631 559 instituendi
662 502 921 558 canonica
953 502 1150 557 electio
1182 501 1445 557 celebrari
1475 501 1757 572 potuisset.
1793 500 1915 555 CER-

319 601 493 647 terum
525 601 633 646 tam
664 591 907 647 vacantis
956 591 1184 646 abbatiae
1232 590 1559 655 custodiam,
1596 606 1757 661 quam
1788 590 1915 643 sub-

321 681 577 736 stituendi
606 680 819 734 abbatis
868 680 1104 734 debitam
1150 678 1475 745 facultatem,
1528 679 1621 749 qui
1664 678 1830 749 regiis
1861 677 1916 731 in

320 770 516 843 Anglia
548 777 814 839 praeerant
872 769 1128 839 negotiis,
1185 768 1443 839 epiSCOpo
1475 768 1783 822 nitebantur
1814 782 1914 821 au-

322 858 469 913 ferre
502 860 670 927 (158).
703 859 841 911 Nam
874 874 967 912 rex
1001 873 1066 912 ea
1097 864 1417 927 tempestate
1458 857 1511 910 in
1542 854 1916 910 transmarinis

319 947 652 1019 confligebat
694 963 814 1001 cum
849 946 1179 1001 Francorum
1212 962 1345 1018 rege
1376 946 1550 1015 (159).

393 1036 718 1106 Complures
762 1036 943 1106 itaque
989 1034 1091 1089 viri
1134 1035 1457 1105 prudentes,
1508 1041 1561 1088 et
1599 1033 1916 1104 episcopum

326 1125 540 1179 sincere
571 1124 880 1194 diligentes,
933 1123 1267 1193 persuadere
1297 1124 1343 1177 ei
1376 1122 1553 1177 conati
1586 1129 1710 1175 sunt
1740 1137 1827 1189 ne,
1861 1128 1918 1175 ut

324 1213 431 1268 dici
461 1212 614 1277 solet,
652 1220 833 1267 contra
864 1212 1031 1267 ictum
1070 1210 1307 1265 ﬂuminis
1336 1210 1577 1280 brachia,
1610 1211 1682 1265 ob
1719 1210 1915 1264 adver-

324 1301 557 1356 santium
634 1300 1033 1355 multitudinem
1112 1308 1273 1371 atque
1349 1300 1648 1371 potentiam
1703 1298 1916 1352 interim

322 1391 503 1444 minus
534 1389 733 1457 valida,
768 1389 1003 1444 inaniter
1032 1387 1311 1461 fatigando
1355 1395 1650 1443 exsereret.
1683 1390 1915 1441 Assere-

322 1480 452 1533 bant
494 1494 729 1549 namque
780 1478 925 1550 regis
973 1478 1277 1550 genitorem
1328 1476 1618 1532 Henricum
1670 1476 1916 1547 generali

324 1567 707 1622 constitutione
722 1566 1031 1622 decrevisse
1053 1566 1567 1638 utuniversaajregni
1590 1565 1672 1619 sui
1690 1564 1918 1620 abbatia:

318 1657 373 1711 in
405 1674 501 1710 sua
530 1664 816 1711 manerent
864 1656 1175 1710 donatione.
1225 1657 1340 1711 Nec
1382 1655 1498 1710 fore
1544 1654 1918 1709 existimabant

322 1746 391 1800 de
440 1745 603 1811 facili,
656 1752 713 1799 ut
759 1753 943 1799 contra
990 1745 1156 1815 patris
1206 1744 1487 1800 decretum
1536 1743 1695 1809 filius,
1732 1760 1817 1810 eo,
1860 1751 1917 1796 ut

321 1834 628 1899 videbatur,
648 1833 700 1886 in
729 1833 912 1886 multis
936 1833 1284 1903 pertinacior,
1309 1833 1553 1905 gaudere
1575 1849 1696 1887 eum
1718 1831 1917 1886 sineret

322 1922 629 1995 privilegio,
666 1922 825 1978 avitis
875 1922 1001 1976 licet
1030 1922 1364 1992 temporibus
1394 1922 1634 1976 obtento.
1672 1921 1917 1992 Denique

322 2013 599 2083 negotium
630 2013 733 2066 hoc
762 2011 964 2065 laboris
1003 2010 1243 2081 plenum,
1293 2012 1509 2066 modice
1561 2010 1914 2075 fructuosum,

322 2100 656 2155 multimodis
685 2100 1031 2163 damnosum,
1067 2100 1372 2154 nullatenus
1412 2099 1705 2154 monebant
1746 2106 1919 2153 atten-

322 2191 562 2244 tandum.
598 2189 928 2243 Metiendum
961 2204 1085 2243 cum
1138 2188 1328 2243 labore
1379 2188 1537 2243 etiam
1568 2187 1773 2242 laboris
1802 2186 1917 2241 fru-

322 2287 463 2334 ctum
496 2278 885 2349 suggerebant,
912 2293 1013 2333 nec
1029 2276 1261 2331 maxima
1292 2277 1505 2331 aiebant
1537 2276 1812 2331 subeunda
1833 2292 1920 2329 re-

324 2384 442 2421 rum
499 2366 977 2420 innumerabilium
1051 2365 1362 2435 dispendia,
1422 2381 1541 2437 quae
1588 2365 1698 2432 jam
1759 2363 1918 2419 citius

321 2456 684 2528 prmviderent
716 2472 779 2509 ex
812 2456 909 2511 hac
941 2454 1314 2509 controversia
1356 2454 1459 2507 sibi
1491 2453 1707 2523 suisque
1736 2468 1917 2507 emer-

323 2562 468 2613 sura,
504 2544 615 2609 ubi,
654 2544 799 2614 quod
841 2543 1173 2607 intendebat,
1226 2542 1553 2613 assequendi
1603 2558 1727 2611 spes
1776 2548 1917 2596 esset

320 2634 434 2689 fere
465 2634 632 2697 nulla,
659 2632 795 2687 forte
827 2632 989 2685 etiam
1021 2632 1255 2686 assecuti
1286 2631 1483 2685 utilitas
1517 2646 1695 2701 parva.

392 2722 543 2776 Talia
600 2721 1020 2793 suggerentibus
1077 2720 1173 2790 {vir
1230 2719 1523 2793 singularis
1579 2717 1919 2774 confidentiaa

322 2812 583 2881 mirzeque
613 2809 957 2863 discretionis
996 2808 1280 2863 confestim
1317 2808 1599 2878 respondit
1633 2825 1645 2861 :
1685 2831 1704 2853 u
1743 2807 1914 2873 Absit,

321 2901 613 2970 inquiens,
671 2908 728 2952 ut
777 2898 1089 2952 mortalium
1137 2897 1406 2968 quispiam
1472 2896 1580 2951 tale
1635 2896 1918 2951 decretum

322 2998 558 3044 statuere
590 2996 905 3059 praesumat,
940 2988 1083 3042 unde
1133 2988 1249 3041 Deo
1280 2994 1469 3040 nostro
1510 2994 1561 3040 et
1589 2985 1919 3040 beatissimus

322 3079 530 3149 reginm
562 3078 686 3133 cceli
715 3078 859 3148 quod
890 3094 1049 3131 suum
1082 3084 1163 3130 est
1195 3075 1408 3129 auferre
1441 3076 1735 3145 praevaleat
1771 3073 1781 3127 l
1817 3075 1920 3127 llu-

315 3167 556 3237 jusmodi
588 3166 761 3237 leges,
811 3165 912 3219 etsi
954 3166 1112 3233 justze
1155 3172 1358 3228 essent,
1411 3163 1605 3218 futuris
1653 3164 1919 3217 duntaxat

323 3256 557 3329 negotiis
618 3256 846 3310 formam
904 3254 1110 3320 darent,
1172 3269 1281 3308 non
1334 3253 1495 3307 etiam
1551 3252 1920 3307 convellerent

324 3353 522 3399 statuta
555 3344 817 3414 priorum.
855 3341 989 3411 Quis
1017 3359 1145 3397 vero
1176 3342 1639 3412 praedecessorum
1670 3357 1919 3395 meorum

322 3434 422 3488 tali
481 3432 803 3503 subscripsit
860 3433 1109 3497 decreto,
1146 3448 1253 3502 quo
1314 3431 1431 3485 solo
1462 3438 1645 3501 posset
1670 3429 1778 3497 juri
1811 3445 1916 3483 non

318 3522 593 3576 immerito
638 3520 918 3592 praescribi
967 3528 1188 3574 eatenus
1240 3520 1306 3572 ab
1352 3519 1561 3573 eisdem
1592 3518 1920 3588 possessio?

323 3611 475 3665 Absit
518 3610 663 3663 enim
714 3618 771 3663 ut
826 3624 1078 3679 personae
1121 3609 1495 3678 cujuscunque
1546 3606 1752 3661 laicalis
1810 3615 1918 3659 sta-

324 3708 495 3753 tutum
530 3698 914 3753 ecclesiasticae
944 3696 1209 3751 libertatis
1247 3696 1593 3767 privilegium
1624 3693 1914 3767 infringat!

324 3788 451 3842 Mihi
512 3804 638 3842 vero
700 3803 809 3841 non
867 3787 1144 3856 contingat
1205 3794 1261 3838 ut
1306 3784 1695 3856 qualiscunque
1724 3784 1918 3838 timore

322 3877 622 3949 potestatis,
658 3893 753 3930 seu
787 3884 1220 3947 quantaecunque
1254 3874 1542 3927 formidine
1567 3872 1915 3937 diﬂicultatis,

317 3968 408 4035 jus
440 3966 701 4021 Ecclesiae
731 3982 887 4030 mere,
941 3972 1195 4035 quantum
1244 3963 1295 4016 in
1326 3979 1412 4016 me
1458 3970 1559 4026 est,
1610 3962 1786 4016 sinam
1817 3962 1918 4015 de-

323 4054 530 4125 perire!
568 4055 699 4108 Cum
731 4054 873 4108 enim
923 4053 989 4106 sit
1023 4052 1154 4106 satis
1202 4051 1515 4121 pudendum
1556 4066 1585 4103 a
1626 4050 1919 4118 majoribus

324 4144 614 4214 acquisitas
643 4152 694 4197 et
724 4143 791 4195 ab
840 4142 1075 4213 antiquis
1104 4140 1358 4195 defensus
1388 4155 1494 4193 non
1526 4139 1685 4195 etiam
1714 4155 1918 4211 augere

327 4233 621 4303 dignitates
653 4240 849 4286 sancta:
898 4230 1157 4285 Ecclesiae
1205 4237 1364 4300 atque
1410 4228 1706 4293 libertates,
1760 4246 1916 4299 quam

327 4330 410 4377 est
467 4321 807 4391 probrosum.
860 4320 903 4372 si
954 4336 1018 4373 ex
1064 4318 1261 4371 inertia
1306 4318 1491 4389 ignavi
1522 4326 1684 4387 atque
1716 4316 1918 4369 inutilis

324 4410 554 4465 rectoris
584 4426 613 4463 a
645 4428 755 4463 sum
786 4408 1111 4480 integritatis
1159 4415 1297 4460 statu
1346 4406 1617 4469 decidant,
1670 4422 1790 4476 quae
1820 4422 1919 4475 per

328 4507 603 4553 strenuum
637 4499 1071 4568 dispensatorem
1103 4495 1441 4566 augmentari
1472 4510 1535 4549 ac
1566 4493 1761 4548 melius
1789 4509 1915 4564 pro-
1936 4488 1987 4547 D

324 4587 447 4641 vehi
481 4586 789 4640 debebant!
831 4610 851 4633 η

393 4676 541 4729 Talia
597 4691 955 4746 prosequens,
1001 4673 1272 4729 continuis
1317 4672 1528 4726 duobus
1578 4671 1712 4725 semi
1761 4670 1917 4724 annis

324 4767 472 4836 \160)
520 4780 621 4819 nec
674 4764 974 4834 sumptibus
1014 4780 1116 4818 nec
1159 4761 1382 4833 prOprio
1431 4761 1613 4815 sudori
1660 4775 1913 4830 parcens,

326 4862 437 4907 tum
470 4870 569 4923 pro
600 4854 937 4924 expedienda
958 4852 1205 4907 libertate
1238 4849 1482 4906 canonici
1514 4857 1682 4903 status
1711 4848 1917 4919 praefati

326 4942 659 5009 monasterii,
696 4951 803 4996 tum
836 4959 935 5013 pro
965 4942 1162 4995 tuenda
1212 4939 1474 5009 dignitate
1516 4954 1634 5002 sua,
1669 4937 1915 4992 invictis-

393 5121 673 5181 (158)1ure
698 5130 791 5181 quo
828 5119 987 5169 baculi
1032 5116 1291 5181 pastoralis
1331 5114 1642 5164 donationem
1682 5112 1919 5181 Robertus

322 5186 383 5236 de
412 5180 576 5237 Bloeth
602 5188 695 5237 sibi
723 5191 770 5236 et
795 5180 1157 5236 successoribus
1182 5184 1282 5233 suis
1304 5182 1589 5241 reservavit,
1619 5180 1745 5230 haud
1770 5180 1917 5229 dubie

324 5267 352 5303 a
378 5255 596 5313 Remigio
634 5255 746 5303 olim
772 5254 1041 5303 obtentam.

394 5312 535 5381 (150)
582 5321 850 5371 Richardus
891 5333 977 5369 rex
1022 5319 1162 5368 annis
1216 5316 1418 5377 singulis
1481 5314 1542 5363 ab
1593 5327 1719 5363 anno
1766 5312 1916 5373 119ὃ,

324 5380 474 5448 usque
514 5380 573 5437 ad
616 5388 797 5437 obitum
838 5399 976 5436 suum
1007 5399 1115 5435 cum
1165 5397 1279 5445 rege
1324 5385 1621 5433 Francorum
1665 5380 1713 5429 in
1758 5383 1919 5430 trans-

328 5454 528 5504 marinis
552 5454 788 5514 conflixit,
816 5465 954 5514 pace,
984 5465 1113 5501 nunc
1140 5451 1287 5511 facta,
1315 5462 1445 5499 nunc
1469 5452 1626 5509 rupta.

396 5522 530 5584 (160)
556 5521 714 5571 Dilata
739 5512 949 5583 proinde
968 5519 1057 5569 fuit
1084 5519 1193 5569 novi
1232 5516 1421 5567 abbatis
1443 5515 1617 5565 electio
1658 5512 1719 5563 ad
1759 5512 1918 5562 minus

327 5586 454 5638 ultra
481 5600 681 5638 annum.
1898 5584 1901 5585 ⁷

2015 501 2113 554 sub
2144 501 2300 556 dolos
2331 502 2472 557 clam
2510 502 2862 556 adversantes
2892 501 3012 569 sibi,
3063 500 3139 555 cis
3170 500 3413 572 citraque
3461 516 3611 554 mare

2016 589 2319 657 decertans,
2354 591 2571 644 tandem
2614 590 2829 645 favente
2879 589 3112 644 Domino
3161 588 3367 644 celebri
3412 588 3613 659 potitur

2013 678 2308 749 triumpho.
2348 679 2651 751 Recognito
2686 695 2919 750 namque
2963 695 3063 749 per
3097 686 3496 734 sacramentum
3527 677 3611 733 vi-

2016 768 2151 839 ginti
2181 776 2415 839 quatuor
2447 767 2551 822 fide
2596 768 2908 838 dignorum,
2944 768 3263 823 clericorum
3311 767 3516 838 pariter
3561 774 3614 821 et

2016 856 2296 925 laicorum,
2350 857 2477 928 quid
2505 857 2644 925 juris
2694 858 3130 927 praedecessores
3176 856 3259 910 sui
3306 856 3361 910 in
3385 855 3477 910 illo
3509 857 3611 910 ha-

2018 945 2262 1000 buissent
2296 946 2565 1011 cmnobio,
2584 946 2911 1011 testimonio,
2932 946 3274 1014 adjudicatur
3291 946 3339 1000 ei
3367 945 3613 1014 ejusdem

2014 1043 2326 1105 patronatus
2357 1034 2409 1088 in
2441 1035 2586 1107 regis
2618 1035 2797 1090 curia.
2839 1035 3289 1091 Hincrestituitur
3309 1034 3357 1091 ei
3380 1034 3613 1089 abbatize

2018 1123 2253 1178 vacantis
2276 1123 2538 1189 custodia,
2589 1122 3026 1195 praeficiendique
3074 1124 3284 1178 abbatis
3309 1121 3611 1191 jurisdictio

2016 1212 2178 1282 plena
2207 1219 2259 1266 et
2292 1212 2541 1266 absoluta
2573 1212 2742 1281 (161).
2780 1213 2905 1266 Post
2937 1229 3055 1283 quae
3078 1213 3147 1265 ad
3178 1228 3294 1266 eam
3318 1212 3371 1265 in
3392 1210 3613 1282 propria

2016 1301 2286 1355 accedens
2317 1316 2554 1371 persona
2598 1316 2700 1370 per
2752 1300 2871 1355 dies
2914 1309 3036 1356 octo
3084 1301 3282 1354 mansit
3313 1300 3367 1354 in
3397 1317 3458 1355 ea
3489 1316 3613 1355 cum

2018 1389 2277 1443 fratribus
2304 1388 2409 1444 loci
2440 1397 2693 1460 tanquam
2726 1389 2995 1460 benignus
3016 1397 3170 1460 pater
3187 1406 3308 1444 cum
3331 1388 3454 1443 filiis
3485 1390 3616 1459 cha-

2017 1478 2267 1544 rissimis,
2301 1478 2615 1548 ingrediens
2666 1485 2717 1532 et
2749 1478 3061 1549 egrediens,
3109 1495 3228 1533 cum
3263 1478 3340 1532 eis
3371 1478 3425 1531 in
3456 1494 3611 1533 com-

2018 1566 2167 1620 muni
2198 1566 2484 1621 refectorio
2516 1567 2720 1638 pariter
2750 1582 3110 1633 convescens,
3145 1583 3349 1638 eosque
3379 1567 3505 1621 vino
3528 1568 3614 1635 ju-

2018 1656 2306 1711 cunditatis
2337 1664 2389 1710 et
2407 1656 2642 1727 dapibus
2668 1673 2780 1711 sum
2804 1656 3071 1728 largitatis
3092 1656 3315 1726 copiose
3341 1655 3610 1710 reficiens.

1935 1769 1989 1828 Β
2089 1745 2442 1801 Tractabatur
2470 1746 2681 1799 interea
2707 1745 2865 1813 jussu
2895 1746 3011 1815 ejus
3056 1746 3109 1799 in
3141 1752 3411 1800 conventu
3452 1760 3615 1814 super

2018 1834 2282 1889 electione
2314 1833 2476 1887 futuri
2526 1834 2761 1889 abbatis.
2814 1834 3041 1905 Expleta
3090 1850 3222 1888 vero
3270 1833 3615 1887 hebdomada

2018 1939 2141 1987 una,
2170 1922 2358 1978 accitis
2378 1922 2665 1977 abbatibus
2695 1922 2889 1978 vicinis
2910 1923 3139 1994 aliisque
3162 1922 3437 1994 religiosis
3458 1921 3609 1987 viris,

2017 2018 2376 2082 praesentatur
2407 2012 2668 2083 episcopo
2716 2013 3108 2067 monachorum
3163 2012 3375 2075 electio,
3423 2026 3487 2065 ac
3519 2026 3613 2065 so-

2018 2100 2271 2155 lemniter
2300 2099 2646 2155 confirmatur
2678 2101 2746 2155 ab
2786 2101 3001 2156 eodem.
3037 2099 3242 2169 Quibus
3273 2100 3373 2154 rite
3422 2099 3611 2170 gestis,

2018 2198 2206 2260 pastor
2234 2190 2493 2263 egregius
2524 2189 2865 2245 Lincolniam
2912 2189 3290 2260 proficiscitur,
3339 2188 3521 2259 ibique
3558 2189 3614 2242 in

2018 2278 2313 2332 cathedrali
2373 2279 2603 2333 ecclesia
2670 2278 2876 2333 electus
2950 2277 3433 2348 Eynesheimensis
3491 2292 3613 2332 cum

2020 2366 2206 2422 favore
2262 2376 2422 2439 atque
2463 2367 2648 2422 lmtitia
2695 2376 3035 2433 cunctorum,
3080 2366 3459 2421 benedictione
3500 2366 3614 2434 ejus

2019 2473 2171 2511 sacra
2227 2456 2281 2510 in
2338 2456 2588 2511 abbatem
2626 2455 2923 2511 honorifice
2974 2463 3341 2526 promovetur.
3408 2455 3611 2508 Instru-

2018 2554 2214 2615 ctoque
2247 2545 2477 2599 solemni
2507 2545 2756 2600 convivio
2826 2554 2933 2598 tam
2974 2544 3188 2599 clericis
3236 2560 3399 2615 quam
3432 2543 3615 2598 abbati

2018 2643 2069 2688 et
2090 2634 2374 2688 monachis
2402 2634 2533 2698 suis,
2574 2633 2950 2689 discumbebat
2969 2633 3247 2703 utriusque
3270 2632 3511 2688 cohortis
3540 2632 3617 2686 in-

2019 2723 2191 2794 clytus
2222 2724 2329 2777 dux
2359 2723 2414 2776 in
2444 2723 2623 2778 medio
2655 2739 2861 2789 eorum,
2896 2722 3089 2775 mirum
3143 2722 3197 2774 in
3229 2722 3448 2776 modum
3479 2736 3616 2791 gau-

2019 2812 2222 2866 denset
2242 2812 2518 2866 exsultans
2548 2811 2602 2866 in
2632 2812 2884 2877 Domino,
2916 2827 2983 2866 eo
3014 2810 3157 2883 quod
3185 2811 3354 2864 instar
3382 2810 3616 2881 pastoris

2020 2917 2228 2955 summe
2258 2901 2387 2955 boni
2436 2901 2568 2955 alias
2616 2916 2747 2955 oves
2797 2900 3131 2965 adduxisset,
3184 2916 3304 2971 quze
3335 2906 3519 2953 essent
3547 2914 3613 2953 ex

2020 2989 2146 3044 ovili
2175 2989 2302 3054 alio,
2339 2998 2396 3043 ut
2425 2990 2773 3045 efficerentur
2804 2990 2872 3044 de
2902 2996 3103 3044 cwtero
3135 3004 3274 3041 unus
3306 3004 3461 3059 grex,
3494 2987 3612 3041 istae

2021 3086 2073 3132 et
2101 3077 2207 3132 illa}
2234 3094 2383 3142 oves,
2418 3086 2469 3132 et
2528 3086 2674 3132 esset
2724 3078 2971 3149 utrisque
3003 3094 3144 3131 unus
3175 3084 3379 3147 pastor,
3414 3076 3505 3146 qui
3536 3075 3613 3129 sic

2018 3174 2205 3221 mutuo
2265 3166 2367 3220 sibi
2426 3166 2731 3221 Ecclesiam
2763 3166 3190 3222 confrederasset
3222 3172 3273 3219 et
3320 3163 3608 3229 abbatiam,

2018 3263 2073 3309 ut
2132 3255 2271 3309 foret
2326 3255 2592 3325 perpetim
2651 3264 2882 3327 utraque
2936 3270 3122 3309 unum.
3183 3254 3345 3309 Dedit
3398 3268 3612 3324 quoque

2019 3344 2197 3398 abbati
2246 3360 2387 3399 novo
2436 3345 2647 3417 virgam
2692 3344 3025 3416 pastoralem
3075 3352 3303 3414 argento
3348 3350 3399 3397 et
3446 3342 3613 3397 ebore

2018 3433 2245 3503 pulchre
2299 3434 2707 3489 vermiculatam
2764 3449 2885 3489 cum
2943 3433 3149 3503 scypho
3206 3430 3414 3501 ingenti
3445 3439 3606 3501 atque

2019 3522 2239 3593 insigni.
2291 3522 2493 3578 Locum
2548 3522 2708 3577 etiam
2760 3521 2929 3591 ipsius
2980 3520 3231 3591 regimini
3261 3519 3609 3575 commissum

2019 3610 2265 3679 pluribus
2292 3611 2566 3681 ampliavit
2599 3609 2897 3675 beneficiis,
2949 3618 3001 3663 et
3030 3608 3269 3663 donariis
3308 3607 3606 3675 decoravit,

2020 3713 2085 3753 ac
2115 3706 2341 3769 paterno
2375 3715 2591 3769 semper
2620 3698 2818 3754 affectu
2852 3706 2957 3751 tam
2980 3698 3154 3768 ipsum
3177 3696 3429 3751 abbatem
3451 3710 3609 3766 quam

2020 3804 2250 3859 gregem
2281 3788 2331 3843 ei
2361 3788 2633 3842 subditum
2666 3787 2795 3843 fovit
2828 3796 2880 3842 et
2911 3786 3117 3841 dilexit.

2640 3938 2865 3995 CAPUT
2914 3938 2985 3992 X.

2021 4066 2160 4126 Quod
2193 4068 2336 4116 annis
2378 4066 2587 4127 singulis
2632 4067 2741 4127 fere
2794 4065 3098 4115 Withamiam
3139 4063 3488 4125 declinaverit,
3526 4063 3612 4113 ubi

2084 4140 2335 4182 cornutum
2379 4133 2559 4193 faciem
2592 4145 2766 4195 gerere
2807 4133 3084 4182 videbatur.
3147 4134 3213 4182 Et
3254 4132 3465 4193 qualiter
3514 4144 3611 4181 sa:-

2087 4201 2347 4249 cularibus
2378 4200 2559 4248 ibidem
2598 4200 2915 4260 praedicando
2952 4200 3012 4247 de
3044 4199 3204 4247 tribus
3230 4198 3508 4259 specialiter
3530 4210 3613 4247 eos

2087 4269 2330 4315 instruere
2353 4267 2622 4325 nitebatur,
2648 4267 2840 4315 scilicet
2861 4267 2921 4314 de
2941 4267 3102 4315 cordis
3126 4267 3383 4325 charitate,
3410 4264 3614 4314 veritate

2087 4347 2189 4382 ora:
2213 4339 2263 4382 et
2285 4333 2504 4392 corporis
2527 4333 2762 4390 castitate,
2802 4337 2849 4381 et
2870 4345 3013 4393 quam
3054 4333 3225 4381 stricte
3260 4344 3459 4381 servare
3479 4332 3613 4392 apud

2086 4413 2138 4449 se
2167 4398 2417 4448 nitebatur
2453 4401 2727 4449 veritatem.
2777 4424 2842 4434 —
2889 4399 2957 4447 Et
2991 4400 3079 4447 hoc
3120 4398 3389 4460 capitulum
3431 4405 3507 4449 est
3562 4398 3613 4447 in

2084 4480 2257 4527 magna
2286 4465 2395 4515 Vita
2416 4466 2507 4515 sub
2532 4466 2695 4527 capite
2721 4467 2769 4515 9.

2090 4584 2173 4638 Ad
2204 4600 2356 4637 suam
2388 4599 2515 4639 vero
2546 4583 2899 4637 Withamiam
2945 4583 3176 4656 singulis
3216 4583 3611 4655 propemodum

2017 4673 2170 4726 annis
2200 4673 2368 4727 semel
2390 4681 2477 4726 aut
2494 4673 2579 4727 bis
2597 4672 2854 4728 secedere
2878 4673 2961 4727 vir
2975 4681 3196 4728 sanctus
3212 4680 3597 4727 consueverat.

2019 4762 2269 4817 Manebat
2299 4762 2372 4815 ibi
2422 4762 2653 4816 aliorum
2704 4778 2858 4817 more
2904 4762 2957 4815 in
3006 4762 3145 4817 cella
3183 4760 3442 4826 solitaria,
3489 4777 3608 4831 quae
3646 4782 3653 4787 ι

2018 4868 2234 4921 semper
2263 4850 2310 4904 ei
2340 4851 2547 4921 absque
2589 4850 2890 4905 habitatore
2940 4865 3113 4905 vacua
3161 4849 3500 4918 servabatur,
3554 4849 3607 4902 in

2018 4956 2121 5010 qua
2165 4939 2538 5003 meditabatur,
2599 4947 2652 4994 et
2707 4940 2915 5004 orabat,
2969 4938 3313 4993 reficiebatur
3362 4937 3505 5003 cibo,
3558 4946 3611 4992 et

2088 5116 2230 5182 (161)
2256 5117 2521 5168 Confirmat
2545 5118 2695 5168 relata
2739 5117 2962 5167 Giraldus
2986 5115 3303 5167 Cambrensis
3336 5117 3385 5166 in
3424 5116 3609 5178 Angliaa

2018 5198 2117 5235 sum
2143 5190 2270 5248 part.
2300 5199 2355 5243 ιι,
2382 5198 2490 5248 pag.
2521 5186 2637 5246 419,
2667 5186 2742 5233 his
2769 5184 2927 5233 verbis
2965 5197 2978 5233 :
3031 5204 3051 5224 -
3094 5184 3210 5233 Item
3258 5184 3607 5233 monasterium

2018 5253 2077 5302 de
2104 5253 2380 5313 Egnesham
2425 5253 2538 5302 olim
2579 5252 2818 5311 perditum
2845 5250 2904 5298 iri
2932 5250 3061 5309 regia
3105 5254 3342 5313 potestate
3386 5253 3608 5311 paratum

2018 5320 2225 5369 viriliter
2248 5320 2421 5381 (Hugo)
2453 5318 2666 5375 retinuit,
2697 5318 2948 5377 baculique
2986 5318 3243 5378 pastoralis
3295 5316 3607 5366 donationem

2016 5387 2309 5447 sumptuosis
2342 5386 2589 5435 laboribus
2612 5385 2693 5434 sed
2722 5383 2996 5433 efﬁcacibus
3039 5388 3087 5434 et
3132 5384 3390 5433 fructuosis
3421 5382 3481 5432 ad
3517 5384 3609 5434 Ec-

2019 5454 2217 5504 clesiam
2244 5453 2626 5503 Lincolniensem
2649 5450 2915 5507 revocavit.
2948 5470 2970 5494 ι
