3960 6062
318 222 339 274 1
352 221 453 278 023

310 433 570 490 salutaret
593 436 969 503 adventantes,
1004 436 1215 510 sibique
1246 438 1397 511 loqui
1426 440 1727 511 cupientes,
1769 458 1903 513 pro-

308 522 587 594 grediens,
621 524 933 580 coelestibus
989 527 1154 581 radiis
1202 528 1603 599 quodammodo
1653 547 1717 585 ex
1768 547 1905 586 con-

311 611 479 666 sortio
512 613 781 669 sermonis
811 614 1027 669 Domini
1058 624 1343 671 cornutam
1374 634 1569 692 gerere
1615 619 1907 693 diligenter

312 698 641 756 intuentibus
673 701 957 757 videbatur
984 702 1195 771 faciem,
1250 721 1413 776 quam
1444 707 1568 761 viva
1622 708 1907 777 cujusdam

310 786 512 858 leporis
543 790 793 845 comitate
826 792 1097 863 totiusque
1143 793 1451 849 dulcedinis
1488 796 1756 852 suavitate
1795 798 1906 868 pal-

310 875 491 943 liabat,
526 893 591 933 ac
636 878 1074 950 colloquentibus
1107 880 1207 936 sibi
1255 880 1489 937 frontem
1520 892 1903 957 contempera-

309 964 418 1019 bat.

379 1053 556 1109 Laicis
588 1055 808 1126 quidem
836 1063 1000 1128 atque
1043 1058 1397 1114 saecularibus
1452 1061 1716 1132 angelica:
1759 1062 1902 1118 illius

308 1140 433 1196 vitae
487 1150 683 1198 statum
737 1145 1191 1216 collaudantibus,
1249 1155 1302 1202 et
1346 1149 1415 1203 de
1463 1166 1572 1204 suae
1618 1151 1904 1207 mundanae

307 1228 431 1285 vitae
459 1229 859 1302 impedimentis
889 1236 1347 1307 conquerentibus
1380 1238 1539 1309 (quos
1581 1247 1763 1294 tamen
1802 1257 1904 1295 nec

309 1318 466 1385 velle,
503 1336 604 1375 nec
633 1338 795 1391 posse
847 1322 1010 1378 sciret
1047 1325 1116 1378 ad
1159 1324 1487 1395 perfectiora
1529 1325 1770 1382 instituta
1817 1329 1904 1383 vi-

306 1406 468 1461 vendi
498 1410 754 1477 transire)
786 1411 1095 1479 hujusmodi
1117 1412 1432 1482 proferebat
1453 1415 1863 1471 instructionem
1888 1436 1900 1472 :

313 1516 335 1540 «
373 1499 457 1549 An
485 1498 679 1561 solum,
714 1497 905 1569 inquit,
937 1500 1211 1569 monachi,
1246 1501 1361 1556 sive
1392 1502 1634 1558 eremita:
1663 1512 1903 1559 tantum-

305 1583 468 1639 modo
523 1593 685 1656 atque
740 1586 966 1641 solitarii
1012 1598 1417 1660 consequentur
1466 1607 1697 1664 regnum
1748 1594 1904 1648 Dei?

1195 222 1252 279 S.
1293 223 1611 283 HUGONIS
1648 226 1867 284 EPISC.
1910 225 2233 286 LINCOLN.
2274 227 2440 286 0RD.
2482 228 2731 287 CARTH.

315 358 571 400 somnum
599 345 867 419 capiebat.
902 347 1032 403 Inde
1059 348 1129 403 ad
1159 349 1438 420 publicum
1470 352 1813 425 quandoque,
1852 360 1911 408 ut
1929 355 1983 415 Α

3472 236 3613 292 1026

2635 356 2859 413 CAPUT
2886 356 2985 412 XI.

2006 443 2233 505 Qualiter
2258 445 2570 496 Withamiam
2592 448 2788 499 veniens
2810 448 3018 499 nitorem
3050 448 3285 501 habuerit
3327 450 3599 513 insolitum,

2072 513 2233 561 colore
2267 513 2541 564 rubicundo
2578 516 2895 575 superfusum
2913 553 2928 575 ,
2966 516 3033 566 ad
3072 517 3285 578 primum
3322 518 3417 567 loci
3459 531 3602 567 cons-

2067 583 2263 647 pectum
2286 580 2530 642 ineffabili
2562 581 2769 643 quadam
2790 583 3081 643 spiritualis
3104 583 3275 644 gaudii
3290 585 3602 647 jucunditate

2072 646 2290 697 sentiens
2332 659 2386 696 se
2423 648 2660 709 perfundi
2704 662 2721 696 :
2760 653 2809 698 et
2844 651 3009 711 qualis
3044 655 3153 700 erat
3192 646 3599 713 conversationis,

2074 713 2190 761 dum
2229 713 2508 780 morabatur
2549 714 2750 764 ibidem.
2794 740 2859 753 —
2900 717 2968 767 Et
3011 722 3087 766 est
3126 718 3217 767 hoc
3259 718 3525 780 capitulum
3550 719 3605 770 in

2072 792 2247 841 magna
2275 778 2382 829 Vita
2407 786 2558 842 caput
2581 782 2844 831 decimum.

2077 880 2159 934 Ne
2198 880 2286 934 cui
2316 896 2447 936 vero
2478 881 2655 935 minus
2684 881 2943 937 credibile
2987 882 3235 939 videatur
3280 883 3405 949 hoc,
3454 884 3605 956 quod

2000 968 2068 1023 de
2099 968 2356 1038 spirituali
2385 969 2622 1041 quadam
2657 970 2833 1025 vultus
2864 971 3035 1042 ipsius
3065 972 3308 1028 claritate
3331 972 3386 1026 in
3412 988 3480 1028 eo
3509 990 3600 1029 re-

2005 1056 2241 1122 lucente,
2273 1074 2396 1112 cum
2419 1058 2776 1131 egrederetur
2805 1075 2834 1113 a
2864 1059 3003 1115 cella
3034 1076 3151 1126 sua,
3192 1068 3248 1115 ut
3278 1077 3441 1131 supra
3471 1061 3600 1116 teti-

2005 1146 2207 1216 gimus,
2241 1145 2389 1200 aliud
2422 1147 2697 1218 quoddam
2730 1147 2860 1203 satis
2889 1149 2957 1203 de
2988 1164 3054 1204 eo
3102 1149 3215 1203 suis
3246 1148 3602 1204 familiaribus

2007 1242 2214 1298 notum,
2246 1243 2298 1288 et
2326 1235 2560 1289 amultis
2591 1252 2970 1306 saepenumero
2998 1253 3105 1292 non
3135 1237 3339 1308 absque
3378 1246 3601 1309 stupore

2007 1331 2059 1377 et
2090 1322 2449 1377 admiratione
2480 1331 2718 1378 notatum
2746 1325 3117 1388 veracissime,
3154 1326 3277 1382 huic
3307 1326 3604 1381 narrationi

2006 1410 2258 1465 duximus
2290 1411 2525 1466 breviter
2554 1411 2924 1468 inserendum.
2972 1413 3415 1485 Quotiescunque
3459 1414 3603 1469 enim

2008 1516 2041 1555 a
2070 1499 2383 1573 longinquis
2413 1500 2660 1571 partibus
2690 1501 2921 1556 adillam
2947 1501 3050 1556 sibi
3073 1502 3327 1558 dilectam
3346 1503 3605 1558 tendebat

2007 1588 2375 1655 solitudinem,
2415 1605 2559 1657 mox,
2611 1597 2667 1644 ut
2718 1606 2745 1643 a
2793 1590 3015 1646 remotis
3064 1588 3347 1646 finitimam
3377 1591 3493 1660 ejus
3522 1591 3607 1646 in-

305 1670 553 1743 Denique
573 1689 694 1729 cum
726 1692 1167 1748 unumquemque
1190 1678 1453 1746 judicabit
1485 1680 1769 1747 Dominus,
1805 1699 1900 1737 ne-
1923 1713 1976 1773 Β
2006 1678 2351 1748 grediebatur
2379 1678 2684 1750 regionem,
2718 1678 2860 1735 nitor
2880 1679 3099 1751 quidam
3122 1679 3391 1746 insolitus,
3415 1680 3606 1736 colore

305 1775 579 1831 quaquam
612 1762 665 1816 id
688 1765 1050 1834 expostulabit
1094 1767 1239 1838 quod
1280 1768 1504 1823 eremita
1534 1769 1765 1842 quisque
1795 1788 1904 1826 non

306 1849 473 1906 fuerit
504 1860 595 1905 aut
623 1854 939 1921 monachus,
973 1854 1071 1909 sed
1102 1856 1281 1926 potius
1313 1858 1548 1928 reprobo
1580 1859 1777 1931 cuique
1810 1877 1902 1915 ex-

305 1939 655 2012 probrabitur
684 1942 830 2013 quod
880 1943 1101 1999 minime
1134 1945 1400 2000 exstiterit
1445 1947 1709 2003 veraciter
1755 1949 1903 2003 Chri-

305 2028 530 2083 stianus.
564 2030 701 2084 Nam
733 2030 837 2085 tria
866 2032 1116 2103 qumdam
1144 2050 1174 2088 a
1205 2034 1449 2106 quolibet
1480 2044 1605 2090 sunt
1636 2036 1902 2108 exigenda

301 2116 631 2187 Christiano,
666 2134 739 2173 ex
770 2120 965 2190 quibus
998 2122 1043 2175 si
1072 2122 1157 2178 vel
1197 2139 1363 2177 unum
1398 2123 1496 2191 illi,
1530 2140 1653 2181 cum
1688 2126 1902 2194 judica-

302 2206 463 2272 bitur,
497 2206 748 2276 defuerit,
784 2224 981 2264 nomen
1030 2210 1107 2264 illi
1153 2211 1517 2267 Christianum
1566 2230 1675 2270 non
1705 2215 1901 2270 valebit

302 2295 590 2366 prodesse.
622 2296 852 2351 Nocebit
881 2313 1077 2354 nomen
1108 2300 1286 2370 potius
1318 2300 1434 2356 sine
1467 2318 1548 2366 re,
1581 2303 1708 2374 quia
1741 2304 1901 2359 dam-

301 2383 535 2440 nabilior
565 2393 646 2439 est
677 2384 884 2440 falsitas
910 2386 966 2441 in
1017 2388 1258 2443 veritatis
1287 2390 1620 2459 professore.
1655 2393 1905 2464 Exigitur

303 2480 486 2528 autem
514 2481 570 2528 ut
622 2474 793 2530 virtus
836 2483 888 2531 et
938 2476 1139 2531 veritas
1188 2478 1448 2533 habeatur
1491 2480 1620 2535 boni
1668 2482 1904 2537 nominis

303 2562 484 2631 hujus,
529 2571 797 2635 quatenus
849 2564 1220 2621 indesinenter
1269 2575 1512 2623 teneatur
1551 2570 1792 2625 charitas
1848 2571 1905 2625 in

304 2652 493 2717 corde,
526 2651 726 2706 veritas
756 2652 811 2706 in
839 2669 955 2719 ore,
988 2655 1208 2710 castitas
1232 2672 1449 2728 quoque
1466 2657 1520 2711 in
1543 2674 1777 2729 corpore
1795 2676 1903 2715 non

307 2739 567 2796 fallaciter
595 2740 882 2795 Christiani
913 2745 1079 2813 (162).
1121 2764 1142 2791 ι
1178 2743 1334 2799 Inter
1347 2746 1540 2817 plura,
1565 2763 1687 2817 qua:
1718 2747 1783 2802 de
1817 2747 1903 2803 his

312 2829 491 2884 tribus
509 2830 569 2883 in
583 2830 727 2884 serie
739 2846 959 2900 magna:
974 2831 1102 2885 vita:
1112 2832 1403 2902 prolixius
1415 2834 1683 2889 inserant
1693 2853 1779 2901 ur,
1797 2852 1901 2891 no-

315 2917 487 2972 tabile
512 2921 597 2973 est
616 2918 859 2985 verbum,
877 2919 1019 2989 quod
1049 2921 1115 2976 de
1132 2922 1400 2976 castitate
1414 2926 1467 2977 et
1480 2923 1581 2977 Dei
1601 2923 1902 2981 dilectione

306 3007 642 3062 mulieribus
685 3006 1050 3079 prredicando
1094 3007 1309 3065 dimisso
1368 3013 1639 3081 refertur,
1674 3014 1757 3067 ita
1804 3015 1900 3068 in-

2008 1766 2273 1821 decenter
2312 1768 2616 1822 rubicundo
2648 1767 2983 1839 superfusus,
3017 1786 3188 1842 genas
3218 1770 3268 1824 ei
3310 1786 3433 1824 cum
3464 1768 3602 1825 facie

2003 1862 2115 1910 tota
2146 1855 2305 1909 simul
2335 1856 2537 1911 vestire
2569 1858 2870 1912 consuevit.
2894 1859 3016 1928 Ipse
3041 1874 3258 1930 quoque
3279 1858 3464 1912 intima
3486 1874 3604 1913 cor-

2006 1939 2091 1993 dis
2120 1939 2203 1993 sui
2251 1940 2320 1994 ad
2371 1940 2604 2010 primum
2655 1940 2798 1995 illius
2842 1951 3193 2013 conspectum
3244 1950 3296 1997 et
3344 1940 3604 1997 ineﬂ'abili

2014 2029 2246 2100 quadam
2270 2028 2609 2097 jucunditate
2639 2029 2935 2100 spiritualis
2961 2030 3144 2105 gaudii
3178 2030 3440 2086 sentiebat
3476 2047 3602 2101 per-

2004 2115 2176 2186 fundi,
2209 2117 2352 2188 quod
2386 2118 2499 2171 suis
2531 2132 2746 2189 quoque
2778 2116 3133 2173 familiaribus
3185 2118 3483 2189 saepissime
3512 2119 3601 2174 fa-

2003 2206 2237 2260 tebatur.
2287 2204 2407 2273 Quo
2450 2206 2561 2273 jam
2631 2206 2961 2261 consistente
3019 2207 3167 2277 apud
3224 2207 3599 2271 Withamiam,

2000 2302 2203 2348 tantam
2226 2294 2281 2347 in
2311 2309 2376 2348 eo
2397 2294 2639 2349 omnium
2662 2311 2920 2349 sensuum
2939 2295 3345 2352 innovationem
3368 2312 3602 2367 superna

2002 2382 2268 2438 adiciebat
2297 2383 2477 2454 gratia
2505 2392 2564 2437 ut
2595 2383 2771 2438 subito
2801 2383 2946 2438 intus
2975 2392 3025 2439 et
3057 2384 3216 2439 simul
3246 2394 3401 2440 extra
3430 2400 3596 2441 reno-

2007 2472 2126 2526 vari
2158 2471 2453 2536 videretur,
2498 2471 2637 2527 sicut
2667 2472 2862 2544 aquilae
2885 2473 3141 2541 juventus
3174 2489 3291 2529 sua.

2075 2561 2334 2631 Deposito
2364 2560 2580 2632 quidem
2611 2561 2843 2617 exterius
2875 2559 3060 2632 pallio,
3112 2578 3218 2634 quo
3266 2562 3514 2617 utebatur
3543 2562 3599 2617 in

2002 2649 2220 2720 publico
2250 2649 2421 2720 (quod
2466 2666 2530 2705 ex
2580 2649 2793 2723 integro
2842 2658 2954 2704 erat
3000 2650 3085 2706 vel
3138 2649 3364 2706 subrufo
3393 2667 3596 2722 panno,

2003 2737 2251 2792 candidis
2281 2754 2545 2809 agnarum
2574 2738 2807 2809 pellibus
2826 2737 3030 2794 forrato
3051 2738 3116 2812 [f.
3144 2739 3411 2812 foderato}
3434 2742 3452 2811 )
3472 2740 3590 2811 pel-

2005 2826 2084 2880 les
2114 2826 2373 2881 induebat
2402 2826 2676 2897 arietinas,
2708 2826 2856 2882 nullo
2886 2828 3051 2899 panni
3092 2824 3331 2901 tegmine
3362 2844 3598 2899 cooper-

2003 2922 2106 2969 tas.
2162 2915 2369 2981 Cilicio,
2430 2923 2483 2969 ut
2525 2931 2686 2987 supra
2729 2916 3037 2987 tegebatur,
3088 2918 3159 2971 ad
3204 2918 3405 2972 nudum
3435 2936 3449 2983 ;
3478 2918 3602 2974 huic

2003 3004 2235 3059 tunicam
2287 3004 2343 3058 in
2388 3004 2568 3060 medio
2627 3005 3018 3076 superinducto
3083 3006 3300 3061 velabat
3348 3007 3597 3077 pelliceo.

307 3097 536 3167 quiens:
560 3117 581 3141 ιι
604 3073 745 3150 Satis
763 3110 938 3150 asexu
960 3095 1194 3152 femineo
1217 3097 1363 3152 Deus
1386 3099 1730 3171 omnipotens
1746 3101 1901 3175 diligi
1923 3073 1970 3134 Ο
2000 3093 2352 3148 [ιθοῑὶειεΐηίει
2380 3094 2497 3162 eius
2530 3094 2647 3150 hinc
2677 3101 2887 3148 tantum
2917 3102 3085 3162 erant,
3121 3110 3337 3168 sagum,
3366 3095 3600 3151 cervical

306 3184 624 3254 promeruit,
655 3183 780 3256 quia
811 3184 961 3239 nasci
991 3185 1057 3239 de
1072 3184 1272 3239 femina
1288 3202 1395 3241 non
1413 3187 1633 3260 refugit.
1661 3189 1903 3261 Magniﬁ-

306 3288 430 3327 cum
461 3288 678 3344 quoque
708 3289 773 3329 ac
822 3290 949 3329 vere
993 3273 1220 3347 dignum
1257 3291 1323 3330 ex
1371 3276 1473 3332 hoc
1515 3278 1766 3333 omnibus
1823 3279 1900 3335 fe-

308 3360 472 3416 minis
502 3361 847 3433 privilegium
897 3362 1139 3419 contulit.
1188 3364 1326 3419 Nam
1377 3380 1499 3420 cum
1530 3367 1645 3422 viro
1675 3382 1896 3423 conces-

307 3466 429 3504 sum
460 3466 568 3506 non
600 3450 685 3516 sit,
718 3450 862 3522 quod
904 3451 990 3519 sit,
1037 3451 1124 3507 vel
1165 3452 1375 3508 dicetur
1422 3455 1580 3510 Pater
1625 3455 1746 3523 Dei,
1796 3457 1900 3513 hoc

303 3545 486 3593 tamen
516 3539 799 3611 prestitum
834 3548 915 3594 est
944 3541 1178 3608 mulieri,
1212 3551 1268 3596 ut
1300 3542 1368 3596 sit
1400 3543 1498 3597 Dei
1527 3559 1748 3614 parens.
1789 3569 1810 3592 ι»

374 3628 493 3682 lam
523 3644 652 3685 vero
699 3636 897 3683 tantam
950 3630 1005 3683 in
1044 3646 1141 3685 ore
1191 3632 1477 3686 veritatem
1525 3633 1781 3700 habebat,
1843 3642 1899 3688 ut

304 3716 482 3772 nullus
519 3733 702 3773 sermo
732 3719 799 3772 ab
831 3719 946 3789 ejus
977 3719 1151 3776 exiret
1192 3720 1353 3774 labiis
1401 3721 1485 3775 cui
1534 3722 1756 3777 sentiret
1792 3722 1895 3777 ali-

304 3806 434 3878 quid
464 3805 646 3862 inesse
677 3806 947 3862 falsitatis.
982 3809 1122 3863 Nam
1155 3816 1206 3863 et
1237 3810 1447 3864 cautela
1479 3810 1682 3865 vitandi
1710 3811 1897 3879 cujus-

305 3910 520 3966 cunque
550 3894 694 3959 falsi,
728 3912 849 3950 cum
881 3896 1152 3951 referebat
1184 3897 1481 3968 quidpiam,
1516 3915 1613 3953 seu
1646 3915 1899 3955 recense-

306 3983 414 4047 bat,
451 4000 572 4054 quaa
602 3983 805 4054 egisset
835 3984 918 4038 vel
949 3985 1228 4052 audiisset,
1263 3986 1443 4056 aliquo
1468 3993 1899 4057 temperamento

308 4087 529 4142 semper
584 4071 867 4141 utebatur,
916 4072 973 4126 in
1016 4072 1099 4126 his
1148 4073 1308 4127 etiam
1364 4091 1485 4145 quas
1530 4074 1900 4134 indubitanter

304 4159 594 4215 verissima
616 4176 737 4215 esse
757 4168 1004 4229 noverat,
1029 4168 1086 4215 ut
1104 4161 1314 4216 diceret
1339 4178 1351 4217 :
1377 4186 1399 4209 α
1428 4162 1516 4217 Sic
1533 4162 1598 4236 [f.
1622 4164 1781 4238 sicut]
1802 4182 1894 4222 no-

305 4248 390 4303 bis
419 4249 653 4305 occurrit
681 4249 864 4315 modo,
892 4270 913 4299 ι
929 4249 1235 4323 autaliquid
1257 4250 1403 4306 aliud
1422 4252 1478 4305 in
1497 4253 1640 4309 hunc
1651 4255 1895 4324 modum,

307 4353 415 4409 quo
434 4338 789 4393 temeritatem
812 4339 1132 4395 assertionis
1144 4339 1297 4396 falsae.
1320 4339 1561 4397 funditus
1578 4343 1894 4399 declinaret.

2003 3189 2055 3236 et
2084 3181 2280 3251 pelles.
2323 3183 2477 3237 Mane
2504 3198 2629 3238 cum
2684 3199 2877 3238 manus
2934 3184 3003 3238 de
3060 3200 3215 3239 more
3253 3184 3509 3247 ablueret,
3543 3192 3600 3239 ut

2003 3270 2253 3326 ministro
2287 3271 2455 3340 nullo,
2485 3271 2561 3325 ita
2590 3271 2741 3327 nullo
2787 3272 3042 3327 utebatur
3070 3273 3427 3344 manutergio.
3470 3273 3598 3327 Mis—

2002 3375 2117 3414 sam
2148 3360 2498 3415 devotissime
2529 3360 2745 3416 duobus
2784 3369 3072 3416 contentus
3098 3361 3383 3429 ministris,
3426 3362 3597 3417 sacri-

2003 3457 2082 3503 sta
2116 3447 2321 3504 scilicet
2349 3448 2475 3517 loci,
2508 3458 2561 3504 et
2590 3449 2876 3520 capellano
2919 3466 3040 3519 suo,
3076 3450 3317 3522 quotidie
3348 3451 3596 3506 celebra-

2001 3538 2093 3591 bat
2123 3538 2291 3611 (163).
2341 3538 2559 3593 Annulo
2617 3537 2911 3609 pontificali
2968 3547 3215 3610 excepto,
3274 3540 3330 3594 in
3369 3540 3595 3611 reliquis

2002 3626 2438 3682 sacerdotalibus
2493 3627 2826 3683 indumentis
2864 3643 2897 3682 a
2936 3628 3326 3684 consuetudine
3371 3629 3598 3683 Carthu-

2002 3715 2261 3770 siensium
2291 3715 2345 3769 in
2375 3716 2525 3770 nullo
2556 3717 2771 3787 penitus
2797 3715 3105 3773 differebat.
3141 3718 3402 3774 Utebatur
3450 3717 3597 3773 enim

2000 3803 2119 3859 alba
2152 3812 2205 3859 et
2234 3804 2455 3870 amictu,
2490 3804 2649 3870 stola,
2682 3805 2878 3861 favone
2907 3814 3067 3878 atque
3089 3807 3321 3877 planeta,
3346 3806 3520 3879 planis
3542 3813 3599 3861 et

2000 3893 2267 3960 candidis,
2299 3909 2400 3949 nec
2429 3894 2632 3949 ornatis
2664 3894 2860 3960 serico,
2887 3910 2983 3949 seu
3012 3894 3288 3951 aurifrisio
3319 3910 3415 3950 seu
3434 3911 3597 3966 gem-

2001 3982 2126 4037 mis.
2178 3983 2378 4038 Diebus
2420 3983 2718 4038 Dominicis
2765 3992 2890 4054 post
2935 3999 3144 4039 caenam
3202 4000 3327 4040 cum
3385 3983 3601 4039 caeteris

1999 4072 2283 4127 monachis
2312 4073 2382 4127 ad
2412 4072 2606 4127 ostium
2638 4071 2912 4128 refectorii
2976 4089 3097 4129 cum
3129 4073 3342 4129 silentio
3390 4081 3443 4128 et
3471 4090 3600 4146 gra-

2002 4160 2162 4216 vitate
2185 4161 2534 4231 procedebat,
2566 4161 2657 4215 ubi
2687 4162 2844 4232 panis
2867 4161 3097 4235 singulis
3117 4162 3185 4216 ad
3208 4162 3600 4217 totiushebdo-

2000 4250 2175 4305 madas
2236 4249 2430 4303 victum
2480 4252 2630 4319 (164)
2686 4266 2719 4304 a
2766 4249 2931 4306 fratre
2986 4250 3208 4305 interius
3265 4251 3600 4307 consistente

2001 4339 2372 4409 praebebatur.
2410 4339 2567 4409 Saepe
2600 4346 2782 4394 tamen
2811 4339 2880 4393 de
2928 4338 3148 4394 licentia
3178 4339 3376 4409 prioris
3407 4356 3473 4397 ex
3504 4355 3602 4395 co-

303 4426 419 4482 Nec
450 4426 648 4481 minori
681 4443 895 4499 quoque
928 4428 1276 4484 observantia
1318 4430 1582 4494 veritatis,
1616 4432 1780 4505 sigilli
1814 4433 1970 4493 suiD
2001 4427 2187 4498 phiHO,
2250 4428 2363 4482 sive
2423 4444 2488 4482 ex
2537 4443 2681 4495 arca,
2733 4443 2841 4498 qua
2898 4427 3081 4483 missa:
3142 4428 3512 4483 condebantur
3565 4444 3601 4483 a

300 4515 662 4571 reverentiam
695 4516 970 4582 tuebatur,
1004 4517 1137 4571 nihil
1184 4535 1419 4590 unquam
1479 4535 1589 4574 non
1620 4537 1806 4575 verum
1838 4522 1891 4576 in

301 4603 514 4671 litteris,
574 4619 639 4660 eo
695 4603 997 4678 signandis,
1060 4606 1323 4661 contineri
1393 4608 1733 4677 permittens.
1792 4610 1895 4665 Ubi

306 4693 446 4748 adeo
474 4692 827 4763 scrupulosus
858 4692 975 4759 fuit,
1008 4695 1154 4766 quod
1196 4695 1350 4765 juxta
1394 4696 1568 4750 tritam
1620 4698 1896 4753 scribendi

299 4780 607 4849 formulam,
643 4798 764 4838 cum
796 4782 1068 4838 citatorias
1116 4783 1278 4839 alicui
1317 4784 1523 4852 ederet,
1557 4785 1611 4840 in
1660 4786 1739 4841 eis
1770 4786 1895 4841 nul-

301 4870 517 4927 latenus
546 4871 674 4943 poni
705 4871 924 4938 sineret,
960 4893 981 4919 «ι
1011 4872 1367 4928 Meminimus
1391 4890 1491 4929 nos
1514 4879 1568 4930 te
1589 4876 1895 4948 aliquando

303 4961 511 5014 citasse
546 4980 568 5009 ι
603 4976 671 5014 ne
699 4959 858 5025 forte,
891 4959 1037 5031 quod
1067 4960 1121 5013 in
1170 4976 1264 5014 sua
1315 4976 1425 5015 non
1465 4971 1579 5017 erat
1609 4964 1894 5029 memoria,

302 5046 359 5101 in
387 5062 453 5102 ea
485 5063 606 5103 esse
628 5063 727 5102 sua
756 5048 1076 5104 mentiretur
1105 5048 1369 5105 chartula.

370 5224 512 5291 (162)
556 5226 800 5277 Subducta
843 5241 939 5278 non
981 5229 1225 5290 auctoris,
1269 5228 1353 5279 sed
1394 5229 1748 5281 abbreviatoris
1786 5235 1899 5283 sunt

302 5293 475 5354 verba,
501 5294 723 5356 quaedam
751 5294 811 5343 ob
839 5293 1166 5357 prolixitatem
1194 5295 1483 5346 omittentis.

370 5360 513 5422 (165)
540 5362 670 5424 Ergo
691 5361 793 5421 jam
821 5362 1094 5423 quotidiana
1131 5362 1467 5413 celebrabatur
1507 5364 1651 5413 missa
1673 5404 1686 5425 ,
1725 5365 1898 5415 saltem

303 5427 636 5477 conventualis
659 5432 710 5477 et
750 5428 968 5491 publica,
1000 5428 1189 5490 qualem
1216 5432 1267 5479 et
1288 5430 1402 5479 olim
1444 5430 1535 5480 sub
1569 5430 1805 5494 Guigonis
1838 5432 1898 5492 V,

303 5495 530 5610 ¹ξξιῃροιᾶξ
559 5494 855 5611 σειῗὺηωω
881 5495 1031 5547 fuisse
1053 5495 1265 5559 quotidie
1303 5500 1526 5557 constat,
1551 5496 1667 5548 licet
1699 5497 1901 5562 privatae

362 5571 467 5609 nus
521 5572 631 5610 eren
661 5595 675 5609 .

362 5571 467 5609 nus
485 5571 675 5610 tierent.

1996 4515 2219 4570 fratrum
2249 4516 2402 4571 cellis
2451 4532 2547 4570 seu
2600 4532 2632 4570 a
2676 4515 2968 4571 refectorio
3018 4516 3278 4582 collectae,
3330 4516 3598 4573 crustulas

1997 4604 2269 4669 duriores,
2305 4612 2359 4659 et
2404 4604 2661 4658 minutias
2714 4604 3139 4676 fragmentorum
3187 4621 3297 4675 prae
3342 4605 3598 4660 ariditate

1990 4694 2100 4762 jam
2132 4692 2367 4747 torridas
2397 4693 2634 4763 propriis
2663 4693 2916 4747 manibus
2946 4693 3256 4766 colligebat,
3286 4710 3413 4762 non,
3447 4694 3597 4765 quod

1998 4782 2046 4837 ei
2070 4799 2198 4837 suus
2228 4782 2388 4853 panis
2419 4798 2528 4836 non
2560 4781 2849 4848 sufficeret,
2867 4783 2964 4837 sed
2987 4783 3471 4853 superabundaret,
3491 4784 3592 4838 sed

1998 4871 2113 4925 hinc
2140 4870 2358 4926 dicebat
2386 4869 2691 4941 fragmenta
2714 4870 2815 4924 sibi
2847 4870 3123 4941 sapidiora
3155 4886 3319 4943 quam
3351 4871 3585 4926 solidum

1997 4976 2193 5030 panem
2235 4958 2429 5014 videri.
2489 4960 2698 5013 Revera
2747 4959 2968 5030 quidem
3013 4960 3402 5015 benedictionis
3454 4976 3592 5015 ron-

1998 5049 2111 5103 dita
2133 5049 2404 5117 justorum
2442 5047 2651 5120 gratius
2683 5063 2817 5102 sano
2866 5048 2984 5115 ejus
3039 5048 3217 5119 palato
3273 5049 3582 5120 sapiebant.

2068 5223 2208 5285 (164)
2236 5225 2290 5275 In
2314 5225 2440 5275 hanc
2460 5239 2608 5288 usque
2628 5226 2753 5277 diem
2776 5226 2904 5276 idem
2930 5225 3162 5277 actitatur
3194 5225 3243 5274 in
3268 5225 3599 5275 Carthusiano

2000 5292 2186 5349 ordine,
2213 5292 2328 5342 dum
2355 5293 2491 5354 panis
2515 5293 2711 5343 cuilibet
2731 5292 3057 5355 distribuitur,
3084 5304 3180 5342 non
3199 5292 3256 5342 ad
3280 5291 3594 5343 hebdomadis

1997 5359 2223 5422 integrae,
2248 5359 2334 5410 sed
2360 5359 2417 5410 ad
2442 5360 2691 5422 sequentis
2714 5360 2810 5412 diei
2834 5360 3015 5410 victum
3042 5358 3307 5409 sufﬁciens.
