3960 6062
317 220 458 274 1025

1661 207 1842 264 VlTA.
1876 239 1946 250 —
1976 209 2104 264 LIB.
2149 209 2245 266 IV.

3469 213 3606 270 1026

317 340 604 406 Sculellas,
647 355 756 394 non
805 338 986 406 modo,
1038 337 1234 409 quibus
1279 336 1559 408 pulmenta
1604 335 1653 391 ei
1683 335 1908 390 fuissent
1937 335 2225 406 Aignoro,
2260 351 2422 406 quam
2455 335 2544 406 pio
2565 335 2782 392 duceris
2803 335 3096 401 desiderio,
3128 343 3185 390 ut
3205 349 3476 406 supremae
3497 335 3608 404 jam

316 429 644 497 ministrata,
679 429 777 482 sed
822 429 1004 490 etiam,
1057 442 1191 497 quas
1253 425 1468 479 fortuitu
1512 425 1690 479 illotas
1717 424 1914 478 alicubi

318 518 633 589 reperisset,
667 516 1058 571 delectabiliter
1085 514 1359 585 gaudebat
1377 514 1615 579 abluere,
1651 521 1795 567 tanta
1826 528 1917 568 eas

319 605 601 678 diligentia
630 605 878 659 manibus
907 603 1202 674 digitisque
1234 602 1572 656 nitidissimis
1606 603 1749 656 intus
1769 610 1919 656 exte-

317 696 538 766 riusque
569 694 844 749 defricans
893 709 957 748 ac
1004 693 1344 763 pollinciens,
1378 707 1441 747 ac
1471 691 1517 746 si
1547 691 1771 747 calicem
1803 692 1916 746 Do-

319 784 579 839 minicum
613 799 673 837 se
705 790 1049 837 contrectare
1078 788 1313 851 putaret.

396 874 460 926 Et
479 872 595 942 ipse
617 870 834 942 quidem
857 869 1003 924 omni
1027 878 1273 939 tempore
1296 869 1464 924 semel
1482 868 1535 922 in
1552 868 1916 936 bebdomada,

330 961 384 1015 id
416 968 515 1025 est,
550 959 636 1014 die
669 958 873 1012 sabbati
908 958 1212 1028 purissimae
1253 957 1613 1013 confessionis
1641 957 1917 1012 lavacrum

327 1048 727 1120 frequentabat.
777 1047 934 1115 Quod
983 1047 1050 1101 de
1081 1047 1362 1101 traditione
1393 1045 1687 1101 inviolabili
1717 1045 1920 1100 ordinis

323 1139 408 1192 sui
466 1153 791 1208 exsequens,
860 1136 1168 1190 nullatenus
1217 1137 1518 1200 omittebat,
1581 1135 1708 1206 quin
1758 1135 1921 1188 etiam

324 1227 572 1283 crebrius
607 1227 710 1281 hoc
759 1234 967 1296 ageret,
1013 1242 1138 1279 mox
1186 1233 1244 1278 ut
1275 1225 1470 1295 aliquis
1499 1241 1565 1278 ex
1596 1239 1922 1294 quocunque

322 1315 485 1380 facto,
520 1315 684 1379 dicto,
719 1314 961 1387 cogitatu
1002 1313 1294 1384 scrupulus
1335 1321 1534 1384 praeter
1563 1312 1774 1367 solitum
1808 1312 1922 1382 ejus

318 1405 500 1459 animo
550 1404 807 1458 subortus
849 1401 1059 1457 fuisset.
1112 1404 1443 1472 Frequenter
1489 1417 1703 1473 quoque
1735 1400 1922 1454 iterata

317 1492 615 1547 innumeris
645 1491 855 1547 vicibus
888 1491 1256 1559 confessione,
1309 1491 1571 1561 quidquid
1600 1489 1667 1543 ab
1700 1488 1923 1543 infantia

319 1599 379 1636 se
429 1580 739 1635 meminisse
787 1579 966 1635 delicti
1035 1579 1376 1634 commisisse
1426 1587 1654 1649 poterat,
1702 1578 1924 1632 domino

2019 424 2141 478 vitm
2174 432 2278 478 tua:
2307 425 2561 495 reliquias
2609 426 2748 479 inter
2799 433 3015 480 sanctos
3044 425 3373 495 Burgundize
3403 423 3607 478 eremi-

2020 521 2100 566 tas
2130 512 2438 582 expendere
2470 514 2673 568 valeas.
2709 514 2908 568 Verum
2937 530 3024 568 me
3053 513 3230 584 potius
3261 520 3311 568 et
3343 511 3476 567 ratio
3507 529 3605 566 ur-

2020 609 2112 673 get
2144 612 2195 655 et
2224 603 2492 668 voluntas,
2527 611 2583 656 ut
2612 603 2664 656 id
2695 603 2869 672 ipsum
2893 619 3076 673 agam.
3115 624 3136 652 ν
3157 604 3415 657 Extracto
3445 600 3609 671 igitur

2021 691 2220 745 annulo
2250 690 2544 761 pontificali
2575 708 2608 746 a
2639 691 2828 764 digito,
2879 701 2930 746 et
2961 691 3236 748 accersitis
3266 691 3335 744 ad
3364 706 3422 744 se
3451 688 3610 745 cleri-

2021 779 2099 833 cis
2126 779 2256 846 suis,
2299 780 2371 833 ait
2400 779 2480 834 eis
2515 795 2526 833 :
2564 804 2584 827 α
2623 782 2700 835 Ite
2731 781 3072 851 quantocius,
3107 788 3158 834 et
3183 781 3326 835 hunc
3353 777 3612 832 annulum

2021 867 2301 922 vobiscum
2333 867 2661 934 deferentes,
2697 886 2760 924 ac
2792 870 3083 924 salutantes
3113 868 3363 924 dominos
3393 874 3613 922 nostros

2020 956 2332 1018 Lincolniae.
2366 957 2545 1012 verbis
2595 958 2796 1013 nostris
2839 958 3152 1013 denuntiato
3182 957 3308 1023 illis,
3345 964 3610 1028 quatenus

2023 1044 2123 1098 sibi
2155 1045 2317 1100 alium
2349 1047 2690 1117 provideant,
2725 1054 2775 1102 et
2797 1047 3001 1120 eligant
3020 1045 3348 1118 pontificem,
3371 1054 3425 1099 ut
3456 1043 3614 1099 nobis

2024 1134 2092 1187 de
2121 1143 2319 1189 cartero
2349 1135 2582 1190 amicam
2632 1135 2814 1190 fovere
2855 1136 3015 1192 liceat
3046 1135 3410 1190 solitudinem.
3443 1133 3614 1187 Nimis

2023 1222 2112 1276 diu
2143 1231 2244 1289 est,
2279 1240 2345 1279 ex
2394 1242 2502 1295 quo
2555 1225 2694 1279 inter
2743 1225 3055 1280 mundanos
3105 1240 3298 1280 versor
3349 1222 3614 1287 turbines,

2024 1321 2225 1366 sancta:
2273 1313 2703 1368 conversationis
2749 1313 3042 1382 dulcedini,
3075 1314 3130 1367 in
3156 1330 3262 1385 qua
3289 1329 3320 1367 a
3348 1309 3616 1384 principio

2023 1400 2182 1468 calui,
2236 1417 2406 1456 vanas
2455 1411 2508 1456 et
2555 1419 2764 1456 amaras
2811 1403 3197 1474 occupationes
3242 1402 3400 1471 hujus
3429 1397 3614 1456 saaculi

2024 1505 2130 1543 non
2163 1498 2310 1545 recte
2340 1500 2693 1562 anteponens.
2731 1516 2752 1539 ιι

2092 1579 2242 1632 Talia
2271 1596 2337 1633 eo
2367 1589 2756 1651 prosequente,
2791 1581 2984 1635 timere
3017 1579 3180 1650 coepit
3197 1594 3262 1634 ac
3277 1586 3514 1633 tremere
3537 1576 3618 1632 vir

318 1670 575 1733 revelare,
639 1669 864 1739 ejusque
934 1667 1145 1733 vicarii,
1205 1667 1291 1722 cui
1353 1666 1736 1732 confitebatur,
1795 1682 1920 1721 ora-
1948 1699 2000 1758 B
2024 1666 2113 1720 ille
2143 1667 2555 1736 desideriorum,
2591 1686 2753 1740 quem
2784 1669 3020 1724 ducebat
3038 1685 3145 1724 non
3169 1667 3400 1724 dulcedo
3428 1665 3619 1720 natalis

320 1759 466 1813 tione
497 1757 712 1812 veniam
743 1757 986 1811 obtinere
1029 1757 1329 1829 satagebat.
1380 1756 1549 1824 Quasi
1579 1772 1706 1827 vero
1739 1756 1918 1809 minus

321 1855 485 1912 esset,
520 1845 785 1917 quidquid
836 1845 999 1899 totius
1052 1845 1178 1898 anni
1219 1854 1459 1915 tempore
1499 1844 1632 1898 alias
1678 1843 1915 1908 fecisset,

322 1944 448 1990 tunc
477 1934 531 1989 in
572 1934 795 1988 auribus
836 1933 1243 1989 discretissimis
1295 1933 1682 1988 venerabilium
1729 1949 1920 1987 servo-

323 2041 445 2078 rum
476 2023 575 2078 Dei
604 2039 726 2078 cum
757 2022 963 2094 ingenti
984 2022 1168 2077 cordis
1188 2021 1511 2077 contritione
1533 2022 1587 2076 id
1616 2038 1783 2094 agere
1815 2021 1920 2074 im—

322 2112 547 2184 pensius
575 2112 823 2178 curabat,
859 2111 1232 2165 indesinenter
1246 2127 1589 2180 conquerens
1611 2111 1756 2182 quod
1779 2111 1924 2164 bona

327 2218 444 2270 sua,
477 2201 522 2256 si
546 2217 666 2272 qua:
711 2218 775 2256 ex
802 2199 946 2256 dono
993 2199 1091 2254 Dei
1131 2200 1184 2253 in
1218 2216 1277 2254 se
1311 2207 1514 2265 essent,
1549 2216 1611 2253 ex
1645 2215 1741 2254 suo
1771 2207 1923 2254 reatu

327 2290 498 2357 fieret,
532 2289 678 2362 quod
702 2306 835 2360 pura
858 2289 986 2343 satis
1009 2303 1116 2343 non
1135 2288 1417 2359 prodirent
1442 2307 1456 2354 ;
1486 2289 1627 2344 mala
1645 2304 1773 2344 vero
1803 2304 1919 2358 sua,

327 2395 437 2434 non
466 2379 611 2433 aliud
641 2395 799 2450 quam
831 2394 969 2450 pura
998 2377 1143 2432 mala
1173 2377 1420 2432 fuissent.

931 2529 1158 2585 CAPUT
1195 2530 1315 2583 ΧΙΙ.

330 2657 553 2719 Qualiter
577 2658 734 2719 fratre
759 2658 994 2718 Eynardo
1018 2657 1073 2706 in
1095 2657 1377 2718 arreptione
1402 2655 1601 2705 itineris
1647 2656 1922 2716 constituto,

396 2729 452 2774 ut
494 2724 801 2774 Withamiam
843 2725 1144 2784 relinquens,
1194 2723 1505 2773 Carlhusiam
1547 2728 1803 2783 remearet,
1844 2736 1928 2774 re-

397 2793 573 2840 ductus
613 2798 689 2840 est
721 2806 750 2840 a
793 2791 930 2840 beato
961 2791 1160 2849 llugone
1184 2829 1196 2848 ,
1246 2791 1366 2840 inito
1413 2791 1541 2840 inter
1586 2802 1668 2838 eos
1713 2790 1929 2839 vicissim

393 2858 602 2918 fwdere,
628 2859 756 2918 quod
778 2870 865 2907 nec
888 2859 972 2906 ille
1002 2857 1342 2918 Withamiam,
1382 2871 1468 2907 nec
1509 2857 1602 2906 iste
1627 2857 1930 2908 Lincolniam

396 2926 646 2974 desereret
667 2925 715 2974 in
735 2924 978 2984 futurum.

402 3042 534 3096 Cum
584 3049 767 3096 autem
814 3041 1063 3112 superius
1107 3049 1438 3096 memoratus
1486 3041 1655 3096 frater
1706 3042 1924 3112 Eynar—

331 3130 434 3184 dus
465 3131 613 3201 (165)
638 3131 753 3199 jam
780 3130 1072 3185 admodum
1102 3146 1268 3184 senex
1299 3137 1442 3184 esset
1470 3129 1710 3196 effectus,
1745 3138 1928 3200 utpote

335 3219 427 3289 qui
455 3219 610 3273 annis
639 3235 778 3289 pene
811 3226 1029 3274 centum
1059 3218 1115 3271 in
1143 3218 1387 3272 diversas
1410 3218 1596 3271 mundi
1624 3227 1802 3288 partes
1833 3233 1932 3288 pro

331 3307 676 3362 instituendis
716 3307 859 3362 illius
907 3306 1116 3362 ordinis
1159 3306 1410 3361 domibus
1460 3323 1489 3360 a
1537 3307 1648 3360 suis
1695 3307 1933 3361 Carthu-

334 3397 604 3450 siensibus
637 3395 802 3468 longe
830 3397 1048 3466 lateque
1081 3396 1344 3458 directus,
1376 3395 1719 3464 demumjam
1750 3396 1938 3450 decre-

336 3485 480 3555 pitus
528 3483 682 3552 hujus
722 3483 926 3555 negotii
976 3500 1135 3538 causa
1186 3492 1514 3554 pervenerat
1556 3483 1930 3549 Withamiam,

341 3572 410 3626 ad
463 3572 799 3626 Carthusiam
868 3572 1044 3626 redire
1121 3573 1390 3642 cupiebat.
1464 3572 1693 3627 Videbat
1767 3572 1932 3637 enim,

336 3661 636 3732 opitulante
688 3661 786 3714 Dei
831 3661 1228 3727 misericordia,
1266 3661 1378 3729 jam
1409 3661 1589 3716 locum
1620 3661 1797 3732 ipsum
1827 3669 1936 3714 tam

337 3749 564 3804 interius
593 3764 758 3820 quam
805 3750 1044 3804 exterius
1091 3750 1160 3804 ad
1191 3749 1536 3820 perfectionis
1565 3750 1781 3805 culmen
1811 3749 1936 3804 feli-

337 3839 469 3895 citer
497 3839 775 3893 enituisse.
811 3839 1141 3910 Disponebat
1188 3839 1348 3910 igitur
1377 3839 1446 3894 ad
1490 3855 1619 3894 suos
1649 3840 1852 3906 redire,
1887 3847 1939 3894 et

337 3928 544 3983 cariosa
593 3927 708 3996 jam
744 3928 995 3982 membra
1059 3927 1234 3982 bustis
1275 3937 1606 3992 sanctorum,
1659 3928 1751 4000 qui
1813 3929 1959 3983 eum'

339 4015 743 4071 adolescentem
789 4016 917 4070 olim
979 4016 1358 4081 educaverant,
1425 4017 1658 4072 sociare.
1709 4019 1933 4083 Verum,

337 4121 463 4161 cum
506 4113 757 4160 cerneret
787 4121 939 4158 suam
968 4105 1035 4159 de
1065 4104 1154 4159 die
1185 4105 1239 4158 in
1271 4105 1415 4160 diem
1447 4105 1746 4160 rationibus
1773 4105 1938 4160 variis

339 4193 485 4248 eludi
523 4193 897 4259 intentionem,
949 4209 1052 4249 nec
1096 4194 1208 4262 jam
1253 4194 1417 4248 ferret
1479 4210 1588 4264 quo
1641 4211 1796 4249 mens
1841 4210 1940 4248 sua

335 4283 595 4336 aestuabat
638 4281 898 4337 desiderii
949 4282 1368 4348 vehementiam,
1403 4282 1715 4337 valedicens
1751 4282 1938 4337 fratri-

339 4370 458 4436 bus,
489 4371 752 4426 tremulos
780 4371 976 4425 baculo
1026 4379 1336 4425 sustentans
1367 4379 1533 4437 artus,
1567 4371 1715 4426 abire
1749 4371 1930 4441 cmpit.
1963 4387 1976 4441 ,‘

1963 4419 2015 4478 D

411 4462 478 4513 At
532 4459 836 4530 Episcopus
885 4460 1054 4514 solitis
1098 4468 1224 4516 tunc
1271 4460 1324 4514 in
1367 4460 1508 4515 cella
1566 4477 1662 4514 sua
1703 4461 1933 4516 vacabat

340 4547 612 4602 exercitiis
683 4548 1265 4620 contemplationisque
1339 4549 1633 4604 dulcedini.
1705 4550 1932 4605 Caverat

339 4638 484 4690 enim
514 4652 679 4690 senex
702 4636 789 4691 ille
813 4635 1059 4703 devotus,
1086 4653 1153 4691 ne
1174 4637 1318 4708 quod
1342 4637 1663 4692 moliebatur
1695 4638 1744 4692 ei
1775 4637 1932 4693 citius

340 4723 725 4789 innotesceret,
759 4741 789 4777 a
821 4741 928 4795 quo
959 4742 1018 4780 se
1045 4725 1277 4780 maxime
1310 4726 1758 4795 przepediendum
1791 4725 1932 4780 mul-

342 4813 410 4866 tis
435 4813 548 4881 jam
580 4813 915 4884 argumentis
938 4813 1241 4869 certissime
1256 4815 1651 4883 prienoscebat.
1686 4814 1793 4870 Sed
1824 4831 1933 4869 non

339 4901 394 4954 in
422 4901 646 4972 longum
679 4918 768 4956 res
797 4902 965 4956 latere
995 4919 1118 4956 eum
1141 4910 1369 4972 poterat.
1407 4903 1525 4956 Mox
1557 4920 1689 4975 ergo
1714 4904 1807 4965 ita,
1840 4920 1937 4974 pe-

342 4990 501 5044 dibus
531 5007 702 5062 usque
752 4991 821 5045 ad
865 4991 1120 5046 interiora
1168 4991 1330 5046 vicini
1358 4992 1598 5046 nemoris
1629 5010 1752 5047 eum
1783 4993 1934 5048 inse-

342 5087 518 5144 cutus,
553 5080 637 5132 his
669 5079 816 5133 illum
849 5079 1074 5134 affatur:
1114 5103 1135 5128 α
1169 5081 1376 5147 Pareat,
1411 5081 1602 5152 inquit,
1635 5082 1730 5135 tibi
1761 5082 1936 5136 omni-

342 5175 536 5238 potens
569 5168 734 5232 Deus,
779 5167 942 5223 frater
990 5167 1273 5239 Eynardel
1309 5169 1452 5238 Quid
1502 5171 1645 5224 enim
1676 5179 1754 5224 est
1789 5171 1936 5241 quod

346 5271 513 5328 agere
537 5256 826 5311 decrevisti
846 5257 873 5310 ?
903 5258 1031 5328 quid
1061 5258 1267 5329 absque
1297 5259 1514 5312 alumno
1547 5268 1636 5313 tuo
1656 5259 1933 5322 recedere,

346 5361 540 5416 meque
570 5345 764 5409 solum,
798 5354 851 5400 et.
882 5347 1024 5402 dulci
1053 5346 1329 5401 nutritoris
1376 5347 1570 5401 solatio
1600 5348 1933 5412 destitutum,

347 5431 402 5486 in
434 5440 579 5488 terra
626 5433 805 5488 aliena
841 5435 1147 5506 relinquere
1195 5435 1493 5506 cogitasti?
1522 5436 1790 5507 Equidem
1830 5453 1940 5491 non

417 5611 557 5678 (165)
595 5614 664 5664 De
689 5625 782 5676 quo
804 5613 950 5664 etiam
976 5613 1135 5677 agitur
1155 5614 1239 5665 lib.
1268 5627 1323 5676 ιι,
1349 5627 1396 5666 c.
1423 5615 1474 5665 5.

2020 1755 2141 1819 soli,
2177 1756 2271 1811 sed
2322 1757 2561 1829 ﬂagrans
2600 1773 2753 1812 amor
2799 1757 2930 1828 poli,
2979 1757 3232 1828 stetitque
3264 1754 3618 1826 stupefactus.

2019 1845 2169 1900 Tunc
2202 1845 2418 1901 clericis
2448 1863 2614 1917 super
2662 1847 2755 1902 tali
2803 1847 3100 1902 infortunio
3139 1844 3618 1917 conquerentibus,

2022 1950 2130 2004 quo
2161 1951 2259 2004 per
2291 1951 2416 1989 eum
2447 1953 2546 1991 suo
2574 1935 2747 1991 forent
2776 1945 2992 2007 pastore
3023 1934 3368 2000 destituendi,
3394 1940 3446 1988 et
3467 1948 3624 2003 exag-

2023 2023 2336 2093 gerantibus
2389 2025 2742 2080 vehementer
2795 2025 3199 2081 incommodum
3264 2023 3422 2092 hujus
3470 2020 3623 2087 mali,

2024 2110 2183 2164 frater
2211 2112 2302 2166 ille
2351 2111 2588 2168 suffusus
2637 2113 2892 2185 lacrymis
2919 2123 2972 2169 et
3019 2111 3386 2184 ingemiscens
3435 2108 3622 2181 gravi-

2026 2207 2128 2267 ter,
2162 2200 2390 2271 pedibus
2423 2201 2731 2257 advolvitur
2757 2202 2925 2258 sancti
2947 2201 3219 2272 praesulis.
3255 2201 3498 2271 Cumque
3528 2214 3624 2253 ore

2025 2287 2259 2344 facundo
2289 2305 2352 2344 ac
2389 2290 2705 2346 doctissimo
2740 2291 2910 2346 laicus
2942 2290 3045 2344 iste
3077 2290 3335 2360 episcopo
3363 2287 3628 2342 niteretur

2027 2385 2140 2430 tum
2171 2379 2446 2448 precibus,
2489 2387 2602 2433 tum
2647 2379 2950 2434 rationibus
2975 2378 3326 2450 persuadere,
3361 2376 3485 2448 quia
3517 2390 3626 2430 non

2027 2465 2098 2520 ita
2130 2467 2230 2521 sibi
2278 2468 2464 2524 liceret
2493 2468 2749 2523 divinitus
2779 2468 3100 2524 commissas
3131 2467 3442 2538 relinquere
3472 2480 3623 2533 oves,

2028 2570 2130 2610 nec
2161 2555 2312 2610 illum
2360 2558 2464 2612 hoc
2513 2557 2676 2612 modo
2715 2557 2861 2614 flecti
2890 2556 3254 2628 conspiceret,
3289 2570 3466 2628 genua
3505 2553 3625 2621 ejus

2029 2644 2424 2714 complectitur,
2473 2646 2658 2701 dicens
2692 2661 2704 2700 :
2742 2668 2763 2697 ι
2800 2647 2960 2712 Vere,
3011 2646 3104 2709 ait,
3140 2644 3376 2716 quandiu
3409 2641 3626 2712 spiritus

2030 2733 2205 2787 vitalis
2236 2743 2357 2804 aget
2389 2743 2440 2789 et
2471 2743 2624 2805 reget
2654 2736 2755 2789 hos
2785 2744 2950 2800 artus,
2985 2750 3092 2789 non
3110 2742 3159 2788 te
3181 2733 3487 2803 permittam
3506 2745 3627 2803 gre-

2031 2838 2157 2893 gem
2190 2831 2338 2876 tuum
2373 2824 2695 2895 relinquere,
2731 2832 2784 2878 et
2814 2824 3172 2894 plurimorum
3195 2822 3367 2876 salute
3393 2828 3631 2875 contem-

2037 2918 2152 2980 pta,
2189 2911 2263 2964 tui
2295 2913 2667 2968 tantummodo
2697 2929 2891 2984 gerere
2935 2928 3137 2968 curam.
3170 2910 3298 2964 Mihi
3325 2909 3518 2964 melius
3550 2915 3632 2962 est

2037 2999 2179 3054 enim
2212 2999 2264 3053 in
2295 3008 2439 3056 terra
2486 3001 2781 3072 peregrina
2821 3018 2994 3073 usque
3028 3000 3096 3055 ad
3128 2998 3290 3054 finem
3320 2997 3544 3065 morari,
3579 3003 3633 3050 et

1954 3061 2000 3120 Ο
2031 3089 2249 3142 tandem
2280 3097 2454 3143 morte
2486 3061 2655 3158 finiri,
2707 3106 2865 3161 quam
2908 3061 3192 3144 auctorem
3223 3086 3340 3142 fieri
3371 3086 3507 3140 tanti
3529 3061 3628 3139 rdi-

2027 3177 2200 3246 scidii,
2225 3177 2280 3231 id
2311 3186 2391 3231 est
2420 3177 2722 3232 divisionis.
2749 3178 3059 3234 Redeamus
3085 3192 3219 3249 ergo
3241 3177 3307 3230 ad
3330 3175 3507 3241 solita,
3533 3189 3620 3239 ne,

2031 3265 2158 3318 dum
2198 3266 2506 3337 quaerimus,
2554 3283 2674 3338 qua!
2714 3275 2838 3321 sunt
2889 3275 3092 3335 nostra,
3127 3264 3411 3337 negligere
3443 3262 3631 3333 culpe-

2030 3371 2152 3408 mur
2181 3371 2301 3426 qua)
2321 3363 2444 3409 sunt
2471 3357 2601 3409 Jesu
2633 3355 2850 3410 Christi.
2889 3379 2912 3403 ι»
2934 3357 3030 3422 Ita,
3055 3371 3216 3426 quem
3232 3355 3298 3407 ab
3331 3350 3628 3407 intentione

2034 3443 2328 3497 recedendi
2357 3459 2387 3497 a
2417 3443 2538 3500 loco
2559 3444 2706 3514 prius
2737 3445 2956 3499 flectere
2985 3453 3226 3513 tempore
3256 3441 3426 3496 multo
3455 3439 3636 3494 nullus

2033 3531 2335 3600 prmvaluit,
2387 3533 2671 3602 prudentia
2713 3532 2812 3588 viri
2860 3533 3033 3588 sancti
3081 3531 3134 3585 in
3197 3537 3472 3584 momento
3519 3544 3630 3583 non

2034 3621 2197 3675 modo
2228 3620 2412 3685 flectit,
2447 3622 2543 3676 sed
2575 3622 2758 3686 etiarn,
2802 3629 2858 3676 ut
2887 3637 2953 3676 eo
2983 3620 3204 3674 minime
3233 3617 3552 3674 discedente
3581 3623 3635 3671 et

2035 3708 2153 3780 ipse
2185 3725 2402 3781 quoque
2434 3727 2538 3765 non
2573 3710 2896 3779 discederet,
2930 3726 3053 3766 cum
3085 3706 3392 3764 vehementi
3421 3705 3630 3760 instan-

2037 3798 2105 3851 tia
2136 3798 2309 3869 ipsum
2340 3815 2570 3854 exorare
2602 3799 2801 3872 coegit.
2835 3799 2972 3854 Inito
2995 3799 3173 3870 itaque
3195 3795 3435 3853 vicissim
3465 3794 3635 3850 fcedc-

2038 3903 2118 3950 re,
2153 3887 2296 3959 quod
2321 3887 2410 3942 ille
2431 3888 2783 3942 Withamiam
2800 3904 2910 3944 non
2936 3889 3233 3956 desereret,
3267 3901 3367 3942 nec
3397 3885 3500 3939 iste
3518 3882 3639 3938 Lin-

2039 3975 2290 4043 colniam,
2336 3977 2563 4032 redeunt
2593 3977 2804 4033 alacres
2844 3979 3066 4049 pariter,
3103 3976 3374 4049 gaudente
3405 3981 3636 4044 utroque

2039 4081 2098 4119 se
2129 4065 2198 4120 de
2229 4065 2486 4121 alterutro
2515 4066 2899 4138 triumphasse.

2639 4235 2865 4290 CAPUT
2901 4235 3044 4289 XIII.

2094 4359 2164 4408 De
2181 4363 2378 4421 peracto
2400 4360 2599 4410 innoxie
2621 4360 2838 4422 coquina
2861 4361 3084 4410 incendio
3110 4360 3161 4410 in
3184 4359 3338 4411 nostri
3363 4360 3582 4422 Hugonis

2457 4427 2597 4490 ﬁnali
2622 4428 2683 4476 de
2715 4427 2973 4477 Withamia
2998 4428 3212 4478 recessu.

2105 4552 2345 4624 Singulis
2373 4560 2556 4608 autem
2584 4553 2763 4619 annis,
2786 4562 3028 4625 tempore
3055 4555 3396 4626 potissimum
3425 4562 3635 4609 autum-

2032 4640 2158 4707 nali,
2191 4641 2374 4696 venire
2419 4643 2579 4714 Hugo
2609 4643 2962 4697 Witbamiam
3006 4645 3285 4699 consuevit
3318 4662 3330 4698 :
3367 4651 3630 4714 quatenus

2032 4729 2160 4783 dum
2190 4730 2272 4784 sui
2301 4731 2368 4784 ad
2398 4730 2582 4802 fruges
2612 4732 2940 4801 temporales
2971 4732 3307 4803 colligendas
3335 4730 3630 4785 studiosius

2034 4826 2312 4886 vacarent,
2361 4819 2452 4872 ille
2492 4819 2719 4874 dimissa
2757 4836 2980 4875 suorum
3023 4819 3326 4892 frequentia
3363 4817 3628 4873 domesti-

2033 4922 2223 4962 corum
2249 4907 2304 4960 in
2333 4908 2574 4978 prOpria.
2599 4924 2664 4962 eo
2688 4908 2915 4974 facilius,
2942 4925 3050 4980 quo
3070 4909 3313 4973 liberius,
3339 4907 3630 4977 carpendae

2034 5003 2084 5048 et
2114 4995 2168 5048 in
2201 4995 2400 5049 intimis
2430 4996 2625 5052 anima:
2655 5014 2766 5051 suae
2795 4999 3076 5067 apothecis
3106 4996 3467 5052 recondenda;
3496 4995 3634 5050 invi-

2034 5084 2232 5154 gilaret
2261 5099 2494 5139 annonas
2523 5085 2756 5156 spiritus.
2802 5087 2960 5141 Nunc
2989 5095 3170 5140 autem
3200 5085 3330 5158 quid
3361 5085 3416 5138 in
3446 5084 3632 5138 ultimo

2036 5173 2186 5242 (166)
2209 5173 2324 5241 ejus
2346 5174 2414 5226 ab
2435 5172 2558 5228 inde
2582 5189 2798 5229 recessu
2815 5174 3018 5228 ibidem
3037 5174 3294 5231 acciderit
3310 5173 3628 5230 referemus.

2108 5260 2280 5315 Nocte
2311 5261 2474 5332 igitur
2500 5279 2618 5332 quae
2665 5262 2810 5316 diem
2842 5262 2991 5316 illum
3023 5263 3218 5318 clausit
3246 5279 3352 5335 quo
3383 5261 3632 5315 ultimum

2040 5347 2295 5402 fratribus
2329 5349 2589 5418 valefecit,
2623 5366 2717 5403 eos
2748 5350 2972 5404 ulterius
3016 5355 3375 5422 corporaliter
3404 5369 3514 5408 non
3544 5354 3638 5408 vi-

2040 5453 2216 5502 surus,
2249 5438 2301 5491 id
2333 5438 2528 5493 accidit
2561 5438 2707 5508 quod
2737 5439 2994 5510 sequitur.
3031 5441 3162 5496 Cum
3207 5442 3350 5496 enim
3373 5443 3486 5512 jam
3519 5445 3636 5500 sin-

2114 5611 2253 5677 (166)
2277 5611 2368 5674 Qui
2393 5611 2557 5663 evenit
2579 5612 2714 5664 circa
2739 5611 2890 5666 finem
2919 5613 3035 5665 anni
3063 5613 3211 5666 1199.
