3960 6062
362 126 503 183 1027

1230 122 1287 177 S.
1330 120 1647 179 HUGONIS
1685 119 1902 176 EPISC.
1945 113 2271 175 LINCOLN.
2314 116 2479 174 0RD.
2521 118 2774 175 CARTH.

3522 121 3666 174 1028

364 252 619 324 gulorum
665 248 1001 305 orationibus
1045 263 1125 314 se,
1173 246 1461 318 praemissa
1505 245 1850 303 confessione
1881 245 1961 301 vi-
1980 248 2036 307 Α
2065 248 2205 296 tecto
2236 241 2425 311 ipsius,
2462 243 2607 315 quod
2639 260 2704 298 ex
2734 241 2902 297 aridis
2932 250 3047 298 erat
3068 240 3330 298 scindulis
3352 240 3661 296 confectum

360 340 546 396 cissim
576 338 743 411 petita
792 345 844 393 et
898 344 1176 408 percepta,
1231 352 1478 391 seorsum
1506 336 1657 407 prius
1686 337 1740 390 in
1773 352 1962 391 eorum

361 428 514 484 cellis
546 427 1005 497 commendasset,
1043 442 1110 480 ex
1140 440 1293 479 more
1340 425 1555 479 demum
1590 425 1644 479 in
1675 441 1962 481 commune

359 518 587 588 licentia,
607 518 878 589 postulata
925 526 977 572 et
1006 519 1237 574 solemni
1280 519 1532 575 omnibus
1573 516 1700 570 data
1728 515 1961 570 benedi-

359 608 557 675 ctione,
610 607 775 663 libato
824 607 984 662 etiam
1030 610 1183 680 pacis
1231 610 1436 678 osculo,
1490 608 1591 663 sub
1633 608 1719 661 his
1755 604 1956 671 verbis,

361 714 483 769 qua:
529 696 803 768 frequenti
848 714 984 764 usu,
1032 706 1086 754 et
1144 714 1176 753 a
1227 700 1406 755 charis
1457 697 1569 753 suis
1615 696 1961 752 discessurus

357 785 691 856 proferebat,
725 786 793 841 ab
825 787 904 841 eis
935 790 1159 843 recessit
1195 806 1208 842 :
1248 812 1267 835 ιι
1300 790 1481 858 Nunc,
1514 786 1787 858 inquiens,
1811 799 1961 840 com-

359 874 561 930 mendo
592 891 691 932 vos
727 876 844 930 Deo
876 884 928 931 et
956 877 1125 931 verbo
1154 877 1345 950 gratim
1377 878 1513 947 eius.
1555 897 1577 926 ν
1613 875 1749 929 Hinc
1779 873 1849 928 ad
1880 871 1959 926 di-

360 964 604 1019 versoria
633 964 856 1020 fratrum
908 965 1191 1032 laicorum,
1244 966 1335 1020 ubi
1366 964 1549 1021 clerici
1580 973 1631 1020 et
1663 964 1960 1018 servientes

361 1053 445 1108 sui
474 1054 912 1121 commanebant,
946 1054 1021 1108 ibi
1042 1071 1202 1110 mane
1231 1055 1527 1110 crastinum
1548 1060 1959 1125 exspectaturus

360 1139 608 1194 accessit.
644 1138 761 1207 Quo
811 1147 931 1209 post
979 1139 1213 1210 quietem
1246 1140 1315 1193 ad
1347 1139 1638 1194 solvendas
1664 1146 1959 1193 nocturnas

360 1228 477 1283 Deo
499 1227 686 1283 laudes
718 1228 1008 1283 ecclesiam
1040 1229 1312 1299 ingresso,
1350 1245 1447 1299 per
1476 1229 1676 1283 vitreas
1708 1228 1777 1281 ab
1809 1226 1958 1281 occi-

361 1317 467 1371 dua
512 1317 737 1372 oratorii
784 1326 937 1387 parte
990 1316 1257 1372 fenestras
1306 1317 1490 1389 fulgor
1535 1316 1711 1371 subito
1759 1315 1958 1369 nimius

358 1405 550 1471 illuxit,
584 1405 658 1460 ita
698 1414 756 1459 ut
804 1406 936 1460 solis
974 1407 1141 1475 jubar
1191 1406 1380 1460 eadem
1425 1405 1698 1461 videretur
1737 1404 1958 1460 claritas

361 1494 684 1549 excessisse.
719 1494 873 1549 Unde
903 1494 1110 1549 attoniti
1133 1494 1371 1565 quidam,
1399 1494 1489 1564 qui
1512 1493 1680 1549 valvis
1710 1493 1959 1549 ecclesiae

361 1583 589 1654 propius
650 1581 948 1647 astiterant,
995 1582 1191 1638 festiue
1240 1590 1546 1653 erumpunt,
1622 1589 1957 1653 cernuntque

367 1671 626 1739 culinam,
660 1670 713 1725 id
745 1678 847 1738 est,
895 1671 1205 1742 coquinam,
1256 1689 1377 1744 quae
1424 1671 1686 1742 proximis
1716 1671 1955 1742 undique

361 1760 614 1815 domibus
656 1775 796 1831 pene
840 1759 1016 1815 fuerat
1054 1761 1332 1833 contigua,
1376 1760 1645 1831 porrectis
1690 1759 1856 1832 longe
1902 1760 1956 1813 in

360 1864 488 1903 aera
517 1848 750 1902 flammis
781 1848 951 1903 exuri.
987 1848 1145 1917 Quod
1194 1850 1485 1920 episcOpus
1518 1865 1824 1920 agnoscens
1854 1864 1954 1903 ve-

357 1938 641 1993 hementer
682 1938 918 2008 expavit,
966 1945 1216 1993 metuens
1264 1938 1487 2003 scilicet,
1525 1954 1593 1992 ne
1624 1938 1679 1991 in
1707 1938 1957 2008 proxima

359 2025 500 2082 forte
528 2025 759 2082 mdificia
806 2026 942 2081 edax
972 2026 1286 2082 incendium
1324 2027 1631 2082 desmviret.
1666 2027 1781 2081 Nec
1810 2025 1956 2080 enim

359 2130 518 2171 secus
548 2114 783 2170 futurum
814 2115 950 2170 situs
979 2122 1028 2170 et
1061 2124 1233 2170 status
1282 2116 1478 2170 aedium
1525 2115 1956 2186 circumquaque

356 2203 752 2259 imminentium
783 2203 1037 2275 cuiquam
1067 2204 1308 2260 dictabat
1336 2204 1799 2275 praesumendum.
1835 2206 1956 2274 Ipsa

356 2309 490 2348 vero
536 2292 784 2358 aedicula,
836 2292 1123 2348 occasione
1172 2293 1528 2348 servientium
1592 2309 1693 2348 nec
1747 2308 1854 2347 non
1906 2300 1956 2347 et

358 2382 635 2452 hOSpitum
664 2382 925 2453 epis00pi,
961 2390 1018 2436 ut
1037 2397 1227 2437 eorum
1250 2382 1441 2437 usibus
1456 2382 1733 2452 pulmenta
1756 2398 1953 2452 coque-

358 2478 544 2525 rentur
574 2470 629 2524 in
660 2486 744 2536 ea,
781 2470 955 2525 fuerat
1008 2479 1335 2539 constructa,
1383 2479 1606 2541 eratque
1637 2488 1702 2525 ex
1733 2470 1958 2543 virgulis

359 2574 423 2613 ac
452 2559 699 2631 virgultis
742 2560 919 2615 vicem
962 2560 1233 2629 parietum
1277 2560 1654 2631 supplentibus
1684 2566 1953 2625 contexta,

359 2647 557 2718 stipula
600 2647 707 2703 levi
755 2648 971 2703 culmen
1016 2648 1185 2718 ipsius
1233 2656 1470 2720 tegente.
1525 2647 1660 2716 Quae
1718 2648 1787 2702 ab
1836 2649 1959 2703 aula

356 2736 611 2807 hospitali
634 2753 729 2792 sex
759 2744 851 2791 aut
881 2745 1093 2808 septem
1122 2736 1211 2793 vix
1240 2737 1443 2807 pedum
1474 2737 1650 2807 spatio
1679 2736 1961 2807 disparata

2063 350 2133 391 ex
2176 333 2426 406 proximo
2470 331 2807 387 imminebat.
2855 330 3076 386 Cellulaa
3122 338 3387 401 praaterea
3435 331 3655 403 ligneae,

2062 438 2457 484 conversorum
2489 422 2677 476 usibus
2708 421 2997 492 deputatae,
3020 420 3164 476 haud
3192 420 3381 492 procul
3397 420 3453 474 in
3481 419 3662 491 girum

2061 523 2216 572 erant
2246 511 2547 584 diSpositae.
2604 510 2714 582 Ipsi
2757 510 3105 565 nihilominus
3151 510 3397 566 ecclesiae
3426 509 3662 564 vicinius

2064 603 2280 672 astanti,
2332 600 2732 673 circumpositis
2792 600 3030 672 undique
3078 598 3326 669 ofﬁcinis,
3362 598 3663 667 justissime

2061 694 2367 750 timebatur.

2132 784 2377 839 Cernens
2406 781 2587 852 itaque
2616 780 2700 836 vir
2735 779 2999 851 providus
3019 778 3105 834 his
3128 781 3381 836 omnibus
3398 781 3478 837 sui
3497 798 3660 838 causa

2060 871 2393 939 inevitabile,
2436 869 2543 924 nisi
2589 869 2773 925 divina
2810 869 3009 924 virtute
3051 878 3319 937 arceatur,
3370 870 3658 926 imminere

2059 960 2387 1032 periculurn,
2426 959 2607 1013 animo
2654 974 2945 1029 parumper
2991 966 3386 1027 consternatus,
3421 959 3513 1014 scd
3540 960 3664 1030 plu—

2058 1050 2256 1104 rimum
2320 1048 2388 1102 de
2430 1046 2729 1102 Salvatoris
2778 1046 3015 1102 bonitate
3062 1046 3319 1114 confisus,
3371 1047 3661 1103 salutiferae

2059 1138 2238 1194 crucis
2271 1138 2491 1209 signum
2523 1144 2714 1191 contra
2745 1136 2931 1208 ignem
2962 1135 3247 1207 aliquoties
3268 1136 3454 1191 edidit.
3488 1139 3663 1191 Inter-

2059 1228 2277 1282 mittens
2331 1242 2464 1281 vero
2513 1242 2734 1280 cursum
2784 1225 3119 1280 nocturnalis
3175 1224 3355 1291 oflicii,
3403 1226 3544 1297 quod
3593 1242 3660 1281 ex

2058 1324 2215 1387 parte
2242 1317 2353 1384 jam
2405 1315 2774 1384 inchoaverat,
2825 1321 2951 1368 ante
2980 1330 3129 1367 aram
3168 1314 3503 1369 Dominicam
3535 1331 3659 1368 sese

2058 1405 2313 1476 protinus
2363 1403 2417 1457 in
2465 1402 2764 1457 orationem
2811 1402 2977 1457 dedit.
3029 1404 3144 1458 Nec
3189 1404 3340 1473 prius
3383 1403 3586 1457 destitit
3630 1418 3662 1456 a

2055 1509 2218 1565 prece
2252 1508 2416 1563 quam
2466 1491 2847 1546 domunculam
2889 1490 3125 1545 funditus
3156 1492 3496 1563 absumptam
3529 1508 3659 1547 suc-

1988 1613 2039 1673 B
2061 1582 2318 1637 cubuisse
2355 1581 2607 1644 flammis,
2656 1588 2705 1635 et
2737 1579 2983 1635 incendia
3013 1580 3250 1650 tepuisse
3279 1581 3573 1645 nuntiatur,
3611 1589 3663 1634 et

2058 1670 2279 1741 quidem
2308 1670 2445 1724 citra
2477 1669 2847 1739 cujuscunque
2887 1668 2967 1723 rei
2996 1668 3399 1735 detrimentum,
3432 1677 3663 1740 preter-

2057 1775 2221 1830 quam
2250 1758 2396 1812 illius
2443 1758 2783 1812 solummodo
2830 1755 3043 1811 aediﬁcii
3075 1758 3219 1827 quod
3250 1758 3432 1823 etiam,
3469 1758 3515 1812 si
3547 1766 3663 1813 ste-

2058 1847 2213 1902 tisset
2233 1848 2495 1913 illaasum,
2537 1846 2786 1900 manibus
2815 1846 3094 1901 hominum
3124 1846 3192 1900 de
3223 1846 3483 1900 industria
3522 1846 3662 1900 fuis-

2059 1945 2142 1991 set
2171 1936 2515 1991 diruendum.
2561 1936 2679 1989 Jam
2732 1934 2875 1989 enim
2923 1935 3122 2005 saepius
3154 1934 3387 2003 jusserat
3429 1936 3499 1989 ad
3529 1952 3662 1989 usus

2059 2025 2405 2079 necessarios
2456 2024 2730 2094 lapideum
2776 2040 2841 2078 ex
2889 2023 3146 2079 demolito
3190 2024 3391 2078 ibidem
3422 2024 3665 2080 construi

2060 2113 2419 2179 domicilium,
2454 2115 2556 2168 hoc
2588 2112 2793 2167 scilicet
2823 2112 2966 2183 quod
2998 2113 3158 2167 modo
3208 2113 3422 2179 accidit,
3456 2113 3664 2168 veritus

2057 2203 2183 2258 inde
2214 2202 2499 2273 provenire
2538 2202 2866 2272 periculum.
2926 2201 3094 2270 Cujus
3142 2217 3302 2256 mane
3349 2202 3660 2256 incendium

2061 2306 2186 2347 cum
2216 2290 2454 2347 universi
2502 2290 2831 2344 mirarentur
2873 2290 3012 2345 adeo
3060 2291 3330 2345 exstitisse
3359 2290 3658 2356 innoxium,

2060 2380 2154 2435 ille
2187 2381 2242 2434 in
2278 2380 2512 2435 Domino
2533 2380 2809 2434 exsultans
2830 2379 3009 2434 aiebat
3042 2394 3052 2432 :
3090 2401 3112 2430 α
3148 2379 3468 2435 Benedictus
3489 2381 3659 2444 Deus,

2062 2470 2153 2540 qui
2181 2485 2290 2524 non
2321 2470 2498 2524 solum
2547 2477 2869 2539 praesentem
2902 2468 2958 2521 in
2989 2468 3081 2522 tali
3110 2484 3240 2523 casu
3272 2469 3519 2523 timorem
3551 2484 3658 2522 no-

2060 2566 2233 2614 strum
2265 2558 2540 2613 consolari
2576 2558 2766 2623 voluit,
2812 2557 2909 2611 sed
2931 2565 2984 2611 et
3006 2556 3169 2611 futuri
3199 2566 3375 2612 metus
3400 2557 3662 2612 sollicitu-

2061 2648 2241 2703 dinem
2289 2648 2391 2702 sub
2432 2662 2555 2703 mea
2601 2646 2819 2702 tandem
2866 2647 3160 2717 praesentia
3188 2646 3427 2702 funditus
3460 2662 3661 2717 ampu-

2060 2736 2206 2793 tavit.
2248 2758 2269 2786 υ

1638 2986 1895 3057 Explicit
1937 2985 2074 3043 liber
2116 2990 2373 3058 quartus.

1481 3269 1928 3334 PROLOGUS
1970 3271 2188 3332 LIBRI
2232 3270 2533 3343 QUINTI.

430 3562 670 3633 Quatuor
690 3564 805 3633 jam
854 3562 1053 3618 libellis
1103 3562 1171 3619 de
1220 3562 1328 3619 vita
1368 3563 1538 3618 sancti
1583 3562 1755 3618 Patris
1786 3563 2028 3624 nostriC
2060 3578 2213 3620 cana:
2242 3562 2503 3619 Ecclesia“:
2552 3563 2906 3631 immunitate,
2953 3571 3057 3618 tam
3103 3570 3290 3619 contra
3330 3577 3521 3633 regem
3565 3561 3661 3615 Ri-

360 3654 603 3725 Ilugonis
655 3652 906 3708 antistitis
956 3652 1179 3721 juvante
1238 3651 1438 3707 Christi
1484 3651 1657 3724 gratia
1689 3660 1959 3723 utcunque

360 3741 645 3814 explicitis,
699 3742 767 3797 de
817 3740 1062 3811 ejusdem
1113 3740 1463 3812 Opitulatione
1493 3739 1682 3796 confisi
1714 3741 1959 3812 quintum

362 3832 549 3903 (quem
580 3838 631 3885 et
660 3829 912 3885 ultimum
956 3830 1118 3898 hujus
1166 3829 1417 3900 opusculi
1449 3829 1565 3884 fore
1595 3829 1957 3899 disponimus)

268 3957 273 3963 ν
359 3920 603 3973 subnexo
632 3918 859 3973 inferius
891 3918 1083 3973 ordine
1112 3918 1439 3971 tentabimus
1468 3917 1689 3972 adoriri.
1717 3919 1774 3971 In
1808 3918 1958 3987 cujus

360 4007 499 4063 serie
530 4006 674 4061 nulla
708 4006 924 4076 penitus
956 4014 1203 4061 retexere
1234 4006 1597 4071 decrevimus,
1632 4006 1736 4060 nisi
1768 4022 1833 4060 ea
1864 4022 1957 4061 so-

357 4095 655 4165 lummodo,
691 4094 887 4166 quibus
932 4094 1347 4165 praesentialiter
1377 4094 1735 4161 interfuimus,
1773 4102 1862 4148 aut
1892 4110 1958 4149 ea

358 4201 592 4257 quoque,
647 4200 769 4255 qua:
812 4200 939 4239 mox
987 4190 1145 4252 gesta
1190 4199 1291 4254 per
1336 4199 1479 4247 eum,
1521 4183 1680 4238 nobis
1710 4182 1958 4237 intimata

357 4273 526 4329 fuisse
557 4272 842 4328 evidenter
871 4271 1162 4328 recolimus
1193 4273 1361 4343 (167).
1398 4272 1495 4328 Hic
1518 4288 1649 4327 vero
1679 4272 1956 4326 narratio-

360 4362 445 4417 nis
476 4369 722 4416 sumetur
749 4360 958 4415 initium
985 4377 1015 4415 a
1046 4360 1311 4433 singulari
1333 4360 1639 4425 devOtione,
1675 4377 1779 4431 qua
1809 4377 1956 4431 prae-

360 4450 505 4505 ditus
536 4449 633 4503 fuit
659 4465 791 4521 erga
838 4449 1076 4504 studium
1119 4450 1411 4520 sepultura:
1452 4456 1787 4504 mortuorum
1822 4466 1834 4502 :
1870 4448 1956 4503 cui

313 4550 321 4557 ‘
362 4539 584 4593 demum
633 4537 1002 4594 conclusionis
1030 4554 1192 4593 causa
1231 4536 1486 4594 succedet
1513 4545 1845 4608 postremum
1888 4536 1956 4591 de

356 4626 771 4699 incomparabili
816 4627 1102 4698 sepulturae
1146 4626 1303 4681 simul
1354 4635 1406 4680 et
1446 4626 1820 4696 exsequiarum
1851 4625 1955 4679 ho-

356 4732 493 4772 nore
525 4724 577 4771 et
614 4716 833 4783 decore,
883 4716 1078 4787 quibus
1107 4715 1317 4770 caelitus
1351 4714 1538 4769 donari
1568 4713 1786 4779 meruit,
1822 4729 1955 4783 per-

360 4814 480 4861 acto
528 4804 815 4876 prmsentis
861 4805 986 4860 vitae
1029 4819 1228 4877 agone.
1279 4802 1457 4859 Media
1512 4802 1652 4857 inter
1699 4803 1815 4857 haec
1862 4801 1957 4855 illa

2060 3653 2342 3719 chardum,
2396 3668 2559 3724 quam
2608 3661 2800 3708 contra
2830 3653 2947 3722 ejus
2972 3652 3318 3721 justitiarium
3348 3650 3660 3721 proprium-

2061 3759 2164 3813 que
2220 3758 2380 3797 suum
2426 3742 2595 3812 ipsius
2644 3741 3136 3813 metropolitanum,
3190 3740 3417 3795 viriliter
3464 3740 3659 3794 decer-

2060 3830 2221 3886 tando
2268 3830 2603 3901 feliciterque
2652 3830 2767 3885 Deo
2814 3838 3135 3902 protegente
3166 3828 3495 3900 superando,
3528 3827 3659 3897 plu-

2060 3920 2255 3974 rimum
2301 3920 2620 3985 desudasse,
2672 3928 2835 3991 atque
2883 3919 2951 3973 ad
2999 3926 3338 3990 postremum
3387 3915 3491 3986 ipsi
3538 3916 3658 3985 regi

2059 4024 2265 4078 suoque
2312 4007 2671 4079 persecutori,
2726 4008 3014 4077 sepulturae
3062 4006 3450 4061 humanitatem
3509 4004 3666 4058 exhi-

2060 4097 2240 4151 bendo
2271 4096 2561 4168 insigniter
2589 4097 2971 4167 triumphasse.
3010 4096 3104 4150 His
3127 4111 3345 4167 quoque
3362 4094 3483 4160 alia,
3519 4093 3658 4148 scitu

2058 4186 2225 4259 digna
2268 4185 2337 4240 de
2386 4185 2611 4241 exordio
2658 4186 2811 4257 regni
2854 4186 3076 4241 Joannis
3136 4187 3305 4255 (168),
3354 4198 3498 4237 nunc
3543 4182 3659 4249 jam

2059 4290 2202 4330 anno
2232 4274 2403 4345 ipsius
2435 4284 2626 4345 quarto
2659 4275 2873 4330 decimo
2906 4276 3073 4345 (169),
3098 4290 3287 4328 mense
3319 4272 3496 4338 tertio,
3529 4270 3658 4340 plu—

2058 4364 2254 4418 rimum
2320 4362 2639 4431 fatiscentis,
2700 4364 3032 4435 sensimque,
3080 4372 3134 4417 ut
3187 4362 3279 4417 ille
3326 4359 3659 4431 praedixerat

2057 4453 2320 4518 futurum,
2384 4451 2682 4507 deficientis
2726 4453 2980 4507 videntur
3046 4449 3401 4520 subjicienda.
3451 4448 3658 4502 Conse-

2058 4548 2289 4612 quenter
2330 4556 2480 4604 vero,
2534 4540 2610 4594 uti
2640 4541 2756 4611 ipse
2787 4540 3148 4603 Cartliusiam,
3183 4547 3235 4594 et
3266 4537 3369 4592 alia
3407 4536 3527 4590 loca
3560 4552 3656 4590 re-

2056 4629 2260 4700 ligione
2289 4628 2647 4684 celeberrima
2676 4629 2887 4695 adierit,
2923 4646 3179 4684 reversus
3212 4642 3429 4699 quoque
3462 4624 3513 4678 in
3546 4626 3661 4679 An-

2058 4726 2221 4799 gliam
2254 4726 2399 4797 apud
2446 4726 2775 4793 Londonias,
2825 4728 2894 4782 ad
2924 4726 3123 4800 gaudia
3155 4740 3398 4795 supernae
3430 4722 3657 4777 Jerusa-

2058 4815 2164 4871 lem
2195 4816 2338 4871 felici
2368 4815 2560 4870 beatus
2611 4832 2839 4874 excessu
2881 4814 3144 4891 migrarit,
3193 4812 3523 4871 tentabimus
3555 4828 3659 4865 ex-

357 4895 667 4966 pra’sertim
715 4893 1089 4960 continebunt,
1142 4891 1339 4965 quibus
1369 4892 1597 4947 docetur
1624 4906 1726 4962 pro
1756 4890 1953 4963 Angli-
1983 4923 2035 4982 D
2059 4905 2283 4976 plicare,

426 5073 564 5138 (167)
590 5074 644 5124 ln
669 5074 762 5124 hoc
797 5073 943 5136 igitur
965 5072 1089 5123 libro
1112 5085 1163 5133 v,
1192 5071 1345 5122 refert
1368 5074 1538 5121 auctor
1560 5070 1782 5132 quadam
1802 5111 1817 5134 ,
1857 5070 1955 5134 qui-

357 5141 447 5193 bus
466 5142 569 5204 ipse
593 5140 844 5202 interfuit,
874 5145 923 5191 et
949 5140 1046 5190 alia
1065 5152 1170 5202 qua:
1196 5140 1257 5187 ab
1283 5139 1392 5188 aliis
1417 5138 1618 5187 audivit.

425 5203 568 5273 (168)
594 5208 806 5257 Joannes
830 5220 916 5257 rex
942 5207 1128 5268 Anglia:
1144 5205 1353 5255 Londini
1374 5208 1633 5273 coronatur
1653 5217 1779 5273 anno
1804 5203 1953 5273 “99,

357 5276 408 5326 in
432 5270 513 5327 die
532 5270 557 5339 ,’
591 5277 674 5325 aut
700 5274 950 5325 Dominica
990 5273 1119 5324 infra
1157 5276 1357 5324 octavas
1394 5270 1704 5322 Ascensionis
1741 5270 1952 5333 Domini,

2055 5081 2180 5144 apud
2205 5080 2726 5132 Westmonasterium.

2123 5148 2263 5212 (169)
2287 5151 2426 5198 Anno
2451 5148 2674 5199 videlicet
2697 5146 2879 5197 Christi
2908 5144 3036 5196 1'21?
3052 5184 3066 5211 ,
3092 5143 3301 5196 durante
3326 5142 3484 5194 adhuc
3510 5140 3658 5193 exilio

2056 5216 2481 5267 Cantuariensium
2509 5218 2559 5267 et
2583 5216 2809 5266 aliorum.

1715 5458 1971 5530 Explicit
2005 5458 2289 5530 prologus.
