3960 6062
326 170 463 225 1029

1686 168 1866 224 VITA.
1918 198 1986 211 --
2033 169 2160 224 LIB.
2208 170 2271 224 V.

3487 183 3624 235 1030

2409 407 3616 433 ____.___________

1356 556 1792 650 LIBER
1910 552 2594 668 QUINTUS.

858 943 1083 999 CAPUT
1122 943 1409 998 PRIMUM.

336 1032 409 1081 De
432 1032 756 1084 immensitate
779 1034 964 1084 divina
1005 1035 1071 1083 ad
1102 1035 1317 1084 homines
1360 1033 1635 1083 dilectionis
1664 1070 1677 1093 ,
1728 1045 1837 1094 quis
1881 1033 1937 1083 in

407 1100 676 1161 sepultura:
721 1102 945 1150 humana:
1004 1102 1156 1164 ofﬁcio
1208 1101 1491 1151 notabiliter
1556 1101 1932 1160 demonstratur,

402 1172 452 1217 et
495 1167 554 1216 de
596 1168 747 1216 nostri
791 1168 1009 1229 [lagonis
1056 1168 1187 1217 circa
1231 1170 1381 1229 hujus
1428 1167 1633 1231 o/ﬁcium
1680 1167 1937 1228 affectione

402 1247 633 1283 immensa
642 1270 653 1281 .

406 1316 725 1371 Memoriam
784 1316 1129 1371 abundantize
1215 1317 1492 1371 suavitatis
1566 1317 1762 1372 divina:
1787 1324 1937 1387 (erga

333 1422 507 1477 genus
536 1406 830 1459 humanum
862 1406 1102 1460 suaviter
1149 1414 1420 1472 eructans,
1455 1405 1655 1459 intimis
1688 1422 1718 1460 a
1749 1421 1937 1459 secre-

333 1495 401 1549 tis
429 1494 637 1564 Deique
664 1494 872 1549 amicus
904 1495 1079 1565 Hugo,
1101 1496 1217 1549 haec
1248 1503 1298 1548 et
1326 1495 1410 1547 his
1434 1494 1645 1557 similia,
1672 1510 1790 1565 quae
1813 1494 1940 1547 sub-

332 1584 633 1647 iuferimus,
667 1582 777 1636 suis
822 1583 1121 1653 saepissime
1152 1584 1204 1635 in
1262 1584 1483 1638 odorem
1542 1583 1822 1637 suavitatis
1853 1582 1939 1636 in-

334 1672 560 1744 gerebat
607 1671 957 1725 auditoribus.
1012 1671 1165 1737 Cum,
1208 1671 1344 1726 sicut
1400 1672 1597 1735 aiebat,
1656 1672 1942 1725 innumera

334 1777 454 1831 quas
485 1760 682 1814 divinas
725 1760 791 1812 ad
841 1759 1115 1814 hominem
1174 1760 1478 1815 dilectionis
1533 1760 1807 1814 declarant
1834 1761 1940 1813 im-

333 1849 697 1913 mensitatem,
733 1863 798 1902 ea
845 1864 1009 1918 quam
1048 1848 1283 1903 maxime
1331 1849 1471 1902 inter
1516 1857 1710 1903 caetera
1741 1864 1942 1919 praero-

331 1937 571 2009 gativam
602 1936 895 2008 singularis
954 1936 1283 1991 excellentiae
1338 1945 1634 1991 noscuntur
1688 1937 1943 2007 przeferre

335 2042 456 2095 quae
485 2024 570 2079 vel
600 2032 723 2079 ante
754 2025 990 2079 hominis
1020 2034 1217 2091 ortum,
1250 2026 1336 2079 vel
1394 2034 1516 2096 post
1572 2026 1741 2096 ipsius
1780 2042 1938 2082 occa-

335 2130 456 2167 sum
486 2113 690 2167 homini
724 2129 831 2168 non
863 2113 1062 2167 desinit
1091 2114 1359 2169 conferre.
1399 2116 1466 2169 Ut
1498 2114 1641 2169 enim
1673 2115 1739 2169 de
1772 2115 1947 2169 homi-

330 2202 509 2267 nibus,
543 2202 635 2272 qui
666 2202 829 2256 modo
860 2202 1103 2256 oriuntur
1131 2211 1183 2257 et
1212 2203 1464 2258 occidunt
1496 2219 1669 2273 pauca
1706 2203 1945 2275 attinga-

1957 943 2011 1001 Α
2042 946 2237 1009 cernis,
2273 946 2649 1002 assistentibus
2704 950 3119 1023 obsequentium
3151 954 3406 1023 catervis,
3451 972 3634 1026 quam-

2034 1037 2117 1091 vis
2141 1038 2431 1105 jacentem,
2490 1040 2706 1097 ambite.
2776 1042 2967 1096 Iterata
3018 1050 3281 1113 praeterea
3363 1044 3480 1099 Filii
3536 1046 3644 1101 mei

2038 1128 2219 1183 votiva
2249 1128 2615 1185 immolatione
2647 1132 2951 1187 convivium
2974 1132 3393 1204 pinguissimum
3424 1135 3645 1188 instrui-

2038 1227 2109 1278 te.
2145 1235 2253 1289 quo
2285 1227 2338 1273 et
2368 1219 2588 1289 spiritus
2617 1220 2862 1286 anhelus,
2883 1236 2945 1276 ac
2973 1221 3041 1275 de
3069 1222 3467 1277 concertatione
3495 1238 3643 1278 mor-

2038 1308 2256 1363 talitatis
2285 1308 2503 1374 inolitaa,
2539 1310 2635 1363 sed
2660 1310 2774 1377 jam
2806 1309 3085 1380 depositae,
3120 1311 3294 1365 adhuc
3324 1312 3646 1383 irrequietus

2039 1407 2091 1453 et
2122 1398 2300 1453 fessus
2331 1398 2387 1451 in
2409 1398 2578 1453 robur
2608 1398 2837 1468 respiret
2862 1417 2875 1462 ;
2908 1414 3039 1454 caro
3096 1416 3310 1471 quoque
3340 1401 3641 1456 habitatore

2040 1488 2269 1559 pristino
2300 1487 2510 1541 interim
2544 1496 2793 1553 vacuata,
2828 1496 2989 1558 atque
3028 1487 3213 1541 matris
3243 1496 3405 1544 terra:
3433 1490 3645 1560 gremio

2042 1578 2269 1633 subinde
2318 1576 2673 1647 confovenda,
2706 1576 3129 1631 sanctiﬁcatione
3156 1577 3413 1649 irrigetur
3446 1580 3644 1650 gratis-

2043 1670 2196 1733 sima,
2230 1676 2497 1739 quatenus
2555 1668 2653 1720 sub
2710 1666 2797 1720 die
2854 1666 3058 1729 ultima,
3093 1666 3486 1735 contubernali,
3520 1668 3647 1722 olim

2042 1758 2396 1829 praecognito,
2456 1755 2849 1810 delectabiliter
2898 1754 3184 1817 socianda,
3217 1755 3468 1812 alacriter
3492 1756 3644 1812 reﬂo-

2043 1856 2174 1913 reat,
2207 1846 2479 1900 viriditate
2507 1854 2708 1900 aeterna
2749 1843 2977 1898 feliciter
3005 1843 3294 1899 induenda.
3335 1870 3355 1892 ι)

2114 1934 2435 2004 Hujusmodi
2479 1933 2798 1988 sententiam
2855 1950 2955 2003 per
3009 1933 3222 2005 singula
3267 1932 3430 2004 plena
3484 1934 3647 1989 verba

2044 2026 2111 2081 de
2142 2024 2363 2096 benigni
2394 2023 2701 2078 Conditoris
2731 2023 2874 2078 circa
2904 2022 3187 2078 defunctos
3219 2022 3507 2078 clementia
3528 2038 3649 2093 pro-

2043 2114 2241 2180 ferens,
2282 2114 2368 2168 hic
2401 2113 2517 2181 ejus
2548 2112 2970 2182 dispensationis
2999 2112 3053 2166 in
3083 2112 3266 2166 multis
3313 2112 3564 2167 conscius
3592 2120 3645 2165 et

2044 2204 2219 2259 ﬁdelis
2251 2204 2532 2273 interpres,
2555 2201 2834 2256 evidenter
2862 2201 2992 2255 satis
3016 2200 3368 2271 prudentibus
3388 2200 3645 2254 innuebat

333 2307 473 2356 mus,
508 2299 631 2344 ante
662 2291 922 2360 cujusque
951 2298 1125 2344 ortum
1146 2334 1157 2356 ,
1192 2308 1302 2346 sum
1334 2307 1433 2361 pro
1466 2307 1529 2345 eo
1559 2292 1747 2345 mortis
1803 2308 1927 2361 pre-
1947 2301 1999 2359 B
2031 2309 2265 2367 quonam
2295 2290 2507 2356 aﬁ‘ectu,
2542 2307 2715 2363 quove
2747 2298 3017 2361 respectu,
3051 2297 3107 2343 ut
3139 2297 3344 2343 tantam
3373 2289 3647 2360 sepelien-

333 2379 465 2433 tium
486 2380 630 2433 Deus
658 2378 755 2432 Dei
778 2379 940 2433 Filius
961 2379 1126 2447 dedit,
1152 2380 1295 2433 Deus
1327 2381 1485 2434 Pater
1506 2380 1755 2435 eumdem
1778 2397 1934 2435 suum

334 2467 527 2521 Filium
560 2467 615 2520 in
636 2468 919 2533 mundum,
955 2476 1011 2521 ut
1042 2484 1139 2537 pro
1171 2468 1388 2523 homine
1420 2478 1742 2534 moreretur,
1767 2470 1929 2530 misit,

340 2556 486 2610 Deus
518 2556 749 2625 Spiritus
789 2557 1030 2626 seipsum
1062 2556 1223 2610 etiam
1254 2558 1308 2610 in
1336 2556 1533 2629 pignus
1563 2556 1767 2612 effudit.
1802 2559 1935 2613 Tota

334 2644 498 2699 etiam
531 2644 690 2697 simul
728 2644 982 2711 Trinitas,
1045 2661 1181 2699 unus
1214 2646 1380 2709 Deus,
1418 2654 1776 2712 sacramenta,
1811 2646 1934 2717 qui-

336 2732 438 2787 bus
468 2749 593 2787 mox
623 2741 778 2787 natus
809 2741 860 2787 et
887 2734 1176 2788 mundetur
1235 2742 1289 2787 et
1317 2734 1590 2788 muniatur
1620 2743 1671 2789 et
1705 2735 1934 2789 robore-

337 2830 444 2887 tur,
502 2821 729 2875 instituit
762 2838 774 2874 :
807 2837 869 2876 ac
899 2821 1039 2895 legis
1072 2838 1181 2877 sua}
1212 2822 1541 2878 adminicula
1565 2866 1577 2889 ,
1613 2824 1811 2895 quibus
1841 2840 1935 2878 re-

337 2918 495 2981 gatur
524 2918 576 2965 et
608 2910 898 2975 erudiatur,
925 2912 1215 2978 concessit,
1251 2911 1465 2983 aliaque
1497 2913 1627 2966 satis
1649 2912 1939 2982 inexplica-

338 2998 488 3066 bilia,
525 2998 738 3053 utilitati
768 2998 937 3069 ipsius
967 2999 1202 3054 hominis
1232 3000 1601 3070 multipliciter
1627 3000 1933 3072 profutura,

339 3087 579 3142 indulsit.
614 3086 787 3155 Quem
836 3096 961 3158 post
1000 3088 1122 3142 vita:
1150 3088 1416 3143 instabilis
1466 3106 1706 3155 cursum,
1741 3105 1937 3145 occasu

339 3184 677 3247 praeventum
727 3177 874 3246 (cum
904 3192 937 3231 a
966 3177 1095 3243 suis,
1133 3176 1263 3231 olim
1293 3178 1649 3244 charissimis,
1682 3194 1793 3233 non
1821 3178 1938 3233 sine

336 3264 497 3319 taedio
528 3265 763 3336 quodam
823 3264 1084 3336 recipitur
1117 3310 1129 3331 ,
1190 3266 1318 3320 dum
1370 3268 1605 3338 propriis
1663 3267 1938 3339 quondam

338 3353 547 3408 aedibus
578 3352 736 3408 anxia
767 3353 1001 3424 quadam
1044 3363 1330 3425 parentum
1361 3364 1414 3409 et
1444 3354 1678 3410 ﬁliorum
1708 3355 1938 3410 festina-

339 3441 484 3496 tione
542 3441 885 3513 propellitur)
957 3442 1267 3513 gratissima
1332 3443 1434 3498 Dei
1490 3443 1574 3497 sui
1632 3444 1938 3514 benignitas

337 3529 474 3596 sola,
506 3545 539 3584 a
568 3530 783 3585 caeteris
814 3531 1152 3601 despectum,
1185 3548 1297 3586 non
1327 3540 1675 3603 aspernatur.
1708 3534 1937 3587 Extem-

335 3619 427 3689 plo
454 3634 709 3690 namque,
742 3635 853 3674 non
884 3618 1059 3674 solum
1092 3620 1313 3691 spiritus
1343 3621 1623 3692 angelicos
1653 3620 1707 3675 in
1738 3621 1932 3692 praesi-

336 3707 482 3761 dium
512 3708 725 3774 animae,
758 3708 827 3763 ad
857 3725 1015 3763 suum
1047 3708 1087 3763 F
1092 3716 1335 3764 actorem
1366 3710 1662 3764 remeantis
1718 3709 1926 3782 dirigit,

332 3812 521 3850 verum
562 3796 725 3850 etiam
782 3798 990 3867 primos
1048 3812 1111 3852 ac
1159 3798 1485 3869 praecipuos,
1519 3813 1658 3870 quos
1687 3797 1743 3851 in
1775 3798 1932 3852 terris

334 3884 518 3953 habet,
566 3884 861 3952 ministros,
925 3886 1237 3941 sacerdotes
1293 3886 1545 3941 videlicet
1604 3894 1657 3941 et
1686 3886 1845 3956 alios,
1878 3886 1931 3941 in

339 3974 514 4029 sacris
535 3973 819 4028 ordinibus
848 3974 1075 4045 positos,
1103 3976 1158 4029 in
1178 3975 1500 4048 obsequium
1523 3975 1729 4030 funeris
1753 3976 1929 4030 mittit.

337 4062 432 4116 Eis
481 4062 643 4116 etiam
703 4064 1106 4135 quodammodo
1165 4064 1343 4120 dicit:
1382 4088 1403 4111 «
1442 4065 1693 4135 Cernitis,
1740 4064 1932 4136 inquit,

335 4169 369 4205 ο
401 4152 715 4206 sacerdotes
744 4153 869 4217 mei,
902 4161 954 4207 et
1006 4169 1253 4207 meorum
1276 4194 1291 4220 ,
1325 4170 1445 4225 quas
1473 4154 1529 4207 in
1557 4153 1760 4208 mundo
1790 4162 1934 4220 sunt,

337 4240 658 4309 palatiorum
712 4241 913 4307 aaditui,
976 4242 1197 4296 cernitis
1247 4242 1511 4297 facturam
1544 4258 1740 4311 meam,
1775 4258 1939 4313 quam

336 4344 554 4399 semper
587 4330 783 4396 amavi,
818 4346 915 4400 pro
946 4346 1052 4401 qua
1084 4330 1216 4384 Filio
1245 4347 1368 4386 meo
1391 4331 1681 4401 Unigenito
1712 4347 1821 4385 non
1851 4347 1941 4402 pe-

338 4418 507 4488 perci,
541 4418 638 4473 sed
669 4434 789 4473 eam
819 4418 1233 4475 immortalitatis
1263 4420 1434 4489 ipsius
1465 4428 1518 4475 et
1567 4420 1756 4474 mortis
1804 4436 1937 4490 par-

340 4507 557 4576 ticipem
592 4506 737 4562 feci?
792 4508 1033 4573 cernitis,
1066 4508 1319 4579 inquam,
1383 4509 1495 4563 suis
1552 4510 1689 4564 hanc
1748 4509 1941 4565 amicis

337 4595 609 4665 quondam
643 4603 695 4649 et
736 4596 1060 4651 necessariis
1083 4596 1332 4651 effectum
1355 4597 1525 4663 oneri,
1550 4598 1693 4652 hanc
1724 4613 1941 4669 quoque

339 4684 408 4737 ab
439 4683 518 4737 eis
549 4683 705 4755 quasi
736 4684 1097 4739 turbulentam
1128 4685 1250 4753 ejici
1280 4694 1333 4741 et
1372 4686 1619 4757 expelli?
1648 4686 1745 4741 Eia
1776 4686 1940 4740 festi-

336 4780 531 4827 nanter
562 4773 780 4840 currite,
815 4782 867 4827 et
896 4774 1164 4829 occurrite
1195 4774 1264 4828 ad
1296 4790 1382 4829 me
1413 4774 1769 4847 confugienti,
1804 4776 1944 4830 ima-

338 4860 523 4931 ginem
554 4860 648 4915 ﬁlii
677 4860 805 4926 mei,
836 4878 939 4933 pro
969 4878 1032 4917 ea
1084 4862 1346 4929 cruciﬁxi,
1381 4879 1502 4918 cum
1560 4864 1944 4935 thymiamate-

334 4948 431 5003 riis
462 4956 513 5004 et
543 4950 719 5005 cereis
751 4951 1031 5018 assumite,
1066 4951 1327 5007 Ecclesia:
1368 4968 1503 5007 mea:
1536 4953 1695 5025 signa
1748 4952 1804 5007 in
1851 4968 1947 5008 so-

2034 2386 2117 2440 dis
2148 2398 2333 2439 curam
2364 2380 2661 2449 exhiberet,
2712 2379 3015 2435 duceretur.
3064 2378 3318 2433 Generali
3376 2377 3643 2449 siquidem

2033 2472 2354 2528 inhibitione
2384 2478 2647 2524 statuerat
2678 2484 2745 2523 ne
2802 2468 2858 2523 in
2913 2467 3073 2533 villis,
3108 2468 3199 2521 ubi
3228 2467 3345 2537 ipse
3401 2483 3644 2537 praesens

2036 2563 2257 2630 fuisset,
2299 2560 2557 2615 sacerdos
2603 2556 2931 2628 parochialis
2972 2555 3267 2627 quemlibet
3306 2555 3639 2622 defunctum,

2036 2650 2339 2722 praesertim
2394 2647 2563 2702 atatis
2605 2647 2715 2715 jam
2770 2645 2982 2713 adulta),
3024 2645 3255 2699 traderet
3328 2644 3641 2715 sepulturae,

2035 2739 2141 2793 nisi
2170 2738 2328 2801 forte,
2363 2736 2545 2807 aliquo
2575 2735 2822 2789 obstante
2874 2732 3239 2797 incommodo,
3274 2732 3368 2787 illo
3398 2733 3454 2787 id
3491 2749 3648 2788 exse-

2037 2828 2127 2900 qui
2157 2842 2265 2881 non
2296 2824 2530 2889 valente,
2557 2823 2625 2877 de
2656 2839 2750 2876 sua
2768 2823 2871 2877 hoc
2894 2822 3072 2891 ipsum
3094 2821 3454 2891 permissione
3475 2821 3646 2875 adim-

2034 2916 2228 2988 pleret.
2253 2916 2335 2969 De
2364 2912 2561 2968 adultis
2593 2928 2722 2966 vero
2752 2910 3022 2981 praecipue
3068 2910 3285 2966 volebat
3339 2909 3640 2974 observari,

2039 3005 2167 3076 quia
2225 3004 2344 3071 his,
2401 3002 2447 3055 si
2504 2999 2846 3056 laudabiliter
2890 2999 3171 3067 vixissent,
3229 2998 3645 3069 propensiorem

2039 3094 2241 3148 sciebat
2296 3089 2487 3145 deberi
2557 3087 3060 3153 honoriﬁcentiam;
3111 3088 3195 3141 sin
3248 3095 3427 3142 autem
3483 3088 3645 3141 vitam

2038 3181 2319 3235 duxissent
2350 3178 2696 3249 culpabilem,
2720 3184 2948 3231 noverat
2995 3191 3091 3231 eos
3140 3175 3446 3231 uberiorem
3500 3175 3647 3231 desi-

2038 3270 2231 3325 derare
2261 3266 2673 3323 interventionis
2704 3265 3035 3320 instantiam.

2110 3359 2227 3413 Ibat
2256 3357 2421 3429 igitur
2475 3356 2681 3426 passim
2730 3355 2801 3409 ad
2847 3354 3156 3420 universos,
3199 3354 3408 3426 eisque,
3440 3362 3497 3409 ut
3526 3369 3646 3409 mos

2039 3448 2207 3520 exigit
2238 3445 2674 3510 ecclesiasticus,
2708 3460 2831 3500 cum
2882 3459 3095 3498 summa
3142 3443 3421 3499 alacritate
3476 3443 3646 3498 obse-

2040 3536 2227 3609 quium
2257 3533 2540 3603 exhibens,
2588 3532 2919 3604 pauperibus
2968 3531 3257 3587 luminaria
3302 3531 3391 3586 vel
3448 3540 3646 3587 caetera

2039 3626 2095 3679 in
2135 3624 2412 3679 funeribus
2444 3622 2753 3678 desiderata
2798 3637 2898 3692 per
2945 3620 3433 3691 eleemosynarium
3486 3637 3645 3675 suum

2033 3714 2374 3769 abundanter
2416 3711 2819 3766 subministrari
2874 3710 3229 3782 procurabat.
3291 3709 3346 3763 Si
3404 3710 3641 3780 quando,

2035 3804 2164 3858 dum
2199 3803 2303 3856 iter
2334 3808 2543 3873 ageret,
2580 3808 2632 3855 et
2664 3799 2827 3853 funus
2853 3799 2907 3852 in
2939 3798 3220 3869 quodlibet
3250 3797 3643 3858 cmmeterium,

2036 3900 2093 3945 ut
2123 3889 2335 3945 humari
2364 3889 2608 3957 deberet,
2645 3888 2915 3959 perlatum
2945 3887 3324 3958 conspiceret,
3359 3886 3647 3943 confestim

2037 3994 2177 4051 equo
2209 3976 2600 4043 descendebat,
2635 3984 2688 4031 et
2747 3976 2817 4030 ad
2867 3975 3127 4031 feretrum
3157 3974 3448 4041 accedens,
3484 3990 3547 4031 ac
3578 3974 3648 4029 ali

2039 4067 2358 4140 quantisper
2387 4082 2569 4131 orans,
2604 4064 2650 4120 si
2693 4064 2890 4119 librum
2911 4081 3022 4119 non
3070 4065 3297 4119 haberet
3326 4072 3647 4135 competen-

2040 4165 2168 4221 tem,
2205 4156 2259 4209 in
2290 4172 2395 4227 quo
2456 4152 2761 4208 innoﬂ‘ense
2791 4153 3002 4225 legeret
3032 4156 3176 4221 (cum
3202 4154 3318 4221 jam
3350 4153 3494 4208 circa
3525 4153 3647 4208 die-

2040 4261 2159 4299 rum
2184 4245 2300 4311 ejus
2319 4252 2555 4298 extrema
2582 4242 2789 4312 aliquid
2812 4241 2956 4295 soliti
2978 4241 3244 4295 acuminis
3266 4241 3439 4297 oculis
3478 4242 3646 4312 ipsius

2043 4332 2394 4403 deperiisset)
2438 4331 2640 4400 junctis
2673 4330 2996 4401 presbytero
3024 4330 3297 4400 exsequiis
3328 4329 3644 4395 celebranti,

2043 4422 2287 4493 psalmos
2319 4436 2441 4475 cum
2474 4436 2539 4475 eo
2597 4418 2915 4475 decantabat
2971 4426 3024 4473 et
3082 4418 3340 4474 collectas
3371 4418 3647 4474 inchoanti

2043 4510 2130 4565 vel
2177 4508 2491 4580 complenti,
2544 4524 2702 4563 amen
2760 4515 2811 4561 et
2867 4507 2969 4561 alia
3035 4508 3441 4577 respondendo,
3474 4508 3651 4563 vicem

2044 4598 2273 4662 clerici,
2318 4614 2385 4653 ne
2446 4598 2764 4664 dixerimus,
2827 4596 3027 4662 idiotas,
3069 4596 3415 4666 adimplebat.
3454 4596 3509 4650 Si
3539 4612 3647 4651 non

2046 4686 2307 4743 defuisset
2337 4686 2509 4742 codex
2540 4685 2791 4752 idoneus,
2824 4685 2962 4756 ipse,
3011 4685 3158 4756 quod
3180 4684 3479 4741 sacerdotis
3509 4693 3643 4752 erat,

2047 4776 2499 4847 prosequebatur,
2532 4774 2806 4830 orationes
2835 4774 3214 4845 pronuntians,
3246 4788 3442 4844 aquam
3472 4772 3645 4829 bene-

2048 4863 2245 4919 dictam
2289 4860 2610 4934 a'spergens,
2641 4862 2976 4917 thuribulum
3005 4860 3414 4926 circumferens,
3448 4869 3645 4917 terram

2050 4969 2214 5024 super
2237 4952 2445 5021 jaciens
2478 4994 2492 5021 ,
2526 4967 2589 5008 ac
2630 4951 2838 5025 reliqua
2868 4951 3013 5005 illius
3042 4949 3201 5005 ofﬁcii
3227 4948 3456 5005 sollicite
3486 4966 3643 5007 com-

334 5038 514 5093 lemne
545 5038 838 5095 classicum
869 5041 1160 5108 concutite,
1194 5041 1420 5097 vocibus
1470 5016 1794 5112 hymvnidicis
1827 5042 1945 5098 cla-
1965 5016 2019 5077 D
2048 5041 2206 5113 plens
2269 5048 2320 5095 et
2368 5048 2491 5112 post
2544 5039 2942 5096 absolutionem
2984 5055 3108 5095 cum
3138 5038 3517 5095 benedictione
3547 5040 3647 5095 iter

337 5128 451 5182 rius
472 5136 812 5199 concrepate,
839 5128 1074 5185 basilicae
1089 5146 1227 5185 mea:
1244 5129 1389 5186 fores
1412 5139 1463 5186 et
1483 5132 1666 5187 abdita
1688 5131 1949 5187 interiora

337 5216 582 5286 pandite,
597 5232 699 5273 nec
712 5217 926 5289 longius
948 5218 1013 5272 ab
1029 5234 1120 5273 ara
1138 5219 1257 5274 Filii
1278 5220 1385 5275 mei
1398 5236 1594 5291 corpus
1614 5222 1944 5292 continente,

337 5321 438 5360 nec
496 5305 711 5375 longius
768 5306 839 5359 ab
888 5322 986 5361 ara
1031 5308 1148 5361 Filii
1204 5308 1311 5363 mei
1366 5324 1563 5379 corpus
1616 5311 1947 5384 continente,

334 5391 517 5447 fratris
549 5393 691 5447 illius
720 5402 808 5447 aut
837 5395 1043 5450 sororis
1059 5396 1269 5466 lipsana
1285 5397 1566 5467 deponite;
1600 5398 1779 5467 palliis
1808 5414 1943 5468 quo-

338 5497 443 5551 que
472 5481 708 5553 denique
734 5482 988 5553 pretiosis
1044 5484 1283 5539 laetitiam
1340 5485 1483 5540 illius
1536 5502 1680 5541 nunc
1722 5486 1940 5542 demum

336 5569 715 5641 triumphantis
749 5570 1027 5639 redimite,
1062 5572 1256 5643 stipate
1284 5574 1627 5645 lampadibus
1655 5582 1815 5647 atque
1849 5575 1937 5631 lu-

2048 5138 2285 5201 cazptum
2327 5137 2647 5201 peracturus
2690 5128 2891 5184 adibat.

2124 5218 2449 5291 Plerumque
2498 5226 2679 5274 autem
2711 5219 2764 5273 in
2811 5216 3025 5290 magnis
3056 5216 3363 5272 consistens
3394 5219 3641 5287 urbibus,

2051 5308 2178 5363 dum
2208 5308 2279 5362 ad
2309 5324 2476 5362 unum
2517 5307 2812 5378 quemlibet
2839 5306 3215 5377 sepeliendum
3258 5307 3640 5377 processisset,

2045 5397 2433 5452 nuntiabantur
2461 5396 2511 5451 ei
2540 5396 2626 5450 alii
2656 5404 2816 5467 atque
2870 5396 2982 5463 alii,
3014 5395 3217 5467 passim
3246 5411 3343 5466 per
3396 5396 3645 5451 diversas

2044 5486 2303 5542 ecclesias
2333 5484 2631 5557 sepeliendi
2655 5504 2669 5551 ;
2702 5486 2793 5557 qui
2840 5499 3039 5557 magna
3069 5500 3191 5541 cum
3219 5483 3499 5540 alacritate
3528 5485 3646 5540 uni-

2041 5590 2229 5633 versos
2286 5575 2485 5645 adibat,
2516 5573 2788 5631 universis
2844 5573 3158 5647 singiliatim
3186 5573 3427 5631 debitum
3478 5590 3642 5646 sepe-
