3960 6062
357 174 487 226 1031
1242 174 1297 229 S.
1333 174 1650 231 HUGONIS
1691 173 1911 230 EPISC.

2098 173 2267 231 lOLN.
2304 175 2467 232 0RD.
2502 178 2757 233 CARTH.
3506 185 3662 239 1032-

353 296 521 351 liendi
551 295 785 352 officium
815 298 1008 353 devote
1037 298 1379 369 impendens.
1413 301 1528 355 Nec
1577 300 1747 370 prius,
1784 308 1949 371 quot-
1978 301 2033 359 Α
2054 316 2244 356 recens
2276 302 2471 371 sepulti
2501 302 2743 369 humani,
2778 310 2835 356 ut
2864 302 3165 368 videbatur,
3192 304 3475 359 cadaveris
3504 304 3657 361 circa

358 385 489 439 libet
530 386 619 440 isti
653 386 898 447 fuissent,
934 402 965 441 a
998 395 1156 443 tanta:
1208 389 1557 443 humanitatis
1588 405 1811 443 munere
1856 390 1960 443 de-
2064 390 2339 459 publicum
2371 407 2635 463 aggerem
2681 391 2925 446 cominus
2973 392 3339 462 prospexisse.
3376 392 3496 460 Quo
3525 393 3655 447 dili-

356 474 508 542 stitit,
543 492 703 545 quam
734 476 941 529 nullum
973 493 1259 546 superesse
1291 478 1380 547 qui
1412 478 1735 547 sepeliretur
1756 494 1959 550 cogno-
2059 479 2274 549 gentius
2306 489 2508 547 notato,
2538 480 2825 534 confestim
2855 481 3109 547 substitit,
3136 481 3461 553 mittensque
3519 498 3651 552 pro-

360 563 451 617 vit.
486 562 868 631 Querebantur
897 581 1307 635 nonnunquam,
1342 574 1395 620 et
1425 568 1828 621 murmurabant
1857 583 1961 637 po-
2062 568 2201 621 tinus
2230 568 2297 621 ad
2333 569 2614 633 ruricolas,
2662 569 2872 623 eminus
2901 578 3081 623 aratro
3132 570 3353 623 humum
3402 571 3650 641 proscin-

355 659 531 706 tentes
562 653 784 723 quilibet
815 653 934 722 viri,
969 670 1090 708 cum
1122 670 1186 708 eo
1210 655 1414 718 pariter
1444 656 1757 721 comesturi,
1792 656 1957 726 quod,
2059 656 2265 721 dentes,
2302 657 2486 710 didicit
2517 658 2798 725 cujusdam
2829 658 3139 712 homunculi
3170 659 3408 712 ostiatim
3437 660 3653 729 pridem

355 740 486 794 dum
516 742 633 796 haec
662 742 862 795 diutius
902 751 1108 814 ageret,
1142 745 1275 798 hora
1326 745 1536 813 prandii
1588 746 1703 813 jam
1750 744 1957 798 dudum
2056 745 2414 801 mendicantis
2446 746 2755 800 alimoniam
2786 746 2986 801 ibidem
3031 746 3188 801 busta
3219 747 3502 802 contineri.
3538 749 3652 802 De-

352 830 685 900 praeteriret.
729 831 930 885 Verum
961 832 1050 885 ille
1076 848 1372 903 nunquam,
1407 849 1503 887 seu
1544 833 1693 903 ipsos
1720 833 1837 903 ipse
1868 834 1955 886 in-
2054 826 2269 883 functus
2298 845 2536 899 namque
2564 830 2709 883 idem
2744 847 2953 900 egenus
2989 830 3045 883 in
3076 830 3334 901 pauperis
3365 831 3651 899 cujusdam

353 918 593 985 vitasset,
629 935 725 973 seu
756 919 826 973 ab
858 920 938 974 eis
967 921 1057 974 ille
1088 930 1234 975 esset
1264 921 1333 975 ad
1364 922 1647 991 prandium
1679 923 1952 988 invitatus,
2055 934 2147 971 rus
2176 919 2487 987 proximum
2528 918 2815 973 incolentis
2853 920 3037 985 domo,
3072 927 3123 973 et
3154 936 3187 973 a
3232 920 3556 990 presbytero
3579 920 3652 974 il-

354 1007 470 1062 sive
500 1007 657 1075 hujus
686 1007 764 1062 rei
796 1008 909 1063 sive
941 1009 1165 1063 alterius
1223 1011 1589 1081 cujuscunque
1617 1011 1820 1081 negotii
1850 1012 1953 1066 ob-
2053 1004 2158 1059 lius
2196 1006 2471 1076 parochia:
2498 1007 2566 1061 ob
2598 1006 2835 1061 inediam
2873 1008 3174 1079 neglectus,
3211 1024 3277 1063 eo
3307 1009 3429 1063 loco
3460 1009 3651 1079 sepul-

353 1104 523 1161 tentu,
544 1096 701 1163 hujus
725 1096 1008 1151 omittebat
1037 1098 1249 1167 pietatis
1275 1114 1412 1168 Opus
1462 1115 1719 1155 exercere
1741 1142 1754 1165 ,
1801 1100 1948 1165 dum,
2052 1103 2231 1148 turam
2264 1096 2491 1166 accepit,
2544 1096 2692 1161 dum,
2728 1112 2761 1150 a
2791 1114 2897 1168 quo
2954 1105 3263 1166 portaretur
3292 1098 3361 1152 ad
3392 1106 3650 1153 cazmete-

349 1184 440 1238 ubi
471 1194 753 1240 exerceret
785 1186 1027 1256 reperire
1073 1195 1256 1256 posset
1306 1189 1482 1258 (170).
2053 1184 2213 1249 rium,
2245 1201 2354 1239 non
2385 1185 2593 1238 habuit.
2647 1184 2769 1253 Quo
2816 1185 2897 1240 vir
2925 1186 3201 1255 piissimus
3259 1187 3440 1241 audito
3485 1187 3649 1241 altius

422 1274 532 1328 Sed
563 1289 756 1344 parum
789 1282 872 1329 est
902 1276 1048 1345 quod
1079 1276 1193 1330 haec
1224 1276 1291 1329 de
1339 1276 1640 1330 minoribus
1668 1276 1952 1331 referimus
2048 1271 2327 1344 ingemuit,
2354 1290 2589 1344 moxque
2620 1274 2675 1327 in
2705 1274 2875 1344 pedes
2908 1275 2977 1328 ab
3009 1292 3148 1345 equo
3181 1276 3520 1329 descendens
3542 1291 3643 1331 ac-

350 1363 619 1431 personis.
654 1364 875 1418 Constat
907 1363 1053 1417 enim
1088 1364 1212 1434 quia
1247 1373 1300 1419 et
1351 1380 1383 1418 a
1441 1365 1665 1437 regibus
1697 1365 1950 1420 invitatus
2050 1369 2209 1430 cepto
2238 1366 2424 1432 (quem
2480 1361 2595 1416 fere
2654 1378 2868 1432 semper
2916 1380 3099 1419 secum
3134 1364 3390 1431 habebat)
3445 1364 3636 1419 codice

349 1451 417 1504 ad
441 1468 688 1506 mensam
719 1452 861 1505 idem
925 1451 1187 1507 effecerit.
1220 1454 1362 1507 Nam
1392 1461 1442 1508 et
1503 1454 1773 1523 posterius
1805 1456 1951 1524 apud
2049 1451 2324 1504 orationes
2355 1466 2478 1505 cum
2510 1450 2751 1520 psalmis,
2790 1467 2926 1522 quos
2979 1452 3194 1507 recitari
3248 1470 3377 1506 usus
3418 1452 3648 1506 instituit

348 1540 745 1610 Rothomagum
776 1556 807 1594 a
836 1557 966 1611 rege
1019 1541 1286 1595 Richardo
1320 1544 1489 1611 (171),
1545 1551 1597 1597 et
1638 1542 1789 1611 prius
1820 1543 1947 1597 olim
2049 1538 2358 1609 sepulturae,
2394 1538 2687 1610 diligenter
2719 1556 2816 1610 pro
2863 1556 2928 1594 eo
2986 1557 3049 1595 ac
3106 1541 3300 1595 devote
3352 1541 3643 1610 percurrit.

343 1628 412 1681 ab
447 1629 562 1697 ejus
592 1629 838 1700 genitore
869 1630 1041 1699 (172),
1095 1639 1316 1700 rogatus
1375 1632 1443 1685 ad
1488 1632 1944 1698 convescendum,
1966 1659 2019 1717 B
2050 1627 2239 1681 Postea
2270 1644 2400 1683 vero
2426 1628 2531 1682 loci
2561 1627 2819 1699 episcopo
2854 1629 3105 1683 attentius
3151 1629 3354 1683 orando
3405 1647 3645 1702 sugges-

344 1716 533 1771 tandiu
567 1718 637 1770 ad
672 1716 933 1786 palatium
953 1718 1161 1771 distulit
1191 1719 1398 1786 venire,
1461 1720 1699 1790 quandiu
1728 1720 1782 1773 in
1815 1721 1945 1775 urbe
1967 1714 2009 1717 _
2048 1714 2133 1779 sit,
2170 1724 2437 1787 quatenus
2458 1717 2509 1769 in
2543 1717 2884 1771 sacerdotem
2916 1717 3065 1771 illum
3098 1717 3283 1771 durius
3308 1717 3641 1784 adverteret,

346 1805 570 1875 reperit,
604 1821 739 1876 quos
760 1806 1026 1876 potuisset
1047 1807 1299 1876 sepelire.
1336 1808 1488 1863 Unde
1522 1824 1708 1880 regem
1739 1817 1946 1862 utrum-
2048 1805 2139 1875 qui
2169 1804 2374 1858 homini
2407 1804 2730 1870 Christiano,
2764 1815 2987 1876 propter
3017 1806 3156 1860 illius
3178 1805 3437 1876 inopiam,
3469 1806 3646 1877 sepul-

344 1911 451 1965 que
479 1910 599 1949 cum
632 1894 1001 1964 optimatibus,
1035 1896 1120 1951 vel
1147 1904 1255 1949 tota
1286 1896 1446 1949 simul
1476 1896 1698 1965 familia,
1733 1898 1788 1951 in
1820 1898 1943 1952 lon-
2046 1900 2224 1947 turam
2258 1901 2557 1964 negaverat
2598 1893 2990 1948 Christianam.

343 2000 472 2054 gum
496 1983 757 2054 compulit
782 1985 985 2053 jejunia
1018 1985 1312 2055 protelare,
1336 1986 1463 2039 dum
1492 1985 1807 2057 religiosum
1837 1986 1947 2041 01³11-
2117 1981 2362 2036 Vidimus
2380 1981 2485 2036 alio
2516 1990 2762 2052 tempore
2796 1984 2965 2051 (177),
2996 1999 3117 2038 cum
3138 1984 3279 2053 apud
3305 1983 3643 2039 Lincolniam

340 2072 485 2127 cium
543 2088 643 2127 nec
698 2089 796 2142 per
837 2073 1044 2128 aulicos
1091 2074 1425 2141 accersitus,
1489 2076 1943 2145 contemplatione
2044 2069 2101 2122 in
2132 2070 2373 2125 crastino
2404 2071 2612 2125 Natalis
2634 2071 2850 2125 Domini
2881 2071 2949 2126 de
2982 2072 3224 2144 glorioso
3244 2072 3438 2126 Christi
3456 2080 3644 2141 proto-

337 2160 618 2232 dignitatis
649 2177 744 2215 seu
764 2161 1054 2216 voluntatis
1084 2163 1355 2228 humana),
1390 2163 1696 2217 nullatenus
1718 2164 1901 2234 acquie

2074 2168 2281 2229 martyre
2315 2159 2591 2229 Stephano
2625 2159 2845 2213 missam
2889 2160 3237 2215 devotissime
3284 2160 3638 2225 celebrasset,

343 2248 415 2301 vit
446 2248 715 2303 omittere.
780 2249 1115 2320 Urgentibus
1176 2266 1301 2305 vero
1357 2250 1615 2304 ministris
1670 2252 1851 2318 curiae,
1886 2261 1943 2307 ut
2042 2255 2099 2300 ut
2129 2256 2420 2319 rogaretur
2448 2265 2478 2301 a
2512 2249 2747 2318 quodam
2792 2250 3170 2314 caementario,
3229 2248 3401 2320 quiin
3432 2248 3642 2304 fabrica

337 2335 673 2391 acceleraret
706 2337 776 2391 ad
801 2354 993 2410 regem
1024 2347 1423 2409 expectantem,
1456 2347 1508 2395 et
1562 2356 1745 2394 moras
1793 2358 1941 2413 aegre
2044 2336 2288 2390 ecclesiae
2318 2336 2640 2405 desudabat,
2694 2346 2956 2407 quatenus
3014 2338 3199 2392 fratris
3250 2338 3329 2391 sui
3377 2337 3636 2401 animam,

335 2423 634 2490 ferentem,
667 2427 983 2497 quantocius
1041 2428 1224 2483 venire
1279 2429 1368 2483 ille
1424 2429 1557 2482 nihil
1605 2428 1941 2485 festinantius
2042 2425 2377 2494 praecedenti
2400 2433 2557 2479 nocte
2589 2426 2752 2479 rebus
2779 2426 3027 2480 humanis
3059 2426 3639 2495 exemptam,auctori-

336 2529 526 2584 agens,
581 2514 761 2569 aiebat
793 2533 805 2568 :
843 2537 863 2565 α
900 2516 1021 2570 Non
1075 2532 1213 2586 opus
1242 2526 1342 2580 est,
1376 2517 1569 2588 inquit,
1604 2527 1660 2572 ut
1718 2536 1819 2573 nos
1849 2536 1940 2574 rex
2043 2520 2149 2567 tate
2182 2512 2474 2583 pontificali
2504 2530 2535 2567 a
2559 2514 2796 2583 peccatis
2826 2515 3133 2569 absolveret
3164 2515 3503 2585 Dominoque
3533 2514 3636 2569 de-

339 2610 633 2672 exspectet,
668 2612 919 2659 vescatur
948 2605 999 2678 in
1046 2605 1262 2659 nomine
1306 2606 1542 2660 Domini.
1586 2631 1605 2654 ››
1641 2607 1767 2661 Suis
1797 2623 1938 2678 quo—
2046 2601 2263 2655 votione
2294 2602 2557 2671 peculiari
2588 2604 3018 2657 commendaret.
3052 2602 3209 2672 Quod
3242 2602 3421 2656 statim
3463 2603 3637 2656 adim-

339 2707 443 2762 que
473 2692 837 2746 familiaribus
887 2692 1105 2747 dicebat
1139 2709 1150 2746 :
1187 2715 1208 2743 α
1244 2695 1479 2764 Expedit
1524 2696 1699 2767 magis
1739 2704 1796 2749 ut
1842 2713 1940 2751 rex
2042 2689 2217 2759 piens,
2253 2690 2527 2761 inquirere
2558 2691 2722 2761 empit
2772 2700 2949 2745 utrum
2986 2692 3099 2760 ejus
3129 2692 3303 2747 adhuc
3333 2708 3635 2762 corpuscu-

333 2786 584 2835 terrenus
627 2780 833 2850 absque
890 2782 1048 2835 nobis
1098 2782 1364 2851 prandeat
1420 2800 1581 2853 quam
1625 2785 1937 2839 mandatum
2043 2776 2155 2831 lum
2186 2779 2464 2832 humatum
2525 2778 2735 2834 fuisset.
2782 2779 2940 2847 Quod
2970 2780 3023 2833 in
3072 2780 3347 2835 remotiori
3402 2781 3637 2835 ecclesia

334 2867 520 2922 aeterni
537 2868 702 2941 Regis
726 2877 915 2923 nostra
931 2869 1207 2924 humilitas
1230 2870 1561 2940 inexpletum
1582 2880 1882 2942 praetereat.
1910 2894 1931 2923 »
2040 2867 2272 2921 necdum
2296 2867 2565 2937 sepultum
2596 2869 2822 2923 audiens
2855 2869 3080 2933 servari,
3124 2869 3286 2938 jussit
3311 2885 3435 2924 mox
3465 2886 3631 2922 unum

334 2956 471 3012 Hinc
500 2957 744 3012 fortassis
776 2958 1132 3013 animadverti
1161 2959 1289 3015 licet
1329 2960 1585 3015 divinitus
1617 2962 1665 3015 ei
1696 2978 1804 3016 non
1835 2962 1935 3015 im-
1962 3014 2001 3028 η
2041 2955 2162 3020 sibi,
2196 2956 2358 3009 alium
2418 2972 2516 3010 suo
2574 2957 2855 3026 capellano
2924 2966 2977 3012 et
3031 2958 3247 3013 tertium
3288 2956 3505 3022 famulo,
3540 2957 3634 3028 qui

333 3046 529 3101 merito
560 3046 726 3101 fuisse
758 3047 1097 3113 retributum,
1130 3057 1208 3115 ut,
1244 3048 1335 3119 qui
1366 3049 1502 3103 duos
1525 3066 1685 3122 reges
1707 3050 1778 3105 ob
1800 3068 1931 3121 pau-
1957 3014 2003 3075 Ο
2034 3054 2159 3099 ante
2189 3061 2314 3099 eum
2364 3045 2607 3115 equitare
2665 3055 3048 3112 consueverat,
3084 3046 3349 3102 caballum
3412 3047 3632 3102 adduci.

331 3151 523 3205 perum
554 3136 886 3207 sepulturam
918 3136 1253 3207 neglexerat,
1291 3137 1408 3207 ipse
1430 3138 1647 3193 demum
1669 3139 1723 3192 in
1770 3140 1931 3195 fune—
2032 3134 2362 3189 Decreverat
2390 3134 2533 3188 enim
2568 3150 2688 3190 cum
2719 3135 2803 3189 his
2838 3143 3044 3189 tantum
3103 3135 3273 3189 tribus
3326 3135 3395 3189 ad
3466 3134 3629 3188 funus

333 3224 411 3277 ris
444 3224 528 3277 sui
558 3224 902 3296 obsequium,
936 3240 1063 3281 cum
1093 3226 1225 3281 viris
1258 3226 1581 3281 sublimibus
1601 3227 1802 3297 multis,
1836 3247 1929 3285 re-
2030 3222 2351 3293 pl‘OcedCI‘e-
2386 3223 2494 3277 Sed
2524 3239 2648 3277 cum
2679 3223 2939 3278 defuisset
2969 3241 3143 3295 equus
3173 3240 3296 3279 cum
3319 3223 3625 3293 capellam,

330 3328 431 3384 ges
461 3312 599 3367 duos
631 3314 779 3383 (173)
812 3313 1037 3369 haberet
1079 3315 1369 3370 adunatos.
1423 3317 1624 3371 Verum
1682 3318 1797 3372 haec
1831 3332 1929 3372 suo
2031 3311 2302 3365 caballum
2349 3311 2638 3365 servientis
2696 3328 2816 3366 eum
2862 3313 3119 3383 praecepit
3175 3313 3544 3367 conscendere
3576 3321 3629 3366 et

332 3400 559 3457 inferius
588 3401 709 3457 loco
739 3402 955 3471 dicturi,
989 3403 1201 3459 interim
1231 3413 1410 3476 empta
1437 3421 1853 3477 prosequamur,
2029 3400 2178 3454 illum
2221 3400 2518 3470 prmeundo
2550 3400 2619 3454 ad
2678 3401 3005 3455 destinatum
3064 3401 3243 3456 locum
3306 3400 3627 3471 quantocius

2028 3504 2346 3559 properare.
2374 3487 2570 3559 Sicque
2601 3488 2814 3543 duobus
2870 3496 3073 3543 tantum
3133 3497 3416 3544 contentus
3447 3488 3622 3559 equis,

1012 3546 1239 3603 CAPUT
1276 3549 1348 3602 ῙῘ·
2028 3546 2367 3631 solummodo
2395 3546 2501 3631 uno
2536 3578 2803 3632 monacho
2834 3586 2887 3632 et
2934 3578 3145 3633 duobus
3177 3577 3359 3647 pueris
3390 3546 3625 3631 conlita;

328 3672 399 3722 De
441 3673 689 3734 cajusdam
728 3673 968 3739 pauperis
1015 3674 1269 3735 sepultura
1315 3674 1366 3724 in
1411 3675 1767 3725 Northmamiia
1793 3715 1808 3737 ,
1881 3680 1934 3725 et
2028 3673 2133 3729 tus,
2164 3665 2408 3736 pervenit
2438 3666 2505 3719 ad
2530 3682 2730 3735 corpus
2760 3665 3020 3721 defuncti.
3056 3666 3176 3733 Quo
3221 3675 3373 3720 terrae
3431 3665 3623 3719 matris

388 3740 660 3825 plurimum
699 3740 783 3817 oin
851 3740 1107 3791 Lincolnia
1129 3781 1145 3802 ,
1217 3746 1265 3791 et
1323 3743 1519 3804 prmlali
1578 3744 1829 3804 cujusdam
1875 3743 1927 3791 in

2058 3753 2240 3808 "remio
2274 3763 2501 3825 paterna
2533 3754 2895 3809 sollicitudine
2926 3754 3322 3821 commendato,
3385 3754 3622 3825 quinque

396 3806 760 3857 Bermuudesia.
2026 3806 2059 3825 ο
2194 3806 2231 3808 ίή
2275 3806 2417 3851 ’ίῗψ
3396 3806 3471 3851 ⁷¹ᾟ
3528 3806 3615 3851 ⁷¹.⁷

2025 3842 2284 3912 deinceps
2314 3858 2433 3912 ipsa
2464 3843 2550 3896 die
2583 3844 2651 3911 (s1
2674 3859 2773 3897 nos
2822 3859 3085 3898 memoria
3110 3859 3219 3897 non
3248 3841 3403 3909 fallit)
3433 3859 3485 3895 1n
3533 3843 3623 3895 dl—

400 3923 673 3992 Quoniam
729 3926 875 3995 apud
921 3926 1323 3998 Rothomagum
1354 3968 1368 3993 ,
1428 3928 1923 3982 Northmannorum
2028 3926 2202 3980 versis
2236 3927 2551 3982 successive
2609 3926 2931 3982 caemeteriis
2987 3927 3233 3997 sepelivit
3270 3926 3480 3991 funera,
3521 3942 3626 3996 per

326 4011 533 4067 scilicet
563 4013 921 4083 metropolim,
973 4030 1075 4069 nec
1134 4023 1315 4069 tamen
1345 4030 1377 4068 a
1407 4015 1566 4069 nobis
1596 4016 1714 4070 visa
1747 4015 1916 4085 (174),
2023 4014 2268 4084 ipsorum
2321 4015 2527 4070 amicos
2568 4015 2669 4069 sibi
2729 4016 3027 4086 assignata.
3068 4016 3197 4070 Cum
3230 4030 3359 4069 vero
3400 4015 3509 4082 jam
3561 4030 3621 4067 se

329 4101 427 4155 sed
481 4102 749 4157 veraciter
778 4102 978 4168 audita,
1030 4102 1334 4172 retulimus,
1368 4103 1530 4169 libet,
1565 4112 1620 4157 ut
1671 4104 1724 4157 in
1746 4122 1802 4159 re
1844 4105 1921 4158 si-
2024 4103 2152 4157 hora
2182 4103 2389 4157 tardior
2420 4104 2791 4173 protraheret,
2856 4105 3082 4175 ipseque
3139 4119 3261 4157 cum
3292 4102 3421 4157 clari
3470 4111 3621 4172 parte

324 4189 457 4253 mili,
490 4191 635 4261 quod
660 4189 715 4243 in
745 4191 933 4245 eadem
965 4191 1247 4261 provincia
1276 4192 1379 4262 ipsi
1424 4193 1493 4246 ab
1515 4193 1709 4248 eodem
1744 4201 1922 4248 actum
2022 4206 2131 4245 non
2162 4192 2372 4246 modica
2406 4192 2475 4246 ab
2504 4191 2885 4248 archidiacono
2933 4191 3319 4247 Bedefordensi
3348 4192 3497 4262 (178)
3527 4191 3616 4244 in-

325 4278 557 4333 vidimus
588 4279 756 4349 (175),
792 4280 1030 4335 breviter
1057 4281 1425 4337 absolvemus.
1462 4282 1561 4337 Die
1592 4282 1756 4353 igitur
1789 4298 1922 4354 qua-
2022 4279 2236 4347 vitatus,
2270 4281 2340 4334 ad
2362 4280 2550 4350 epulas
2592 4281 2867 4335 solemnes
2892 4281 3077 4336 venire
3099 4278 3359 4346 differret,
3387 4286 3619 4349 rogatur

322 4367 468 4433 dam,
502 4367 605 4422 iter
626 4375 821 4441 agente
843 4385 999 4424 servo
1022 4369 1148 4435 Dei,
1185 4370 1410 4443 conligit
1438 4370 1587 4424 illum
1618 4387 1727 4425 non
1756 4372 1921 4444 longe
1942 4375 1993 4434 D
2023 4382 2054 4421 a
2084 4368 2289 4432 multis,
2323 4376 2375 4422 et
2406 4369 2471 4421 ab
2504 4369 2623 4439 ipso
2657 4369 2875 4423 tandem
2919 4369 3009 4440 qui
3066 4385 3219 4422 suum
3255 4369 3304 4421 ei
3342 4377 3617 4422 mortuum

320 4471 354 4509 a
382 4464 581 4525 castro,
640 4457 783 4527 quod
831 4459 1132 4530 Argentum
1186 4460 1337 4530 (176)
1368 4467 1611 4527 vocatur,
1659 4459 1918 4514 tumulum
2019 4456 2444 4521 denuntiaverat,
2482 4462 2745 4528 quatenus
2775 4474 2876 4528 pro
2906 4457 3147 4512 defuncti
3203 4456 3387 4510 anima
3417 4456 3614 4510 tantis-

390 4633 532 4697 (170)
577 4634 733 4696 Hujus
780 4636 848 4685 rei
892 4636 1164 4699 exemplum
1213 4638 1422 4698 prmbuit
1468 4638 1605 4699 Hugo
1647 4642 1811 4689 noster
1858 4640 1918 4689 ab
2014 4636 2262 4688 Richardo
2284 4650 2394 4699 rege
2418 4638 2653 4688 accidisse
2687 4650 2812 4688 anno
2859 4637 3005 4699 1197,
3053 4650 3146 4701 quo
3184 4640 3351 4686 auctor
3396 4635 3613 4684 nondum

321 4702 667 4752 archidiacono
692 4701 1041 4753 Bedefordensi
1091 4704 1341 4764 invitatus,
1382 4704 1450 4754 uti
1494 4707 1713 4767 sequenti
1758 4706 1916 4770 capite
2016 4705 2174 4754 fuerat
2194 4706 2322 4767 apud
2345 4706 2614 4768 Hugonem,
2640 4706 2858 4766 exceptis
2881 4705 3061 4754 ultimis
3085 4704 3198 4753 anni
3224 4703 3488 4755 mensibus.

321 4770 553 4819 refertur.

2086 4790 2217 4847 (175)
2243 4791 2420 4839 Narrat
2443 4793 2614 4839 auctor
2638 4790 2729 4838 hoc
2750 4803 2858 4852 cap.
2877 4802 2981 4849 quae
3007 4789 3190 4839 ultimis
3213 4788 3428 4851 Hugonis
3446 4788 3607 4847 annis,

388 4851 531 4919 (171)
560 4856 697 4905 Anno
725 4852 872 4915 1197,
901 4858 984 4905 aut
1014 4857 1161 4905 1198.
1198 4856 1409 4916 Utroque
1435 4856 1565 4905 enim
1611 4869 1737 4906 anno
1778 4858 1917 4919 Hugo
2017 4856 2188 4918 quibus
2214 4856 2317 4918 ipse
2341 4857 2566 4919 episcOpo
2590 4851 2821 4918 adhazsit,
2844 4856 3171 4918 contigerunt.

322 4934 490 5001 regem
520 4922 569 4971 in
594 4921 937 4972 transmarinis
962 4924 1202 4985 accessit,
1229 4923 1301 4972 uti
1326 4926 1517 4973 constat
1541 4936 1601 4972 ex
1621 4937 1667 4973 e.
1697 4925 1747 4987 8,
1770 4924 1886 4985 huju

2083 4940 2209 4999 (176)
2239 4940 2368 4990 Idem
2414 4954 2521 4991 cum
2572 4956 2590 4986 α
2636 4942 2990 5001 Argentomago
3035 4957 3053 4986 υ
3101 4952 3186 4989 seu
3243 4954 3262 4986 ε
3308 4941 3610 5001 Argentono,

319 4987 448 5037 Ῑίδνί-
2014 4987 3057 5069 Arge*ntbaas,';'arca'diita‘eaasmc
3094 4987 3269 5057 team
3309 4987 3438 5055 suo
3479 4987 3611 5053 υθέ

389 5069 533 5137 (172)
561 5073 706 5124 Forte
736 5074 783 5125 id
810 5075 987 5125 accidit
1019 5075 1177 5138 primo
1201 5075 1285 5123 aut
1310 5073 1463 5123 altero
1489 5074 1792 5135 episcopatus
1839 5076 1915 5124 sui
2013 5084 2122 5134 qeo,
2160 5077 2213 5123 ut
2235 5074 2359 5123 infra
2384 5086 2491 5137 cap.
2538 5076 2587 5131 7,
2636 5075 2843 5136 dicetur,
2872 5075 3007 5135 Hugo
3049 5074 3098 5123 in
3123 5074 3200 5123 die
3248 5075 3299 5123 S.
3350 5072 3608 5135 Augustini

318 5150 462 5206 anno,
502 5152 597 5201 quo
640 5142 766 5205 apud
806 5143 1066 5192 Henricum
1111 5154 1277 5203 regem
1322 5141 1671 5201 fuisselegitur
1698 5141 1782 5191 lib.
1813 5156 1911 5206 ut.,
2013 5141 2218 5190 accessit
2242 5141 2537 5191 Richardum
2565 5152 2749 5202 rtgem.

317 5205 372 5253 θ’
399 5205 450 5255 9·
2083 5222 2217 5287 (1771
2247 5228 2384 5273 Anno
2408 5225 2631 5275 videlicet
2658 5225 2937 5287 prtemisso,
2977 5236 3069 5286 quo
3106 5224 3248 5285 juxta
3290 5236 3399 5286 cap.
3440 5224 3493 5285 9,
3520 5235 3609 5273 rex

385 5289 529 5407 (17237)
558 5292 743 5355 Anglite
790 5296 841 5343 et
879 5295 1073 5356 Scotiae,
1113 5294 1183 5344 uti
1230 5292 1437 5342 habetur
1462 5292 1589 5342 infra
1630 5294 1724 5343 hoc
1768 5293 1910 5357 libro,
2011 5291 2073 5408 Et)
2098 5293 2295 5407 illugone
2318 5292 2569 5341 duodecim
2609 5292 2702 5341 sibi
2752 5292 2876 5342 mitti
2924 5291 3067 5353 petiit
3108 5291 3311 5341 ditiores
3348 5304 3376 5341 e
3423 5290 3610 5352 gremio

321 5369 425 5420 cap.
531 5396 545 5408 .
2055 5371 2107 5407 cc
2129 5371 2241 5407 csue
2266 5371 2381 5407 sure.

386 5439 529 5508 (174)
556 5443 679 5496 Hinc
704 5444 929 5509 colligere
970 5444 1085 5497 licet
1124 5445 1275 5497 relata
1317 5444 1474 5508 capite
1515 5444 1808 5508 prmcedenti
1850 5444 1911 5496 de
2081 5440 2224 5508 (178)
2262 5441 2352 5504 Qui
2378 5455 2489 5506 cap.
2514 5444 2565 5506 4,
2587 5442 2865 5506 appellatur
2887 5443 3198 5495 Laurentius.
