3960 6062
205 254 337 304 1033

1558 243 1744 298 νιΤΑ.
1792 271 1860 282 -
1900 243 2024 298 LIB.
2074 245 2134 297 V.

3365 251 3499 302 1034

204 391 303 444 per
331 374 538 428 orando
586 381 637 426 et
684 371 1036 426 absolutionis
1086 370 1401 440 suffragium
1443 367 1799 440 porrigendo,
1834 366 2227 425 Ainferemus.
2267 371 2328 423 In
2356 385 2457 423 nos
2486 370 2644 424 etiam
2675 370 2986 440 aliquorum
3016 370 3153 425 forte
3200 370 3502 443 indignatio

206 478 328 516 eam
360 461 602 517 Creatori
634 460 1041 515 commendaret
1071 465 1127 512 ut
1156 458 1225 513 ad
1258 457 1511 529 fatigatos
1537 458 1644 525 jam
1694 471 1807 525 prae

204 552 413 604 diutina
446 549 849 619 exspectatione
883 548 1075 601 saltem
1098 555 1218 617 post
1243 562 1428 600 moras
1456 544 1807 615 longissimas

207 639 395 693 venire
426 638 648 692 ulterius
668 654 777 691 non
801 635 1063 690 tardaret.
1098 633 1202 702 Qui
1236 634 1337 687 sibi
1369 633 1471 686 ista
1504 648 1806 704 suggeret»-

205 727 349 781 tibus
387 741 495 780 non
535 726 652 779 sine
691 724 971 792 cujusdam
1019 721 1461 793 reprehensionis
1511 719 1806 790 asperitate

204 814 524 885 respondit,
581 822 631 867 et
662 829 845 883 quare,
878 811 1087 882 inquit,
1140 826 1247 864 non
1276 809 1559 864 advertitis
1615 823 1805 863 vocem

207 902 423 958 Domini
471 902 641 956 nostri
692 918 787 955 ore
838 916 997 955 sacro
1046 898 1363 969 loquentis:
1402 920 1422 942 οι
1457 897 1609 950 Meus
1653 896 1806 949 cibus

210 999 291 1045 est
318 1034 331 1055 ,
381 1000 436 1044 ut
478 990 673 1045 faciam
719 990 1052 1044 voluntatem
1086 987 1253 1043 Patris
1283 986 1416 1048 mei,
1453 984 1543 1055 qui
1572 984 1625 1037 in
1657 982 1807 1038 cmlis

209 1079 332 1133 est?
374 1081 555 1148 (Joan.
604 1093 694 1143 IV,
731 1078 845 1145 34.)
876 1078 991 1132 Nec
1048 1076 1208 1146 plura
1236 1074 1465 1139 locutus,
1499 1070 1806 1126 intermisso

211 1167 380 1221 instar
428 1166 601 1221 sancti
631 1165 815 1219 Tobias
847 1164 1109 1235 prandio,
1146 1161 1357 1229 maluit,
1404 1167 1461 1215 ut
1488 1166 1673 1215 monet
1702 1158 1805 1213 Sa-

214 1257 390 1326 piens,
415 1277 434 1300 α
463 1255 542 1309 ire
568 1254 635 1307 ad
666 1254 885 1308 domum
916 1253 1113 1321 luctus,
1138 1266 1301 1322 quam
1324 1249 1388 1303 ad
1420 1249 1641 1303 domum
1670 1262 1805 1301 eon-

210 1344 338 1399 vivii
384 1344 587 1405 (Ecclc.
635 1357 730 1411 vn,
765 1342 839 1411 3).
879 1362 899 1389 υ
937 1341 1036 1395 Ivit
1067 1339 1252 1411 igitur,
1291 1337 1697 1408 plurimumque
1741 1350 1806 1389 ex

212 1430 512 1487 sanctitatis
556 1447 667 1484 suae
718 1428 1011 1499 praesentia
1042 1428 1291 1498 lugentes
1321 1424 1648 1489 consolatus,
1682 1438 1806 1476 eum

212 1520 503 1591 sepeliens,
537 1519 627 1590 qui
656 1517 982 1590 lugebatur,
1015 1534 1044 1571 a
1074 1517 1219 1571 luctu
1246 1557 1259 1581 ,
1308 1523 1365 1568 ut
1410 1513 1499 1584 pie
1546 1510 1803 1577 creditur,

212 1609 424 1664 Christo
456 1608 772 1672 miserante,
802 1606 1011 1661 orando
1057 1603 1308 1658 absolvit.

1907 457 2286 525 concitabitur,
2313 458 2669 512 asserentium
2708 459 2853 529 quod
2885 458 3171 513 inhumane
3195 458 3365 513 cladis
3409 461 3503 513 hu~

1907 562 2099 611 manze,
2151 546 2315 600 sortis
2359 546 2730 611 moribunda,
2784 562 3129 601 communem
3174 562 3495 615 mrumnam,

1909 652 2068 705 quam
2119 635 2535 705 conspeximus,
2604 635 2837 705 publicis
2884 635 3105 689 auribus
3163 634 3496 705 ingeramus.

1908 723 2195 788 Caeterum,
2231 723 2354 794 quia
2385 740 2448 778 ex
2471 723 2556 777 his
2578 730 2845 793 suscepta:
2875 722 3155 778 relationis
3170 723 3348 793 portio
3378 740 3499 779 ma—

1908 827 2017 881 gna
2046 811 2352 881 dependet,
2401 819 2753 881 nostramque
2783 810 2837 865 in
2880 810 2963 865 his
3013 812 3193 881 potius
3239 811 3501 867 deflemus

1906 900 2185 954 miseriam
2202 914 2365 971 quam
2386 899 2577 954 alienae
2601 898 2914 965 calamitati,
2937 900 3080 971 quod
3103 900 3249 955 Deus
3270 908 3495 968 avertat,

1908 987 2259 1053 insultamus,
2294 987 2543 1043 audiatur
2566 1029 2578 1053 ,
2613 987 2680 1042 ad
2710 987 2949 1042 omnium
2979 987 3262 1043 utilitatem
3289 1032 3301 1054 ,
3356 988 3502 1060 quod

1907 1075 2158 1130 dicimus.
2195 1075 2273 1130 Sit
2300 1083 2488 1130 notum
2517 1075 2843 1141 viventibus,
2876 1076 2943 1130 ad
2972 1076 3289 1131 humilitatis
3317 1076 3500 1147 profe-

1909 1172 2087 1229 ctum,
2125 1164 2270 1235 quod
2298 1164 2529 1218 innotuit
2555 1163 2611 1217 in
2638 1164 2890 1219 defuncto
2922 1164 2991 1218 ad
3036 1164 3277 1220 horroris
3306 1179 3500 1220 cumu-

1908 1253 2040 1307 lum.
2073 1253 2152 1307 Sit
2181 1252 2505 1323 quandoque
2536 1251 2699 1307 etiam
2727 1251 3139 1324 exstinguendis
3188 1253 3259 1308 ad
3290 1253 3500 1309 virtutis

1907 1341 2309 1397 aemulationem
2339 1340 2393 1395 id
2418 1384 2431 1407 ,
2481 1340 2627 1412 quod
2672 1340 2809 1396 vivis
2854 1340 2999 1396 circa
3028 1339 3343 1397 defunctum
3366 1383 3380 1410 ,
3416 1341 3504 1397 cui

1908 1430 2227 1501 prOpitietur
2252 1430 2437 1495 Deus,
2472 1428 2542 1482 ad
2574 1428 2891 1484 intuendum
2920 1428 3163 1484 exhibuit
3200 1437 3498 1501 stuporem.

1980 1518 2169 1574 Visum
2218 1525 2302 1573 est
2321 1518 2516 1587 jacens
2554 1516 2607 1571 in
2657 1515 2859 1572 feretro
2888 1516 3126 1572 cadaver
3153 1517 3497 1574 exstinctum.

1909 1622 2059 1662 more
2091 1606 2310 1678 quidem
2330 1605 2689 1677 quorumdam
2720 1604 2869 1661 vultu
2899 1605 3183 1673 nudatum,
3219 1607 3314 1662 sed
3338 1624 3502 1679 super

282 1697 530 1765 Quodam
560 1696 753 1751 iterum
785 1702 1028 1764 tempOre
1048 1694 1196 1764 (176)
1220 1689 1502 1746 Londonia
1534 1688 1605 1777 ad
1637 1703 1806 1760 ἔθυε·
1826 1716 1880 1777 Β
1909 1697 2207 1751 carbonem
2254 1694 2628 1767 denigratum.
2684 1694 2815 1749 Erat
2842 1708 2975 1749 sane
3005 1708 3205 1765 corpus
3234 1695 3503 1768 reliquum

212 1786 326 1840 rale
357 1783 685 1855 colloquium
718 1781 998 1837 accersitis
1017 1779 1250 1852 praelatis
1274 1786 1327 1833 et
1346 1776 1667 1848 proceribus
1697 1777 1808 1831 An-

214 1874 357 1946 glim,
385 1871 778 1928 Lincolniensis
800 1870 1089 1941 episcopus
1106 1883 1171 1923 eo
1190 1866 1388 1938 pariter
1408 1864 1646 1921 advenit.
1669 1866 1810 1935 Age-

216 1963 344 2015 bant
374 1976 589 2033 quoque
618 1960 770 2013 illum
791 1957 1175 2030 urgentissima
1206 1972 1317 2010 suae
1346 1952 1607 2009 Ecclesia:
1638 1966 1807 2023 nego-

215 2051 309 2117 tia,
345 2066 505 2119 super
548 2048 743 2119 quibus
774 2046 1090 2102 necessario
1138 2052 1254 2099 erat
1302 2058 1423 2099 cum
1455 2040 1642 2096 amicis
1672 2039 1802 2105 suis,

216 2139 307 2211 qui
337 2139 405 2192 ad
425 2137 603 2193 locum
627 2136 1019 2202 conﬂuxerant,
1049 2140 1387 2188 tractaturus.
1421 2129 1657 2201 Contigit
1677 2144 1809 2182 vero

215 2227 463 2297 proxima
494 2225 580 2280 die
610 2241 733 2295 quae
763 2231 1017 2279 statutum
1039 2228 1337 2278 conventus
1367 2218 1507 2273 illius
1530 2216 1811 2288 praecessit

216 2316 360 2371 diem
382 2359 394 2381 ,
429 2314 716 2385 quemdam
748 2329 813 2367 ex
861 2311 1099 2382 praelatis
1122 2353 1135 2376 ,
1179 2308 1268 2379 qui
1298 2312 1681 2370 convenerant,
1715 2321 1809 2358 su-

220 2404 331 2458 bita
380 2402 671 2474 praeveniri
718 2400 1071 2473 aegritudine,
1124 2413 1288 2468 quam
1326 2412 1449 2450 mox
1490 2395 1651 2450 citato
1690 2394 1810 2448 vitae

218 2492 528 2547 terminavit
558 2490 681 2545 fine.
714 2492 791 2544 De
825 2504 933 2559 quo
955 2504 987 2542 a
1016 2486 1196 2541 multis
1226 2485 1504 2540 ferebatur
1535 2482 1657 2553 quia
1689 2481 1814 2536 fuis-

220 2589 301 2636 set
333 2580 475 2652 gulze
513 2578 785 2634 illecebris
835 2578 954 2647 plus
1002 2591 1165 2646 quam
1212 2573 1341 2628 satis
1372 2572 1637 2627 obnoxius
1676 2578 1728 2624 et
1756 2570 1812 2623 in

217 2670 491 2739 potatione
544 2668 813 2737 superflua
844 2665 1006 2719 nimis
1033 2663 1303 2717 assiduus.
1359 2661 1522 2729 Cujus
1565 2660 1810 2714 discessu

220 2758 421 2822 audito,
454 2757 579 2811 licet
625 2756 674 2809 ei
701 2770 891 2825 parum
922 2760 1078 2808 notus
1110 2750 1429 2813 exstitisset,
1464 2747 1811 2801 nihilominus

220 2846 422 2901 intimm
452 2844 665 2915 pietatis
712 2842 1015 2897 visceribus
1065 2840 1241 2895 eidem
1284 2836 1578 2902 condoluit,
1612 2842 1665 2889 et
1712 2850 1811 2904 pro

222 2950 287 2990 eo
320 2934 465 3005 apud
492 2933 783 2988 Dominum
827 2929 1144 2999 suppliciter
1190 2924 1515 2982 intercessit.
1563 2922 1812 2977 Protinus

223 3033 404 3078 tamen
455 3020 730 3091 explorari
768 3018 929 3088 jussit
978 3032 1216 3088 quonam
1262 3014 1407 3079 loci,
1441 3012 1589 3067 vela
1619 3010 1813 3083 quibus

221 3111 469 3183 personis
492 3111 638 3164 idem
660 3108 885 3163 deberet
904 3104 1174 3170 tumulari,
1191 3111 1243 3158 et
1262 3100 1599 3157 renuntiatur
1619 3099 1668 3153 ei
1686 3098 1815 3169 quia

220 3201 273 3256 in
312 3199 560 3255 Ecclesia
608 3196 824 3252 Domini
870 3203 921 3251 et
969 3192 1261 3249 Salvatoris
1304 3189 1477 3244 nostri
1505 3187 1647 3258 apud
1677 3188 1813 3240 Ber—

220 3286 559 3343 mundcsiam
578 3288 725 3355 (180)
749 3284 889 3339 foret
916 3280 1244 3346 humandus,
1266 3278 1363 3333 sed
1393 3276 1572 3331 nullus
1603 3274 1814 3345 episco-

219 3392 414 3449 porum
435 3376 548 3430 sive
578 3374 837 3429 abbatum
870 3372 985 3439 ejus
1002 3369 1316 3425 crederetur
1347 3364 1634 3435 exsequias
1665 3362 1813 3418 cele-

222 3466 497 3519 braturus.
548 3462 740 3517 Nullus
787 3460 1087 3515 vicinorum
1136 3457 1298 3513 etiam
1342 3462 1430 3507 aut
1474 3450 1815 3506 familiarium

222 3571 320 3609 seu
351 3554 636 3608 charorum
685 3548 763 3602 illi
812 3547 1086 3618 quondam
1114 3544 1334 3614 praelato
1365 3542 1561 3597 abesse
1600 3539 1815 3594 volebat

221 3642 335 3697 sive
381 3640 616 3694 audebat
647 3636 875 3692 solemni
906 3632 1195 3690 conventui
1215 3675 1228 3697 ,
1280 3631 1371 3701 qui
1407 3630 1493 3683 die
1524 3628 1815 3698 sepulturae

219 3730 364 3784 illius
395 3728 538 3798 apud
568 3722 1117 3781 Weslmonasterium
1149 3719 1336 3774 debuit
1374 3716 1610 3771 aduniri.
1657 3714 1816 3782 Quod

221 3818 511 3889 episc0pus
542 3814 799 3880 audiens,
838 3836 858 3858 «ι
897 3810 1066 3865 noluit
1095 3809 1259 3873 Deus,
1285 3804 1477 3876 inquit,
1522 3803 1665 3875 quod
1696 3802 1817 3856 talis

218 3920 475 3976 persona,
506 3911 583 3958 tot
628 3901 790 3956 modo
819 3900 875 3955 in
903 3900 1008 3954 hac
1056 3896 1257 3969 pariter
1296 3894 1428 3949 urbe
1457 3894 1607 3962 (181)
1638 3890 1818 3947 consi-

220 3992 485 4049 stentibus
514 3990 775 4061 prmlatis,
802 3989 854 4042 in
886 3989 989 4043 hac
1020 4000 1275 4055 suprema
1304 3981 1629 4037 necessitate
1658 3978 1817 4033 dese-

220 4090 370 4135 ratur
399 4080 467 4134 ab
496 4079 750 4134 omnibus
780 4076 957 4132 nobis.
989 4076 1110 4129 Non
1158 4073 1229 4127 ita
1263 4072 1526 4127 faciemus
1566 4066 1819 4138 proximo

220 4177 426 4235 nostro,
461 4183 562 4223 nec
592 4168 735 4221 enim
764 4167 866 4221 hoc
892 4165 995 4219 sibi
1028 4163 1147 4233 quis
1177 4160 1295 4215 fieri
1324 4159 1484 4215 vellet
1517 4157 1586 4211 ab
1617 4157 1743 4211 alio.
1794 4179 1814 4202 ››

292 4258 564 4327 Disposito
593 4255 759 4327 igitur
781 4296 794 4323 ,
849 4262 900 4307 ut
928 4251 1189 4323 quosdam
1220 4265 1286 4303 ex
1317 4247 1429 4302 suis
1460 4245 1696 4300 mitteret
1751 4242 1820 4297 ad

224 4348 448 4411 curiam,
485 4345 576 4416 qui
608 4352 660 4399 et
704 4359 858 4398 suam
887 4339 1100 4395 interim
1129 4342 1454 4392 excusarent
1496 4332 1817 4397 absentiam,

1911 1783 2037 1839 alba
2064 1783 2405 1849 sacerdotali,
2439 1783 2536 1838 sed
2564 1790 2618 1838 et
2644 1781 2825 1839 casula
2855 1781 3122 1849 indutum,
3156 1783 3255 1840 sed
3284 1800 3394 1855 prae
3424 1792 3502 1840 tu-

1910 1888 2060 1927 more
2090 1871 2257 1927 nimio
2290 1871 2379 1927 vix
2408 1870 2614 1926 eisdem
2644 1870 2933 1927 inclusum.
2964 1871 3125 1938 Nam,
3160 1887 3283 1927 cum
3323 1873 3501 1930 adhuc

1910 1961 2113 2016 dudum
2136 1960 2495 2033 vegetebatur
2515 1958 2702 2030 spiritu
2722 2003 2740 2026 ,
2764 1959 2836 2014 ita
2856 1959 3112 2031 grossitie
3131 1960 3501 2018 vehementior

1911 2050 2153 2105 tumebat
2198 2057 2254 2103 ut
2296 2048 2384 2104 vix
2432 2048 2643 2118 spirare
2671 2048 2959 2118 potuisset.
2997 2048 3118 2102 Jam
3147 2064 3296 2116 vero,
3345 2059 3501 2121 post-

1913 2153 2077 2209 quam
2123 2136 2513 2207 exspiraverat,
2562 2136 2700 2192 adeo
2729 2133 2941 2191 interna
2965 2135 3148 2191 sanies
3197 2144 3251 2191 et
3276 2139 3499 2195 torridae

1911 2225 2115 2281 aestatis
2142 2224 2304 2296 ignea
2335 2222 2687 2294 intemperies
2717 2223 3057 2278 distendebat
3084 2224 3410 2294 exanimem,
3442 2235 3500 2282 ut

1912 2313 2257 2371 cernentibus
2287 2313 2657 2385 prodigiosum
2684 2311 2978 2368 videretur.
3010 2313 3212 2367 Verum
3244 2315 3389 2385 quod
3428 2315 3502 2370 ita

1911 2402 1985 2456 ibi
2013 2401 2307 2457 luminibus
2328 2401 2566 2471 patebat,
2589 2399 2867 2456 tolerabile
2898 2399 3106 2467 fuisset,
3132 2400 3178 2455 si
3209 2418 3306 2456 suo
3336 2418 3501 2459 nares

1913 2490 2176 2561 supplicio
2206 2506 2391 2546 carere
2419 2488 2745 2559 potuissent.
2777 2488 2990 2556 Caeteri,
3024 2505 3159 2559 quos
3188 2490 3389 2546 feretro
3420 2492 3501 2546 ina

1911 2579 2123 2634 terdum
2152 2578 2531 2648 approximare
2560 2576 2639 2631 rei
2670 2576 2804 2631 ordo
2832 2576 3112 2646 poscebat,
3138 2593 3318 2644 nares,
3343 2580 3499 2635 thure

1911 2667 2175 2735 immisso,
2206 2666 2395 2722 aliisve
2424 2664 2755 2720 aromatibus
2785 2664 2886 2719 sibi
2916 2665 3348 2735 prazcludebant,
3381 2684 3498 2723 ma-

1912 2756 2072 2810 nibus
2115 2770 2331 2826 quoque
2362 2768 2527 2809 suave
2569 2750 2867 2824 fragrantia
2903 2753 3150 2823 quaedam
3189 2754 3272 2809 ori
3300 2756 3498 2826 smpius

1911 2843 2237 2914 apponenda
2283 2842 2557 2897 tenebant.
2592 2841 2750 2896 Solus
2779 2841 3069 2911 episcopus
3096 2884 3108 2908 ,
3162 2858 3267 2913 quo
3317 2851 3499 2900 tamen

1911 2931 2111 2986 nullius
2131 2930 2460 2985 inveniretur
2478 2944 2612 2983 nare
2634 2928 2903 2999 sagacior,
2928 2938 2979 2983 et
2998 2929 3179 2984 nullus
3201 2931 3323 2985 tetri
3346 2931 3502 2987 nido-

1913 3020 1990 3073 ris
2004 3017 2360 3089 aspernatior,
2378 3016 2453 3072 ita
2472 3025 2653 3071 tamen
2662 3016 2859 3071 horum
2876 3016 3008 3070 nihil
3025 3017 3169 3088 (qum
3186 3017 3368 3075 levare
3384 3027 3501 3076 arte

1913 3107 2087 3163 solent
2116 3106 2257 3161 aeris
2286 3104 2677 3175 corruptelam)
2697 3104 3006 3171 admittens,
3034 3105 3239 3173 jacenti
3266 3108 3499 3177 astabat,

1913 3203 1966 3251 et
1993 3193 2409 3262 obambulabat,
2444 3208 2509 3248 ac
2540 3193 2584 3246 si
2617 3207 2725 3247 non
2755 3192 2811 3247 in
2840 3191 3040 3248 feretro
3062 3236 3074 3258 ,
3125 3194 3223 3249 sed
3266 3194 3322 3250 in
3349 3196 3503 3251 cunis

1913 3291 2168 3355 agentem
2214 3290 2389 3336 mater
2418 3280 2703 3352 parvulum
2752 3296 2909 3335 suum
2956 3280 3191 3337 fovendo
3229 3282 3500 3340 circuiret.

1914 3368 2040 3421 Post
2088 3367 2204 3421 hmo
2229 3405 2242 3432 ,
2292 3380 2415 3419 cum
2464 3364 2533 3418 ad
2564 3379 2720 3417 suum
2751 3379 2811 3418 se
2838 3364 3156 3420 contulisset
3185 3366 3501 3437 hospitium,

1916 3454 2136 3525 quidam
2186 3468 2251 3507 ex
2297 3452 2410 3507 suis
2438 3451 2792 3506 formidantes
2814 3494 2826 3516 ,
2879 3467 2947 3505 ne
2978 3451 3115 3507 forte
3146 3468 3211 3508 ex
3241 3452 3503 3525 inspirata

1913 3543 2055 3598 aeris
2071 3540 2325 3613 contagio
2348 3539 2475 3611 quid
2505 3539 2647 3594 illius
2668 3540 2986 3610 praecordiis
3016 3540 3318 3607 indidisset,
3343 3558 3505 3614 super

1915 3633 2017 3686 hoc
2048 3631 2387 3699 interrogare
2418 3636 2715 3699 creperum.
2765 3627 2916 3695 Quos
2947 3629 3063 3698 ipse
3094 3630 3378 3699 reputabat
3409 3648 3503 3687 er-

1917 3736 2060 3787 rare,
2112 3734 2211 3773 nec
2240 3716 2536 3789 quidquam
2566 3732 2661 3771 eos
2692 3716 2914 3774 insuave
2972 3716 3173 3772 ibidem
3230 3718 3500 3787 hausisse,

1918 3806 2010 3862 ubi
2056 3806 2286 3877 ipsemet
2331 3805 2462 3875 (quo
2510 3804 2693 3859 nullus
2739 3820 2927 3859 eorum
2971 3804 3253 3860 subtiliore
3283 3805 3507 3878 vigebat

1918 3896 2166 3963 odoratu)
2197 3893 2272 3948 nil
2293 3892 2439 3947 triste
2471 3892 2685 3963 spirans
2714 3892 2769 3945 in
2788 3892 2909 3947 loco
2939 3892 3220 3948 sensisset.
3239 3892 3507 3949 Nimirum

1919 3982 2113 4039 Christi
2143 3980 2318 4037 bonus
2340 3980 2493 4045 odor,
2523 3980 2616 4051 qui
2646 3979 2749 4035 sibi
2779 3996 2972 4037 revera
3001 3980 3098 4035 fuit
3126 3981 3263 4037 odor
3286 3981 3425 4049 vitm,
3453 3982 3508 4037 in

1918 4072 2029 4127 vita
2056 4070 2235 4142 ipsum
2266 4068 2500 4126 faciebat
2526 4068 2713 4123 mortis
2733 4076 2979 4140 putorem
3010 4068 3223 4140 penitus
3253 4085 3364 4125 non
3391 4085 3509 4127 sen-

1919 4160 2044 4214 tire.

2522 4245 2745 4300 CAPUT
2775 4245 2866 4299 III.

1924 4354 1997 4409 De
2018 4352 2377 4408 contentione
2398 4351 2552 4421 inter
2580 4352 2767 4421 ipsum
2805 4353 2861 4404 et
2891 4350 3153 4405 comitem
3182 4350 3510 4421 Leycestriw

218 4450 379 4489 mane
411 4434 549 4489 facto
578 4432 819 4503 perrexit
850 4430 920 4486 ad
950 4425 1310 4484 exhibendam
1341 4422 1594 4479 defuncto
1626 4418 1821 4490 sepul-
1849 4421 1902 4481 D
1993 4439 2161 4503 super
2186 4438 2327 4503 pago
2368 4418 2999 4503 quodaniHLeycestrice
3032 4418 3313 4503 contigue.
3333 4452 3413 4503 θ-
3442 4424 3512 4477 Et

223 4533 419 4579 turam.
446 4523 547 4579 Ubi
577 4523 665 4578 die
692 4521 827 4592 ipsa,
855 4520 899 4574 si
930 4534 991 4574 ea
1023 4532 1145 4588 quae
1160 4519 1299 4581 visu,
1324 4511 1411 4566 vel
1432 4526 1553 4581 quae
1583 4509 1652 4564 de
1683 4507 1820 4563 olfa-

224 4622 334 4678 ctu,
369 4612 646 4667 hausimus
675 4611 732 4665 in
760 4608 998 4664 medium
1027 4603 1398 4677 proferremus
1429 4598 1604 4671 [Cod.,
1636 4595 1816 4668 profe-

230 4700 464 4771 ramus],
525 4702 811 4756 horrorem
854 4712 986 4752 sane
1043 4700 1097 4750 et
1149 4699 1429 4761 stuporem
1473 4686 1819 4741 audientibus

298 4879 440 4943 (179)
468 4881 519 4929 In
544 4878 710 4929 anna].
736 4874 969 4943 Ecclesia
992 4871 1217 4943 Winton_.
1236 4865 1373 4943 apud
1386 4866 1658 4943 )Vharton,
1685 4862 1817 4943 part:

231 4965 267 5012 1,
297 4927 440 5009 ita:
467 4927 674 5012 sum.
712 4944 830 5012 503,
868 4942 927 4991 ad
968 4927 1343 5012 annurnhiiS'S,
1384 4932 1604 5012 legitur:
1630 4927 1822 5012 forsit

230 4993 707 5067 siii63";i'iib'as‘de
747 4993 953 5059 Persora
992 5005 1117 5065 apud
1158 4998 1675 5070 Bermundeseiamniv
1710 4993 1822 5042 Idus

227 5063 361 5133 iiaii.
392 5097 410 5125 ››
454 5082 513 5128 Et
536 5080 710 5127 iterum
737 5076 797 5123 ad
837 5063 1057 5123 eumdem
1101 5080 1280 5117 annum
1307 5069 1353 5114 in
1378 5064 1541 5133 annal.
1570 5063 1816 5133 “daora,

233 5128 433 5211 p.178:
467 5160 485 5192 α
502 5146 666 5211 Simon
684 5142 834 5191 abbas
848 5142 1067 5211 Persorze
1089 5137 1226 5211 obiit.
1236 5132 1502 5211 {pascimus
1515 5128 1748 5211 succidit,
1772 5128 1821 5174 et

230 5197 531 5265 benedicitur
566 5209 830 5270 \V'igornia:
870 5207 947 5256 die
974 5204 1199 5254 Omnium
1235 5202 1544 5270 Sanctorum.
1578 5216 1598 5236 ν
1630 5197 1712 5270 Ex
1730 5204 1821 5269 quo

232 5260 391 5341 Eéiiigi
416 5260 562 5327 datur
588 5260 677 5323 mé'
702 5274 855 5323 relata
882 5271 1097 5322 evenisse
1136 5280 1264 5318 anno
1294 5266 1439 5327 1198,
1480 5275 1645 5312 mense
1670 5260 1820 5309 Maio.

299 5361 444 5427 (180)
467 5360 746 5411 Caanobium
768 5358 816 5427 in
837 5353 1294 5427 agroSurrcgiensi,
1319 5351 1446 5423 circa
1467 5358 1645 5427 annum
1672 5342 1818 5427 11082,

233 5410 679 5489 fundari'coaptum,
709 5410 896 5474 ordinis
919 5410 1289 5489 Cluniacensis,
1310 5415 1446 5476 cujus
1484 5410 1821 5489 benefactores

232 5479 325 5547 una
349 5507 460 5546 cum
506 5479 695 5543 chartis
731 5488 1013 5551 quibusdam
1048 5488 1107 5536 ad
1134 5479 1313 5535 annum
1348 5493 1499 5544 usque
1700 5487 1823 5551 enu-

240 5545 493 5613 merantur
536 5560 584 5609 in
608 5545 872 5609 Monastico
893 5556 1160 5617 Anglicano
1183 5557 1301 5604 tom.
1332 5552 1370 5613 l,
1402 5560 1513 5610 pag.
1535 5545 1635 5597 639
1666 5547 1714 5595 et
1742 5554 1822 5593 se-

237 5627 457 5692 quentib.

446 5718 685 5771 PATROL.
728 5713 907 5770 CLIII.

1993 4491 2074 4549 est
2106 4491 2203 4548 hoc
2234 4491 2296 4547 in
2326 4491 2534 4561 magna
2577 4492 2693 4546 Vita
2720 4491 2820 4546 sub
2849 4491 3097 4563 capitulo
3135 4491 3399 4548 secundo.

1992 4599 2092 4654 Die
2123 4597 2369 4670 sequenti
2395 4597 2544 4667 (182)
2573 4611 2698 4652 cum
2719 4597 2959 4653 venisset
2987 4597 3057 4652 ad
3087 4596 3317 4663 curiam,
3351 4598 3510 4668 gravi

1922 4686 2085 4759 cmpit
2105 4686 2307 4757 pulsari
2326 4684 2598 4742 calumnia
2614 4701 2714 4756 per
2730 4686 2982 4742 comitem
2997 4685 3144 4756 (183)
3163 4685 3507 4757 Leycestriae,

1990 4860 2124 4924 (181)
2166 4859 2462 4911 Londinensi
2486 4897 2499 4920 ,
2540 4870 2568 4907 a
2606 4870 2701 4920 qua
2748 4856 3134 4921 Bermundseia,
3174 4859 3277 4920 aut,
3326 4858 3380 4906 ut
3429 4856 3511 4907 hic

1920 4929 2168 4990 scribitur,
2196 4925 2542 4977 Bermundesia
2565 4936 2662 4974 non
2688 4924 2831 4987 longe
2854 4924 3087 4974 distabat.

1991 5075 2131 5137 (182)
2166 5076 2277 5124 Post
2318 5072 2506 5135 prtelati
2550 5071 2666 5121 dicti
2704 5071 3022 5137 sepulturam.
3072 5068 3206 5117 Unde
3250 5068 3511 5129 conjicitur

1921 5136 2067 5192 etiam
2096 5136 2210 5189 illud
2235 5140 2460 5203 generale
2488 5138 2773 5200 colloquium
2809 5136 3119 5198 praelatorum
3160 5138 3216 5203 et
3250 5148 3511 5197 procerum

1921 5222 2048 5259 anno
2096 5201 2254 5267 “98,
2287 5208 2334 5255 in
2381 5206 2501 5254 Maio
2550 5204 2697 5255 fuisse
2734 5204 2972 5265 habitum,
3017 5214 3109 5264 quo
3148 5201 3324 5266 soluto,
3376 5204 3512 5263 Ηυςο

1923 5274 2263 5325 transfretavit
2288 5272 2343 5322 ad
2376 5284 2559 5333 regem.

1992 5402 2134 5467 (185)
2161 5401 2308 5462 Cujus
2351 5397 3052 5467 progenitoresfundaverunt
3098 5394 3348 5467 abbajiam
3391 5396 3518 5467 apud

1922 5464 2144 5522 Eteniam
2170 5469 2220 5517 in
2245 5481 2363 5529 agro
2399 5466 2738 5525 Warwicensi,
2764 5468 2813 5515 et
2841 5466 3108 5515 cwnobiuxn
3134 5464 3438 5515 Luffeldense
3465 5465 3515 5514 in

1924 5536 2511 5655 agro20Northamtonensi,
2536 5536 2660 5584 teste
2686 5534 2891 5583 Monast.
2920 5533 3107 5595 Anglic.
3130 5536 3251 5583 tom.
3278 5532 3316 5595 Ι,
3344 5544 3393 5596 p.
3422 5533 3521 5583 518

1924 5620 1948 5656 c
1998 5606 2029 5654 5
2104 5641 2114 5652 .

3250 5693 3314 5743 33
