3960 6062
450 197 585 249 1035

1321 193 1375 248 S.
1419 193 1730 249 HUGONIS
1768 192 1991 248 EPISC.
2040 190 2363 246 LINCOLN.
2407 191 2570 247 0RD.
2615 192 2861 249 CARTH.

3608 198 3744 249 1036

398 316 401 317 ⁷
444 318 535 390 qui
567 334 766 390 pagum
797 317 1078 388 optimum,
1105 318 1279 372 eidem
1311 318 1429 371 urbi
1460 318 1794 390 contiguum,
1820 317 1922 387 ipsi
1952 316 2035 369 ni—
2063 316 2117 375 Α
2138 316 2560 372 salutari—Et
2577 321 2661 372 est
2686 319 2922 373 tertium
2939 315 3257 387 capitulum
3280 316 3341 370 in
3364 331 3575 387 magna
3596 319 3740 373 Vita.

442 406 661 460 tebatur
706 405 941 460 auferre.
978 407 1354 478 Suggerehant
1400 406 1559 460 etiam
1592 406 1850 475 episcopo
1880 404 2039 458 amici

445 502 498 548 et
543 493 840 549 consiliarii
883 494 1053 564 ipsius
1085 502 1350 564 quatenus
1399 509 1523 548 cum
1571 494 1889 548 adversario
1938 493 2038 546 sub

443 581 592 652 pacis
632 580 807 636 forma
855 581 1218 654 transigeret,
1253 589 1616 651 proponentes
1644 582 1811 636 multa
1858 596 2040 635 causae

443 685 575 735 suae,
621 668 866 741 quamvis
898 670 1029 723 satis
1053 670 1230 737 justze,
1268 669 1626 723 formidanda.
1664 669 1767 736 Qui
1796 669 2038 740 pertina-

445 758 586 813 ciam
613 757 824 812 comitis
855 765 1015 827 atque
1062 757 1408 811 insolentiam
1441 757 1663 811 nimiam
1695 764 2033 827 aspernatus,

443 844 694 899 omnibus
743 844 1071 899 consiliariis
1119 844 1231 899 suis
1280 860 1400 899 cum
1466 861 1681 916 magna:
1723 844 2038 899 assertionis

443 932 637 988 fiducia
666 932 797 987 dixit
832 946 844 985 :
882 953 903 982 ι
939 932 1130 987 Sciatis
1157 948 1253 1002 pro
1283 940 1434 987 certo
1465 932 1592 1004 quia
1620 949 1707 987 me
1736 932 1790 987 in
1819 934 1919 987 hac
1949 932 2037 986 lu-

443 1036 506 1076 ce
554 1020 843 1091 superstite
887 1020 986 1074 iste
1034 1020 1337 1075 nullatenus
1384 1021 1541 1089 hujus
1587 1037 1697 1075 suae
1727 1020 2038 1075 intentionis

441 1123 625 1179 prava:
656 1108 907 1163 sortietur
938 1106 1208 1162 effectum.
1262 1108 1468 1162 Habeat
1497 1124 1631 1179 ergo
1664 1108 1730 1162 ad
1764 1125 1874 1163 sua:
1906 1124 2035 1162 suo-

443 1213 667 1267 rumque
688 1196 1047 1250 damnationis
1071 1195 1342 1250 cumulum
1369 1212 1580 1266 guerra:
1609 1197 1880 1267 quondam
1902 1205 2036 1251 tem-

443 1299 575 1354 pore
607 1291 814 1337 extorta
860 1283 1124 1337 violenter
1173 1283 1526 1337 instrumenta
1557 1285 1863 1338 chartarum
1890 1302 1903 1349 ;
1936 1299 2035 1339 nos

443 1380 622 1426 autem
669 1371 1052 1441 patrimonium
1091 1370 1324 1426 dominae
1352 1380 1568 1437 nostrai,
1595 1372 1804 1426 tuitioni
1836 1380 2036 1426 nostra:

444 1460 738 1523 creditum,
789 1458 905 1528 ipsa
953 1458 1245 1526 adjuvante
1271 1499 1284 1526 ,
1317 1459 1445 1513 dum
1477 1459 1861 1525 advixerimus,
1894 1460 2035 1513 inte-

441 1564 601 1617 grum
648 1546 1001 1601 retinebimus
1028 1590 1038 1611 ,
1092 1555 1142 1601 et
1191 1547 1243 1600 in
1273 1547 1420 1602 nullo
1450 1548 1661 1617 penitus
1692 1548 2031 1602 diminutum.

441 1634 752 1703 Cujusmodi
780 1634 1011 1689 assertio
1043 1634 1315 1706 plerisque
1364 1645 1490 1690 tunc
1521 1636 1647 1689 viris
1676 1636 2033 1705 prudentibus
2055 1660 2107 1721 B

439 1725 618 1778 minus
648 1721 988 1779 considerate
1020 1722 1308 1777 videbatur
1360 1724 1589 1788 emissa,
1645 1739 1767 1778 cum
1799 1732 1849 1777 et
1879 1724 2033 1779 colo-

442 1828 553 1868 rem
600 1810 867 1882 mquitatis
915 1809 1197 1880 przeferret
1245 1811 1384 1866 actio
1431 1811 1778 1881 impetcntis,
1829 1820 1879 1865 et
1927 1820 2034 1866 tam

438 1901 585 1973 regis
608 1915 771 1971 quam
800 1914 939 1969 pene
970 1898 1130 1953 totius
1156 1899 1319 1954 curiae
1350 1898 1500 1953 favor
1531 1899 1583 1952 in
1607 1899 1821 1955 comitis
1849 1901 2034 1955 crede-

440 1998 591 2045 retur
636 1996 758 2044 vota
812 2002 1159 2043 concurrere.
1192 1988 1480 2043 Praevaluit
1522 1996 1702 2043 tamen
1731 1988 1831 2043 viri
1863 1988 2035 2043 sancti

440 2092 637 2143 sermo,
672 2075 965 2147 cogitatum
1006 2092 1163 2130 suum
1212 2075 1527 2147 plenissime
1550 2076 1804 2145 jactantis
1835 2076 1887 2130 in
1919 2077 2034 2132 Do-

441 2165 609 2219 mino.

510 2254 591 2308 De
640 2267 748 2324 quo
795 2252 954 2307 etiam
1004 2251 1249 2322 pluribus
1297 2252 1432 2307 illud
1482 2253 1673 2307 mirum
1723 2252 2030 2319 videbatur,

443 2341 568 2413 quia
613 2355 889 2411 nunquam
938 2356 1093 2395 more
1140 2340 1491 2395 celeberrimo
1537 2340 1638 2395 fori
1668 2340 1906 2408 laicalis,
1943 2341 2035 2394 ubi

441 2430 560 2485 lites
591 2429 694 2483 illa:
725 2429 1085 2501 agitabantur,
1108 2445 1166 2483 se
1198 2445 1297 2499 per
1325 2429 1713 2484 internuntium
1736 2429 1802 2484 de
1833 2428 2037 2499 impos-

442 2518 694 2573 sibilitate
755 2517 809 2571 in
869 2516 1075 2585 judicio
1125 2518 1479 2587 comparendi
1531 2517 1699 2573 voluit
1755 2533 2031 2584 excusare,

441 2614 858 2678 quantocunque
908 2613 1195 2677 urgeretur
1240 2605 1554 2660 discrimine
1599 2621 1665 2661 ex
1712 2604 2034 2676 litigantium

441 2694 807 2765 improbitate,
840 2708 909 2747 ne
940 2692 1024 2747 vel
1057 2693 1295 2763 speciem
1326 2692 1601 2748 mendacii
1643 2692 1918 2747 videretur
1947 2693 2034 2747 in-

445 2781 710 2838 currisse.
748 2780 875 2834 Post
906 2779 1021 2848 ejus
1044 2796 1172 2834 vero
1196 2779 1482 2834 decessum
1514 2782 1662 2847 (184)
1693 2795 1878 2834 comes
1909 2780 2033 2850 qui-

438 2870 561 2925 dem
591 2884 794 2941 pagum
818 2909 831 2934 ,
884 2882 1045 2938 quem
1075 2867 1319 2938 petebat,
1352 2867 1612 2935 obtinuit,
1647 2866 1744 2921 sed
1773 2868 1824 2920 in
1856 2868 2033 2922 conti-

438 2958 587 3013 nenti
618 2956 786 3028 lepra:
815 2955 1141 3026 contagione
1173 2970 1487 3025 percussus,
1511 2970 1635 3010 mox
1664 2955 1910 3025 corporis
1940 2971 2035 3011 va-

438 3045 693 3113 letudine,
728 3051 781 3100 et
827 3044 975 3099 brevi
1006 3051 1131 3114 post
1159 3043 1321 3098 etiam
1356 3042 1459 3098 vita
1489 3058 1707 3110 carens,
1742 3043 1949 3115 absque
1979 3044 2038 3097 li-

438 3133 585 3190 beris
605 3132 858 3189 decessit.
884 3135 1021 3186 Ante
1043 3132 1195 3199 cujus
1224 3132 1431 3186 obitum
1452 3148 1575 3186 cum
1598 3131 1817 3187 fratrem
1842 3132 2031 3202 ipsius,

438 3222 754 3293 episcopum
800 3219 1051 3275 videlicet
1096 3219 1152 3274 S.
1199 3219 1431 3274 Andreae
1462 3218 1530 3274 de
1562 3219 1779 3285 Scotia,
1816 3219 2035 3290 plurimi

440 3315 768 3366 conarentur
814 3306 870 3361 in
899 3307 1211 3362 cathedram
1240 3307 1340 3363 viri
1375 3307 1510 3371 Dei,
1566 3306 1655 3378 qui
1679 3308 1789 3375 jam
1820 3307 2035 3378 pridem

439 3398 511 3453 ad
538 3396 827 3452 Dominum
858 3395 1209 3468 migraverat,
1244 3395 1577 3465 subrogare,
1610 3395 1785 3449 visum
1819 3404 1901 3449 est
1930 3411 2035 3450 no-

438 3492 524 3542 cte
567 3484 797 3557 quadam
842 3500 942 3555 per
987 3498 1239 3552 soporem
1286 3483 1453 3537 nobili
1495 3482 1707 3537 cuidam
1764 3482 2034 3554 religiosae

437 3580 722 3639 matronae,
775 3570 922 3643 quod
972 3577 1219 3626 cerneret
1264 3570 1579 3641 praedictum
1611 3570 1710 3625 Dei
1751 3570 2030 3638 famulum,

435 3660 745 3733 pontificem
773 3668 1151 3722 memoratum,
1184 3658 1493 3714 ambitionis
1523 3667 1657 3713 aestu
1686 3674 2029 3725 succensum,

438 3750 569 3805 dum
613 3765 769 3803 suum
820 3748 1081 3803 niteretur
1130 3747 1499 3802 conscendere
1546 3749 1835 3813 thronum,
1876 3747 2035 3817 virga

439 3836 701 3908 pastorali
730 3835 917 3890 durius
943 3835 1284 3906 percussisse
1330 3834 1429 3889 sub
1478 3842 1699 3904 pectore
1718 3875 1733 3901 ,
1768 3834 1839 3888 ita
1868 3840 1927 3889 ut
1956 3834 2033 3888 vi-

439 3924 694 3992 deretur,
744 3922 835 3993 qui
882 3922 1043 3977 ictum
1074 3929 1387 3991 receperat,
1434 3921 1719 3991 resupinus
1750 3922 1803 3975 in
1834 3928 2033 3976 terram

439 4010 709 4067 corruisse
757 4011 924 4081 (185).
990 4010 1155 4064 Facto
1201 4025 1395 4073 mane,
1446 4024 1567 4063 cum
1616 4009 1709 4063 illa
1762 4009 2033 4063 somnium

440 4098 554 4154 suis
584 4105 930 4163 enarrasset,
983 4111 1111 4152 ecce
1138 4104 1324 4149 assunt
1352 4096 1569 4166 quidam
1594 4104 1823 4151 mortem
1853 4097 2031 4152 homi-

438 4186 524 4241 nis
554 4186 717 4255 illius,
748 4200 858 4240 non
890 4184 1005 4239 sine
1035 4192 1256 4255 stupore
1286 4183 1637 4251 audientium,
1672 4184 1846 4255 palam
1888 4201 2032 4240 nun-

438 4275 652 4330 tiantes.
703 4276 909 4329 Horum
952 4273 1118 4345 igitur
1165 4271 1302 4327 adeo
1339 4272 1656 4339 illustrium,
1690 4274 1828 4329 adeo
1874 4274 2033 4342 hujus

440 4362 627 4417 mundi
656 4362 881 4417 ﬂoribus
909 4360 1269 4429 vernantium,
1303 4368 1414 4415 tam
1445 4362 1688 4431 abjectus
1718 4370 1769 4416 et
1799 4371 1904 4417 tam
1936 4378 2029 4417 re-
2052 4358 2103 4418 D

440 4450 694 4521 pentinus
740 4449 1009 4514 interitus,
1059 4449 1188 4521 quid
1217 4449 1362 4504 aliud
1390 4450 1507 4505 hinc
1539 4450 1834 4505 scientibus
1863 4449 2034 4504 innuit

440 4553 603 4609 quam
647 4538 769 4606 jura
816 4537 1187 4593 Ecclesiarum
1217 4546 1465 4593 evertere
1496 4554 1789 4609 servosque
1819 4537 2035 4593 Domini

438 4625 635 4696 injuste
664 4624 935 4682 lacessere
962 4641 1128 4697 supra
1156 4626 1379 4681 modum
1408 4626 1695 4682 exitiosum
1727 4626 1891 4681 esse?

1074 4767 1298 4823 CAPUT
1338 4768 1427 4821 IV.

438 4866 515 4920 De
545 4865 889 4920 reuelatione
938 4864 1141 4919 clerico
1175 4864 1491 4926 insinuata,
1525 4865 1617 4935 qui
1642 4865 1796 4918 inter
1826 4880 2032 4919 manus

510 4936 751 5006 episcopi
772 4935 1109 4990 celebranti:
1127 4937 1365 5003 formam
1392 4935 1527 4988 vidit
1548 4936 1713 5004 pueri
1731 4935 1829 4988 sub
1850 4936 2031 4990 hostia

508 5110 650 5174 (184)
675 5111 729 5161 1d
767 5116 839 5164 est
863 5116 968 5173 post
989 5114 1040 5162 S.
1068 5110 1278 5171 Hugonis
1302 5114 1529 5162 mortem.

505 5194 648 5259 (185)
672 5197 912 5246 Corruerc
937 5199 1019 5245 aut
1038 5196 1157 5245 mori
1182 5196 1345 5245 debuit
1369 5196 1447 5245 hic
1472 5198 1524 5245 S.
1554 5196 1760 5247 Andrea:
1780 5196 1839 5246 de
1866 5198 2030 5247 Scotia

440 5262 692 5325 episcopus
717 5274 844 5311 anno
890 5263 1038 5323 1‘201,
1066 5266 1147 5311 aut
1190 5262 1339 5322 1202,
1389 5274 1497 5311 cum
1541 5275 1669 5311 anno
1714 5264 1931 5325 sequenti
1980 5264 2027 5313 in

436 5330 713 5445 episcopium:
740 5328 1067 5378 Lincolniensi
1090 5328 1379 5378 successerit
1403 5328 1692 5392 Willelmus,
1723 5341 1779 5379 ex
1803 5342 2028 5393 praecone

460 5406 541 5446 ore
593 5408 619 5445 e
641 5406 691 5445 ec
718 5406 790 5445 us.

2212 448 2310 501 Die
2341 449 2568 518 quadam
2594 450 2741 521 (186)
2766 448 3096 505 consistente
3130 447 3389 519 episcOpo
3419 449 3475 502 in
3493 450 3741 504 manerio

2134 534 2273 602 juris
2305 537 2408 602 sui,
2443 538 2588 607 quod
2619 538 2949 592 Bukkedena
2981 543 3342 607 nuncupatur,
3374 544 3642 592 venerunt
3674 537 3741 590 ad

2139 622 2286 676 illum
2337 624 2559 694 quidam
2590 626 2875 691 monachi,
2910 632 3299 695 praesentantes
3328 625 3377 679 ei
3408 625 3473 678 ad
3504 624 3738 679 benedi-

2140 712 2376 766 cendum
2406 721 2587 768 vestes
2617 713 3017 780 sacerdotales,
3051 720 3104 767 et
3133 712 3357 768 calicem
3387 729 3550 767 unum
3583 713 3740 768 valde

2140 800 2469 869 speciosum.
2520 801 2824 871 Episcopus
2864 810 2990 856 tunc
3047 817 3077 855 a
3134 802 3409 871 sepultura
3457 802 3738 870 cujusdam

2140 888 2425 943 servientis
2481 890 2757 945 Laurentii
2787 889 3209 945 Bedefordensis
3258 890 3628 945 archidiaconi
3690 891 3741 943 in

2140 975 2429 1031 ecclesiam
2459 986 2684 1032 venerat
2702 994 2853 1033 sacra
2884 978 3177 1032 missarum
3199 978 3461 1033 solemnia
3491 978 3739 1033 celebra-

2138 1071 2306 1118 turus.
2344 1065 2472 1118 Erat
2501 1082 2634 1121 vero
2664 1066 2976 1132 Sabbatum,
3013 1082 3121 1136 quo
3152 1082 3371 1136 semper
3401 1066 3489 1120 die
3516 1109 3529 1131 ,
3565 1066 3611 1119 si
3636 1082 3739 1119 va-

2138 1160 2315 1217 caret,
2369 1152 2437 1207 de
2488 1154 2644 1208 beata
2693 1153 2789 1208 Dei
2833 1154 3098 1225 genitrice
3145 1154 3311 1208 Maria
3351 1162 3457 1207 tam
3488 1154 3741 1208 diurnum

2139 1256 2303 1310 quam
2325 1250 2651 1295 nocturnum
2682 1241 2912 1296 oﬂicium
2936 1242 3143 1297 solebat
3166 1242 3466 1297 celebrare.
3498 1243 3581 1296 Ad
3613 1258 3738 1296 eum

2139 1344 2355 1399 quoque
2403 1329 2504 1382 sub
2548 1329 2636 1383 die
2691 1329 2784 1383 illo
2841 1330 3029 1399 plures
3077 1330 3313 1401 undique
3362 1330 3738 1384 conﬂuxerant

2138 1416 2342 1480 clerici,
2375 1416 2755 1473 ecclesiasticis
2774 1418 3071 1472 redditibus
3101 1418 3395 1473 admodum
3426 1419 3599 1472 ditati.
3627 1418 3738 1472 Illis

2136 1519 2266 1558 vero
2297 1504 2349 1557 in
2376 1505 2623 1560 Ecclesia
2648 1506 2763 1574 jam
2792 1506 3153 1576 praisentibus
3187 1506 3477 1577 episcopus
3504 1507 3732 1562 calicem

2137 1593 2388 1662 superius
2436 1602 2796 1647 memoratum
2853 1594 2907 1647 in
2964 1594 3253 1663 manibus,
3305 1602 3362 1647 ut
3390 1602 3740 1649 consecraret

2137 1695 2281 1745 eum,
2314 1681 2530 1735 tenebat
2559 1682 2836 1736 nudatum.
2880 1681 3053 1750 Quem
3085 1697 3318 1737 cernens
3349 1683 3582 1749 metallo,
3618 1699 3738 1736 am-

2136 1768 2399 1838 plitudine
2429 1776 2482 1824 et
2510 1768 2896 1825 artiﬁciositate
2925 1770 3310 1840 conspicuum,
3344 1771 3520 1841 ipsum
3550 1770 3621 1824 ab
3652 1770 3739 1825 al-

2134 1856 2233 1910 tari
2260 1856 2317 1910 in
2347 1857 2573 1911 chorum
2602 1857 2811 1924 detulit,
2846 1857 3206 1929 omnibusque
3237 1858 3446 1914 clericis
3496 1858 3740 1928 praefatis

2135 1959 2259 1999 eum
2290 1944 2553 1999 exhibens
2584 1945 3064 2011 considerandum,
3098 1946 3349 2000 devotam
3374 1946 3617 2001 virorum
3651 1962 3740 2000 re-

2134 2032 2452 2103 ligiosorum
2501 2033 2646 2087 circa
2701 2032 2869 2088 divini
2925 2033 3211 2088 ministerii
3270 2034 3474 2089 cultum
3528 2042 3580 2089 et
3611 2050 3741 2088 vasa

2134 2119 2478 2175 collaudabat
2519 2120 2831 2187 solertiam,
2880 2121 2985 2175 illis
3006 2121 3314 2177 econtrario
3355 2122 3737 2193 improperans

2134 2208 2277 2279 quod
2325 2208 2507 2262 multis
2538 2208 2893 2263 ecclesiarum
2921 2209 3219 2263 redditibus
3265 2209 3536 2280 opulenti,
3588 2210 3740 2280 ipsas

2134 2310 2236 2351 nec
2266 2294 2418 2349 libris
2449 2311 2549 2351 nec
2582 2296 2749 2364 vasis,
2780 2297 2877 2351 sed
2898 2312 2999 2352 nec
3029 2296 3152 2351 aliis
3181 2297 3509 2353 necessariis
3539 2297 3730 2361 rebus,

2136 2384 2523 2439 convenienter
2577 2385 2920 2451 excolerent,
2980 2386 3077 2440 sed
3136 2385 3220 2439 his
3250 2385 3500 2440 omnibus
3530 2400 3738 2455 egenas

2136 2471 2334 2526 Christi
2382 2472 2637 2528 basilicas
2687 2473 2919 2544 spoliare
2949 2474 3128 2545 potius
3160 2489 3322 2545 quam
3353 2489 3553 2529 ornare
3584 2482 3737 2527 sata-

2136 2568 2349 2632 gerent.

2208 2649 2335 2702 Post
2362 2649 2478 2704 haec
2504 2649 2789 2721 ingressus
2818 2649 2885 2704 ad
2913 2649 3105 2716 altare,
3130 2650 3354 2705 missam
3384 2650 3736 2706 devotissime

2136 2742 2220 2789 est
2247 2751 2405 2790 orsus
2434 2736 2737 2792 celebrare.
2773 2738 3015 2809 Cumque
3046 2739 3259 2794 caeteris
3273 2740 3385 2807 jam
3418 2741 3517 2793 rite
3566 2755 3733 2809 pera-

2136 2823 2238 2877 ctis
2266 2823 2334 2877 ad
2364 2840 2490 2877 eum
2516 2825 2858 2895 pervenisset
2889 2825 3089 2891 locum,
3123 2827 3216 2880 ubi
3264 2826 3525 2881 elevatam
3556 2827 3614 2881 in
3646 2828 3732 2881 al-

2136 2918 2247 2964 tum
2312 2911 2542 2966 hostiam
2598 2913 2922 2968 benedicere
2952 2914 3119 2969 moris
3155 2922 3256 2980 est,
3291 2930 3415 2970 mox
3455 2916 3511 2969 in
3541 2931 3733 2969 verum

2058 3005 2105 3068 ο
2136 2998 2330 3053 Christi
2385 3016 2579 3070 corpus
2629 3002 2857 3072 mystica
2914 3003 3339 3058 sanctificatione
3397 3012 3730 3059 converten-

2134 3086 2281 3153 dam,
2316 3089 2594 3157 cujusdam
2616 3089 2802 3145 clerici
2832 3106 3069 3160 superna
3097 3091 3385 3147 clementia
3404 3091 3626 3161 dignata
3648 3100 3733 3147 est

2132 3175 2322 3230 oculos
2350 3176 2585 3245 aperire,
2619 3178 2776 3248 eique
2806 3178 2907 3231 sub
2938 3178 3121 3249 specie
3166 3178 3385 3235 infantis
3414 3182 3565 3250 (187)
3596 3196 3733 3251 par-

2134 3262 2243 3318 vuli
2274 3264 2544 3318 Christum
2577 3281 2734 3320 suum
2763 3265 3157 3322 demonstravit
3185 3267 3558 3322 mundissimis
3589 3270 3737 3325 sacri

2134 3352 2381 3421 praesulis
2401 3352 2585 3424 digitis
2606 3354 3039 3409 reverentissime
3071 3355 3417 3411 contrectari.
3444 3357 3579 3411 Erat
3600 3373 3733 3413 vero

2132 3438 2277 3493 idem
2327 3456 2461 3509 puer
2506 3440 2678 3495 forma
2726 3442 2945 3513 quidem
2975 3443 3356 3514 permodicus,
3416 3445 3515 3499 sed
3546 3445 3732 3500 divino

2133 3527 2369 3598 quodam
2398 3528 2572 3583 nitore
2616 3537 2777 3601 atque
2808 3530 3047 3587 candore
3094 3548 3261 3601 super
3314 3533 3734 3588 astimationem

2133 3615 2367 3670 hominis
2396 3617 2614 3671 nimium
2647 3618 2897 3673 decorus.
2932 3619 3195 3687 Clericus,
3230 3620 3321 3692 qui
3348 3621 3465 3677 haec
3494 3621 3734 3687 viderat,

2133 3703 2273 3757 mira
2316 3703 2600 3760 devotione
2631 3706 2755 3774 (nec
2784 3707 3001 3777 mirum)
3033 3723 3328 3764 succensus
3350 3751 3362 3775 ,
3408 3709 3736 3780 plurimum-

2134 3808 2238 3862 que
2286 3800 2673 3862 compunctus,
2727 3801 2942 3866 tempus
2989 3811 3150 3850 omne
3190 3796 3541 3852 continuabat
3570 3798 3624 3851 in
3656 3798 3737 3853 la-

2132 3878 2335 3950 crymis
2365 3880 2511 3951 quod
2540 3881 2846 3937 intercessit
2876 3884 2945 3937 ab
2974 3883 3068 3938 illa
3098 3885 3414 3955 elevatione,
3446 3901 3737 3958 usquequo

2132 3966 2329 4021 iterum
2372 3983 2492 4022 eam
2535 3968 2708 4025 levari
2737 3980 2985 4027 cerneret
3012 3971 3387 4045 frangendam,
3412 3973 3523 4042 jam
3556 3982 3607 4029 et
3637 3991 3736 4029 su-

2132 4055 2387 4110 mendam
2420 4058 2521 4111 sub
2568 4058 2702 4112 trina
2762 4060 2845 4114 sui
2897 4060 3208 4131 partitione.
3261 4062 3323 4115 In
3377 4078 3485 4133 qua
3513 4078 3735 4118 rursum

2133 4143 2436 4199 elevatione
2466 4146 2568 4199 sub
2598 4146 2807 4213 eadem,
2833 4164 2941 4219 qua
2970 4149 3141 4220 prius,
3166 4149 3405 4223 imagine
3434 4159 3619 4206 natum
3655 4153 3737 4207 in-

2135 4238 2309 4286 tuetur
2334 4232 2403 4287 de
2430 4233 2653 4305 Virgine
2683 4235 2875 4290 Filium
2904 4236 3185 4304 Altissimi,
3218 4239 3460 4309 seipsum
3488 4238 3735 4295 offeren-

2132 4328 2240 4375 tem
2270 4320 2410 4375 Patri
2438 4338 2539 4392 pro
2568 4323 2805 4378 humana
2835 4323 3026 4379 salute.
3058 4326 3187 4381 Post
3215 4328 3352 4393 haec,
3379 4328 3491 4396 jam
3538 4328 3734 4399 exple-

2134 4408 2202 4463 tis
2233 4409 2481 4463 omnibus
2513 4427 2634 4481 quae
2663 4410 2717 4466 in
2748 4412 2981 4469 ecclesia
3007 4413 3223 4469 fuerant
3253 4417 3591 4489 peragenda,
3624 4418 3741 4473 cle-

2136 4496 2299 4566 ricus,
2332 4498 2421 4568 qui
2453 4498 2554 4553 ista
2584 4509 2967 4571 conspexerat,
3000 4503 3270 4559 accedens
3300 4504 3370 4559 ad
3404 4521 3589 4560 verum
3617 4506 3739 4563 Do-

2134 4584 2270 4638 mini
2297 4586 2672 4653 sacerdotem,
2726 4588 2903 4644 taliter
2958 4589 3008 4645 ei
3066 4591 3329 4646 secretius
3360 4601 3443 4648 est
3471 4593 3737 4649 locutus:

2140 4694 2160 4722 α
2194 4673 2425 4728 Domine
2454 4674 2634 4741 Pater,
2667 4676 2843 4743 vobis,
2877 4677 3066 4750 inquit,
3086 4680 3263 4736 habeo
3292 4680 3473 4752 aliqua
3503 4683 3735 4751 referre,

2134 4776 2257 4829 quae
2283 4769 2541 4828 vestram,
2568 4762 2613 4816 si
2642 4763 2836 4833 placet,
2864 4767 3205 4822 sanctitatem
3227 4768 3540 4841 diligentius
3570 4786 3738 4842 Opor-

2132 4854 2243 4902 teat
2271 4848 2479 4905 audire.
2511 4870 2532 4900 »
2586 4851 2831 4924 Cumque
2872 4852 3027 4909 ﬂexis
3064 4856 3293 4928 genibus
3321 4858 3422 4912 ista
3452 4874 3637 4914 coram
3672 4876 3738 4917 eo

2132 4944 2247 4990 erat
2269 4944 2604 5008 prosecutus,
2632 4940 2711 4995 vir
2732 4942 2948 4997 Domini
2976 4960 3095 4998 cum
3118 4960 3183 5000 eo
3214 4945 3477 5002 secedens
3495 4963 3525 5001 a
3547 4948 3732 5018 turba,

2199 5114 2342 5191 (188)
2369 5119 2507 5191 anno
2539 5119 2683 5191 1194,
2724 5125 2807 5171 aut
2830 5124 3072 5191 sequenti,
3101 5137 3195 5187 quo
3236 5126 3361 5175 visio
3388 5127 3493 5177 hec
3530 5128 3733 5191 accidit,

2130 5181 2490 5255 Huberto_jam
2539 5181 2778 5255 existente
2828 5181 3218 5255 archiepiScopo,
3264 5197 3314 5242 at
3354 5198 3554 5245 auctore
3607 5181 3736 5247 Viue

2130 5248 2342 5297 nondum
2370 5250 2556 5313 Hugoni
2580 5254 2839 5305 existente.

2201 5328 2344 5408 (1827.)
2369 5334 2483 5385 Inde
2507 5335 2618 5386 data
2646 5340 2845 5408 occasio
2873 5341 2926 5392 S.
2953 5342 3205 5407 nugonem
3244 5356 3353 5397 cum
3397 5345 3597 5407 parvulo
3638 5359 3731 5399 su-

2130 5408 2218 5459 pra
2239 5399 2441 5453 calicem
2462 5406 2868 5465 representandi.
