3960 6062
206 245 340 295 1037

1590 247 1767 299 VITA.
1811 274 1877 283 —
1917 244 2043 298 LIB.
2074 218 2151 297 ’v.

3357 243 3491 293 {038

201 380 451 420 seorsum
483 380 641 419 secus
666 365 842 419 altare
861 364 1083 430 resedit,
1103 365 1259 436 eique
1281 367 1527 436 proferre
1550 386 1670 439 qua:
1699 385 1799 424 vo-
1823 372 1876 430 Α
1907 375 2051 422 esset
2082 364 2467 437 prosequendo
2496 363 2725 419 locutus.
2757 364 3009 419 Sciebam
3052 365 3195 419 enim
3225 368 3498 424 neminem

201 453 392 508 luisset
423 454 617 507 leniter
647 454 950 523 imperavit.
976 455 1109 507 Tum
1139 453 1229 507 ille
1265 470 1275 507 :
1314 477 1335 505 α
1374 457 1431 509 In
1463 458 1700 521 crastino
1724 458 1798 526 (id

201 550 283 596 est
305 542 605 611 postridie),
632 542 821 612 inquit,
848 541 1152 596 festivitatis
1174 542 1429 597 Omnium
1452 544 1795 614 Sanctorum,

202 647 324 699 qua:
355 630 457 685 hac
488 631 605 699 ipsa
635 630 933 700 septimana
963 630 1237 685 celebrata
1285 640 1387 700 est,
1436 648 1557 688 cum
1589 634 1799 688 Psalte-

202 719 341 771 rium
372 718 426 772 in
459 718 692 788 quadam
733 718 967 773 ecclesia
997 718 1346 773 decantarem
1374 736 1475 791 pro
1518 722 1800 775 animabus

203 806 441 860 fidelium
472 806 848 861 defunctorum
872 806 1039 877 (sicut
1070 806 1190 877 ipsa
1219 808 1307 862 die
1359 808 1618 863 solemnis
1646 810 1801 864 exhi-

200 894 320 949 beri
350 910 538 949 earum
558 895 823 949 memoria
856 894 1013 966 solet)
1041 911 1145 950 vox
1185 897 1431 966 quaedam
1479 898 1655 952 subito
1701 914 1801 951 au-

198 982 349 1037 ribus
377 983 513 1037 meis
542 984 737 1053 illapsa
768 990 867 1051 est,
902 1000 1021 1054 quae
1050 984 1233 1038 verbis
1264 984 1683 1039 absolutissimis
1713 986 1801 1039 di-

201 1080 349 1126 ceret
384 1090 396 1125 :
429 1072 625 1143 Surge,
660 1071 932 1143 inquiens,
965 1070 1058 1137 fili,
1094 1080 1146 1126 et
1168 1088 1338 1144 perge
1370 1074 1476 1128 cito
1500 1074 1568 1128 ad
1592 1074 1802 1129 Lincol-

198 1161 447 1215 niensem
475 1161 810 1231 episcopum,
836 1160 1093 1231 dicesque
1116 1160 1165 1214 ei
1196 1176 1261 1215 ex
1280 1169 1436 1231 parte
1465 1162 1583 1227 Dei,
1616 1170 1803 1234 quate-

200 1265 302 1303 nus
360 1257 579 1304 moneat
644 1247 961 1321 diligentius
1019 1248 1463 1305 Cantuariensem
1527 1250 1803 1320 archiepi-

202 1353 429 1408 scOpum
462 1340 631 1407 (188),
676 1344 733 1391 ut
779 1337 983 1407 pariter
1032 1352 1221 1391 secum
1270 1338 1446 1393 subito
1494 1338 1805 1410 vigilantius

201 1427 445 1481 intendat
476 1427 545 1481 ad
566 1426 954 1497 corrigendum
977 1433 1177 1480 statum
1195 1426 1325 1481 cleri
1343 1434 1395 1481 et
1414 1426 1803 1482 Ecclesiarum.

201 1516 375 1569 Nimis
406 1515 548 1569 enim
581 1514 875 1570 offenditur
904 1514 1089 1569 divina
1134 1515 1390 1582 majestas
1437 1531 1538 1585 per
1581 1532 1647 1571 ea
1689 1531 1808 1588 qua:

204 1604 578 1659 indesinenter
606 1602 737 1657 fiunt
766 1618 798 1657 a
847 1602 1154 1657 rectoribus
1202 1602 1571 1658 Ecclesiarum
1625 1612 1676 1659 et
1708 1621 1806 1659 ea-

1901 464 2098 525 prteter
2127 472 2214 509 me
2246 454 2492 509 cominus
2540 452 2684 507 circa
2726 453 2903 507 locum
2947 453 3124 521 ipsum
3167 456 3494 511 constitisse.

1902 544 2069 614 Igitur
2098 559 2221 598 cum
2252 551 2373 612 post
2402 542 2569 613 longa
2599 540 2809 611 pavidm
2857 541 3196 612 cogitationis
3228 544 3498 599 volumina

1901 630 2052 686 vocis
2082 639 2354 686 auctorem
2385 629 2750 700 uequivissem
2780 629 3050 683 ullatenus
3093 630 3501 700 deprehendere

1902 719 2232 790 consignans
2277 719 2545 788 meipsum
2597 718 2823 772 salutari
2885 718 3060 773 crucis
3108 719 3286 791 signo,
3329 720 3501 775 inter-

1902 807 2083 861 missae
2112 806 2374 862 orationis
2405 806 2641 861 studium
2690 806 3100 872 vehementiori,
3134 822 3296 877 quam
3326 808 3499 879 prius,

1903 895 2176 951 desiderio
2208 903 2452 966 repetere
2483 894 2643 965 coepi.
2674 895 2790 950 Nec
2818 909 2974 949 mora
2999 914 3011 961 ;
3045 904 3098 949 et
3122 896 3313 951 iterum
3343 898 3507 953 audio

1904 999 2097 1039 vocem
2165 984 2356 1039 eodem
2404 997 2540 1037 sono
2602 981 2918 1053 eisdemque
2968 983 3189 1054 syllabis
3253 986 3503 1042 eamdem

1906 1088 2066 1143 quam
2096 1072 2249 1143 prius
2275 1071 2583 1142 exprimere
2633 1071 2977 1125 sententiam.
3024 1072 3174 1127 Tunc
3222 1087 3347 1145 ego,
3379 1089 3506 1129 cum

1906 1176 2007 1215 nec
2029 1160 2223 1215 stantis
2251 1174 2567 1231 personam,
2618 1174 2720 1214 nec
2768 1158 2932 1225 illius,
2984 1160 3071 1215 cui
3118 1177 3299 1217 sermo
3347 1161 3508 1216 ﬁebat

1906 1248 2029 1314 iste,
2062 1248 2359 1318 potuissem
2382 1248 2686 1314 advertere,
2712 1247 3013 1303 cedendum
3046 1248 3166 1305 loco
3187 1249 3506 1316 existimavi,

1907 1335 1963 1391 id
1993 1343 2196 1390 tantum
2228 1350 2443 1392 mecum
2474 1342 2750 1406 reputans,
2784 1335 2909 1406 quia
2956 1336 3158 1407 aliquid
3201 1338 3509 1394 sacratioris

1908 1425 2156 1495 mysterii
2184 1424 2389 1480 ibidem
2418 1424 2718 1495 agitaretur
2749 1424 2818 1478 ab
2840 1423 3129 1496 aliquibus,
3156 1441 3384 1497 quorum
3406 1441 3511 1499 ego

1908 1513 2165 1585 indignus
2195 1513 2485 1568 existerem
2514 1512 2732 1568 arcanis
2754 1512 3046 1567 interesse.
3072 1514 3310 1569 Adorato
3330 1514 3513 1585 itaque

1909 1602 2164 1671 Domino,
2200 1602 2427 1673 signans
2456 1600 2589 1655 mihi
2619 1601 2853 1656 frontem
2882 1616 2912 1655 a
2942 1601 3064 1657 loco
3104 1601 3351 1658 discessi.

202 1708 325 1747 rum
356 1691 638 1746 ministris.
672 1691 996 1747 Sacerdotes
1027 1692 1169 1745 enim
1200 1700 1251 1745 et
1272 1691 1503 1747 aliorum
1534 1692 1803 1765 graduum
1829 1721 1882 1783 Β
1984 1690 2226 1762 Cumque
2256 1689 2631 1762 pervenissem
2660 1689 2731 1745 ad
2759 1689 2946 1746 valvas
2977 1689 3242 1757 ecclesiae,
3276 1691 3514 1747 occurrit

198 1796 469 1851 personae,
502 1779 815 1834 omnimodo
844 1778 1101 1835 vitiorum
1132 1796 1353 1850 genere,
1388 1781 1618 1836 maxime
1641 1781 1806 1837 luxu-

201 1870 299 1924 riae
322 1869 594 1935 sordibus,
629 1867 835 1933 foedati,
871 1868 1225 1922 sacramentis
1264 1868 1461 1923 divinis
1491 1870 1563 1924 ex“
1587 1869 1812 1942 indigno

204 1973 429 2014 accessu
459 1956 706 2025 injuriosi
729 1956 1039 2025 existentes,
1067 1972 1129 2012 ea
1150 1957 1519 2013 irreverenter
1548 1960 1812 2016 sumendo

204 2056 365 2117 atque
406 2045 708 2109 tractando,
761 2053 1021 2116 quantum
1066 2045 1119 2099 in
1151 2061 1210 2100 se
1267 2054 1365 2114 est,
1418 2046 1661 2117 polluere
1704 2063 1813 2103 non

202 2143 480 2190 verentur.
516 2136 655 2204 Ipsae
683 2133 944 2189 Ecclesia
974 2134 1213 2205 indignis
1242 2141 1295 2188 et
1324 2136 1437 2189 Deo
1466 2136 1537 2190 ob
1567 2135 1812 2206 perditos

205 2239 383 2279 mores
412 2222 603 2277 invisis
632 2222 839 2293 passim
867 2223 933 2276 ad
964 2223 1264 2294 regendum
1320 2223 1602 2279 traduntur
1627 2240 1813 2294 perso-

204 2312 310 2377 nis,
342 2327 373 2365 a
408 2313 597 2382 quibus
616 2327 760 2381 saepe
782 2327 938 2366 more
960 2310 1305 2367 saecularium
1331 2312 1660 2382 praediorum
1691 2312 1812 2368 aliis

206 2408 367 2472 atque
385 2400 505 2454 aliis
527 2400 905 2471 relinquuntur
935 2400 1004 2453 ad
1033 2399 1265 2468 firmam,
1286 2416 1449 2471 quam
1482 2402 1814 2471 emphitheo—

207 2490 310 2543 sim
329 2489 419 2542 alii
441 2496 771 2559 nuncupant,
796 2496 959 2559 utque
976 2488 1110 2543 viles
1138 2489 1401 2554 tabernae,
1433 2489 1511 2544 sic
1541 2489 1808 2557 ecclesiae,

208 2579 380 2647 turpis
419 2578 553 2632 lucri
606 2577 783 2647 gratia
844 2577 943 2629 sub
986 2592 1164 2631 annuo
1230 2593 1397 2633 censu
1444 2576 1696 2633 locantur
1743 2579 1811 2633 ad

206 2676 491 2737 quaestum.
522 2666 590 2719 Et
622 2666 705 2718 his
736 2665 803 2719 de
834 2681 965 2721 cura
996 2665 1317 2730 animarum,
1355 2674 1406 2720 et
1426 2666 1494 2720 de
1522 2666 1811 2737 indigenti-

206 2755 308 2809 bus
338 2755 703 2809 sustentandis
732 2771 798 2808 ex
828 2753 1086 2809 fructibus
1117 2754 1298 2808 nullus
1346 2762 1429 2809 est
1478 2772 1679 2822 sermo,
1715 2757 1811 2812 sed

209 2844 507 2898 Sarcieudis
556 2843 851 2910 crumenis,
904 2859 1039 2913 quas
1089 2843 1176 2898 vel
1224 2842 1381 2896 luxus
1428 2851 1672 2910 evacuet,
1726 2843 1813 2898 vel

207 2931 433 2986 avaritia
465 2930 807 2987 solummodo
845 2931 1076 3002 aerugini
1124 2930 1517 3001 contingendas
1548 2932 1809 3001 includat,

208 3027 318 3074 tota
344 3020 718 3076 indesinenter
747 3020 1001 3075 aviditate
1031 3019 1241 3074 inhiare
1270 3036 1379 3073 non
1410 3028 1648 3074 cessant.
1681 3021 1809 3075 Haec

208 3116 261 3163 et
305 3108 503 3163 similia
547 3117 818 3164 rectorum
866 3108 1015 3173 vitia,
1065 3107 1119 3161 in
1163 3107 1439 3179 regendos
1489 3108 1810 3178 contagiosa

208 3197 547 3252 aemulatione
592 3197 883 3263 transfusa,
938 3196 1180 3251 omnium
1226 3194 1340 3250 fere
1388 3204 1493 3249 tam
1541 3196 1811 3251 minorum

210 3301 372 3357 quam
402 3287 669 3355 majorum
699 3285 1021 3356 praecordiis
1069 3284 1435 3339 dominantur.
1470 3284 1606 3339 Hinc
1639 3301 1810 3356 gran-

208 3375 293 3430 dis
325 3374 477 3430 furor
508 3382 559 3430 et
586 3375 667 3429 ira
695 3374 795 3429 Dei
820 3374 1064 3429 imminet
1105 3381 1217 3428 tam
1261 3372 1462 3443 populo
1494 3388 1658 3443 quam
1687 3373 1810 3428 uni-

208 3464 381 3519 versis
402 3464 605 3536 pariter
625 3472 784 3519 terrae
804 3464 963 3531 hujus
984 3462 1399 3517 habitatoribus.
1427 3462 1522 3516 His
1552 3461 1811 3518 festiuum

206 3553 467 3607 inferetur
498 3552 737 3619 exitium,
769 3559 821 3607 et
850 3550 999 3622 genti
1038 3550 1162 3605 huic
1220 3550 1457 3617 misera),
1491 3551 1536 3604 si
1568 3567 1676 3605 non
1707 3567 1809 3605 an-

206 3642 391 3711 ticipet
437 3640 762 3695 acceleratio
808 3648 860 3695 et
910 3639 1211 3695 accelerata
1260 3639 1547 3705 correctio,
1591 3640 1811 3709 jamjam

210 3730 487 3800 impendet
518 3729 793 3799 ﬂagellum
842 3728 1080 3784 ccelestis
1126 3727 1397 3782 vindictae.
1437 3751 1457 3775 »ι
1492 3727 1587 3782 His
1630 3727 1808 3794 dictis,

209 3835 313 3874 vox
344 3835 463 3889 quae
495 3818 817 3873 audiebatur
866 3817 1030 3871 siluit.

283 3908 400 3979 Ego
432 3906 718 3977 siquidem,
750 3906 1066 3977 priusquam
1093 3905 1210 3960 haec
1252 3904 1518 3973 audirem,
1551 3903 1812 3975 psalterio

204 3995 320 4063 jam
342 4010 571 4050 excurso
594 4011 764 4065 usque
795 3995 864 4048 ad
896 3992 1251 4049 centesimum
1282 3992 1513 4064 primum
1540 3992 1812 4063 psalmum

216 4083 369 4139 flexis
399 4083 631 4153 genibus
664 4098 849 4137 coram
878 4082 1029 4137 altari
1078 4090 1280 4137 sanctae
1310 4083 1407 4137 Dei
1433 4081 1722 4136 Genitricis
1758 4080 1814 4135 in

212 4171 455 4227 oratione
503 4172 739 4225 animum
804 4171 1154 4226 vehementer
1200 4171 1559 4225 intenderam.
1612 4170 1814 4225 Oborta

213 4276 446 4330 namque
477 4259 655 4314 fuerat
684 4260 739 4314 in
759 4266 936 4315 mente
967 4275 1091 4314 mea
1134 4266 1354 4329 repente
1402 4258 1665 4313 memoria
1708 4274 1812 4329 pa-

212 4350 309 4402 tris
342 4349 447 4402 mei
476 4356 601 4403 ante
633 4364 742 4403 non
769 4348 970 4402 multos
1002 4362 1172 4403 annos
1202 4347 1257 4402 in
1298 4354 1442 4401 terra
1469 4346 1814 4417 Jerosolymi-

1913 1779 2046 1834 mihi
2075 1778 2228 1850 virgo
2259 1779 2529 1850 quaedam,
2564 1778 2822 1851 religiosa
2842 1777 3021 1845 valde,
3058 1795 3177 1851 quae
3205 1780 3439 1835 Domino
3460 1780 3517 1834 in

1908 1866 2127 1937 jejuniis
2158 1875 2211 1923 et
2257 1868 2611 1933 orationibus,
2663 1868 2719 1922 in
2766 1867 2970 1940 frigore
3018 1875 3072 1923 et
3116 1868 3379 1938 nuditate,
3428 1868 3517 1927 die

1911 1964 2182 2028 noctuque
2203 1956 2539 2024 deserviens,
2582 1956 2650 2011 ab
2698 1954 2934 2012 ecclesia
2975 1956 3167 2013 eadem
3212 1957 3512 2027 rarissime,

1914 2045 1983 2100 ab
2015 2045 2133 2114 ejus
2162 2061 2290 2101 vero
2320 2045 2471 2100 atriis
2514 2060 2795 2117 nunquam
2822 2060 2964 2116 pene
3015 2045 3324 2103 recedebat.
3360 2047 3508 2113 Haec,

1914 2149 2035 2189 cum
2068 2134 2384 2190 audirentur
2409 2133 2687 2205 praedicta,
2711 2133 2767 2188 in
2796 2140 3009 2189 remoto
3036 2134 3284 2190 ecclesiae
3312 2134 3515 2206 angulo

1914 2222 2085 2278 solitis
2116 2230 2405 2280 vacaverat
2432 2221 2785 2278 orationibus.
2819 2221 2953 2291 Quae
2982 2222 3215 2296 genibus
3243 2222 3381 2277 meis
3411 2223 3515 2278 ad-

1912 2310 2097 2365 voluta
2126 2310 2358 2381 rogabat
2386 2310 2694 2379 instantius,
2749 2318 3032 2381 quatenus,
3084 2311 3131 2365 si
3160 2310 3279 2366 ﬁeri
3307 2318 3513 2383 posset,

1913 2399 2095 2470 aliqua
2124 2399 2227 2453 sibi
2259 2415 2325 2454 ex
2347 2398 2431 2453 his
2488 2415 2609 2471 quae
2655 2399 2897 2465 interius,
2948 2408 3005 2453 ut
3045 2398 3343 2468 asserebat,
3386 2399 3517 2455 mihi

1912 2487 2055 2543 dicta
2125 2495 2471 2558 cognoverat,
2537 2488 2940 2543 communicare
2983 2488 3332 2544 studuissem.
3385 2488 3512 2556 Sed,

1914 2576 2041 2646 quia
2067 2576 2285 2630 nescius
2317 2591 2467 2630 eram
2489 2576 2668 2630 adhuc
2697 2576 2913 2631 cuinam
2936 2576 3079 2631 dicta
3101 2585 3283 2631 essent
3312 2593 3374 2631 ea
3397 2593 3517 2648 quae

1913 2664 2213 2729 audieram,
2247 2664 2394 2718 illam
2434 2664 2552 2719 vice
2582 2680 2740 2718 versa
2783 2663 2963 2734 potius
3002 2664 3130 2718 duxi
3163 2665 3513 2729 exorandam,

1912 2759 2173 2822 quatenus
2202 2753 2338 2823 ipsa,
2372 2769 2493 2823 quae
2523 2753 2741 2823 dignior
2764 2767 2852 2807 me
2882 2761 3027 2807 esset
3056 2753 3243 2807 audire
3274 2761 3328 2808 et
3356 2769 3518 2809 nosse

1911 2840 2169 2911 mysteria
2198 2842 2426 2905 interna,
2461 2840 2593 2894 mihi
2623 2841 2865 2895 revelare
2909 2840 3242 2912 dignaretur,
3278 2842 3422 2912 quod
3451 2841 3519 2896 de

1913 2929 2063 2984 vocis
2094 2929 2329 2994 ccelitus,
2352 2936 2410 2983 ut
2439 2927 2707 2983 fatebatur
2736 2929 2874 2999 ipsa,
2901 2928 3099 2983 emissa
3126 2929 3395 2984 sententia
3414 2944 3521 3001 ego

1910 3017 2134 3071 minime
2165 3017 2542 3072 advertissem.
2575 3016 2658 3072 Ad
2706 3017 2824 3072 haec
2859 3017 2948 3071 illa
2981 3034 2993 3070 :
3032 3041 3053 3065 ‹‹
3092 3017 3217 3073 Scio
3266 3018 3519 3089 equidem

1835 3075 1880 3137 Ο
1909 3105 1993 3159 bis
2023 3104 2223 3161 factum
2269 3121 2575 3160 sermonem
2607 3121 2639 3158 a
2685 3104 2917 3160 Domino
2965 3105 3062 3160 tibi
3110 3105 3292 3177 aliqua
3320 3106 3521 3176 praeci-

1911 3194 2169 3263 pientem,
2205 3210 2325 3264 quae
2357 3208 2462 3265 ego
2495 3193 2715 3264 quidem
2757 3193 2937 3250 minus
2980 3194 3211 3261 adverti,
3245 3194 3362 3261 sed,
3399 3195 3522 3265 quia

1910 3282 2006 3335 tibi
2028 3282 2433 3353 praeciperetur,
2459 3290 2610 3337 certo
2632 3282 2832 3337 certius
2860 3282 3119 3337 intellexi.
3158 3306 3180 3331 ι»
3206 3282 3358 3339 Tunc
3378 3299 3482 3354 ego
3509 3298 3523 3338 :

1916 3392 1937 3422 ε
1975 3371 2100 3435 Ora,
2145 3371 2397 3441 inquam,
2451 3385 2610 3425 soror
2650 3370 2865 3437 dilecta,
2918 3379 3182 3443 quatenus
3231 3371 3372 3428 circa
3421 3387 3522 3428 nos

1911 3459 2312 3529 beneplacitum
2365 3475 2521 3514 suum
2574 3459 2838 3515 Dominus
2888 3460 3191 3531 adimplere
3240 3460 3517 3531 dignetur.

1914 3548 2089 3617 Super
2119 3547 2313 3601 talibus
2346 3563 2496 3613 vero,
2527 3564 2645 3619 quae
2674 3549 2838 3603 modo
2867 3549 3240 3619 prosequeris,
3273 3564 3378 3621 ego
3408 3566 3520 3605 cer-

1911 3636 2193 3689 titudinem
2225 3636 2427 3690 nullam
2474 3636 2714 3707 percepi.
2757 3661 2778 3685 η
2814 3637 2908 3691 llis
2938 3653 2967 3690 a
2996 3653 3083 3691 me
3130 3637 3287 3693 dictis
3336 3638 3519 3693 eccle-

1913 3725 2045 3778 siam
2079 3725 2195 3794 ipse
2227 3725 2521 3795 egredior;
2555 3726 2647 3780 illa
2668 3726 2737 3780 ad
2761 3734 3022 3781 consueta
3048 3726 3354 3782 orationum
3384 3742 3517 3783 sua-

1914 3830 2034 3867 rum
2066 3812 2292 3867 latibula
2323 3814 2620 3868 introrsum
2660 3814 2989 3886 regreditur.

1983 3903 2110 3957 Post
2137 3903 2258 3968 hoc,
2291 3902 2597 3957 cubiculum
2627 3903 2844 3973 hospitii
2875 3903 2981 3958 mei
3001 3904 3286 3976 ingressus
3316 3904 3519 3961 ibidem

1913 4007 2083 4062 usque
2105 3991 2171 4045 ad
2192 4006 2477 4062 vesperam
2498 3992 2642 4046 diem
2663 3992 2717 4046 in
2739 3992 3073 4048 orationibus
3096 3994 3315 4070 jejunus
3336 3995 3513 4067 exegi.

1913 4078 2018 4148 Qui
2047 4086 2252 4133 tantum
2296 4080 2494 4135 lectulo
2544 4089 2822 4152 exceptus,
2874 4082 3004 4136 dum
3053 4082 3221 4137 variis
3266 4091 3519 4138 aestuaret

1913 4167 2125 4222 animus
2166 4169 2357 4223 horum
2410 4169 2604 4240 gratia,
2654 4186 2772 4240 quae
2820 4170 3075 4240 praemisi,
3126 4170 3518 4243 cogitationum

1914 4254 2184 4320 fluctibus,
2219 4271 2408 4310 vocem
2435 4264 2659 4326 repente
2704 4257 2886 4311 audivi
2931 4257 3165 4328 idipsum
3189 4258 3303 4326 jam
3334 4258 3514 4327 tertio,

1916 4343 2060 4413 quod
2088 4343 2265 4413 primo
2296 4351 2349 4397 et
2377 4344 2619 4398 secundo
2668 4344 2943 4403 intulerat.
2995 4346 3365 4416 replicantem,
3418 4347 3518 4403 hac

210 4446 354 4504 tana,
377 4453 483 4508 quo
502 4436 783 4508 religionis
808 4436 986 4491 studio
1006 4442 1344 4506 perrexerat,
1369 4434 1607 4489 defuncti
1630 4436 1812 4505 (189);
1846 4429 1898 4489 D
1920 4440 2101 4487 tamen
2130 4431 2413 4503 praemissa
2440 4431 2823 4499 insinuatione,
2857 4434 3000 4491 unde
3052 4435 3183 4490 mihi
3222 4443 3515 4504 constaret,

210 4526 445 4597 indeque
474 4534 653 4580 tantus
684 4525 865 4581 subito
895 4522 1326 4594 compunctionis
1357 4523 1539 4578 fervor
1568 4522 1815 4594 spiritum

210 4631 393 4670 meum
422 4615 722 4681 absorbuit,
756 4621 813 4669 ut
842 4614 1045 4668 omissa
1070 4612 1283 4684 penitus
1314 4612 1618 4683 psalmodia
1647 4611 1814 4666 omni-

213 4721 317 4775 que
346 4704 572 4774 strepitu
602 4703 869 4759 labiorum
900 4717 1211 4773 suppresso,
1265 4701 1503 4756 undatim
1534 4701 1813 4755 ruentibus

210 4809 275 4849 ex
306 4792 477 4848 oculis
502 4792 870 4863 lacrymarum
917 4791 1068 4857 rivis,
1114 4789 1560 4861 prmeordialibus
1609 4797 1813 4843 tantum

208 4881 348 4937 votis
377 4881 610 4936 Domino
640 4879 975 4936 eﬂ‘underem
1013 4894 1222 4950 preces.
1256 4878 1452 4933 Audita
1499 4877 1664 4950 igitur
1712 4878 1814 4931 hac

210 4986 363 5035 voce,
399 4987 516 5041 qua:
542 4986 575 5024 a
613 4969 859 5041 proximo
908 4968 1065 5023 altari
1112 4967 1400 5022 videbatur
1446 4966 1667 5033 emissa,
1702 4965 1812 5021 vim

206 5058 671 5129 compunctionis,
730 5076 850 5129 quae
916 5074 1002 5111 me
1053 5056 1156 5110 sibi
1202 5064 1369 5109 totum
1414 5055 1808 5120 vindicaverat,

205 5149 403 5203 horror
435 5148 654 5219 quidam
695 5155 910 5216 stupore
959 5146 1149 5199 mistus
1200 5143 1482 5199 confestim
1514 5144 1808 5206 interdicit,

206 5237 456 5308 coepique
489 5235 744 5291 attonitus
773 5250 986 5290 mecum
1027 5233 1288 5288 admirari
1336 5232 1454 5303 quis
1486 5240 1536 5287 et
1567 5232 1653 5288 cui
1683 5232 1812 5286 talia

277 5414 417 5481 (188)
447 5416 739 5478 Hubertum,
768 5414 847 5477 qui
875 5426 1002 5465 anno
1032 5412 1176 5481 {195,
1206 5411 1547 5481 nriial._.lunii
1566 5450 1603 5481 ,_
1626 5411 1810 5481 electus

210 5484 259 5532 in
286 5477 731 5545 archiepiscopum,
757 5486 806 5531 et
829 5492 954 5531 anno
979 5479 1151 5531 eodem
1176 5493 1244 5528 vn
1270 5478 1380 5528 ldus
1406 5477 1689 5545 Novembris
1734 5478 1811 5528 in-

210 5544 512 5600 thronizatus
532 5549 641 5612 fuit,
670 5551 799 5611 part.
829 5560 844 5596 ι
871 5547 1013 5610 Angl.
1041 5548 1203 5609 Sacr»,
1231 5558 1287 5610 p.
1328 5544 1441 5595 m.

1915 4520 2044 4592 quia
2073 4521 2142 4574 ad
2173 4537 2261 4575 me
2293 4536 2599 4576 sermonem
2630 4521 2879 4577 haberet.
2912 4523 3000 4577 Ait
3029 4539 3265 4596 namque
3297 4544 3314 4579 :
3352 4548 3373 4571 ‹‹
3398 4524 3519 4579 Tibi

1914 4609 2054 4675 dico,
2090 4607 2183 4675 fili,
2217 4608 2306 4681 qui
2336 4609 2409 4664 ibi
2424 4626 2667 4681 praesens
2707 4611 2962 4682 quiescis,
2996 4627 3165 4684 perge
3210 4627 3373 4684 quam
3421 4628 3519 4670 ce-

1912 4696 2135 4752 lerrime
2165 4699 2233 4752 ad
2264 4699 2441 4753 virum
2472 4699 2864 4767 venerabilem,
2917 4701 3355 4757 Lincolniensem
3404 4702 3517 4773 epi-

1915 4803 2160 4858 scopum,
2196 4787 2353 4859 eique
2388 4788 2566 4843 omnia
2595 4788 2711 4844 hzec
2762 4806 2881 4861 qum
2929 4789 3025 4844 tibi
3068 4790 3124 4844 in
3166 4789 3397 4845 ecclesia
3441 4806 3521 4844 se-

1912 4876 2090 4930 cundo
2118 4876 2372 4946 prmcepi,
2409 4892 2474 4930 ex
2506 4885 2661 4947 parte
2694 4876 3093 4948 Omnipotentis
3124 4877 3375 4932 nuntiare
3405 4892 3515 4933 non

1912 4964 2154 5019 differas.
2196 4987 2217 5012 υ
2252 4964 2349 5018 Cui
2381 4964 2558 5019 statim
2578 4965 2651 5019 ita
2671 4966 2961 5036 respondi:
2986 4986 3008 5017 α
3042 4967 3111 5021 Et
3140 4966 3415 5038 quomodo
3430 4966 3516 5023 vir

1911 5061 2072 5107 tantze
2102 5051 2434 5108 auctoritatis
2482 5052 2644 5107 fidem
2694 5054 2911 5109 habebit
2956 5055 3138 5109 verbis
3182 5055 3338 5121 meis,
3390 5071 3512 5110 cum

1912 5156 2015 5212 ego
2046 5149 2097 5194 et
2142 5148 2298 5195 tetate
2345 5150 2395 5195 et
2445 5140 2649 5195 ratione
2698 5141 2960 5195 infirmior
2999 5143 3086 5196 vix
3142 5144 3438 5215 quidquam
3459 5143 3509 5198 ei

1911 5228 2055 5299 loqui
2086 5228 2301 5284 sciam?
2338 5254 2357 5276 υ
2390 5230 2535 5284 Tunc
2570 5228 2614 5283 is
2646 5232 2737 5299 qui
2782 5229 3105 5300 loquebatur
3150 5232 3221 5286 ad
3266 5233 3369 5287 hoc
3417 5248 3510 5287 re-

1980 5402 2121 5469 (189)
2165 5409 2307 5477 Anno
2329 5406 2513 5457 scilicet
2542 5407 2668 5477 i190
2694 5422 2707 5477 ς
2732 5421 2991 5477 quo-cruce
3027 5410 3206 5475 signati
3238 5413 3288 5464 in
3316 5410 3514 5477 expedio

1910 5471 2040 5522 tione
2066 5475 2232 5523 contra
2262 5475 2559 5525 Sarracenos
2584 5475 2775 5538 plurimi
2801 5474 3044 5527 obierunt.
