3960 6062
456 213 589 268 1039
1323 199 1377 253 S.

459 332 737 406 spondens
765 330 871 384 ista
913 326 1142 395 subjecit
1176 344 1189 379 :
1224 349 1245 373 «ι
1286 324 1472 378 Fidem
1500 322 1684 378 verbis
1706 321 1807 376 tuis
1836 318 2055 373 indubi—
2087 318 2141 376 A

461 431 625 477 tatam
659 420 804 474 idem
832 417 916 471 vir
942 414 1184 479 habebit,
1220 429 1341 468 cum
1390 412 1439 466 ei
1488 426 1587 481 pro
1632 408 1946 478 intersiguis
1991 423 2056 461 ea

456 506 819 565 insinuaveris
850 520 969 576 quae
999 519 1162 572 super
1187 501 1361 557 altare
1384 515 1569 555 coram
1593 513 1657 553 eo
1683 496 1914 561 videbis,
1949 511 2057 566 qua

458 598 695 669 primum
723 595 810 649 die
831 593 899 647 ad
919 592 1069 645 illum
1097 589 1424 661 perveniens
1444 587 1623 656 ipsum
1653 586 1943 639 missarum
1974 598 2057 637 so-

458 685 659 742 lemnia
705 682 1074 739 celebrantem
1130 675 1445 732 intueberis.
1492 676 1574 729 Ne
1621 673 1787 745 igitur
1834 670 2055 726 differas

461 789 657 846 parere
688 770 916 842 eloquiis
945 767 1098 832 meis,
1133 765 1252 840 sed,
1286 780 1406 835 quae
1452 763 1708 834 praecipio
1738 761 1855 827 tibi,
1887 760 2055 815 devo-

460 872 546 917 tus
576 874 895 930 exsequere.
930 856 1024 910 llis
1067 854 1225 909 dictis
1275 868 1378 907 vox
1423 851 1693 923 loquentis
1741 849 1919 904 ablata
1948 856 2050 903 est.

460 955 527 1006 At
557 964 662 1022 ego
694 947 763 1002 ad
790 943 1196 1015 exsequendum
1226 941 1493 1011 imperata
1521 940 1815 1010 plurimum
1846 938 2056 992 anima-

460 1048 567 1106 tus,
618 1035 835 1092 modico
885 1032 1164 1103 praelibato
1222 1045 1451 1097 somno,
1505 1029 1572 1083 de
1618 1035 1777 1082 nocte
1821 1026 2049 1091 surrexi,

457 1127 707 1196 clamque
738 1121 900 1177 sociis
929 1120 1065 1174 meis
1097 1120 1198 1173 iter
1214 1118 1283 1172 ad
1314 1133 1409 1172 vos
1440 1116 1817 1187 inquirendum
1850 1114 1921 1168 ita
1952 1130 2052 1184 pe-

453 1215 613 1269 dibus
643 1212 780 1266 meis
810 1208 1082 1278 assumpsi
1111 1208 1281 1275 (190).
1334 1207 1447 1260 Iluc
1492 1212 1673 1258 autem
1720 1212 1844 1257 ante
1875 1202 2055 1257 missae

452 1302 732 1358 introitum
778 1299 938 1371 paulo
986 1303 1108 1350 ante
1158 1295 1302 1360 veni,
1353 1303 1406 1348 et
1457 1292 1826 1347 celebrantem
1871 1290 2056 1344 divina

448 1392 787 1447 sanctitatem
834 1395 1071 1442 vestram
1128 1384 1356 1438 devotus
1403 1381 1711 1437 observavi.
1764 1379 2054 1434 lntendens

451 1496 668 1552 quoque
718 1475 1002 1532 sollicitius
1068 1473 1137 1527 ad
1183 1487 1429 1526 mensam
1492 1469 1832 1524 Dominicam
1870 1483 2052 1522 coram

447 1568 625 1633 vobis,
660 1573 712 1621 et
742 1566 798 1619 in
827 1562 1079 1617 manibus
1127 1560 1325 1615 vestris
1367 1574 1567 1629 corpus
1616 1556 1832 1612 Domini
1880 1555 2053 1610 nostri

1455 197 1771 254 HUGONIS
1808 193 2021 250 EPISC.
2064 188 2384 246 LINCOLN.
2427 186 2592 243 0RD.
2634 184 2881 242 CARTH.

3638 184 3777 237 1040

2234 314 2397 379 dotis,
2432 316 2489 367 et
2520 312 2587 366 de
2607 312 2900 367 sententia
2926 308 3179 365 mirabili
3197 308 3382 363 nostri
3408 307 3658 378 [lagonis
3687 306 3766 360 ad

2233 384 2524 438 visendum
2545 383 2693 437 illud
2714 382 3056 436 miraculum
3075 380 3401 434 invitati.—
3413 380 3481 434 Et
3502 382 3587 433 est
3603 379 3765 447 capi-

2236 455 2322 509 tul
2331 470 2421 508 um
2454 457 2721 525 quartum
2744 455 2805 506 in
2826 468 3033 522 magna
3063 452 3201 507 Vita.

2230 578 2309 632 De
2340 575 2554 632 vivifico
2585 583 2763 630 autem
2795 581 3161 629 sacrosanctae
3190 571 3545 628 Eucharistiae
3576 585 3771 626 sacra-

2155 672 2339 719 mento
2382 664 2561 719 adhuc
2608 662 2816 719 referre
2866 662 3125 734 quiddam
3154 676 3261 715 non
3311 661 3525 715 videtur
3571 659 3765 713 incon-

2156 768 2372 825 gruum,
2409 752 2554 823 quod
2583 752 2635 805 in
2686 750 2866 805 Gallia
2910 749 3179 806 accidisse
3226 749 3408 803 multis
3453 756 3536 803 est
3580 747 3766 801 mani-

2156 840 2353 895 festum
2384 842 2552 911 (192).
2586 838 2766 907 Quod,
2797 839 2922 894 licet
2961 826 3256 893 multorum
3301 837 3487 892 notitia
3516 835 3762 891 fidelium

2157 929 2486 983 aestimemus
2523 928 2927 999 dignissimum,
2976 926 3234 997 praesenti
3283 933 3466 979 tamen
3514 924 3762 978 historiae

2154 1016 2208 1070 id
2239 1032 2272 1070 a
2299 1016 2457 1071 nobis
2487 1015 2706 1069 minime
2750 1014 2939 1070 fuisset
2989 1014 3270 1079 insertum,
3305 1013 3349 1067 si
3395 1028 3505 1067 non
3553 1013 3624 1067 ad
3656 1013 3762 1066 hoc

2155 1105 2505 1159 inserendum
2536 1104 2679 1158 illius
2706 1118 2806 1157 nos
2850 1111 3068 1173 urgeret
3114 1101 3400 1167 sententia,
3450 1101 3519 1155 de
3548 1118 3609 1154 re
3641 1101 3763 1170 ipsa

2154 1192 2474 1246 mirabiliter
2504 1191 2737 1262 prolata,
2772 1191 2865 1262 qui
2890 1192 3079 1246 horum
3110 1191 3369 1255 omnium,
3393 1205 3513 1261 quae
3543 1188 3763 1259 paginze

2154 1280 2280 1335 huic
2329 1281 2661 1347 inseruntur,
2713 1279 2940 1334 materia
2988 1287 3070 1333 est
3118 1286 3171 1333 et
3217 1293 3404 1332 causa.
3454 1277 3552 1332 llic
3595 1276 3763 1348 igitur

2156 1368 2392 1439 quodam
2422 1376 2668 1438 tempore
2697 1368 2847 1437 (193)
2877 1382 2907 1421 a
2938 1366 3328 1421 Parisiensium
3369 1366 3654 1437 digressus
3684 1364 3761 1419 ci-

2154 1457 2337 1522 vitate,
2372 1456 2497 1510 dum
2528 1457 2729 1510 Trecas
2759 1462 2989 1525 peteret,
3022 1455 3317 1509 metatione
3357 1453 3535 1523 prima
3564 1452 3758 1522 hospi-

2153 1552 2293 1599 tatus
2324 1553 2407 1599 est
2432 1545 2487 1597 in
2516 1543 2646 1597 villa
2677 1544 2913 1615 quadam
2944 1542 3027 1597 Joi
3048 1543 3199 1613 (194)
3229 1549 3556 1612 nuncupata.
3592 1541 3760 1596 Moris

446 1658 577 1711 Jesu
607 1630 809 1710 Christi
852 1652 954 1705 sub
999 1649 1182 1720 specie
1234 1647 1453 1701 infantis
1494 1645 1705 1717 parvuli
1748 1645 1833 1699 bis
1884 1658 2121 1722 supraB
2156 1648 2290 1722 VGI‘Q
2319 1632 2395 1685 illi
2424 1631 2549 1698 Ῑυίῐ,
2582 1632 2895 1722 υἶὶίοψῖίῖξλθ
2922 1630 3215 1701 hospitium
3255 1645 3383 1722 ἔθεε
3429 1630 3757 1722 effiepisset:

449 1745 675 1801 calicem
704 1757 737 1796 a
767 1740 922 1796 vobis
954 1738 1244 1805 elevatum,
1278 1735 1517 1808 indignis
1548 1734 1675 1789 licet
1703 1732 1895 1798 oculis,
1930 1732 2047 1788 evi-

446 1834 637 1888 denter
666 1830 945 1901 conspexi.
989 1826 1125 1895 Quia
1172 1840 1315 1881 vero
1351 1825 1584 1895 idipsum
1632 1830 1686 1877 et
1732 1838 1829 1877 vos
1876 1820 2047 1875 multo

446 1919 835 1994 perspicacius,
879 1916 1006 1988 quia
1054 1923 1106 1970 et
1149 1914 1350 1969 diutius
1397 1922 1447 1967 et
1479 1911 1705 1967 vicinius
1736 1918 1788 1965 et
1815 1911 1948 1964 satis
1975 1910 2051 1964 di-

444 2010 605 2081 gnius
634 2005 1009 2079 perspexistis,
1045 2019 1155 2059 non
1171 2010 1253 2058 est
1273 2000 1682 2072 ambigendum.
1722 2020 1743 2048 ι
1780 2000 1905 2053 Haec
1937 1999 2047 2053 cle-

443 2099 588 2154 ricus
618 2096 707 2150 ille
736 2093 1027 2150 ﬂuentibus
1054 2107 1155 2163 per
1184 2106 1355 2163 genas
1386 2088 1640 2159 lacrymis
1672 2096 1755 2142 est
1781 2100 2045 2157 prosecu-

446 2194 551 2241 tus.
585 2185 678 2239 Vir
706 2198 922 2255 quoque
952 2180 1167 2236 Domini
1197 2177 1426 2233 ubertim
1456 2178 1595 2232 inter
1614 2178 1732 2231 haec
1760 2175 1945 2230 ﬂebat.

514 2274 756 2343 Cumque
787 2271 987 2342 pariter
1015 2267 1329 2340 aliquandiu
1353 2268 1546 2321 ﬂentes
1577 2281 1742 2335 super
1771 2265 1855 2318 his
1876 2264 2047 2319 verba

443 2362 676 2435 plurima
705 2359 1130 2422 conseruissent,
1164 2357 1453 2427 episcopus
1502 2354 1779 2424 utriusque
1808 2368 1976 2425 genas
1994 2360 2047 2407 et

445 2451 655 2518 oculos,
691 2464 820 2504 suos
850 2447 1101 2502 videlicet
1131 2453 1184 2501 et
1212 2444 1397 2500 clerici
1443 2444 1608 2511 illius,
1660 2441 1831 2497 sacris
1860 2449 2043 2495 exter-

444 2555 583 2612 gens
612 2537 816 2611 digitis,
849 2535 1125 2592 osculatus
1173 2541 1256 2588 est
1303 2548 1446 2588 eum.
1495 2532 1626 2585 Erat
1675 2538 1853 2585 autem
1901 2530 2043 2583 idem

443 2628 673 2683 clericus
704 2640 970 2680 annorum
1000 2623 1217 2677 circiter
1246 2620 1436 2692 viginti
1463 2619 1720 2690 quinque.
1782 2617 2045 2687 Prtecepit

442 2731 570 2771 vero
601 2714 651 2769 ei
683 2720 951 2783 quatenus
980 2711 1097 2764 hmo
1127 2717 1442 2765 reverenter
1472 2707 1652 2763 celare
1682 2706 2038 2761 meminisset.

441 2804 713 2858 Praeterea
742 2798 1055 2870 diligentius
1086 2813 1207 2851 eum
1257 2795 1534 2850 adhortari
1582 2794 1802 2858 studuit,
1834 2801 1889 2847 ut
1919 2792 2045 2847 reli-

442 2889 623 2964 gionis
653 2888 897 2943 habitum
925 2885 1207 2955 suscipere
1238 2891 1291 2939 et
1336 2882 1609 2955 religiosis
1656 2882 1897 2936 moribus
1927 2881 2042 2936 Do-

440 2979 588 3034 mino
619 2976 826 3033 servire
855 2992 919 3030 ex
950 2975 1160 3046 integro
1202 2979 1517 3027 maturaret.
1567 2969 1859 3025 Asserebat
1898 2968 2042 3025 enim

439 3083 549 3122 non
578 3081 702 3122 esse
731 3062 1064 3121 conveniens
1092 3070 1169 3127 ut,
1216 3061 1306 3132 qui
1337 3059 1464 3114 talia
1510 3059 1737 3115 vidisset
1778 3065 1829 3114 et
1857 3058 2045 3112 audis-

441 3165 541 3221 set,
575 3154 631 3208 in
660 3153 844 3209 saeculi
873 3152 1110 3207 vanitate
1151 3149 1378 3204 ulterius
1424 3147 1648 3218 spatiari
1698 3147 1882 3203 vellet.
1939 3145 2045 3214 Qui

441 3243 621 3299 statim
638 3242 723 3297 his
746 3258 803 3296 se
827 3239 1183 3296 libentissime
1203 3236 1421 3293 monitis
1435 3236 1727 3308 pariturum
1739 3234 2039 3305 respondit.

512 3333 641 3386 Post
669 3331 785 3385 hinc
814 3328 995 3383 aulam
1018 3328 1129 3397 jam
1158 3342 1457 3397 pransurus
1503 3324 1803 3397 ingreditur
1830 3323 2044 3393 episco-

436 3436 558 3492 pus.
611 3417 845 3473 Plurima
897 3417 1075 3487 itaque
1123 3416 1352 3486 stipatus
1410 3412 1814 3468 convivantium
1861 3410 2038 3478 turba,

438 3508 629 3564 hilaris
660 3515 710 3562 et
740 3506 895 3561 laetus
925 3504 1217 3569 discubuit,
1271 3502 1526 3558 clericum
1577 3501 1735 3555 toties
1763 3514 2041 3553 memora-

436 3604 550 3652 tum
580 3596 636 3651 in
661 3610 791 3651 area
820 3610 930 3648 non
960 3594 1125 3664 longe
1156 3608 1186 3645 a
1214 3591 1335 3645 loco
1379 3588 1641 3644 sessionis
1684 3603 1795 3643 suae
1843 3586 2041 3657 praeci-

436 3686 594 3757 piens
624 3683 785 3739 simul
825 3682 1167 3737 recumbere.
1204 3677 1309 3746 Qui
1351 3678 1439 3733 die
1485 3685 1703 3748 postera
1751 3677 1819 3731 ab
1847 3676 2041 3731 eodem

436 3790 561 3829 cum
616 3770 993 3828 benedictione
1041 3768 1319 3833 dimissus,
1382 3774 1435 3821 et
1483 3766 1552 3819 ad
1599 3764 1890 3836 quemdam
1938 3763 2038 3818 sibi

434 3861 760 3917 familiarem
779 3858 1107 3913 monachum
1126 3855 1496 3921 transmissus,
1520 3854 1820 3907 monachus
1842 3860 1895 3907 et
1922 3852 2040 3922 ipse

437 3950 545 4005 cito
575 3956 761 4018 postea
792 3944 1036 4011 effectus,
1077 3944 1331 4016 religiose
1378 3942 1667 3996 admodum
1698 3949 1781 3995 est
1809 3956 2039 3996 conver-

438 4045 605 4091 satus.
655 4034 753 4090 Cui
797 4033 1029 4104 plurima
1093 4048 1308 4103 quoque
1367 4029 1722 4101 spiritualium
1772 4028 2039 4083 visionum

438 4122 699 4195 mysteria
723 4120 1070 4194 postmodum
1114 4119 1283 4174 fuisse
1331 4118 1569 4173 revelata
1616 4117 1917 4172 certissime
1946 4133 2039 4172 ex-

434 4213 577 4286 perti
606 4227 812 4276 sumus,
848 4226 913 4264 ex
944 4209 1138 4281 quibus
1165 4224 1274 4263 non
1316 4223 1489 4278 pauca
1518 4206 1710 4261 litteris
1739 4206 1938 4260 dudum
1969 4206 2038 4260 de

439 4301 695 4357 mandato
726 4299 899 4355 sancti
928 4297 1173 4369 praesulis
1205 4296 1398 4350 tradita
1426 4296 1596 4366 (191),
1630 4296 1793 4366 longe
1822 4294 2037 4365 lateque

440 4389 663 4461 vulgata
688 4365 1002 4443 noscuntur.
1036 4390 1081 4441 A
1111 4386 1264 4453 cujus
1286 4365 1447 4440 etiam
1478 4400 1574 4439 ore
1604 4365 1886 4454 haacripsa,
1922 4399 2040 4454 quae
2059 4365 2110 4425 D

440 4477 606 4534 modo
636 4474 934 4541 retulimus,
967 4474 1281 4545 frequenter
1307 4473 1630 4529 audivimus.

1080 4598 1304 4653 CAPUT
1335 4597 1396 4652 V.

443 4707 518 4764 De
537 4706 813 4780 stupende
844 4706 1001 4780 ualde
1024 4702 1456 4780 iniracitlorquod
1476 4704 1538 4756 in
1562 4702 1802 4780 Francia
1826 4700 1899 4780 _de
1920 4716 2036 4756 cor-

512 4771 647 4850 poré
666 4777 874 4833 Christi
894 4778 1204 4845 contigerat
1228 4771 1380 4829 inter
1392 4788 1596 4827 manus
1618 4771 1836 4842 indigni
1854 4786 2037 4827 sacer-

508 4955 650 5021 (190)
674 4956 851 5007 Itinere
876 4956 1017 5004 unius
1043 4956 1125 5003 aut
1151 4953 1351 5021 alterius
1372 4952 1464 5002 diei
1486 4964 1520 5021 7a
1547 4952 1666 5011 loco,
1683 4950 1794 5021 “ubi
1838 4950 2036 5000 monitio

445 5024 592 5083 facta,
616 5018 676 5074 ad
706 5024 886 5084 locum,
913 5022 962 5071 in
982 5034 1074 5083 quo
1101 5020 1379 5070 morabatur
1402 5022 1453 5068 S.
1483 5020 1635 5080 Hugo,
1666 5018 1900 5067 distante.

512 5106 655 5169 (191)
682 5108 751 5157 Ex
777 5108 867 5157 hoc
892 5107 997 5155 loco
1022 5105 1261 5166 colligitur
1285 5103 1521 5152 visionem
1547 5103 1673 5151 banc
1694 5102 1925 5151 accidisse
1952 5114 2037 5151 an-

447 5178 643 5236 tequam
667 5178 834 5223 auctor
857 5173 979 5221 Vita:
1006 5173 1055 5221 S.
1088 5171 1273 5233 [lugoni
1301 5170 1475 5219 astitit.

513 5255 652 5321 (192)
681 5256 850 5306 Nescio
887 5268 947 5305 an
970 5258 1169 5305 eventus
1212 5255 1313 5310 ille.
1342 5254 1421 5314 qui
1448 5253 1525 5303 hic
1553 5252 1727 5303 dicitur
1750 5252 2035 5314 manifestus

443 5324 629 5384 multis,
656 5323 698 5372 si
736 5322 795 5372 ab
820 5322 980 5383 aliquo
1015 5322 1108 5371 alio
1134 5322 1400 5383 evulgatus.

515 5407 661 5471 (195)
686 5409 822 5458 Anno
849 5406 998 5468 1200,
1026 5418 1116 5468 quo
1142 5405 1339 5457 Parisiis
1365 5408 1413 5457 et
1439 5404 1488 5455 in
1513 5403 1667 5456 Gallia
1696 5404 1843 5455 fuisse
1870 5403 2037 5467 Hugo—

443 5486 553 5525 nem
590 5487 650 5526 ex
673 5474 767 5526 hoc
792 5472 949 5537 capite
977 5476 1184 5523 constat.

2149 1721 2529 1792 presbyterum
2557 1720 2925 1791 parochialem
2974 1734 3095 1775 cum
3141 1718 3403 1775 Ecclesia
3430 1717 3576 1772 illius
3607 1718 3762 1771 mini-

2150 1809 2274 1864 stris
2320 1809 2389 1863 ad
2437 1823 2591 1862 suam
2636 1807 2862 1863 invitare
2906 1822 3173 1874 mensam,
3223 1807 3394 1861 verbo
3438 1806 3760 1877 frequenter

2151 1906 2309 1953 utens
2338 1913 2463 1953 cum
2484 1896 2696 1951 liberali
2718 1896 2950 1967 quadam
2963 1894 3298 1964 jucunditate
3320 1894 3389 1948 ad
3418 1911 3575 1948 suum
3605 1895 3759 1965 dapi-

2150 1985 2342 2049 ferum,
2376 2000 2484 2056 quo
2514 2000 2659 2055 sape
2689 1984 2819 2039 olim
2849 2000 2979 2038 usus
3000 1990 3082 2038 est
3109 1983 3371 2038 Dominus
3401 1982 3472 2037 ad
3504 1982 3760 2037 Hebraeo-

2149 2090 2269 2127 rum
2300 2073 2558 2144 populum
2594 2090 2607 2126 :
2644 2095 2665 2120 ιι
2700 2072 2823 2127 Non
2852 2072 3095 2137 deseras,
3119 2071 3391 2142 inquiens,
3414 2070 3625 2135 levitas,
3659 2070 3755 2142 qui

2148 2161 2288 2217 inter
2314 2170 2499 2231 portas
2531 2160 2765 2216 civitatis
2793 2168 2899 2214 ture
2930 2168 3053 2213 sunt
3082 2159 3270 2230 (Deut.
3313 2174 3432 2225 xiv,
3461 2158 3575 2228 27).
3615 2179 3637 2208 ι

2220 2266 2368 2321 Illius
2399 2276 2580 2321 tamen
2605 2266 2712 2321 loci
2742 2266 3028 2337 presbyter
3055 2280 3088 2320 a
3116 2264 3379 2319 ministris
3408 2279 3558 2319 more
3591 2264 3753 2319 solito

2147 2364 2391 2414 vocatus.
2425 2355 2495 2410 ad
2524 2371 2769 2409 mensam
2799 2354 3043 2425 episcopi
3090 2354 3277 2409 venire
3307 2353 3631 2408 obstinatius
3660 2370 3753 2407 re-

2147 2444 2395 2509 cusavit;
2428 2443 2574 2498 venit
2602 2451 2779 2498 autem
2820 2450 2945 2513 post
2985 2442 3272 2513 prandium
3322 2441 3559 2497 invisere
3604 2458 3750 2496 eum.

2148 2532 2305 2586 Venit
2334 2548 2571 2603 quoque,
2605 2547 2715 2586 non
2744 2531 2940 2597 solum,
2972 2538 3030 2585 ut
3076 2530 3332 2601 episcopo
3379 2528 3754 2586 celeberrima:

2147 2620 2417 2691 Opinionis
2447 2620 2767 2691 obsequium
2797 2620 3077 2674 exhiberet
3125 2617 3483 2684 salutationis,
3526 2619 3626 2673 sed
3648 2634 3753 2689 po-

2145 2709 2270 2774 tius,
2304 2716 2361 2763 ut
2390 2708 2507 2777 ejus
2536 2708 2875 2764 orationibus
2923 2723 3045 2763 sese
3092 2707 3326 2763 Domino
3375 2706 3748 2762 commendari

2145 2796 2430 2852 obtineret.
2466 2797 2623 2851 Venit
2647 2796 2825 2863 etiam,
2859 2803 2916 2851 ut
2946 2796 2995 2851 ei
3025 2812 3139 2850 rem
3186 2795 3347 2851 valde
3395 2795 3743 2866 stupendam,

2147 2901 2267 2955 quae
2296 2884 2399 2939 sibi
2429 2884 2634 2939 dudum
2664 2885 2814 2955 (195)
2842 2884 3162 2955 contigerat,
3194 2885 3264 2940 de
3307 2884 3587 2939 adoranda
3618 2899 3747 2939 cor-

2144 2972 2291 3043 poris
2320 2972 2589 3029 Dominici
2637 2982 2980 3029 sacramento
3016 2981 3068 3028 et
3120 2973 3299 3028 verbis
3343 2980 3659 3043 exponeret,
3692 2980 3746 3026 et

2146 3061 2214 3116 ad
2243 3061 2537 3117 videndum
2559 3062 2734 3133 ipsam
2750 3078 2886 3128 rem,
2909 3061 3010 3117 sub
3030 3061 3201 3117 oculis
3221 3061 3399 3117 adhuc
3428 3061 3483 3114 in
3513 3060 3748 3116 ecclesia

2146 3166 2246 3205 sua
2274 3150 2528 3221 positam,
2562 3167 2684 3205 eum
2705 3150 2982 3206 invitaret.
3038 3151 3171 3206 Erat
3201 3150 3342 3205 enim
3388 3149 3532 3204 idem
3562 3164 3749 3204 sacer-

2144 3239 2246 3294 dos
2269 3239 2382 3308 jam
2414 3239 2739 3310 grandaevus
2770 3246 2822 3295 et
2866 3246 3087 3310 aspectu
3134 3237 3487 3304 reverendus,
3522 3252 3749 3308 corpore

2144 3326 2306 3382 etiam
2334 3336 2466 3397 toto,
2500 3343 2609 3381 non
2638 3335 2747 3382 tam
2777 3344 2890 3400 pra:
2917 3335 3075 3383 aetate
3104 3343 3268 3399 quam
3314 3343 3429 3398 pra:
3459 3326 3745 3381 abstinen-

2143 3415 2249 3485 tiae,
2281 3423 2338 3470 ut
2366 3416 2668 3484 dicebatur,
2704 3416 2888 3489 rigore
2916 3416 3329 3487 prtemarcidus,
3367 3423 3419 3470 et
3446 3423 3567 3470 cute
3596 3416 3743 3471 ossi-

2143 3503 2243 3557 bus
2292 3504 2563 3560 insidente
2623 3504 2928 3576 peraridus.
2994 3503 3097 3572 Qui
3139 3512 3429 3576 postquam
3493 3502 3749 3558 salutavit

2142 3587 2478 3658 episcopum,
2512 3604 2619 3643 non
2649 3588 2823 3659 potuit
2868 3604 2981 3660 prae
3010 3588 3351 3654 verecundia,
3399 3587 3546 3658 quod
3584 3594 3746 3657 opta-

2141 3675 2215 3729 vit
2256 3675 2336 3729 illi
2382 3675 2663 3731 declarare
2709 3692 2810 3747 pcr
2849 3675 3108 3746 seipsum,
3155 3676 3254 3731 sed
3303 3675 3626 3747 quibusdam
3680 3691 3747 3730 ex

2140 3763 2250 3818 suis
2282 3764 2522 3819 seriatim
2552 3765 2670 3820 haec
2698 3765 2947 3836 exposuit
2976 3764 3032 3819 in
3059 3765 3204 3820 hunc
3232 3764 3452 3819 modum
3487 3779 3500 3819 :

2215 3908 2236 3936 α
2273 3888 2405 3943 Cum
2435 3904 2615 3943 essem
2640 3887 2877 3957 juvenis,
2910 3887 3102 3958 inquit,
3137 3895 3189 3942 et
3218 3886 3448 3959 gradum
3476 3886 3743 3941 sacerdo-

2137 3975 2213 4043 tii,
2250 3992 2352 4032 nec
2381 3977 2534 4031 annis
2561 3976 2755 4045 adhuc,
2790 3992 2893 4032 nec
2939 3976 3181 4031 moribus
3222 3975 3359 4031 meis
3410 3982 3559 4029 tanto
3604 3975 3746 4045 apici

2136 4064 2301 4135 digne
2334 4064 2813 4134 respondentibus,
2848 4063 3312 4129 conscendissem,
3346 4062 3572 4134 contigit
3598 4062 3741 4116 insi-

2136 4151 2318 4207 diante
2348 4152 2476 4207 mihi
2506 4152 2663 4207 hoste
2692 4152 2933 4224 antiquo,
2969 4160 3027 4208 ut
3054 4153 3260 4208 crimen
3288 4152 3564 4224 quoddam
3594 4166 3745 4206 mor-

2136 4239 2353 4294 tiferum
2382 4240 2752 4310 incurrissem,
2788 4256 2821 4295 a
2866 4240 3020 4309 cujus
3065 4240 3301 4297 necdum
3349 4239 3602 4310 contagio
3650 4245 3744 4293 aut

2140 4328 2405 4395 remedio,
2438 4328 2770 4399 poenitentiae
2798 4336 2889 4384 aut
2934 4329 3296 4384 confessionis
3324 4328 3543 4383 lavacro
3573 4343 3742 4381 mun-

2143 4416 2321 4486 datus,
2353 4417 2441 4483 ita,
2475 4425 2531 4471 ut
2560 4432 2728 4483 eram,
2764 4417 2929 4473 corde
2954 4416 3191 4487 pollutus
3213 4424 3267 4472 et
3286 4431 3532 4487 corpore,
3559 4424 3743 4471 mente

2138 4505 2364 4575 insuper
2393 4520 2570 4561 crecus
2600 4513 2653 4560 et
2684 4504 2789 4561 fide
2819 4504 3061 4560 inﬁrmus
3099 4504 3267 4576 (quod
3310 4504 3457 4561 dictu
3504 4504 3743 4559 horren-

2139 4593 2266 4647 dum
2298 4594 2400 4663 est)
2430 4594 2499 4648 ad
2546 4594 2690 4649 sacri
2736 4594 2919 4649 altaris
2965 4593 3327 4649 ministerium
3372 4592 3661 4663 impudens
3693 4601 3745 4648 et

2139 4682 2465 4737 temerarius
2492 4683 2755 4738 accedere
2785 4682 3062 4755 consuevi.
3104 4682 3349 4753 Cumque
3389 4680 3477 4736 die
3508 4680 3743 4751 quadam

2140 4771 2308 4825 sacris
2338 4770 2653 4827 assisterem
2700 4771 2881 4827 missa
2928 4770 3179 4837 secretis,
3239 4778 3292 4825 et
3338 4768 3582 4825 criminis
3630 4768 3744 4824 mei

2206 4949 2346 5013 (194)
2373 4950 2495 5000 Cum
2520 4950 2630 5000 villa
2658 4950 2761 5001 haec
2799 4950 2925 5000 inter
2952 4947 3158 5000 Parisios
3201 4954 3251 5000 et
3275 4951 3458 5000 Trecas
3481 4948 3597 5010 sita,
3643 4962 3745 5000 una

2135 5017 2238 5066 sive
2263 5017 2419 5078 prima
2445 5018 2731 5077 metatione,
2759 5017 2968 5077 dicatur,
2997 5017 3206 5066 viderint
3230 5016 3445 5067 locorum
3472 5016 3637 5077 vicini,
3666 5028 3732 5065 an

2137 5083 2253 5132 facti
2288 5084 2432 5144 hujus
2458 5084 2633 5133 ibidem
2661 5084 2817 5133 adhuc
2844 5083 3080 5133 habeatur
3112 5084 3370 5133 memoria.

2205 5166 2347 5230 (195)
2376 5169 2495 5217 Fore
2521 5169 2648 5218 inter
2694 5179 2847 5217 annos
2889 5169 3018 5217 1160
3061 5170 3112 5217 et
3155 5168 3304 5228 1170,
3348 5165 3740 5217 dum-sacerdos

2135 5236 2323 5296 Hugcni
2350 5236 2771 5299 factumnarrans,
2798 5235 3082 5294 grandaavus
3103 5234 3296 5295 quidem
3312 5233 3506 5297 dicitur,
3532 5233 3618 5284 sed
3642 5245 3745 5283 ma-

2136 5302 2208 5364 gis
2234 5315 2332 5365 prae
2359 5303 2516 5365 rigore
2557 5301 2880 5364 abstinentiae,
2910 5312 3053 5364 quam
3078 5311 3180 5363 pre
3204 5302 3371 5351 aitate.
