3960 6062
232 213 359 267 1041

1594 211 1772 266 VITA.
1815 238 1883 249 —
1921 209 2045 264 LIB.
2093 210 2158 263 ν.

3390 212 3526 265 1042

237 334 615 391 enormitatem
647 333 701 386 in
731 332 849 404 ipsa
876 334 1068 389 hostiae
1118 334 1372 390 salutaris
1418 336 1829 391 consecratione
1850 336 1904 394 A
1934 333 2061 400 cuit,
2096 340 2145 389 et
2175 324 2243 388 ad
2265 333 2607 389 excitandum
2636 332 2938 387 devotionis
2987 338 3265 403 aspectum
3315 332 3521 403 pariter

236 432 414 478 mente
436 423 771 477 revolverem
795 421 975 488 tacita,
1010 422 1151 476 inter
1171 423 1303 477 alias
1337 424 1608 479 tenebrosi
1637 432 1827 495 pecto-

231 514 307 567 ris
340 512 718 584 cogitationes,
754 511 836 564 hae
864 526 1077 565 mecum
1110 513 1470 566 versabantur
1525 513 1579 567 in
1611 514 1775 567 corde
1812 529 1823 565 :

234 602 486 666 Putasne,
512 600 654 653 illius
685 615 883 669 corpus
914 607 965 652 et
997 599 1220 669 sanguis
1252 600 1338 655 hic
1370 616 1400 653 a
1440 617 1524 655 me
1557 601 1825 655 sordidis-

235 690 373 743 simo
393 696 681 759 peccatore
710 687 980 741 veraciter
1002 686 1302 751 conﬁcitur,
1338 696 1390 742 et
1440 697 1713 754 tractatur,
1768 706 1827 745 ac

231 778 478 841 sumitur,
507 776 596 848 qui
628 776 833 830 candor
864 775 998 829 lucis
1020 784 1237 829 anterme
1273 794 1393 831 esse
1426 778 1755 831 describitur
1777 789 1827 833 et

228 866 511 936 speculum
538 866 653 918 sine
684 864 894 918 macula
924 864 951 917 ?
982 865 1116 917 Dum
1148 865 1263 919 hmc
1290 874 1341 919 et
1374 866 1475 919 alia
1506 867 1589 920 his
1649 868 1827 920 minus

231 953 429 1009 stolida
457 968 731 1007 versarem
764 951 817 1005 in
846 951 1048 1016 animo,
1096 962 1418 1022 perventum
1457 963 1537 1008 est
1594 954 1663 1008 ad
1700 956 1823 1021 hoc,

232 1050 288 1095 ut
347 1041 653 1113 frangenda
709 1048 855 1095 esset
904 1040 1167 1095 trifariam
1212 1057 1359 1096 more
1418 1042 1601 1098 debito
1652 1044 1827 1098 hostia

238 1137 607 1185 sacrosancta.
646 1127 819 1196 Quam
842 1136 898 1182 ut
930 1144 1028 1199 per
1056 1128 1295 1183 medium
1334 1129 1489 1201 fregi,
1522 1146 1645 1185 mox
1668 1147 1828 1185 cruor

233 1216 628 1288 liquidissimus
658 1232 755 1287 per
782 1215 1076 1270 fracturam
1109 1216 1331 1272 effluere
1359 1218 1539 1288 coepit,
1582 1219 1673 1289 qui
1706 1235 1825 1273 me-

234 1305 382 1360 diam
414 1305 605 1360 hostite
633 1312 861 1375 partem,
895 1320 1053 1375 quam
1085 1320 1249 1360 manu
1280 1306 1619 1371 tenebam,in
1648 1307 1828 1361 carnis

231 1394 413 1463 specie
446 1394 623 1447 subito
654 1408 993 1459 conversam,
1028 1393 1228 1447 rubore
1272 1394 1571 1466 sanguineo
1619 1394 1822 1449 infecit.

230 1481 441 1551 Quibus
464 1498 567 1553 ego
608 1481 737 1535 visis
768 1498 879 1552 pra:
912 1481 1107 1536 timore
1156 1489 1295 1536 totus
1330 1482 1550 1553 dirigui,
1604 1490 1655 1537 et
1687 1500 1825 1553 pene

229 1570 477 1624 exsensis
508 1569 731 1625 effectus
751 1569 965 1639 perdito
997 1569 1220 1623 rationis
1268 1570 1514 1633 consilio,
1567 1570 1826 1643 quidquid

1930 429 1981 475 et
2021 422 2349 493 amplexum,
2398 421 2464 475 ad
2525 426 2638 476 haec
2690 421 2861 475 verba
2910 427 2961 474 et
3006 418 3217 474 viviﬁca
3273 420 3521 475 cordium

1928 510 2200 575 alimenta,
2230 518 2440 564 mentes
2470 509 2801 563 audientium
2828 509 3077 563 erudivit.
3115 510 3193 562 Ex
3224 508 3518 578 praemissis

1928 614 2078 661 vero,
2129 614 2343 653 necnon
2374 606 2512 652 ctex
2556 598 2677 652 aliis
2726 598 2843 666 ejus
2882 598 3062 651 verbis
3118 596 3320 651 certius
3359 596 3519 650 nobis

1927 703 2242 756 persuasum
2290 695 2538 740 tenemus
2600 686 2724 757 quia
2795 701 2901 739 non
2960 684 3129 739 semel
3187 692 3413 751 tantum,
3464 691 3521 738 ut

1928 790 2087 844 supra
2118 782 2398 829 ostensum
2430 782 2530 839 est,
2565 774 2671 828 imo
2694 774 2857 827 etiam
2910 774 3242 844 frequenter,
3276 772 3353 826 illi
3381 788 3517 827 con-

1927 878 2141 916 cessum
2176 863 2262 925 sit,
2331 862 2566 916 revelata
2615 862 2847 916 hominis
2895 861 3167 915 interioris
3215 859 3371 926 facie,
3431 860 3520 914 illa

1928 950 2277 1019 singulariter
2306 950 2373 1005 de
2405 951 2508 1004 hoc
2539 958 2883 1004 sacramento
2927 949 3046 1003 visu
3078 949 3311 1020 quodam
3334 948 3520 1003 intimo

1926 1038 2257 1107 perspicere,
2284 1054 2405 1109 qua)
2434 1037 2591 1092 nobis
2612 1037 2903 1092 invisibilia
2932 1037 3191 1093 docemur
3208 1052 3397 1093 omnes
3413 1051 3517 1108 pa-

1926 1126 2054 1181 riter
2070 1125 2175 1181 ﬁde
2204 1126 2498 1197 purissima
2527 1126 2802 1181 credendo
2839 1124 3099 1181 retinere.

2514 1315 2738 1370 CAPUT
2799 1316 2893 1371 VI.

1929 1457 2187 1524 Qualiter
2209 1458 2358 1527 [Iugo
2398 1461 2787 1530 nostersuum
2817 1458 3091 1530 corripuit
3124 1460 3519 1530 metropolita-

1994 1544 2155 1593 num,
2191 1532 2247 1601 et
2277 1544 2445 1601 quam
2476 1528 2755 1601 sollicitus
2781 1532 2916 1601 erat
2938 1528 3001 1582 de
3059 1528 3317 1584 moribus
3337 1529 3522 1584 subdi-

1998 1598 2207 1653 torum.
2238 1598 2313 1671 —’7
2333 1599 2401 1652 Et
2432 1602 2513 1653 est
2544 1600 2643 1653 hoc
2666 1598 2983 1670 capitulum
3000 1600 3261 1671 quintum
3295 1601 3356 1655 in
3376 1601 3519 1656 serie

231 1658 299 1711 de
341 1658 510 1729 ipsius
542 1658 891 1713 sacramentis
929 1658 981 1711 in
1039 1657 1289 1711 manibus
1349 1658 1620 1726 tenebam,
1656 1660 1709 1713 in
1740 1676 1821 1714 sa-
1851 1685 1905 1747 Β
1998 1685 2217 1740 magna,»
2262 1670 2413 1724 Viue,

228 1763 378 1800 crum
403 1746 628 1801 calicem
663 1746 913 1801 decidere
946 1746 1187 1816 permisi.

306 1858 325 1880 «ι
364 1836 489 1888 Erat
520 1842 647 1889 tunc
674 1834 747 1888 ibi
778 1834 985 1900 videre,
1044 1835 1186 1906 quod
1243 1851 1414 1907 usque
1464 1837 1517 1890 in
1578 1853 1818 1907 prznscns

230 1922 491 1990 cernitur,
535 1923 747 1978 saeculis
787 1923 1036 1977 omnibus
1094 1924 1417 1994 stupendum
1474 1924 1813 1991 miraculum,

226 2011 412 2064 vinum
442 2011 695 2066 videlicet
717 2011 771 2065 in
803 2011 1123 2083 sanguinem
1162 2019 1213 2066 et
1262 2028 1453 2081 panem
1484 2012 1537 2066 in
1576 2029 1814 2079 carnem,

227 2099 406 2153 media
437 2100 517 2152 sui
550 2107 697 2169 parte
746 2114 1029 2161 conversa,
1072 2116 1187 2153 rem
1230 2101 1428 2170 pariter
1470 2102 1813 2165 sacramenti,

227 2196 279 2241 et
312 2187 555 2255 formam,
594 2186 904 2258 significans
934 2187 1180 2243 videlicet
1210 2196 1261 2243 et
1292 2188 1675 2258 signiﬁcatum,
1718 2191 1818 2243 sub

226 2276 444 2347 gemina
467 2276 648 2346 specie
670 2275 1107 2331 manifestissime
1139 2276 1411 2347 praeferre.
1439 2276 1569 2346 Quae
1602 2285 1659 2331 ut
1686 2279 1815 2345 vidi,

227 2367 326 2417 has
366 2365 577 2435 species
629 2364 1115 2419 inconversibiliter
1171 2366 1424 2430 retinere,
1486 2382 1546 2419 ea
1604 2366 1819 2437 penitus

225 2451 542 2523 contingere
563 2467 670 2506 non
691 2469 1046 2523 praesumens,
1089 2453 1312 2509 calicem
1357 2461 1574 2524 patena,
1609 2462 1660 2508 et
1714 2470 1817 2525 pa-

222 2548 401 2593 tenam
434 2556 586 2594 sacra
618 2542 763 2611 palla
796 2542 1070 2612 cooperui,
1104 2550 1157 2596 et
1186 2542 1368 2597 missae
1424 2542 1658 2598 ofﬁcium
1690 2561 1817 2614 per-

225 2630 458 2683 cantavi.
494 2630 647 2693 llinc,
684 2631 883 2701 pepulo
914 2630 1159 2695 dimisso,
1196 2631 1420 2686 calicem
1453 2647 1573 2687 cum
1622 2633 1814 2697 sacris,

228 2733 349 2787 qua:
381 2718 430 2770 in
465 2734 529 2771 eo
560 2718 733 2773 adhuc
783 2720 943 2773 hodie
995 2720 1354 2783 continentur,
1409 2720 1528 2775 loco
1578 2737 1818 2793 congruo

228 2821 388 2859 secus
410 2805 580 2859 altare
602 2807 820 2876 reposui
850 2808 1027 2861 debita
1053 2808 1358 2862 reverentia
1382 2809 1813 2863 custodiendum.

230 2893 357 2946 Post
393 2894 494 2947 hoc
555 2895 750 2948 summi
799 2894 1066 2965 pontiﬁcis
1124 2896 1265 2950 adivi
1315 2898 1679 2966 prresentiam,
1738 2898 1819 2952 rei

224 2981 384 3049 hujus
416 2982 613 3037 seriem
646 2983 722 3036 illi
765 2984 1048 3053 praemissa
1103 2984 1447 3039 confessione
1478 2994 1657 3040 reatus
1714 2987 1818 3041 mei

228 3070 472 3139 exposui,
504 3079 556 3126 et
598 3071 951 3126 absolutionis
1010 3072 1353 3137 beneﬁcium,
1408 3074 1645 3141 injuncta
1689 3076 1821 3129 mihi

226 3158 593 3213 satisfactione
625 3160 951 3229 competenti
981 3161 1045 3213 ab
1078 3160 1194 3230 ipso
1239 3162 1529 3230 reportari.
1564 3162 1645 3215 Ad
1704 3163 1820 3218 hmo

226 3262 354 3300 vero
387 3248 657 3317 magnalia
691 3249 787 3301 Dei
820 3249 1232 3318 przesentialiter
1249 3250 1553 3304 contuenda
1586 3266 1617 3305 a
1638 3251 1819 3305 multis

223 3336 327 3389 huc
358 3351 457 3405 per
488 3335 769 3389 circuitum
801 3336 933 3391 locis
983 3336 1187 3406 passim
1216 3352 1248 3391 a
1280 3337 1527 3392 ﬁdelibus
1582 3354 1817 3394 concur-

226 3422 377 3486 ritur,
411 3439 440 3475 a
474 3423 668 3494 quibus
699 3439 817 3478 cum
852 3440 1064 3479 summa
1094 3426 1397 3480 reverentia
1428 3427 1820 3499 magniﬁcatur—

227 3510 392 3579 Deus,
430 3511 517 3581 qui
548 3512 675 3567 facit
707 3513 968 3568 mirabilia
991 3514 1321 3582 solus.lla:c,
1348 3524 1529 3570 sancte
1543 3516 1817 3587 episcope,

225 3599 380 3654 vobis
412 3600 590 3670 cupio,
615 3601 731 3655 istis
760 3602 1143 3669 mediantibus,
1178 3604 1435 3669 intimari,
1472 3621 1577 3675 quo
1610 3606 1821 3660 etillius

226 3703 441 3742 merear
461 3704 565 3760 ego
595 3691 931 3744 orationibus
962 3692 1103 3761 apud
1138 3692 1309 3747 Deum
1342 3693 1604 3761 adjuvari,
1624 3702 1674 3747 et
1706 3694 1820 3764 ipse

227 3792 349 3830 cum
380 3776 490 3830 suis
520 3778 682 3832 sociis
708 3778 759 3831 in
785 3779 1017 3834 Domino
1040 3780 1233 3845 valeat,
1270 3797 1391 3835 cum
1419 3781 1516 3835 ista
1534 3798 1822 3852 perspexe-

227 3865 310 3930 rit,
344 3865 578 3935 amplius
603 3866 905 3935 jucundari.
949 3889 970 3916 ι

296 3953 421 4008 ΙΙωο
448 3954 614 4026 igitur
642 3955 945 4011 referentes
967 3956 1252 4028 episcopo,
1288 3958 1482 4029 quibus
1513 3958 1821 4014 innotuerat

222 4056 252 4094 a
283 4042 622 4113 presbytero,
655 4045 949 4114 sperabant
978 4045 1147 4111 illum,
1178 4062 1285 4101 non
1318 4047 1431 4102 sine
1463 4047 1621 4102 avida
1638 4046 1821 4102 cordis

224 4129 529 4199 devotione,
565 4132 631 4186 ad
665 4149 725 4186 ea
752 4149 876 4187 mox
910 4134 1146 4189 videnda
1176 4151 1584 4205 processurum.
1620 4136 1820 4190 Verum

224 4217 313 4271 ille
342 4219 411 4272 ad
444 4220 626 4274 audita
666 4221 952 4275 confestim
1011 4223 1084 4277 ita
1112 4224 1394 4293 respondit
1428 4242 1439 4277 :
1479 4226 1688 4285 «Bene,
1732 4225 1818 4278 in-

223 4306 356 4376 quit,
389 4306 441 4360 iu
475 4308 693 4363 nomine
723 4310 939 4364 Domini
968 4310 1203 4365 habeant
1232 4311 1335 4365 sibi
1379 4312 1539 4381 signa
1581 4310 1818 4365 inﬁdeli-

1990 1806 2118 1872 Sed,
2151 1806 2281 1861 dum
2328 1806 2485 1861 solito
2515 1807 2760 1862 crebrius
2808 1806 3282 1877 metropolitanum
3331 1824 3508 1876 suum,

1916 1894 2180 1965 solitoque
2208 1896 2495 1949 instantius
2526 1896 2609 1950 vir
2640 1896 2756 1962 Dei,
2790 1903 2914 1965 post
2959 1895 3157 1950 factam
3188 1895 3290 1949 sibi
3322 1896 3516 1950 divini-

1914 1992 1998 2037 tus
2030 1984 2474 2049 admonitionem,
2510 1985 2776 2049 hortatur,
2820 1991 3084 2054 quatenus
3131 1983 3349 2039 omissis
3404 2000 3506 2055 pa-

1917 2088 2141 2142 rumper
2167 2073 2365 2143 quibus
2396 2072 2703 2127 indefessus
2732 2073 3039 2127 adhaerebat
3068 2073 3209 2127 curis
3233 2072 3512 2127 saeculari-

1917 2160 2039 2223 bus,
2063 2160 2239 2215 studio
2268 2162 2447 2230 potius
2475 2160 2783 2233 indulgeret
2812 2160 3135 2231 pontificalis
3152 2160 3311 2217 officii
3343 2177 3506 2232 quam

1914 2248 2224 2319 reipublicae
2246 2248 2721 2314 administrationi,
2752 2249 2990 2303 animum
3021 2249 3137 2317 ejus
3166 2249 3234 2303 ad
3292 2265 3518 2321 gravem

1918 2344 2109 2392 contra
2132 2353 2189 2392 se
2210 2336 2823 2393 excitavitsimultatem.
2845 2337 2967 2391 Suae
2986 2352 3118 2392 vero
3149 2337 3513 2405 jurisdictioni

1921 2425 2185 2488 subditos,
2221 2432 2328 2479 tam
2358 2425 2584 2480 clericos
2605 2441 2765 2497 quam
2806 2425 3181 2495 presbyteros,
3214 2425 3330 2495 ipse
3388 2426 3512 2480 totis

1920 2512 2125 2566 viribus
2155 2528 2251 2583 per
2278 2513 2537 2583 seipsum,
2574 2520 2625 2568 et
2654 2530 2754 2583 per
2793 2512 3052 2567 officiales
3088 2528 3237 2580 suos,
3270 2513 3339 2567 ad
3389 2513 3512 2568 vita:

1919 2600 2169 2655 rectioris
2200 2600 2467 2655 tramitem
2490 2608 2543 2655 et
2562 2600 2860 2671 disciplinae
2882 2601 3152 2672 regularis
3173 2601 3511 2655 honestatem

1922 2689 2215 2743 revocavit.
2239 2688 2384 2742 Nihil
2418 2689 2561 2744 enim
2583 2689 2651 2743 de
2693 2697 2915 2759 paterna
2961 2688 3321 2744 sollicitudine
3351 2689 3515 2743 omit-

1920 2784 2059 2842 tens,
2094 2776 2368 2849 languidis
2391 2776 2811 2831 commissorum
2850 2777 2953 2831 sibi
2979 2777 3222 2831 moribus
3252 2776 3511 2832 infunde-

1921 2863 2013 2918 bat
2042 2864 2221 2919 oleum
2245 2873 2295 2919 et
2326 2864 2542 2931 vinum,
2578 2872 2637 2918 ut
2682 2865 2942 2920 severitas
2999 2871 3281 2921 coerceret
3336 2864 3518 2920 distri-

1920 2952 2133 3019 ctionis,
2169 2968 2305 3024 quos
2335 2968 2531 3008 curare
2573 2968 2681 3007 non
2713 2953 2885 3024 potuit
2915 2952 3110 3007 lenitas
3138 2952 3377 3023 pietatis.

1852 3037 1899 3097 Ο
1994 3057 2264 3126 Quantum
2312 3074 2443 3113 vero
2492 3058 2797 3123 sudaverit,
2860 3066 3188 3130 quantumve
3237 3058 3521 3129 profecerit

1920 3147 1990 3202 ad
2022 3147 2409 3201 correctionem
2454 3146 2789 3201 subditorum
2828 3146 2883 3200 in
2912 3148 3010 3201 hac
3065 3145 3286 3217 gemina
3333 3147 3513 3202 eccle-

1922 3236 2152 3291 siasticae
2173 3235 2592 3305 dispensationis
2623 3235 2973 3301 exhibitione,
3004 3250 3111 3289 non
3140 3242 3221 3289 est
3276 3234 3509 3291 faculta-

1922 3324 1989 3378 tis
2020 3331 2238 3389 nostrre,
2273 3331 2434 3394 prout
2463 3323 2686 3393 dignum
2706 3330 2869 3390 esset,
2903 3338 3197 3394 exponere,
3232 3338 3353 3379 cum
3394 3322 3512 3379 haec

1922 3411 2370 3482 peritissimorum
2395 3411 2557 3466 etiam
2588 3412 2809 3481 ingenia
2838 3412 2925 3465 vix
2966 3411 3149 3466 multis
3196 3411 3512 3467 sufficerent

1922 3500 2258 3555 voluminum
2285 3499 2688 3571 prolixitatibus
2714 3499 2968 3555 enodare.
2995 3499 3272 3555 Ecclesias
3293 3516 3512 3571 quoque

1922 3588 2175 3644 dimcesis
2198 3605 2309 3643 suae
2338 3588 2392 3641 in
2422 3588 2670 3643 omnibus
2700 3604 2801 3659 pro
2842 3604 3003 3659 posse
3045 3603 3144 3642 suo
3200 3588 3267 3641 ad
3315 3596 3511 3643 statum

1924 3676 2133 3732 curavit
2160 3677 2404 3732 debitum
2436 3676 3018 3747 erigere.Admittebat
3049 3676 3192 3730 enim
3224 3675 3413 3731 sedulo
3443 3677 3513 3731 ad

1924 3781 2112 3820 earum
2142 3766 2391 3837 regimen
2409 3766 2553 3821 viros
2574 3765 2801 3821 scientia
2819 3773 2871 3820 et
2892 3765 3000 3820 vita
3021 3764 3510 3833 commendabiles,

1924 3855 2005 3908 his
2035 3870 2166 3909 vero
2204 3855 2490 3910 destitutos
2537 3854 2606 3909 ab
2639 3869 2827 3909 earum
2869 3854 3119 3926 ingressu
3162 3869 3264 3925 pro
3310 3854 3516 3909 viribus

1925 3942 2239 4014 repellebat.
2275 3944 2334 3997 In
2357 3958 2463 4014 qua
2492 3942 2745 3997 nimirum
2777 3942 3093 4010 intentione,
3123 3949 3324 4014 quanto
3347 3943 3513 3998 duce-

1923 4039 2075 4086 retur
2104 4030 2239 4096 zelo,
2273 4047 2339 4085 ex
2361 4031 2532 4101 ipsius
2561 4031 2741 4085 verbis
2769 4030 2965 4085 melius
2994 4031 3368 4102 perpenditur,
3403 4031 3516 4103 qui-
3565 4074 3573 4080 .

1924 4120 2023 4174 bus
2044 4119 2111 4174 de
2133 4119 2314 4189 seipso
2335 4118 2410 4173 ita
2449 4119 2750 4190 saepissime
2780 4119 3079 4173 fatebatur:
3135 4143 3155 4165 «σ
3208 4119 3395 4184 Miror,
3428 4120 3516 4174 in-

1922 4208 2053 4279 quit,
2124 4207 2411 4277 quosdam,
2462 4214 2517 4261 ut
2560 4208 2776 4272 dicitur,
2828 4208 3085 4278 gaudere,
3146 4222 3268 4261 cum
3323 4216 3519 4263 vacant

1923 4295 2232 4365 praebenda:
2253 4302 2345 4349 aut
2372 4294 2634 4360 ecclesiaa,
2659 4310 2797 4366 quas
2825 4310 2925 4365 pro
2944 4294 3095 4348 libitu
3126 4294 3334 4365 possint
3355 4295 3512 4351 novis

224 4394 345 4448 tatis
375 4412 506 4450 suae.
542 4396 684 4463 Quid
715 4398 782 4452 ad
812 4414 912 4453 nos
934 4399 1001 4453 de
1029 4399 1114 4453 his
1144 4400 1172 4453 ?
1195 4400 1334 4452 Num
1368 4401 1629 4452 miramur
1656 4398 1819 4469 parti-

1927 4382 2331 4453 possessoribus
2361 4381 2633 4437 conferre.
2661 4382 2952 4437 Vcraenim
2975 4383 3041 4437 de
3054 4384 3263 4453 meipso
3292 4383 3513 4456 loquor,

223 4482 437 4536 culares
466 4483 735 4556 imagines
784 4486 939 4554 hujus
972 4487 1137 4542 divini
1185 4487 1443 4553 muneris,
1503 4488 1593 4557 qui
1651 4495 1816 4541 totum

222 4577 271 4621 et
305 4569 574 4640 integrum
604 4574 707 4628 hoc
736 4574 957 4627 caeleste
988 4575 1310 4629 sacrificium
1348 4576 1586 4646 quotidie
1645 4575 1815 4630 intue-

222 4673 346 4710 mur
386 4656 700 4714 ﬁdelissimo
780 4671 999 4731 aspcctu
1055 4664 1298 4717 mentis?
1357 4664 1626 4718 Intueatur
1673 4664 1817 4719 illius

225 4744 447 4814 exiguas
494 4749 868 4818 portiunculas
938 4751 1053 4805 visu
1120 4767 1417 4821 corporeo,
1496 4753 1586 4822 qui
1648 4760 1816 4806 totum

224 4848 333 4886 non
364 4834 599 4889 intuetur
629 4837 754 4891 fidei
784 4847 1076 4908 conspectu
1125 4839 1357 4894 interno.
1402 4864 1421 4886 ιν
1456 4841 1583 4895 Haec
1606 4840 1813 4906 dicens,

224 4925 695 4980 commendantem
742 4943 803 4981 se
863 4927 1197 4982 orationibus
1244 4930 1360 4995 ejus
1418 4928 1813 4999 presbyterum,

223 5009 351 5064 data
380 5010 429 5065 ei
462 5012 856 5083 benedictione,
906 5016 1057 5069 abire
1094 5016 1355 5085 permisit.
1393 5017 1629 5071 Suorum
1686 5033 1817 5072 vero

225 5098 592 5155 curiositatem
640 5103 993 5174 redarguens,
1047 5104 1100 5156 in
1160 5102 1281 5158 fidei
1341 5105 1611 5160 soliditate
1669 5106 1818 5175 ipsos

224 5200 330 5239 non
389 5188 563 5243 solum
624 5192 915 5257 roboravit,
966 5192 1074 5245 imo
1143 5194 1345 5247 certius
1388 5210 1452 5246 ea
1510 5212 1628 5264 qum
1682 5192 1817 5247 fides

225 5277 548 5342 praescribit,
583 5296 746 5349 quam
776 5296 837 5335 ea
861 5296 977 5350 quae
1008 5280 1098 5333 lux
1136 5281 1237 5334 ista
1284 5281 1510 5335 visibilis
1557 5282 1812 5345 ostendit,

225 5364 392 5417 teneri
424 5380 454 5418 a
488 5365 737 5421 ﬁdelibus
785 5368 987 5423 debere
1006 5376 1057 5421 et
1106 5367 1333 5439 intelligi
1391 5368 1815 5423 luculentissima

224 5447 537 5509 declaravit.

300 5544 388 5597 Sic
418 5542 600 5613 itaque
622 5559 653 5598 a
683 5544 959 5615 proposito
990 5545 1218 5601 curiosae
1253 5545 1475 5601 visionis
1505 5546 1624 5601 illos
1655 5561 1815 5600 coer-

1917 4471 2046 4536 quia
2074 4470 2206 4525 nihil
2237 4487 2475 4543 unquam
2505 4471 2560 4525 in
2587 4473 2688 4526 hac
2719 4470 2825 4525 vita
2868 4471 3108 4526 animum
3137 4472 3208 4526 ita
3246 4472 3431 4528 afﬂixit
3451 4482 3511 4528 ut

1918 4559 2075 4613 anxia
2107 4558 2411 4615 sollicitudo
2452 4574 2712 4628 personas
2745 4558 2968 4614 idoneas
3000 4560 3237 4631 eligendi
3295 4577 3359 4617 ac
3391 4561 3508 4614 dis-

1918 4648 2195 4711 cernendi,
2231 4648 2428 4718 quibus
2459 4664 2697 4718 congrue
2728 4649 2895 4718 possit
2919 4650 3165 4720 regimen
3196 4650 3501 4704 vacantium

1920 4737 2326 4804 prazbendarum
2352 4744 2441 4789 aut
2471 4736 2794 4805 dignitatum
2826 4737 3086 4791 Ecclesim
3116 4746 3312 4791 nostra:
3350 4753 3507 4791 com-

1919 4824 2072 4877 mitti.
2107 4825 2221 4879 Nec
2252 4825 2543 4895 quidquam
2594 4826 2926 4878 mundanum
2963 4826 3101 4879 adeo
3130 4841 3215 4879 me
3266 4840 3505 4896 unquam

1919 4912 2256 4967 contristavit
2310 4921 2367 4965 ut
2409 4929 2565 4967 error
2622 4913 2728 4979 ille,
2771 4928 2877 4985 quo
2913 4913 2980 4967 ad
3042 4913 3327 4967 multorum
3366 4929 3513 4984 saepe

1920 5000 2447 5055 commendationem
2471 5002 2665 5056 talibus
2709 5002 3081 5056 ecclesiastica
3114 5000 3360 5057 concessi
3408 5002 3503 5057 be-

1920 5088 2131 5149 neficia,
2168 5105 2303 5159 quos
2338 5088 2535 5143 frustra
2567 5090 2767 5143 credidi
2798 5090 2849 5142 in
2887 5089 3166 5144 canonicis
3204 5089 3504 5160 disciplinis

1921 5194 2041 5229 esse
2072 5185 2340 5241 strenuos,
2367 5178 2494 5231 dum
2524 5194 2617 5232 eos
2651 5178 3011 5247 postmodum,
3062 5178 3320 5233 Ecclesiae
3350 5179 3508 5234 bonis

1921 5264 2113 5318 ditatos
2132 5281 2340 5318 morum
2358 5266 2690 5334 perversitas
2712 5265 3007 5319 ostenderit
3030 5264 3196 5321 fuisse
3210 5266 3457 5335 ignavos.
3480 5288 3502 5317 ι

1920 5353 1984 5404 Et
2017 5352 2068 5405 in
2092 5353 2234 5407 hunc
2264 5353 2482 5423 quidem
2514 5354 2731 5407 modum
2763 5352 2865 5406 sibi
2904 5368 2935 5407 a
2971 5354 3297 5424 quibusdam
3342 5353 3510 5409 fuisse

1921 5440 2234 5510 subreptum
2268 5457 2372 5494 non
2407 5442 2521 5495 sine
2552 5443 2755 5511 gemitu
2787 5443 3128 5511 querebatur.

1994 5546 2251 5601 Novimus
2283 5563 2409 5602 vero
2440 5563 2560 5601 eum
2594 5563 2691 5617 pro
2724 5548 2879 5615 hujus
2899 5548 3173 5603 reierrore
3196 5547 3509 5620 diligentius
