3960 6062
425 165 560 220 1043

1303 163 1358 218 S.
1401 159 1715 217 HUGONIS
1752 157 1970 216 EPISC.
2013 153 2342 212 LINCOLN.
2393 152 2556 210 0RD.
2601 151 2847 209 CARTH.

3584 154 3727 208 1044

430 287 694 355 cavendo,
719 286 878 343 alicui
903 302 1124 342 suorum
1153 284 1564 350 collateralium,
1588 284 1657 338 de
1678 283 1830 352 cujus
1845 282 2021 337 since-
2041 281 2095 340 A
2124 292 2411 334 commune
2439 292 2544 348 quo
2574 291 2780 348 genere
2837 274 3018 330 auxilii
3073 274 3294 331 domino
3354 291 3452 331 suo
3512 276 3568 330 in
3621 285 3737 330 tam

430 377 587 432 ritate
605 392 712 431 non
729 391 922 446 parum
939 374 1267 440 confidebat,
1296 373 1610 444 specialiter
1632 371 1929 441 injunxisse
1952 377 2028 434 ut,

432 466 476 520 si
507 464 635 536 quid
657 465 743 520 vel
775 464 1006 520 tenuiter
1039 465 1321 530 sensisset,
1348 463 1434 515 vel
1458 461 1716 516 audiisset
1741 459 1942 513 sinistri
1963 458 2030 512 de

431 553 614 624 aliquo
643 570 803 624 quem
835 553 889 606 in
919 569 1016 606 sua
1039 551 1284 606 Ecclesia
1315 549 1642 605 beneﬁciare
1693 549 2026 618 disponeret,

432 643 536 696 hoc
567 641 616 695 ei
647 641 952 695 nullatenus
983 641 1164 695 celare
1197 646 1572 709 praesumeret,
1593 654 1720 702 non,
1747 637 1890 707 quod
1916 636 2031 706 ipse

434 729 657 785 incertis
677 730 744 783 de
779 729 960 800 aliquo
992 727 1314 782 rumusculis
1338 727 1498 780 ﬁdem
1529 733 1674 780 esset
1725 725 2028 787 habiturus,

435 819 532 874 sed
567 826 623 872 ut
653 833 685 872 a
714 818 894 872 dubiis
923 817 1085 870 etiam
1119 825 1268 872 certa
1295 816 1620 886 quandoque
1671 815 1946 885 seligeret,
1982 819 2034 866 et

434 913 755 976 conceptum
777 923 842 960 ex
874 904 1094 960 incertis
1124 921 1342 975 quoque
1377 904 1630 958 laudibus
1658 902 1903 956 favorem
1952 900 2033 953 in-

434 994 594 1048 terim
632 1001 977 1063 temperaret,
1011 1008 1293 1064 quousque
1349 991 1593 1046 discussa
1637 1006 1802 1060 super
1836 987 2034 1044 auditis

435 1083 676 1149 veritate,
712 1081 976 1136 inoflenso
1001 1081 1197 1136 mentis
1222 1081 1444 1149 judicio,
1471 1080 1616 1152 quod
1662 1078 1800 1133 ratio
1858 1078 2033 1132 dicta-

435 1179 534 1237 ret,
566 1171 792 1226 liberius
823 1179 1231 1242 exsequeretur.
1280 1170 1534 1223 Plurimis
1563 1185 1690 1223 vero
1735 1169 1926 1231 Deum,
1978 1174 2036 1220 ut

437 1260 708 1330 sperabat,
745 1260 1056 1314 timentibus
1103 1259 1234 1313 viris
1294 1266 1453 1329 atque
1503 1257 1753 1311 discretis
1809 1255 2034 1324 injunxit

435 1357 492 1402 ut
525 1363 789 1419 personas
818 1347 1058 1401 moribus
1087 1356 1138 1402 et
1170 1346 1419 1401 doctrina
1474 1345 1744 1416 probatas,
1794 1359 1928 1415 quas
1980 1343 2034 1396 in

439 1437 709 1509 gremium
730 1436 991 1491 Ecclesiae
1024 1451 1134 1490 suae
1162 1433 1564 1505 opportunitate
1596 1447 1860 1488 concessa
1916 1431 2034 1487 col-

441 1525 656 1597 ligeret,
691 1541 804 1579 suae
860 1524 1062 1578 notitia:
1118 1523 1411 1596 diligenter
1459 1522 1767 1593 exploratas
1814 1520 2035 1575 intima-

2133 365 2300 421 arctis
2322 365 2500 436 posito
2529 364 2744 419 valeant
2772 363 3077 419 subvenire.
3107 365 3227 418 Jam
3252 381 3380 419 vero
3410 363 3735 435 praeﬁnitum

2132 461 2250 508 erat
2279 454 2347 506 ab
2379 453 2462 506 his
2495 453 2586 523 qui
2621 467 2806 508 secum
2836 452 3004 525 regiis
3037 469 3100 508 ex
3131 460 3243 507 toto
3274 453 3489 506 nutibus
3507 453 3738 508 ducebat

2131 542 2452 612 parendum,
2484 549 2539 595 ut
2571 541 2799 595 barones
2838 541 3067 611 Angliae,
3127 541 3267 596 inter
3325 557 3460 612 quos
3521 550 3572 595 et
3632 541 3738 611 ipsi

2135 630 2514 699 censebantur,
2542 637 2815 684 tracentos
2839 629 3038 683 milites
3070 629 3186 702 regi
3244 630 3578 693 exhiberent,
3646 630 3743 700 qui

2133 718 2244 772 suis
2267 718 2571 788 sumptibus
2603 718 2650 771 ei
2682 733 2782 787 per
2809 733 3009 771 annum
3031 717 3301 788 integrum
3333 726 3516 772 contra
3539 718 3731 772 hostes

2134 805 2523 860 transmarinos
2554 805 2924 860 indesinenter
2952 805 3268 860 militarent.

2205 893 2483 966 Requisito
2514 893 2678 964 igitur
2708 909 2871 964 super
2914 895 3020 949 hoc
3065 894 3121 947 in
3180 902 3321 950 coetu
3370 895 3461 949 illo
3520 895 3738 950 Lincol-

2136 981 2342 1037 niensis
2373 981 2613 1052 episcopi
2645 997 2896 1049 assensu,
2941 982 3060 1052 ipse
3108 982 3303 1038 tacitus
3360 999 3546 1038 secum
3591 984 3740 1038 deli-

2134 1072 2336 1126 berans
2357 1070 2633 1140 paulisper
2668 1077 2816 1139 (cum
2870 1069 3020 1140 prius
3075 1078 3184 1124 tam
3240 1071 3444 1141 primas
3491 1071 3738 1125 Cantua-

2133 1158 2330 1213 riensis
2343 1174 2506 1229 quam
2521 1157 2913 1213 Londoniensis
2936 1158 3224 1229 episcOpus
3237 1158 3475 1214 Richard
3483 1176 3544 1213 us
3564 1161 3691 1224 (198
3703 1173 3737 1222 ,1,

2137 1247 2228 1318 qui
2259 1254 2310 1301 et
2341 1247 2637 1301 decanatus
2665 1246 2951 1318 privilegio
2971 1246 3302 1318 fungebatur
3332 1247 3474 1302 inter
3519 1247 3741 1317 episco-

2135 1351 2256 1406 pos,
2292 1351 2350 1389 se
2393 1350 2519 1389 suos
2562 1343 2615 1390 et
2665 1350 2762 1389 sua
2819 1335 2990 1406 regiae
3042 1351 3140 1406 per
3196 1335 3375 1390 omnia
3431 1337 3743 1391 necessitati

2137 1423 2484 1494 exposituros
2539 1423 3004 1494 pronuntiassent)
3050 1423 3123 1478 ita
3173 1423 3457 1495 respondit
3516 1425 3675 1479 citius
3729 1441 3739 1476 :

2149 1534 2169 1557 α
2215 1512 2424 1576 Nostis,
2458 1511 2550 1577 ait,
2595 1528 2628 1566 ο
2667 1511 2769 1566 viri
2825 1511 3118 1582 prudentes
3172 1520 3224 1566 et
3275 1512 3506 1578 nobiles,
3543 1513 3636 1584 qui
3688 1513 3741 1566 in

439 1621 576 1667 rent.
641 1613 750 1666 Sed
801 1629 884 1667 va:
951 1611 1246 1666 infelicitati
1292 1612 1542 1666 humanae
1597 1609 1926 1664 infirmitatis
1984 1615 2107 1695 etB
2139 1601 2551 1695 praesentiarum
2581 1599 2805 1695 adestiS,
2836 1615 2923 1654 me
2954 1599 3006 1654 in
3036 1600 3276 1695 partibus
3307 1600 3422 1654 istis
3471 1601 3742 1695 advenam

440 1701 791 1773 ignorantiae!
824 1702 961 1755 Nam
993 1708 1045 1754 et
1075 1717 1139 1753 ex
1169 1700 1272 1754 illis
1302 1699 1547 1770 plerique
1589 1714 1690 1768 pro
1741 1697 2029 1764 afﬁnitatis,

441 1796 533 1843 aut
562 1789 848 1858 cujuslibet
884 1787 1319 1854 necessitudinis,
1377 1804 1473 1842 seu
1508 1787 1883 1842 familiaritatis
1937 1786 2034 1839 ob-

439 1885 609 1941 tentu,
635 1877 929 1948 culpandos
955 1877 1134 1947 potius
1172 1877 1220 1932 ei
1253 1876 1570 1948 satagebant
1629 1875 2030 1939 commendare,

447 1965 640 2036 quibus
671 1965 760 2020 ille
778 1965 1048 2020 interdum
1070 1981 1178 2020 non
1206 1964 1410 2019 distulit
1435 1963 1706 2035 (quamvis
1744 1961 2037 2017 inﬁdeliter

442 2061 634 2109 contra
653 2071 733 2120 se,
766 2054 875 2108 imo
907 2062 1096 2110 contra
1127 2055 1320 2122 Deum,
1353 2053 1664 2125 agentibus)
1722 2053 1886 2108 fidem
1938 2066 2035 2106 ac-

441 2143 811 2198 commodare.
838 2143 915 2196 Ita
968 2159 1026 2196 se
1060 2141 1344 2213 aliquoties
1389 2142 1813 2198 circumventum
1858 2157 1888 2195 a
1915 2139 2037 2210 qui-

442 2231 669 2286 busdam
692 2231 924 2296 sciebat,
968 2238 1020 2286 et
1077 2231 1348 2302 gemebat,
1398 2239 1712 2302 tantamque
1760 2229 2038 2284 hominum

443 2319 743 2375 infidelium
800 2317 1214 2390 perversitatem
1253 2319 1369 2390 (qui
1399 2319 1500 2374 Dei
1528 2318 1787 2389 patientia
1833 2333 2036 2388 suaque

444 2408 788 2480 simplicitate
816 2407 1103 2480 purissima
1133 2408 1291 2463 abusi
1321 2407 1570 2474 fuissent,
1605 2423 1804 2479 magna
1833 2407 1900 2462 de
1932 2421 2036 2462 ca:—

443 2504 562 2552 tero
593 2513 716 2553 cum
737 2497 1094 2553 detestatione
1143 2497 1495 2561 abhorrebat,
1539 2505 1591 2552 et
1619 2511 1650 2551 a
1681 2497 1814 2563 suis,
1865 2511 2037 2567 quan-

441 2593 555 2641 tum
585 2586 752 2653 licuit,
786 2585 1028 2643 consiliis
1058 2601 1152 2642 eos
1188 2586 1580 2657 sequestrabat.

1047 2737 1274 2793 CAPUT
1300 2737 1410 2792 νη.

451 2872 710 2940 Qualiter
737 2871 800 2926 in
822 2871 1060 2926 concilio
1093 2869 1405 2925 Οχοηὶεηεὶ
1438 2869 1699 2937 petitioni
1721 2871 1935 2924 resistit
1976 2871 2039 2925 de

515 2942 736 2997 auxilio
768 2943 946 3011 petita
978 2959 1011 2995 a
1042 2957 1168 3012 rege
1201 2939 1494 3005 Richardo,
1517 2957 1669 3011 aqua
1705 2945 1892 2995 tamen
1922 2943 2039 3011 fuit

515 2997 813 3084 susceptas
845 2997 1149 3084 honori/ide
1178 3015 1303 3084 post
1335 2997 1630 3084 o/fensavit.
1662 3041 1731 3050 —-
1763 3013 1830 3066 Et
1859 2997 2040 3066 co'nti-
2071 2997 2116 3056 Ο

514 3089 690 3139 natur
711 3083 810 3140 hoc
829 3085 1014 3155 capite
1038 3083 1138 3138 sub
1157 3083 1342 3155 capite
1365 3083 1562 3154 quinto
1585 3083 1645 3136 in
1663 3083 1805 3138 serie
1823 3099 2042 3153 magnas

521 3156 674 3211 Vitta.

514 3279 714 3334 Verum
759 3279 876 3334 haec
923 3293 986 3334 eo
1027 3285 1262 3351 agente,
1314 3288 1365 3335 et
1413 3279 1482 3334 de
1532 3277 1701 3334 lucris
1756 3273 2043 3331 dominicis

445 3383 509 3423 ex
555 3366 908 3440 acquisitione
939 3367 1178 3422 fidelium
1225 3369 1532 3423 animarum
1577 3365 1870 3422 studiosius
1927 3371 2042 3418 sat-

441 3464 660 3528 agente,
691 3471 801 3511 non
828 3455 1148 3528 quieverunt
1192 3457 1459 3512 virulenta
1507 3463 1694 3511 contra
1743 3470 1867 3510 eum
1919 3468 2042 3506 ser-

441 3545 620 3616 pentis
648 3544 852 3616 antiqui
890 3545 1188 3600 molimina.
1243 3546 1363 3601 Uno
1416 3545 1583 3617 igitur
1626 3559 1768 3598 anno
1816 3551 1869 3596 et
1926 3541 2036 3595 fere

437 3634 717 3691 mensibus
771 3641 1001 3704 quatuor
1046 3642 1170 3689 ante
1219 3643 1448 3689 mortem
1508 3650 1662 3688 suam
1721 3633 1868 3702 (196)
1945 3645 2040 3684 rex

438 3722 742 3792 Anglorum
762 3721 1064 3778 Richardus
1102 3723 1156 3777 in
1213 3739 1439 3794 gravem
1491 3731 1678 3778 contra
1734 3721 1912 3791 ipsum
1951 3734 2043 3772 ex-

439 3810 574 3866 arsit
617 3811 752 3865 iram
813 3811 905 3864 tali
963 3811 1030 3866 de
1078 3827 1261 3867 causa.
1315 3812 1438 3882 Ipso
1496 3811 1763 3882 siquidem
1811 3824 1943 3878 rege
1990 3807 2042 3859 in

445 3899 826 3954 transmarinis
854 3907 1070 3968 agente,
1100 3916 1163 3955 ac
1217 3908 1410 3956 contra
1465 3900 1799 3954 Francorum
1858 3912 2042 3968 regem

440 3987 747 4057 Philippum
797 3986 994 4042 acriter
1041 3987 1339 4058 praliante,
1386 3996 1572 4044 coacta
1629 3996 1711 4042 est
1757 3991 1774 4056 (
1784 3989 1906 4054 197)
1946 4001 2042 4039 vo-

442 4081 600 4130 cante
629 4074 1042 4145 archiepiscopo
1090 4076 1252 4130 Cant.
1310 4076 1608 4131 Humberto
1667 4077 1737 4132 ad
1787 4080 2042 4147 generale

441 4163 772 4234 colloquium
792 4163 1118 4219 universitas
1140 4172 1452 4237 magnatum
1483 4165 1643 4220 totius
1664 4165 1875 4236 Anglia:
1897 4168 2042 4237 apud

443 4252 773 4307 Exoneford.
811 4252 1018 4320 Quibus
1063 4254 1524 4325 archiepiscOpus,
1588 4254 1679 4326 qui
1731 4255 1844 4309 vice
1901 4256 2043 4327 regis

2148 1704 2290 1755 esse,
2323 1696 2376 1743 et
2404 1689 2472 1743 de
2505 1687 2848 1759 simplicitate
2878 1688 3309 1744 conversationis
3337 1688 3633 1744 eremiticae
3674 1689 3744 1742 ad

2146 1776 2452 1848 episcopale
2480 1776 2713 1833 oﬁicium
2739 1783 3038 1847 assuptum.
3083 1776 3219 1831 Cum
3274 1776 3445 1848 igitur
3500 1777 3742 1832 ecclesia

2147 1865 2381 1921 dominae
2409 1881 2565 1932 meae,
2623 1873 2824 1920 sancta:
2866 1865 2965 1920 Dei
3024 1865 3300 1937 genitricis
3342 1865 3548 1930 Mariae,
3609 1882 3747 1921 mea:

2147 1954 2350 2009 dudum
2393 1953 2680 2025 imperitim
2727 1954 2798 2008 ad
2841 1954 3142 2026 regendum
3187 1953 3377 2009 fuisset
3429 1955 3745 2023 commissa,

2146 2043 2568 2098 consuetudines
2602 2042 2745 2097 illius
2801 2050 2851 2096 et
2891 2043 3205 2113 dignitates,
3265 2042 3450 2098 debita
3502 2043 3664 2097 etiam
3699 2052 3750 2098 et

2145 2147 2333 2199 onera,
2378 2131 2610 2186 solerter
2656 2129 2937 2197 addidici;
2989 2131 3044 2185 in
3103 2131 3299 2202 quibus
3349 2132 3749 2186 conservandis

2145 2221 2259 2276 sive
2277 2219 2597 2274 exhibendis
2611 2220 2869 2274 hactenus
2885 2219 3000 2274 fere
3012 2235 3108 2290 per
3131 2219 3384 2274 tredecim
3405 2235 3577 2275 annos
3592 2221 3748 2287 (199)

2143 2325 2177 2364 a
2222 2309 2386 2365 rectis
2423 2309 2895 2380 praedecessorum
2923 2323 3172 2363 meorum
3213 2309 3458 2380 vestigiis
3508 2324 3617 2364 non
3649 2325 3747 2362 re-

2143 2397 2311 2455 cessi.
2353 2397 2475 2452 Scio
2507 2397 2725 2469 quidem
2789 2397 2856 2450 ad
2904 2397 3134 2452 militare
3184 2396 3462 2451 servitium
3506 2397 3733 2452 domino

2143 2487 2277 2560 regi,
2311 2486 2409 2542 sed
2429 2486 2483 2540 in
2514 2487 2617 2540 hac
2648 2492 2787 2541 terra
2820 2485 3160 2540 solummodo
3191 2485 3585 2554 exhibendum,
3611 2485 3746 2540 Lin-

2143 2575 2476 2631 colniensem
2507 2574 2808 2629 Ecclesiam
2839 2574 3011 2630 teneri
3046 2590 3058 2642 ;
3094 2583 3244 2630 extra
3275 2582 3452 2629 metas
3472 2591 3607 2629 vero
3636 2577 3750 2628 An-

2141 2665 2265 2735 glice
2296 2664 2427 2719 nihil
2459 2663 2528 2718 ab
2559 2679 2625 2718 ea
2655 2663 2860 2718 deberi.
2900 2663 3053 2719 Unde
3083 2663 3214 2717 mihi
3256 2662 3555 2719 consultius
3583 2663 3738 2718 arbi-

2141 2761 2257 2808 tror
2286 2753 2352 2808 ad
2381 2752 2557 2807 natale
2615 2751 2788 2807 solum
2835 2752 3122 2822 repedare,
3185 2759 3235 2806 et
3287 2767 3531 2806 cremum
3586 2767 3744 2807 more

2141 2841 2299 2896 solito
2330 2841 2584 2909 incolere,
2647 2856 2812 2911 quam
2868 2840 2956 2896 hic
3017 2837 3392 2910 pontificatum
3425 2855 3644 2912 gerere,
3698 2848 3752 2894 et

2142 2929 2446 2986 Ecclesiam
2478 2929 2610 2984 mihi
2639 2928 3007 2995 commissam,
3041 2928 3288 3000 antiquas
3335 2929 3451 2997 ejus
3485 2929 3741 2982 immuni-

2141 3027 2280 3074 tates
2311 3017 2607 3090 perdendo,
2641 3017 2871 3072 insolitis
2896 3017 3184 3089 subjugare
3215 3016 3466 3090 angariis.
3508 3043 3529 3063 η

2213 3105 2326 3159 Hoc
2342 3104 2456 3171 ejus
2479 3117 2800 3173 responsum
2819 3102 3263 3172 archiepiscopus
3285 3101 3411 3155 satis
3433 3117 3583 3172 aegre
3614 3103 3751 3157 acci-

2139 3192 2315 3264 piens,
2337 3207 2633 3262 suppressa
2649 3191 2926 3262 paululum
2943 3205 3097 3256 voce,
3113 3190 3499 3245 tremebundus
3512 3199 3753 3244 tremen-

2143 3282 2286 3336 tibus
2317 3296 2432 3352 pra:
2462 3280 2836 3351 indignatione
2867 3279 3024 3333 labiis
3048 3279 3244 3348 adjecit
3275 3294 3307 3334 a
3364 3278 3746 3334 Sarisbirieusi

2143 3368 2420 3439 episcopo,
2448 3369 2666 3423 nomine
2689 3368 3163 3437 Heriberto(200),
3196 3367 3470 3438 inquirere
3483 3367 3744 3438 quidnam

2143 3466 2194 3512 et
2212 3457 2327 3527 ipse
2359 3457 2520 3511 animi
2543 3457 2785 3522 haberet,
2804 3472 2968 3527 super
2984 3456 3182 3510 auxilio
3199 3456 3313 3528 regi
3331 3455 3747 3526 prospiciendo?

2144 3545 2250 3613 Qui
2279 3545 2344 3599 ad
2378 3545 2634 3616 inquisita
2678 3545 2756 3600 sic
2805 3545 3083 3616 respondit
3129 3545 3321 3615 paucis
3382 3560 3393 3597 :
3451 3568 3470 3589 «ι
3525 3545 3752 3599 Videtur

2143 3634 2273 3688 mihi
2303 3633 2444 3705 quia,
2478 3635 2610 3689 citra
2641 3633 2902 3690 Ecclesia:
2923 3650 3060 3689 meae
3089 3648 3311 3688 enorme
3349 3633 3748 3703 praéjudicium,

2145 3723 2290 3778 aliud
2321 3740 2350 3777 a
2380 3739 2466 3777 me
2499 3723 2605 3778 dici
2636 3723 2822 3794 nequit
2844 3723 2930 3778 vel
2952 3721 3066 3776 fieri
3083 3738 3245 3792 quam
3268 3721 3410 3793 quod
3433 3721 3744 3776 faciendum

2145 3829 2266 3868 esse
2297 3829 2360 3866 ex
2393 3811 2752 3882 responsione
2780 3811 2987 3866 domini
3044 3810 3434 3866 Lincolniensis
3496 3811 3744 3880 episc0pi

2147 3901 2307 3956 modo
2336 3901 2534 3955 audivi.
2574 3924 2594 3946 ι»
2647 3899 2729 3955 Ad
2769 3901 2883 3955 hzec
2940 3899 3168 3953 nimium
3209 3899 3515 3969 indignatus
3565 3900 3749 3954 archi-

2145 3989 2431 4060 episcopus
2484 3990 2717 4059 primum
2771 3989 2825 4042 in
2872 3987 3307 4043 Lincolniensem
3362 3987 3544 4042 verbis
3594 4003 3751 4041 ama-

2144 4078 2376 4132 rissimis
2451 4078 2839 4144 stomachatus,
2927 4077 3101 4131 soluto
3185 4075 3412 4131 consilio
3487 4076 3751 4129 nuntiavit

2144 4166 2259 4237 regi
2291 4167 2459 4237 (201),
2495 4183 2593 4236 per
2627 4167 2802 4236 ipsum
2829 4165 3265 4220 Lincolniensem
3287 4165 3532 4219 caruisse
3554 4163 3750 4218 effectu

2146 4255 2423 4327 negotium
2456 4254 2621 4309 illius.
2657 4254 2778 4322 Quo
2811 4255 2922 4323 jam
2956 4269 3046 4307 rex
3081 4252 3323 4308 secundo
3351 4260 3406 4307 et
3449 4253 3606 4306 tertio
3652 4270 3754 4322 per

442 4339 674 4411 publicis
702 4341 1026 4411 prasidebat
1085 4343 1338 4415 negotiis,
1395 4343 1578 4416 regias
1633 4343 1910 4415 proposuit
1941 4361 2042 4400 ne-
2073 4353 2124 4414 ι)
2147 4343 2362 4397 nuntios
2390 4342 2806 4414 [archiepiscopi
2837 4351 3076 4412 accepto,
3110 4342 3164 4395 in
3204 4341 3287 4395 ira
3317 4349 3370 4395 et
3413 4341 3597 4395 furore
3625 4358 3748 4394 ma-

442 4428 744 4495 cessitates,
776 4437 829 4483 ut
880 4430 970 4501 qui
1021 4433 1326 4502 sumptibus
1373 4439 1425 4486 et
1481 4433 1820 4487 militantium
1869 4434 2041 4503 c0piis

439 4516 685 4585 inferior,
710 4526 899 4574 contra
930 4535 1116 4589 regem
1148 4521 1433 4576 dimicaret
1480 4521 1935 4591 potentissimum,
1969 4523 2039 4577 ad

440 4622 594 4661 suam
639 4607 1166 4664 exhaareditationem
1217 4617 1270 4663 et
1317 4609 1614 4679 perniciem
1663 4609 1869 4664 nisibus
1917 4611 2040 4665 totis

431 4694 785 4766 aspirantem.
821 4697 1058 4751 Postulat
1089 4697 1304 4753 demum
1338 4707 1601 4770 quatenus
1632 4698 1927 4753 decernant
1984 4699 2043 4781 in_

507 4867 648 4931 (196)
674 4869 804 4920 Obiit
829 4869 1102 4920 Richardus
1127 4883 1216 4920 rex
1257 4881 1389 4920 anno
1423 4871 1566 4932 1199,
1593 4870 1672 4920 die
1698 4871 1730 4920 6
1757 4871 1938 4933 Aprilis
1964 4871 2040 4919 Ira

439 4947 555 4999 ergo
582 4937 711 4998 regis
738 4940 909 4986 contra
946 4938 1199 4997 Hugonem
1241 4938 1429 4986 exarsit
1455 4950 1580 4986 anno
1624 4938 1768 4999 H97,
1820 4938 1948 4987 circa
1974 4938 2039 4987 fe-

438 5006 566 5052 stum
593 5004 644 5050 S.
672 5003 856 5053 Nicolai
882 5003 1115 5066 episcopi,
1143 5015 1236 5066 quo
1261 5003 1292 5052 6
1320 5005 1602 5054 Decembris
1625 5005 1872 5054 recolitur.

506 5085 646 5147 (197)
671 5089 809 5136 Anna
851 5088 998 5144 1197,
1026 5100 1118 5150 quo
1165 5100 1250 5136 rex
1303 5088 1509 5150 Anglim,
1549 5091 1671 5137 teste
1715 5089 1935 5138 Trivetto
1985 5087 2033 5135 in

431 5153 693 5213 Chronico,
722 5160 892 5203 contra
917 5166 1081 5216 regem
1107 5155 1403 5203 Francorum
1429 5155 1610 5203 acriter
1649 5155 1932 5204 dimicabat.

497 5237 640 5297 (198)
685 5237 955 5286 Richardus
1003 5237 1353 5288 Londoniensis
1397 5238 1485 5287 fuit
1511 5237 1765 5300 episcopus
1802 5238 1862 5286 ab
1909 5249 2034 5286 anno

435 5303 584 5361 1189,
611 5304 678 5353 ita
704 5305 918 5353 Annales
942 5305 1166 5363 Winton,
1195 5317 1242 5365 p.
1271 5305 1391 5366 302,
1419 5309 1469 5352 et
1496 5305 1616 5353 obiit
1651 5304 1787 5366 juxta
1816 5305 2031 5365 eosdem,

432 5382 542 5432 pag.
571 5371 692 5431 504,
721 5383 846 5420 anno
879 5372 1025 5431 1198,
1052 5385 1099 5418 tv
1139 5371 1250 5421 Idus
1277 5371 1598 5432 Septembris.

500 5453 640 5518 (199)
689 5455 1040 5517 Argumentum
1086 5455 1420 5516 manifestum,
1465 5467 1558 5516 quo
1604 5455 1741 5515 Hugo
1778 5454 2028 5516 probatur,

2144 4449 2253 4504 gno
2283 4432 2557 4494 universa,
2584 4448 2702 4502 qua:
2735 4439 2886 4485 erant
2942 4431 3205 4500 episcopi,
3258 4429 3515 4499 praecepit
3566 4445 3748 4499 quan—

2137 4521 2310 4574 tocius
2338 4520 2643 4575 confiscari.
2681 4520 2922 4589 Idipsum
2972 4518 3248 4572 mandavit
3280 4526 3332 4571 et
3365 4521 3431 4570 de
3483 4516 3745 4570 Sarisbu-

2142 4608 2305 4662 riensi
2339 4609 2594 4678 episcopo
2626 4607 2763 4675 ﬁeri,
2797 4607 2885 4679 qui
2928 4605 3320 4662 Lincolniensis
3369 4604 3748 4659 ditlinitionem

2142 4711 2242 4750 suo
2273 4713 2500 4750 assensu
2544 4697 2975 4766 comprobasset.
3012 4694 3154 4763 Quid
3208 4694 3372 4748 multa
3408 4695 3433 4746 ‘?
3483 4693 3748 4748 Sarishu-

2135 4887 2264 4924 anno
2299 4875 2428 4924 1185
2454 4876 2610 4924 factus
2632 4875 2903 4938 episcopus.
2927 4873 3197 4935 Siquidem,
3225 4873 3338 4922 dum
3366 4883 3493 4921 anno
3527 4871 3674 4931 1198,
3707 4873 3755 4920 in

2134 4941 2213 4991 die
2249 4944 2301 4990 S.
2344 4942 2595 5000 Augustini
2633 4941 2764 4990 venit
2808 4940 2868 4990 ad
2911 4952 3095 5001 regem,
3145 4939 3359 4988 nondum
3404 4938 3758 5000 complevisset

2134 5020 2293 5084 annos
2318 5007 2570 5058 duodecim
2610 5008 2656 5056 in
2685 5019 2817 5070 casu,
2846 5019 2939 5070 quo
2966 5009 3161 5057 creatus
3188 5005 3358 5055 fuisset
3386 5017 3518 5054 anno
3545 5004 3678 5054 1186
3705 5005 3755 5054 in

2135 5086 2210 5136 cpt
2221 5086 2440 5136 scopum.

2211 5158 2351 5219 (200)
2405 5174 2424 5204 α
2469 5157 2764 5208 Herebertus
2799 5156 3172 5206 archidiaconus
3217 5155 3498 5207 Cantuaria:
3541 5155 3756 5217 eligitur

2132 5237 2266 5274 anno
2298 5223 2424 5274 1193
2455 5225 2502 5274 in
2525 5225 2803 5286 episcopum
2844 5225 3038 5274 Sarum.
3073 5244 3093 5264 -
3129 5224 3199 5272 Ita
3225 5222 3400 5274 Annal.
3441 5222 3670 5283 Wigorn.
3705 5223 3754 5272 in

2135 5292 2284 5353 Angl.
2313 5293 2484 5353 Sacra,
2512 5295 2643 5354 part.
2673 5305 2708 5352 ι,
2737 5303 2785 5352 p.
2808 5291 2926 5340 478.

2202 5382 2346 5500 (-20tt)t
2370 5384 2509 5435 Circa
2536 5385 2679 5434 ﬁnem
2706 5384 2820 5434 anni
2850 5384 2994 5447 1197,
3017 5383 3085 5434 uti
3108 5384 3256 5435 etiam
3281 5395 3341 5434 ex
3365 5381 3593 5448 sequenti
3621 5383 3748 5432 nota

2202 5465 2273 5500 ins
2299 5465 2323 5500 a
2355 5489 2364 5499 .

2134 5464 2157 5500 C
2181 5463 2239 5502 Oll
2252 5463 2364 5501 stat.
