3960 6062
293 188 431 243 1045

1655 190 1838 245 VITA.
1879 217 1948 229 --
1986 188 2113 243 LIB.
2158 190 2219 243 V.

3441 193 3575 246 1046

290 309 488 364 riensis
510 309 799 381 episcOpus
857 311 1142 367 confestim
1190 312 1543 384 proscribitur
1575 314 1741 380 (202).
1775 311 1880 365 Ve-
1904 312 1954 370 A
1985 309 2125 364 Nolo
2157 310 2323 381 igitur
2352 319 2409 365 ut
2438 327 2538 383 pro
2568 329 2674 379 me,
2711 313 2797 369 cui
2828 314 2965 369 adeo
2997 314 3374 383 rexirascitur,
3407 314 3577 369 verba

291 398 553 469 niensque
596 399 664 453 ad
705 415 889 469 regem
938 408 1060 471 post
1106 401 1326 469 injurias
1366 409 1417 455 et
1474 402 1689 465 damna,
1723 408 1883 469 atque

291 486 605 541 vexationes
656 496 709 540 et
758 488 1018 557 plurimas
1078 489 1453 554 contumelias,
1504 490 1591 543 vix
1666 487 1882 543 tandem

294 576 524 629 maxima
557 576 797 645 pecuniae
829 593 1037 631 summa
1058 593 1248 647 pacem
1280 585 1330 631 et
1357 578 1734 648 possessiones
1758 590 1885 629 suas

292 663 539 717 redemit.
578 664 637 717 In
669 680 757 717 res
788 680 917 718 vero
971 674 1024 719 et
1066 665 1446 735 possessiones
1493 664 1882 719 Lincolniensis

289 750 530 821 episcopi
561 768 719 806 nemo
750 754 1098 823 praesumpsit
1136 769 1327 807 manus
1388 752 1697 816 extendere,
1752 752 1881 805 dum

286 847 337 891 et
375 837 639 892 offensam
670 841 785 907 ejus
814 848 1059 895 metuunt
1096 841 1391 904 incurrere,
1429 840 1712 894 anathema
1750 855 1881 893 vero

286 926 429 980 illius
459 927 639 981 subire
680 944 789 983 non
844 928 998 983 aliter
1042 944 1201 1000 quam
1268 929 1499 1001 capitale
1556 928 1879 997 supplicium

286 1013 670 1069 formidabant.

354 1103 694 1158 Protrabitur
723 1104 865 1159 inter
894 1107 1009 1161 haec
1039 1113 1253 1177 tempus
1280 1123 1308 1161 a
1354 1106 1491 1162 festo
1516 1108 1688 1163 sancti
1710 1107 1878 1163 Nico-

284 1191 355 1245 lai
384 1208 521 1262 pene
544 1208 719 1264 usque
748 1193 816 1248 ad
865 1194 1140 1249 Kalendas
1186 1196 1522 1266 Septembris
1571 1198 1719 1265 (203)
1748 1212 1879 1268 rege

287 1279 482 1334 crebro
538 1280 825 1337 mandante
857 1290 914 1337 ut
967 1284 1399 1354 proscriberetur
1457 1284 1776 1355 episcopus,
1831 1291 1880 1338 et

285 1368 450 1439 regiis
480 1369 895 1425 exsecutoribus
924 1370 978 1425 id
1009 1371 1234 1442 exsequi
1268 1371 1416 1427 nulla
1439 1373 1645 1427 ratione
1667 1387 1877 1443 przesu-

286 1456 579 1512 mentibus.
613 1458 855 1513 Tandem
912 1475 1043 1513 vero
1100 1468 1277 1515 motus
1335 1460 1609 1531 precibus,
1643 1460 1877 1514 maxime

286 1561 475 1600 eorum
507 1563 643 1617 quos
674 1547 813 1603 dicta
834 1547 1101 1618 urgebant
1122 1549 1350 1620 regalia,
1385 1557 1441 1603 ut
1470 1564 1559 1603 res
1591 1549 1735 1603 illius
1758 1551 1876 1618 jure

287 1632 402 1688 fisci
432 1644 780 1705 occuparent,
813 1635 1182 1691 transfretavit
1213 1636 1282 1691 ad
1312 1654 1521 1708 regem.
1573 1638 1733 1707 Apud
1762 1638 1874 1692 Ro-
1897 1662 1949 1720 Β

287 1722 604 1795 tbomagum
645 1738 771 1778 vero
802 1732 1153 1779 accesserunt
1207 1724 1274 1779 ad
1332 1741 1453 1781 eum
1500 1726 1607 1780 duo
1665 1724 1875 1781 nobiles

288 1810 407 1875 viri,
443 1827 625 1865 comes
657 1812 906 1866 videlicet
928 1812 1240 1867 Willelmus
1272 1822 1635 1883 cognomento
1666 1816 1874 1869 Mares-

284 1898 494 1952 scalcus
526 1901 692 1968 (204),
730 1908 781 1954 et
801 1916 986 1955 comes
1008 1901 1075 1957 de
1104 1901 1401 1956 Albamara
1432 1905 1601 1973 (205).
1662 1903 1725 1956 Ili
1758 1903 1875 1974 qui-

286 1986 429 2051 dem,
466 2003 559 2055 per
587 1997 816 2059 quantas
846 1989 1071 2056 injurias
1102 1988 1252 2043 furor
1282 1990 1430 2062 regis
1486 1991 1541 2044 in
1598 1991 1873 2046 dominum

283 2074 743 2131 Sarisburiensem
775 2075 1137 2141 efferbuisset,
1172 2088 1401 2149 quantas
1451 2079 1610 2133 etiam
1660 2079 1873 2134 Lincol-

286 2162 458 2216 niensi
506 2164 736 2218 minatus
771 2164 956 2219 fuisset
993 2176 1325 2236 exponentes
1356 2167 1458 2231 illi,
1495 2167 1873 2238 supplicabant

286 2260 549 2321 quatenus
584 2253 681 2317 eis,
717 2270 836 2324 qua:
867 2253 1184 2308 viderentur
1214 2255 1469 2325 expedire
1500 2255 1566 2309 ad
1618 2255 1874 2325 suiipsius

288 2341 795 2413 commodum,regi
854 2358 954 2411 per
983 2358 1078 2397 eos
1138 2344 1454 2407 intimanda,
1507 2344 1577 2398 ad
1635 2344 1871 2399 animum

284 2428 396 2495 ejus
431 2428 782 2500 mitigandum
814 2431 881 2485 de
912 2447 1074 2485 causa
1104 2447 1199 2485 sua
1232 2432 1317 2486 vel
1346 2433 1565 2505 negotio
1596 2433 1871 2489 insinuare

279 2517 613 2587 dignaretur.
666 2520 995 2573 Asserebant
1041 2520 1181 2574 enim
1216 2521 1314 2574 sub
1363 2522 1716 2590 jurejurando
1749 2523 1871 2594 quia

280 2604 502 2659 mallent
534 2606 659 2660 totis
716 2607 1025 2661 facultatum
1075 2623 1297 2663 suarum
1354 2609 1557 2665 viribus
1600 2626 1791 2682 pacem
1822 2612 1871 2666 ei

279 2694 595 2760 redemisse,
632 2710 794 2765 quam
834 2696 1091 2762 eveniret,
1126 2705 1185 2751 ut
1231 2697 1381 2765 juxta
1436 2707 1641 2753 motum
1674 2699 1870 2754 furoris

278 2782 361 2835 sui
392 2783 547 2852 regia
577 2782 629 2836 in
655 2800 778 2837 eum
805 2784 1107 2839 immanitas
1165 2786 1549 2842 debaccharet.
1576 2810 1595 2836 ‹‹
1632 2788 1745 2842 Nec
1783 2803 1871 2842 so-

272 2870 403 2934 lum,
442 2870 705 2941 inquiunt,
749 2888 851 2943 qua
883 2888 979 2927 vos
1038 2872 1353 2929 fidelissime
1409 2876 1704 2947 diligimus,
1742 2875 1871 2930 talia

280 2959 678 3030 prosequimur,
714 2977 903 3015 verum
933 2962 1096 3016 etiam
1152 2964 1276 3033 quia
1316 2971 1426 3017 tam
1482 2963 1640 3018 nobis
1667 2971 1718 3017 et
1765 2964 1867 3019 do-

276 3046 423 3101 mino
454 3054 641 3102 nostro
672 3048 790 3120 regi
822 3058 873 3103 et
923 3050 1035 3103 suis
1066 3050 1318 3105 omnibus
1368 3067 1475 3105 non
1521 3051 1869 3107 mediocriter

277 3134 329 3187 in
353 3134 453 3189 hoc
477 3151 603 3189 casu
635 3136 906 3191 timemus.
931 3138 1075 3191 Nulli
1107 3139 1250 3192 enim
1285 3139 1509 3193 dubium
1542 3155 1660 3193 esse
1692 3148 1868 3209 potest

284 3222 413 3292 quin
436 3222 610 3293 ipsum
643 3240 804 3295 quam
826 3226 1113 3280 celerrime
1133 3227 1373 3281 caelestis
1402 3227 1531 3282 ultio
1590 3228 1863 3297 percellet,

275 3310 321 3364 si
352 3320 587 3365 vestram
619 3312 788 3383 (quod
819 3315 967 3368 Deus
995 3313 1256 3384 avertat!)
1294 3314 1532 3384 indignis
1589 3317 1867 3387 exagitare

272 3398 480 3467 injuriis
527 3403 940 3472 przesumpserit
997 3402 1339 3458 sanctitatem
1366 3446 1379 3468 ,
1424 3404 1738 3475 erimusque
1768 3420 1866 3459 nos

273 3495 325 3541 et
357 3487 511 3541 amici
545 3489 713 3542 nostri
743 3488 798 3542 in
845 3490 1195 3560 opprobrium
1226 3498 1277 3545 et
1307 3491 1670 3560 direptionem
1702 3492 1865 3546 dimi-

271 3576 520 3631 cantibus
564 3577 856 3632 adversum
905 3594 1003 3632 nos
1025 3578 1257 3633 inimicis
1293 3580 1493 3633 nostris
1518 3601 1538 3627 ι

338 3664 489 3718 Talia
521 3665 969 3735 prosequentibus
1001 3666 1291 3738 episcopus
1319 3667 1500 3721 statim
1532 3668 1811 3737 respondit
1847 3685 1857 3722 :

273 3753 551 3807 «Gratias
600 3754 820 3824 quidem
876 3754 1171 3810 immensas
1238 3755 1650 3821 benevolentia),
1703 3772 1863 3828 quam

267 3841 476 3894 habetis
508 3858 638 3913 erga
660 3857 779 3907 nos,
818 3842 1103 3897 referimus
1133 3851 1244 3898 toto
1274 3844 1474 3899 mentis
1497 3842 1713 3899 affectu.
1750 3846 1863 3916 Op-

266 3929 395 3983 time
428 3944 553 3984 vero
584 3930 707 3984 novi
738 3930 859 4001 quia
891 3946 1003 4000 pra:
1034 3932 1243 3985 czeteris
1276 3931 1331 3986 in
1362 3949 1456 3987 sua
1488 3933 1744 4003 praesenti
1764 3950 1863 3989 ve-

266 4017 499 4083 xatione,
550 4018 635 4073 cui
666 4018 797 4073 satis
836 4019 1193 4089 compatimur
1248 4020 1468 4076 domino
1529 4030 1716 4077 nostro
1746 4023 1863 4095 regi

270 4105 401 4159 estis
432 4106 745 4162 necessarii.
769 4108 913 4162 Bene
945 4108 1106 4163 etiam
1137 4106 1263 4163 novi
1290 4109 1415 4181 quia
1446 4110 1599 4164 vobis
1634 4127 1746 4180 prae
1768 4126 1866 4166 cte-

267 4194 398 4248 teris
427 4194 494 4249 ad
540 4196 1040 4265 compensationem
1071 4204 1283 4252 tenetur
1328 4198 1559 4268 impensi
1592 4198 1859 4255 beneficii.

1984 397 2167 468 aliqua
2198 399 2430 467 faciatis,
2465 417 2553 463 ne,
2580 402 2625 455 si
2657 402 2810 457 vobis
2860 402 3080 456 duriora
3125 402 3486 473 responderit,
3519 402 3575 455 in

1983 486 2099 552 ejus
2136 488 2397 559 obsequio
2430 490 2727 543 reddamini
2770 490 3075 561 segniores,
3112 498 3221 559 aut,
3254 491 3299 544 si
3330 508 3426 545 vos
3474 506 3574 560 pro

1982 589 2067 627 me
2100 576 2431 641 exaudierit,
2460 594 2518 631 se
2551 594 2652 647 pro
2672 579 2825 632 vobis
2855 595 3113 651 magnum
3173 578 3301 649 quid
3332 578 3575 650 gessisse

1984 669 2213 730 reputet,
2249 671 2300 716 et
2346 664 2411 718 ad
2448 665 2857 719 retribuendum
2889 666 3047 720 vobis
3105 667 3265 731 bona,
3312 681 3433 737 quae
3461 681 3575 719 me-

1984 750 2198 815 remini,
2244 750 2360 820 ipse
2422 752 2731 806 inveniatur
2786 754 3126 824 aliquatenus
3184 752 3482 808 remissior.
3518 752 3576 806 Id

1983 843 2208 902 tantum,
2236 838 2281 891 si
2313 839 2553 907 videtur,
2581 841 2761 895 dicere
2793 842 2841 896 ei
2870 842 3136 912 poteritis,
3187 843 3332 913 quia,
3365 848 3423 895 ut
3450 856 3575 895 eum

1980 924 2360 991 invisercmus,
2398 927 2451 980 in
2486 937 2671 997 partes
2702 929 2833 983 istas
2864 930 3128 985 venimus.
3164 930 3258 984 Cui
3289 929 3334 983 si
3354 928 3573 983 libuerit

1982 1021 2035 1066 ut
2065 1012 2243 1083 ipsum
2291 1014 2591 1081 videamus,
2628 1033 2727 1086 per
2782 1018 3076 1089 quemlibet
3132 1034 3196 1072 ex
3254 1017 3367 1072 suis
3414 1015 3572 1072 nobis

1982 1099 2252 1170 significet
2276 1118 2383 1173 quo
2413 1103 2519 1158 loci
2550 1104 2848 1159 debeamus
2901 1122 3196 1161 occurrere
3224 1105 3293 1161 ei.
3334 1126 3355 1155 ι)

2049 1188 2143 1242 His
2171 1189 2240 1243 ab
2271 1205 2336 1245 eo
2380 1191 2555 1257 dictis,
2600 1193 2810 1248 nobiles
2849 1195 2925 1248 illi
2969 1194 3071 1248 viri
3117 1194 3458 1265 prudentiam
3492 1192 3571 1247 si-

1980 1276 2092 1330 mul
2125 1286 2175 1331 et
2201 1279 2705 1349 magnanimitatem
2733 1282 2848 1350 ejus
2869 1283 3201 1337 admirantes
3250 1282 3564 1353 plurimum,

1979 1364 2228 1420 abierunt
2272 1366 2342 1420 ad
2390 1367 2668 1422 dominum
2702 1385 2876 1435 suum,
2912 1370 3029 1425 haec
3074 1370 3123 1425 ei
3154 1370 3332 1425 omnia
3362 1386 3570 1425 renun-

1978 1452 2194 1507 tiantes.
2230 1452 2334 1522 Qui
2361 1463 2412 1511 et
2443 1455 2559 1526 ipse
2590 1473 2698 1511 non
2730 1473 2920 1528 parum
2952 1458 3094 1512 illius
3123 1458 3291 1514 verba
3319 1458 3564 1525 miratus,

1980 1548 2033 1594 et
2059 1541 2239 1596 animo
2269 1559 2368 1613 per
2402 1544 2585 1599 omnia
2609 1545 2719 1599 fere
2749 1562 2880 1617 erga
2909 1546 3059 1599 illum
3107 1554 3331 1617 repente
3387 1547 3570 1602 divino

1980 1637 2110 1684 nutu
2138 1630 2465 1697 immutatus,
2500 1632 2655 1702 jubet
2704 1633 2753 1687 ei
2814 1634 3125 1699 renuntiari,
3190 1642 3453 1705 quatenus
3479 1652 3571 1690 se—

1978 1718 2162 1788 quenti
2192 1719 2281 1773 die
2312 1720 2466 1774 tertia
2515 1721 2659 1791 apud
2716 1737 2916 1776 novum
2974 1722 3256 1777 castellum
3304 1723 3474 1793 Rupis
3504 1723 3572 1779 de

1977 1806 2169 1862 Andeli
2201 1808 2350 1879 (206)
2382 1817 2694 1865 occurreret
2726 1810 2794 1864 ei.
2861 1810 2942 1864 Ad
2990 1827 3151 1881 quam
3196 1819 3384 1867 noster
3412 1813 3571 1883 Hugo

1980 1894 2318 1950 confidenter
2365 1899 2615 1961 accessit,
2654 1898 3040 1969 reperiensque
3072 1899 3224 1953 illum
3270 1899 3322 1953 in
3362 1900 3571 1970 capella

1973 1983 2080 2039 loci
2110 1984 2251 2039 illius
2282 1984 2588 2039 audientem
2620 1986 2913 2041 missarum
2961 1986 3222 2042 solemnia
3253 1987 3309 2042 in
3338 1988 3425 2043 die
3473 1989 3571 2043 do-

1974 2071 2139 2125 ctoris
2162 2072 2343 2126 eximii
2364 2074 2537 2127 sancti
2557 2075 2860 2146 Augustini,
2882 2074 3135 2131 continuo
3156 2076 3405 2130 salutavit
3422 2093 3567 2132 eum.

1985 2160 2175 2214 Stabat
2205 2176 2332 2215 vero
2355 2160 2470 2231 ipse
2531 2178 2623 2215 rex
2672 2179 2830 2218 secus
2860 2163 3135 2218 introitum
3164 2164 3286 2219 ostii
3330 2163 3385 2219 in
3434 2164 3571 2220 solio

1974 2247 2165 2317 regali,
2198 2256 2250 2302 et
2281 2248 2387 2303 duo
2433 2248 2695 2320 episcOpi,
2728 2250 3110 2306 Duvelniensis
3140 2252 3289 2321 (207)
3319 2252 3572 2308 videlicet

1975 2343 2026 2389 et
2058 2335 2325 2391 Heliensis
2362 2338 2511 2405 (208)
2544 2338 2762 2393 stabant
2802 2354 2961 2393 secus
3016 2339 3188 2409 pedes
3245 2339 3379 2408 ejus.
3436 2340 3570 2396 Cum

1973 2439 2108 2495 ergo
2144 2423 2434 2479 salutasset
2486 2441 2606 2480 eum
2648 2427 2973 2498 episcopus,
3032 2428 3148 2498 ipse
3181 2444 3277 2483 rex
3322 2444 3432 2483 non
3487 2444 3571 2483 re-

1977 2513 2192 2581 spondit
2224 2512 2274 2567 ei
2307 2514 2555 2580 verbum,
2591 2516 2706 2579 sed,
2741 2531 2865 2570 cum
2896 2515 3044 2570 illum
3074 2532 3371 2589 parumper
3400 2517 3570 2575 torvis

1971 2600 2142 2654 oculis
2175 2600 2364 2655 fuisset
2392 2602 2635 2667 intuitus,
2670 2602 2865 2658 faciem
2894 2604 2963 2657 ab
2993 2620 3059 2659 eo
3089 2606 3299 2660 avertit.
3326 2606 3424 2661 Cui
3456 2607 3569 2677 epi-

1973 2704 2169 2757 scopus
2191 2698 2502 2744 constanter
2530 2690 2603 2744 ait
2637 2706 2649 2743 :
2687 2711 2709 2741 ι
2746 2692 2824 2745 Da
2863 2691 3015 2757 mihi,
3072 2692 3263 2764 inquit,
3296 2694 3562 2762 osculum,

1970 2776 2188 2831 domine
2220 2794 2339 2831 rex.
2388 2796 2407 2829 ι
2444 2776 2547 2845 Qui
2574 2777 2754 2851 magis
2783 2779 2974 2835 avertit
3003 2788 3282 2850 aspectum
3331 2782 3401 2837 ab
3449 2783 3564 2850 illo,

1971 2864 2283 2936 vultumque
2326 2874 2378 2921 et
2436 2874 2599 2938 caput
2656 2867 2710 2921 in
2758 2875 2971 2938 partem
3029 2868 3192 2923 aliam
3248 2870 3560 2927 declinavit.

1970 2954 2120 3008 Tunc
2178 2954 2336 3025 Hugo
2394 2954 2684 3026 episcopus
2740 2964 2945 3012 vestem
3003 2956 3147 3011 illius
3202 2957 3347 3013 circa
3375 2966 3563 3030 pectus

1892 3014 1937 3073 Ο
1966 3040 2178 3095 fortiter
2204 3042 2599 3114 constringens,
2648 3044 2790 3098 hunc
2834 3044 3210 3099 vehementius
3258 3047 3549 3114 concussit,

1966 3128 2156 3183 iterum
2187 3129 2377 3183 dicens
2413 3145 2423 3183 :
2462 3153 2483 3177 α
2524 3130 2781 3186 Osculum
2814 3132 2945 3186 mihi
2974 3132 3162 3197 debes,
3198 3132 3387 3204 inquit,
3420 3150 3561 3205 quo-

1968 3216 2115 3270 niam
2148 3216 2217 3271 de
2246 3217 2546 3289 longinquo
2568 3219 2634 3272 ad
2665 3228 2715 3273 te
2747 3220 2926 3276 "venio.
2964 3244 2985 3267 ιι
3041 3220 3153 3275 Rex
3194 3222 3263 3275 ad
3294 3222 3409 3277 haec
3448 3223 3560 3278 ait:

1972 3326 1993 3354 ‹
2018 3306 2138 3360 Νοιι
2162 3306 2401 3360 meruisti
2426 3314 2483 3360 ut
2511 3307 2729 3363 osculer
2756 3317 2827 3363 te.
2852 3329 2874 3359 ι
2898 3307 3003 3378 Qui
3034 3308 3223 3364 fortius
3245 3310 3561 3367 concutiens

1967 3409 2089 3447 eum
2120 3409 2217 3464 per
2245 3409 2495 3465 cappam,
2530 3412 2689 3466 quam
2718 3397 2904 3453 stricta
2950 3398 3167 3454 tenebat
3214 3414 3396 3464 manu,
3430 3415 3562 3455 con-

1966 3481 2197 3536 fidenter
2231 3482 2303 3537 ait
2339 3497 2351 3536 :
2388 3505 2410 3529 α
2447 3484 2580 3549 Imo,
2615 3483 2884 3555 inquiens,
2932 3487 3124 3543 merui.
3164 3508 3185 3537 ι
3219 3488 3287 3543 Et
3315 3488 3511 3556 adjecit
3546 3503 3558 3541 :

1971 3592 1989 3613 «
2030 3568 2296 3624 Osculare
2325 3587 2433 3626 me.
2464 3596 2485 3619 ι»
2519 3573 2669 3628 Tunc
2704 3588 2802 3627 rex
2834 3574 3112 3629 admirans
3142 3574 3390 3630 fiduciam
3420 3591 3559 3631 con-

1966 3657 2176 3711 stantiae
2197 3657 2313 3725 ejus
2341 3659 2641 3728 paululum,
2673 3661 3087 3732 subridensque,
3149 3663 3421 3718 osculatus
3476 3673 3559 3721 est

1965 3759 2104 3800 eum.

2036 3834 2271 3889 Aderant
2319 3844 2499 3891 autem
2558 3836 2634 3891 ibi
2692 3837 2796 3892 duo
2863 3837 3256 3909 archiepiscOpi
3296 3840 3465 3909 (209),
3500 3848 3554 3895 et

1964 3923 2203 3993 episcopi
2234 3924 2493 3995 quinque,
2524 3926 2615 3997 qui
2646 3926 2789 3981 inter
2821 3927 3015 3982 solium
3049 3927 3197 3999 regis
3242 3935 3294 3983 et
3350 3927 3557 3998 gradus

1964 4011 2151 4065 altaris
2182 4012 2555 4068 constiterant.
2579 4013 2684 4084 Qui
2707 4030 2813 4069 non
2836 4014 3027 4085 procul
3057 4031 3089 4069 a
3120 4031 3249 4088 rege
3267 4016 3370 4072 hoc
3391 4018 3557 4073 modo

1964 4100 2251 4169 praesulem
2286 4102 2354 4156 de
2384 4118 2519 4174 rege
2568 4103 2678 4171 jam
2726 4103 3149 4175 triumphantem
3198 4104 3338 4159 inter
3366 4121 3426 4159 se
3456 4120 3555 4161 ac-

1963 4188 2153 4242 cersiri
2185 4189 2483 4259 cupientes,
2514 4191 2693 4245 locum
2724 4191 2772 4246 ei
2804 4192 3065 4247 sessionis
3100 4192 3369 4247 fecerunt.
3409 4192 3559 4260 Quos

342 4368 485 4439 (202)
513 4373 565 4421 In
594 4373 769 4422 Annal.
796 4374 1040 4437 Winton.,
1068 4388 1116 4437 ρ.
1162 4376 1278 4435 505,
1320 4376 1383 4426 ita
1421 4376 1599 4439 legitur
1644 4379 1703 4428 ad
1742 4391 1855 4428 ann.
1888 4366 1939 4425 D
1970 4366 2228 4439 coniugem
2252 4380 2389 4417 suam
2414 4367 2660 4439 Harisiam
2686 4382 2850 4421 comes
2873 4371 2933 4422 de
2972 4369 3239 4421 Albcmarl-
3263 4372 3414 4436 Huius
3456 4386 3560 4425 me-

275 4437 402 4506 tt_98
435 4450 447 4485 :
491 4458 511 4480 α
537 4440 802 4501 Episcopus
823 4442 1019 4500 Sarunt,
1044 4446 1161 4498 etc.,
1206 4437 1586 4506 possessionibus
1627 4446 1725 4494 suis
1749 4446 1863 4495 des-

269 4503 475 4573 seisatus
497 4506 834 4555 transfretavit
876 4520 1042 4557 mense
1082 4503 1347 4559 Februarii.
1379 4531 1399 4551 ο
1433 4511 1493 4559 Et
1518 4515 1626 4573 post
1669 4524 1818 4573 pauca
1848 4527 1861 4562 :

273 4589 293 4609 ι
326 4570 592 4621 Herbertus
616 4585 801 4634 pauper
827 4574 1081 4635 episcopus
1105 4577 1279 4625 Sarum
1320 4570 1545 4627 reversus
1583 4579 1643 4629 de
1669 4570 1864 4629 ⁷Νυινυι-

277 4636 492 4697 mannia,
520 4642 639 4698 etc.,
668 4639 897 4701 applicuit
921 4641 971 4689 in
999 4642 1221 4703 Angliam
1250 4658 1295 4691 vt
1322 4644 1431 4693 ldus
1454 4645 1602 4694 Junii.
1632 4662 1651 4691 ν

338 4746 480 4818 (205)
514 4750 549 4797 A
577 4755 715 4797 sexta
741 4750 923 4818 scilicet
972 4753 1252 4803 Decembris
1278 4755 1391 4803 anni
1434 4754 1565 4803 1197
1608 4769 1754 4818 usque
1803 4757 1861 4807 ad

267 4812 395 4885 diem
423 4816 475 4863 S.
506 4817 757 4885 Augustini
784 4817 897 4885 anni
952 4818 1096 4879 1198,
1125 4832 1217 4881 quo
1262 4822 1395 4883 Hugo
1421 4823 1481 4871 ad
1507 4812 1859 4885 regem-venit,

266 4884 314 4930 et
340 4881 401 4930 ab
428 4893 483 4930 eo
510 4881 557 4930 in
601 4894 737 4943 pace,
766 4883 847 4932 sed
881 4896 976 4934 non
1001 4885 1245 4947 diuturna,
1263 4881 1492 4938 dimissus
1518 4881 1627 4938 fuit.

333 4989 471 5051 (“204)
496 4993 679 5049 Magna:
704 4993 829 5053 apud
854 5006 992 5057 reges
1019 4996 1202 5057 Anglire
1227 4998 1549 5057 auctoritatis,
1591 5005 1639 5049 et
1665 5002 1861 5053 tandem

267 5069 435 5130 comes
456 5058 809 5130 Pembrocbiae.
838 5062 1024 5130 Dehquo
1050 5062 1189 5130 plura
1214 5063 1260 5112 in
1283 5066 1488 5113 Monast.
1514 5068 1729 5130 Anglic.,
1756 5073 1793 5117 t.
1824 5071 1858 5128 Ι,

264 5138 312 5196 p.
340 5125 456 5196 ηδ,
475 5128 534 5196 _et
558 5125 605 5173 in
632 5127 873 5196 Clu-enica
898 5127 1103 5196 Trivetti
1128 5130 1190 5179 ad
1217 5143 1397 5181 annum
1436 5125 1725 5196 1219,'quo'
1744 5125 1862 5185 obiit

262 5190 530 5305 Londlpnite
557 5191 682 5253 apud
707 5204 884 5242 novum
932 5195 1166 5256 templum
1212 5197 1261 5247 in
1299 5198 1513 5249 crastino
1552 5190 1861 5251 Ascensionis

265 5270 383 5305 seou
432 5268 511 5305 us.

265 5260 511 5319 sepultus.

323 5357 468 5423 (203)
519 5359 790 5412 Willelmus
818 5362 1031 5425 nomine,
1075 5368 1362 5428 cognomine
1401 5368 1460 5418 de
1503 5370 1746 5431 Fortibus,
1776 5384 1861 5434 per

1969 4434 2108 4484 minit
2132 4434 2193 4483 ad
2216 4447 2395 4485 annum
2425 4436 2546 4486 1221
2577 4438 2841 4487 Trivettus.

2028 4535 2173 4600 (206)
2198 4536 2333 4587 Unde
2368 4551 2567 4600 magna,
2610 4552 2736 4589 anno
2766 4540 2910 4602 H97,
2938 4541 3171 4592 dissensio
3204 4542 3332 4593 inter
3354 4543 3562 4593 Richar-

1963 4605 2082 4673 dum
2132 4617 2300 4673 regem
2327 4607 2397 4673 et"
2422 4606 2837 4673 archiepiscopum
2880 4608 3317 4673 Rothomagensem
3366 4617 3556 4672 exorta,

1964 4671 2044 4740 uti!
2072 4671 2279 4722 habetur
2302 4684 2349 4731 p.
2379 4672 2645 4740 840,7tom.
2686 4673 2744 4729 V,
2773 4674 2963 4740 collect.
3009 4671 3144 4725 novm
3170 4677 3296 4740 apud
3318 4671 3557 4737 Martene,

1963 4738 2049 4786 sed
2074 4740 2254 4800 sopita,
2282 4742 2334 4786 ut
2360 4738 2600 4801 colligitur
2626 4751 2681 4787 ex
2709 4739 2913 4789 Trivctti
2940 4742 3178 4792 Chronico
3204 4738 3265 4792 ad
3293 4744 3421 4791 huttc
3466 4754 3558 4791 an-

1962 4816 2098 4865 num,
2129 4806 2372 4855 mediante
2407 4806 2767 4866 permutatione
2794 4807 3021 4869 quadam.

2033 4905 2173 4970 ('20?)
2199 4906 2475 4966 Legendum
2504 4907 2856 4969 Dunelmensis,
2904 4908 2982 4969 qui
3032 4913 3139 4957 erat
3173 4908 3425 4971 Philippus
3467 4911 3549 4960 Pi-

1963 4973 2242 5033 ctaviensis,
2269 4973 2327 5022 de
2353 4984 2445 5034 quo
2472 4974 2520 5022 in
2540 4974 2710 5035 Anglia
2734 4987 2875 5023 sacra
2895 4977 3022 5037 part.
3051 4988 3085 5035 ι,
3116 4986 3227 5037 pag.
3248 4974 3343 5023 726
3372 4979 3421 5026 et
3446 4990 3551 5039 seq.

2030 5072 2173 5137 (€208)
2202 5074 2507 5133 Eustachius,
2534 5086 2661 5123 anno
2687 5076 2830 5135 1197,
2860 5075 3041 5125 electus
3061 5076 3358 5139 episcopum,
3387 5077 3558 5141 dequo

1960 5142 2106 5191 etiam
2136 5142 2182 5190 in
2211 5141 2381 5201 Anglia
2408 5154 2546 5190 sacra
2576 5145 2702 5202 part.
2730 5156 2764 5203 ι,
2793 5154 2840 5203 p.
2868 5142 2986 5190 653.

2027 5241 2163 5304 (209)
2188 5243 2432 5292 \Valterus
2456 5242 2882 5305 Rotbomagensis,
2917 5242 3017 5305 jam
3055 5246 3157 5305 regi
3185 5247 3547 5307 reconciliatus,

1961 5312 2028 5364 et,
2055 5312 2109 5357 ut
2133 5308 2341 5369 videtur,
2368 5310 2611 5358 Hubertus
2652 5310 3018 5361 Cantuariensis
3045 5326 3055 5355 :
3083 5313 3328 5363 Galfridus
3369 5315 3552 5366 etenim

1956 5375 2278 5426 Eboracensis
2297 5388 2351 5427 eo
2383 5388 2510 5427 anno
2534 5376 2581 5425 in
2607 5374 2839 5439 disgratia
2867 5383 2972 5428 erat
2997 5380 3123 5444 apud
3150 5392 3337 5443 regem.
