3960 6062
394 90 529 142 1047

1277 96 1331 150 S.
1376 92 1687 151 HUGONIS
1725 93 1942 149 EPISC.
1984 89 2305 149 LINCOLN.
2350 92 2511 149 0RD.
2556 93 2808 150 CARTH.

3544 98 3685 151 1048

391 218 574 268 tamen
603 212 720 286 ipse
750 216 953 273 directe
998 218 1362 289 pertransivit,
1396 233 1458 275 ac
1514 235 1671 274 secus
1700 234 1867 275 cornu
1896 217 1979 272 al-
2010 220 2063 279 Α
2085 215 2266 270 anima
2288 221 2486 297 vestra,
2522 230 2685 287 quam
2741 214 3109 271 universitatis
3164 215 3425 271 Dominus
3455 220 3680 288 pr0prio

393 301 525 355 taris
555 319 808 375 gressum
832 304 1026 378 figens,
1061 307 1313 362 demissis
1344 307 1664 362 obstinatius
1695 308 1746 361 in
1780 314 1980 361 terram

393 389 722 458 luminibus,
792 394 1097 449 divinorum
1190 396 1560 450 tantummodo
1630 395 1981 451 celebrationi

395 478 633 533 animum
657 481 989 537 intendebat.
1034 483 1205 551 Quem
1243 484 1450 539 interea
1492 501 1585 539 rex
1639 499 1747 539 non
1786 500 1981 554 parum

393 568 611 623 curioso
660 578 712 623 et
760 588 899 640 pene
974 572 1231 626 continuo
1289 581 1507 643 aspectu
1582 573 1977 627 considerabat.

396 654 530 709 Cum
561 657 727 728 igitur
756 659 822 713 ad
852 660 1044 713 trinam
1077 661 1471 715 invocationem
1502 662 1662 731 Agni,
1708 662 1799 732 qui
1848 661 1982 715 tollit

394 753 622 813 peccata
651 747 855 813 mundi,
910 749 1018 817 jam
1059 748 1210 818 pacis
1264 749 1511 804 osculum
1568 750 1825 804 sacerdos
1880 750 1980 803 de-

394 830 565 887 disset
635 835 847 889 cuidam
896 836 1324 908 archiepiscopo,
1382 837 1473 908 qui
1520 837 1640 908 regi
1705 838 1772 891 de
1828 852 1981 892 more

398 935 592 988 pacem
624 929 737 976 erat
770 923 1051 990 allaturus,
1087 942 1183 979 rex
1209 942 1380 997 usque
1410 926 1476 978 ad
1525 926 1727 997 gradus
1792 925 1841 979 ei
1877 926 1979 979 ob-

391 1008 509 1063 vius
538 1011 821 1081 processit,
872 1022 1251 1085 sumptumque
1282 1014 1352 1068 ab
1407 1029 1472 1070 eo
1502 1014 1717 1086 signum
1748 1021 1981 1083 acceptae

394 1113 494 1167 per
522 1097 942 1155 immolationem
975 1101 1214 1157 caelestis
1243 1103 1370 1174 agni
1417 1102 1587 1173 pacis,
1639 1118 1763 1157 cum
1792 1102 1981 1156 humili

391 1186 691 1241 reverentia
725 1188 978 1260 episcopo
1011 1190 1374 1245 Lincolniensi
1406 1207 1504 1259 per
1534 1190 1645 1245 oris
1702 1191 1784 1244 sui
1815 1205 1980 1245 oscu-

390 1271 502 1326 lum
529 1275 788 1343 porrexit.
842 1278 917 1330 Ita
948 1277 1204 1349 princeps
1244 1278 1640 1332 illustrissimus
1671 1279 1980 1349 veneratio-

392 1362 476 1415 nis
509 1363 747 1434 signum,
792 1366 935 1435 quod
970 1366 1073 1420 sibi
1110 1368 1553 1437 archiepiscopus
1597 1368 1825 1437 parabat
1879 1368 1980 1422 de—

393 1444 558 1510 ferre,
592 1448 708 1516 ipse
738 1449 917 1517 potius
949 1450 1208 1520 episcopo
1239 1459 1425 1505 sancto
1456 1451 1656 1505 studuit
1704 1452 1977 1507 exhibere.

2081 304 2313 360 redemit
2341 320 2554 373 cruore,
2582 305 2635 358 in
2666 305 2952 359 tremendo
3001 304 3170 375 ipsius
3214 305 3417 374 judicio
3450 323 3680 377 respon—

2081 392 2232 447 dere.
2268 393 2405 447 Volo
2453 393 2635 465 igitur,
2698 392 2831 447 mihi
2885 393 3035 448 dicas
3093 394 3321 464 qualiter
3368 411 3427 449 se
3481 396 3679 449 habeat

2082 489 2251 535 status
2281 481 2505 535 interior
2549 482 2742 535 animae
2800 490 3012 547 vestra>,
3073 491 3131 535 ut
3172 482 3221 536 ei
3274 483 3556 537 consilium
3591 484 3677 538 vel

2080 568 2356 631 auxilium,
2390 577 2550 640 prout
2581 586 2815 640 superna
2840 570 3036 639 juverit
3074 570 3349 640 aspiratio,
3385 570 3675 626 efﬁcaciter

2081 658 2287 729 possim
2317 658 2600 713 adhibere.
2634 659 2753 713 Jam
2784 659 2929 713 enim
2960 658 3118 713 unius
3148 659 3274 712 anni
3306 660 3533 729 spatium
3552 660 3671 713 ela-

2079 763 2237 816 psum
2270 755 2353 801 est
2382 747 2549 817 (211),
2607 764 2671 801 ex
2702 763 2810 818 quo
2868 747 3023 801 vobis
3075 746 3209 801 alias
3265 747 3477 802 locutus
3511 748 3607 802 fui.
3650 772 3669 793 ιι

2083 834 2180 889 Cui
2211 850 2334 889 cum
2371 850 2466 888 rex
2499 834 2706 890 diceret
2764 835 2815 890 ei
2871 834 3259 890 conscientiam
3307 835 3506 890 bonam
3550 853 3676 891 esse

2082 922 2193 977 fere
2224 923 2279 976 in
2307 924 2579 990 omnibus,
2614 923 2717 977 nisi
2749 924 2895 996 quod
2925 923 3051 979 odio
3108 924 3381 979 laboraret
3410 924 3671 989 hostium,

2083 1026 2220 1081 quos
2250 1011 2540 1080 injuriosos
2572 1011 2675 1066 sibi
2704 1019 3001 1083 pateretur,
3036 1019 3089 1066 et
3117 1012 3367 1083 nequiter
3423 1012 3673 1078 infestos,

2084 1099 2374 1170 episcopus
2406 1100 2475 1153 ait
2510 1118 2522 1153 ;
2563 1123 2582 1148 α
2621 1100 2676 1155 Si
2707 1117 2805 1171 per
2825 1100 3008 1156 omnia
3046 1100 3414 1155 Dominatoris
3437 1103 3679 1155 omnium

2081 1188 2273 1258 gratias
2300 1188 2595 1258 placueris,
2631 1188 2785 1245 facile
2818 1189 2914 1242 tibi
2942 1188 3190 1244 inimicos
3220 1196 3344 1243 tuos
3388 1198 3478 1243 aut
3506 1206 3677 1260 paca-

2082 1284 2166 1330 tos
2198 1275 2406 1344 efficiet,
2431 1285 2524 1331 aut
2553 1285 2895 1349 expugnatos
2919 1277 3186 1346 subjiciat.
3209 1277 3412 1332 Verum
3435 1294 3679 1332 summo-

2082 1380 2213 1434 pere
2244 1365 2339 1418 tibi
2370 1366 2669 1420 caveudum
2701 1374 2783 1420 est
2825 1382 2893 1420 ne
2922 1373 2976 1419 tu
3008 1366 3176 1437 (quod
3225 1366 3364 1420 absit
3385 1366 3423 1429 l)
3455 1368 3679 1421 Auctori

2084 1460 2174 1507 tuo
2206 1453 2259 1506 in
2288 1453 2469 1524 aliquo
2503 1454 2793 1522 injuriosus
2826 1454 3043 1521 existas,
3079 1464 3168 1508 aut
3216 1454 3375 1509 etiam
3407 1455 3460 1508 in
3482 1456 3677 1525 proxi-

392 1533 532 1587 Nam
571 1536 638 1588 ad
670 1535 846 1606 ipsum
878 1536 1125 1593 alacriter
1152 1539 1411 1609 perrexit,
1446 1547 1497 1593 et
1528 1539 1603 1593 nil
1652 1540 1759 1594 tale
1808 1540 1981 1610 suspi-
2002 1575 2054 1635 B
2085 1558 2203 1596 mos
2227 1542 2504 1613 quidpiam
2536 1542 2778 1613 iniquum
2795 1544 3116 1597 committas.
3150 1544 3229 1598 De
3261 1552 3310 1598 te
3344 1560 3489 1613 vero,
3527 1545 3675 1615 quod

394 1621 571 1687 cauti,
624 1624 721 1676 sed
777 1625 1033 1679 attentius
1090 1626 1310 1680 domino
1368 1627 1687 1697 supplicanti
1717 1628 1981 1683 honorem

395 1709 536 1779 (ipso
568 1712 798 1766 Domino
827 1713 879 1766 id
903 1714 1086 1785 utique
1115 1714 1459 1785 disponente)
1491 1716 1771 1786 impendit,
1805 1717 1982 1771 utim-

392 1798 633 1868 pleretur
663 1802 806 1871 quod
840 1803 1106 1857 Dominus
1138 1804 1209 1857 ait
1246 1822 1257 1857 :
1297 1806 1686 1873 Gloriﬁcmztes
1708 1823 1794 1861 me
1816 1808 1984 1876 glori-

392 1887 564 1955 [ἱστιὺο
600 1888 649 1959 (I
677 1892 799 1961 Reg.
836 1905 894 1958 ιι,
928 1892 1039 1960 30).

962 2046 1189 2101 CAPUT
1239 2047 1380 2102 VIII.

396 2166 652 2244 Qua_liter_
673 2168 868 2244 sedata
896 2170 1041 2241 regis
1073 2172 1285 2241 offensa
1318 2171 1576 2228 eumdem
1609 2174 1905 2244 corripuit,
1931 2179 1987 2229 et

466 2238 532 2293 ab
555 2239 743 2294 eodem
782 2238 1355 2315 honoratus'recessit
1372 2264 1390 2309 ,-
1425 2246 1520 2315 cui
1548 2245 1725 2299 etiam
1753 2238 1985 2315 postre-

468 2324 687 2387 cessum
714 2326 821 2365 rex
850 2312 1281 2387 contingentem
1312 2315 1416 2369 sibi
1458 2314 1523 2370 de
1564 2312 1871 2387 hospitibus
1908 2317 1987 2371 υἱ-

466 2381 706 2435 ctoriam
727 2382 1036 2438 nuntiavit.

464 2522 732 2594 Explicito
773 2523 939 2597 igitur
984 2526 1232 2597 superius
1264 2534 1568 2584 memorato
1617 2529 1757 2585 sacri
1798 2528 1987 2584 altaris

397 2610 592 2679 oﬁicio,
625 2614 784 2684 Hugo
813 2614 884 2668 ad
915 2631 1100 2687 regem
1150 2617 1400 2683 accessit,
1434 2625 1487 2672 et
1516 2632 1680 2688 super
1726 2618 1987 2689 indigna-

398 2699 543 2775 tione
573 2701 692 2770 ejus
739 2708 927 2756 contra
986 2706 1045 2757 Se
1084 2704 1221 2758 citra
1242 2705 1494 2760 meritum
1534 2722 1693 2760 suum
1736 2707 1984 2771 excitata,

403 2802 596 2856 pauca,
630 2788 725 2842 sed
756 2788 911 2843 fortia
932 2790 1314 2860 expostulavit,
1347 2800 1399 2847 et
1432 2795 1575 2864 quod
1605 2793 1657 2847 in
1690 2792 1840 2848 illum
1901 2795 1987 2849 ni-

398 2875 472 2928 hil
503 2876 718 2946 penitus
747 2876 1085 2948 deliquisset,
1119 2880 1524 2936 evidentissima
1562 2881 1768 2937 ratione
1800 2899 1990 2954 prepa-

395 2963 546 3019 lavit.
582 2965 791 3032 Quibus
824 2982 940 3032 rex,
977 2983 1099 3023 cum
1131 2968 1184 3023 in
1240 2971 1571 3025 contrarium
1618 2971 1749 3025 nihil
1781 2972 1988 3027 referre

401 3052 687 3123 potuisset,
721 3055 932 3110 crimen
963 3057 1119 3125 hujus
1176 3056 1398 3113 offensa:
1430 3059 1484 3112 in
1543 3059 1992 3115 Cantuariensem

396 3142 620 3197 retorsit
647 3145 1134 3215 archiepiscopum,
1171 3146 1260 3217 qui
1292 3147 1395 3202 sibi
1451 3147 1725 3203 multoties
1774 3148 1992 3203 sinistra

403 3230 471 3285 de
502 3246 567 3285 eo
594 3230 916 3287 litteratoria
948 3234 1333 3305 suggessisset.
1368 3235 1499 3305 Quae
1531 3236 1690 3291 simul
1737 3237 1992 3292 universa

402 3318 632 3374 veritate
662 3335 833 3375 vacua
867 3321 1034 3376 fuisse
1058 3324 1460 3394 promptissima
1503 3325 1774 3381 rationum
1821 3326 1992 3381 facili-

399 3414 508 3462 tate
539 3408 868 3464 convincens
913 3410 1219 3481 episcopus,
1258 3436 1279 3461 α
1315 3413 1487 3479 salvo,
1521 3414 1612 3481 ait,
1646 3415 1851 3469 honore
1893 3414 1992 3469 Dei

398 3504 451 3551 et
480 3495 653 3551 salute
683 3497 877 3553 anima?
905 3515 1043 3555 mea:
1072 3514 1135 3555 ac
1164 3508 1265 3555 tum
1285 3543 1311 3580 ,ι
1331 3502 1648 3557 utilitatibus
1695 3503 1799 3557 tuis
1848 3520 1991 3557 nun-

402 3600 567 3655 quam
595 3600 815 3656 prorsus
846 3587 932 3643 vel
964 3588 1017 3642 in
1046 3589 1261 3645 modico
1296 3590 1528 3645 obviavi.
1569 3612 1591 3639 ι
1626 3592 1702 3645 Ita
1731 3591 1881 3661 regia
1912 3592 1993 3645 in-

401 3672 717 3744 dignatione
738 3675 943 3741 sedata,
995 3677 1162 3749 regiis
1194 3678 1368 3733 xeniis
1412 3679 1703 3750 episcopus
1752 3680 1991 3735 honora—

402 3768 508 3826 tur,
543 3769 596 3816 et
624 3778 653 3816 a
683 3779 812 3834 rege
842 3764 1151 3836 hospitandi
1190 3766 1363 3837 gratia
1409 3768 1465 3821 in
1514 3768 1812 3833 castellum,
1847 3770 1991 3839 quod

402 3848 673 3904 vocitabat
694 3851 911 3906 Portum
934 3853 1116 3923 gaudii
1138 3854 1307 3924 (210),
1340 3863 1391 3909 et
1413 3856 1561 3925 quod
1582 3864 1834 3911 recenter
1855 3871 1991 3911 con-

406 3943 678 3992 struxerat
707 3938 763 3993 in
794 3941 1029 4010 quadam
1058 3941 1236 3996 insula
1278 3958 1386 3997 non
1436 3944 1624 4012 procul
1653 3944 1770 4009 sita,
1818 3944 1991 3999 desti-

400 4030 575 4080 natur.
609 4026 859 4097 Rogabat
907 4043 1055 4093 vero,
1099 4037 1156 4083 ut
1186 4030 1345 4084 etiam
1403 4030 1491 4085 die
1548 4032 1794 4102 sequenti
1826 4033 1895 4086 ad
1935 4049 1993 4087 se

402 4112 631 4179 veniret,
675 4122 727 4169 et
764 4115 839 4170 ita
882 4131 1005 4171 cum
1052 4117 1230 4188 gratia
1277 4126 1332 4173 et
1389 4118 1577 4174 favore
1627 4120 1696 4174 ad
1754 4121 1989 4192 prOpria,

402 4210 526 4271 post
568 4201 816 4257 iteratum
847 4219 970 4259 cum
1003 4221 1069 4260 eo
1098 4206 1461 4278 colloquium,
1512 4216 1799 4263 remearet.
1835 4208 1994 4277 Quod

2010 2935 2059 2998 C

2085 1629 2303 1700 quidem
2354 1640 2582 1685 moestus
2637 1632 2850 1702 loquor,
2878 1632 2990 1700 jam
3045 1632 3290 1702 publicus
3348 1649 3538 1685 rumor
3568 1642 3673 1698 est,

2085 1719 2229 1788 quod
2258 1735 2360 1774 nec
2389 1720 2621 1791 propria:
2652 1720 3150 1792 conjugimaritalis
3181 1720 3321 1775 thori
3345 1719 3505 1775 ﬁdem
3539 1736 3680 1776 con—

2086 1823 2268 1862 servas
2301 1810 2469 1877 (212),
2533 1822 2635 1863 nec
2672 1809 3042 1864 Ecclesiarum
3088 1809 3378 1881 privilegia
3406 1809 3462 1863 in
3490 1808 3682 1879 praefi-

2086 1895 2293 1950 ciendis
2322 1896 2556 1951 maxime
2588 1897 2701 1951 sive
2733 1898 2787 1951 in
2817 1897 3085 1969 eligendis
3134 1913 3319 1952 earum
3368 1897 3680 1952 rectoribus

2085 1982 2288 2038 illibata
2313 1984 2574 2040 custodis.
2609 1984 2814 2039 Dicitur
2842 1986 3005 2054 enim,
3040 1985 3184 2056 quod
3216 1987 3384 2057 (quod
3423 2004 3556 2040 sane
3590 1986 3682 2040 ni-

2084 2072 2254 2126 mium
2283 2073 2557 2143 peculiare
2586 2073 2791 2129 crimen
2821 2076 2920 2144 est)
2952 2075 3197 2145 pecunias
3224 2092 3320 2129 seu
3360 2074 3564 2130 favoris
3595 2075 3683 2129 in-

2086 2168 2333 2216 terventu
2360 2162 2627 2233 quosdam
2657 2162 2726 2217 ad
2748 2163 2997 2236 regimen
3028 2163 3323 2217 animarum
3345 2180 3676 2235 promovere

2087 2250 2284 2304 soleas.
2318 2249 2476 2319 Quod
2506 2251 2696 2321 procul
2746 2252 2930 2319 dubio,
2966 2252 3010 2306 si
3037 2269 3226 2307 verum
3258 2261 3359 2318 est,
3392 2269 3493 2323 pax
3523 2254 3619 2308 tibi
3649 2272 3681 2308 a

2085 2338 2319 2393 Domino
2351 2340 2576 2395 concedi
2606 2355 2714 2394 non
2742 2348 2944 2411 potest.
2996 2363 3016 2390 υ
3050 2342 3130 2396 De
3154 2341 3237 2395 his
3276 2341 3458 2413 itaque
3482 2359 3675 2415 regem

2086 2444 2186 2499 pro
2208 2435 2449 2498 tempore
2479 2428 2813 2483 admonitum
2844 2429 3134 2501 diligenter
3164 2438 3217 2484 et
3254 2430 3596 2495 instructum,
3629 2440 3683 2486 et

2086 2517 2155 2571 de
2186 2516 2305 2570 aliis
2327 2517 2545 2588 quidem
2581 2533 2638 2571 se
2667 2517 2884 2588 penitus
2929 2526 3298 2584 excusantem,
3325 2520 3391 2573 de
3451 2518 3569 2572 aliis
3599 2520 3681 2572 in-

2087 2605 2436 2661 tercessionis
2468 2622 2578 2661 sua:
2607 2622 2768 2676 opem
2798 2606 2989 2661 sedulo
3019 2607 3371 2679 ﬂagitantem,
3411 2623 3531 2662 cum
3574 2608 3679 2662 be-

2087 2693 2396 2748 nedictione
2428 2694 2656 2761 dimisit,
2692 2703 2743 2749 et
2781 2695 2849 2749 ad
2881 2696 3174 2765 hospitium
3231 2696 3387 2767 regia
3414 2696 3516 2750 sibi
3545 2713 3682 2767 pro-

2089 2782 2295 2837 visione
2327 2783 2641 2854 delegatum
2669 2783 2820 2837 lzetus
2862 2785 3109 2839 secessit.

2160 2871 2273 2925 Rex
2304 2872 2509 2926 interea
2541 2873 2607 2927 de
2639 2888 2704 2927 eo
2751 2890 2874 2927 cum
2903 2874 3015 2927 suis
3061 2873 3309 2945 loquens,
3344 2884 3395 2928 et
3426 2874 3681 2930 virtutem

2090 2960 2253 3014 animi
2284 2961 2399 3029 ejus
2429 2962 2595 3015 multa
2642 2978 2765 3016 cum
2788 2962 2948 3018 laude
2979 2962 3373 3018 concelebrans
3407 2980 3418 3016 :
3458 2985 3477 3014 α
3516 2965 3679 3026 Vere,

2089 3049 2281 3120 inquit,
2318 3050 2363 3102 si
2424 3049 2579 3116 tales,
2638 3051 2814 3121 qualis
2857 3051 2957 3105 iste
3011 3059 3113 3115 est,
3157 3060 3337 3106 essent
3386 3053 3589 3123 passim
3633 3062 3687 3110 et

2091 3138 2271 3192 caeteri
2302 3138 2561 3208 episcopi,
2616 3138 2796 3193 nullus
2827 3148 3011 3194 contra
3044 3156 3140 3195 eos
3170 3156 3360 3213 regum
3412 3150 3504 3196 aut
3534 3143 3685 3214 prin-

2092 3225 2272 3296 cipum
2303 3226 2551 3282 attollere
2582 3236 2931 3298 praesumeret
2961 3229 3249 3285 cervicem.
3291 3254 3312 3277 ιι

2164 3315 2312 3369 Tunc
2341 3315 2388 3369 ei
2435 3332 2463 3368 a
2511 3316 2623 3370 suis
2671 3316 2995 3371 consiliariis
3044 3327 3365 3390 suggestum
3396 3319 3511 3389 fuit,
3546 3338 3684 3391 qua-

2091 3410 2249 3457 tenus
2279 3420 2377 3473 per
2408 3420 2528 3458 eum
2587 3405 2643 3458 in
2705 3405 2953 3478 Angliam
3003 3406 3209 3461 litteras
3258 3408 3540 3478 dirigeret,
3576 3419 3631 3464 et
3659 3427 3689 3463 a

2093 3491 2437 3563 magnalibus
2466 3499 2623 3547 terra:
2665 3493 2892 3561 alicujus
2948 3494 3096 3548 modi
3154 3496 3526 3551 subventionis
3582 3513 3687 3551 au-

2092 3579 2276 3633 xilium
2308 3580 2593 3650 ﬂagitaret.
2629 3580 2778 3648 Quas
2810 3583 2876 3636 de
2903 3598 2969 3637 ea
3002 3598 3170 3638 causa
3200 3583 3351 3638 illum
3407 3584 3547 3640 ferre
3578 3602 3684 3655 po-

2092 3668 2358 3723 tissimum
2381 3670 2757 3736 consulebant,
2794 3671 2920 3742 quia
2964 3672 3151 3741 procul
3182 3672 3347 3726 dubio
3391 3689 3423 3726 a
3476 3676 3688 3728 cunctis

2091 3755 2444 3811 favorabilius
2497 3758 2894 3829 exciperentur,
2928 3759 2971 3813 si
3001 3776 3099 3829 per
3144 3768 3347 3814 tantum
3406 3761 3505 3814 sibi
3546 3779 3689 3816 nun-

2092 3844 2224 3898 tium
2256 3845 2429 3900 allatae
2473 3846 2715 3901 fuissent.
2777 3847 3035 3901 Nonnulli
3092 3848 3253 3903 etiam
3283 3848 3537 3903 libentius
3584 3852 3693 3907 hoc

2095 3933 2408 4004 epiSCOpum
2455 3935 2747 4005 sperabant
2780 3944 3183 4004 exsecuturum,
3215 3944 3273 3991 ut
3295 3937 3419 3993 inde
3442 3938 3595 4010 regio
3614 3940 3693 3994 fa-

2094 4021 2212 4075 vori
2242 4022 2467 4076 ulterius
2524 4024 2892 4078 commendari
2923 4025 3206 4095 potuisset.
3268 4026 3490 4091 Verum,
3526 4036 3580 4079 ut
3619 4030 3696 4082 ait

2095 4109 2322 4179 Sapiens
2357 4128 2368 4163 :
2408 4132 2429 4160 α
2468 4112 2683 4165 Frustra
2709 4112 2907 4180 jacitur
2932 4120 3044 4168 rete
3094 4121 3218 4168 ante
3255 4114 3441 4169 oculos
3472 4132 3689 4185 penna-

2095 4206 2273 4252 torum
2307 4201 2491 4267 (Prov.
2528 4215 2563 4267 ι,
2620 4200 2728 4270 l7),
2768 4225 2787 4247 ιι
2853 4201 3100 4270 protinus
3126 4202 3393 4273 siquidem
3449 4220 3548 4273 per
3595 4220 3691 4258 re-

401 4290 491 4345 ille
547 4298 825 4363 gratanter
878 4293 1133 4360 audiens,
1174 4312 1233 4351 se
1280 4296 1335 4349 in
1376 4297 1615 4351 crastino
1643 4313 1990 4353 reversurum
2013 4293 2064 4352 D
2095 4286 2179 4358 gis
2212 4288 2541 4342 (Ῑοιηθδίίοοδ
2571 4287 2671 4341 Sibi
2693 4288 2870 4342 omnia
2904 4289 3019 4344 11330
3050 4290 3421 4345 innomemm-
3464 4292 3691 4363 Sugge-

403 4378 670 4448 promisit.

473 4467 671 4521 Verum
721 4475 774 4522 et
804 4468 869 4523 de
917 4470 1085 4526 salute
1116 4472 1307 4527 anima:
1336 4472 1505 4543 ipsius
1554 4474 1813 4544 pastorali
1836 4475 1990 4529 solli-

400 4554 635 4610 citudine
655 4556 743 4626 pie
776 4558 1042 4624 curiosus,
1075 4561 1413 4630 apprehensa
1442 4563 1560 4630 ejus
1608 4579 1771 4617 manu
1802 4580 1831 4616 a
1862 4564 1991 4618 sede

400 4660 496 4697 sua
521 4643 697 4714 ipsum
731 4644 972 4715 elevans,
1006 4650 1271 4717 protraxit
1320 4665 1568 4705 seorsum
1594 4667 1766 4721 usque
1797 4652 1865 4705 ad
1906 4652 1990 4708 lo-

399 4746 522 4786 cum
543 4748 715 4803 prope
763 4734 948 4800 altare,
984 4735 1294 4807 ibidemque
1343 4753 1466 4792 eum
1498 4738 1692 4793 sedere
1739 4755 1987 4805 monens,

398 4834 521 4875 cum
552 4828 604 4874 et
632 4821 749 4891 ipse
780 4824 983 4892 pariter
1014 4825 1245 4889 sederet,
1283 4826 1362 4881 sic
1403 4843 1527 4880 eum
1559 4828 1821 4882 secretius
1859 4829 1991 4882 allo-

400 4907 578 4977 quitur
611 4926 623 4961 :
663 4930 683 4958 ε
719 4910 933 4974 Noster,
968 4912 1159 4982 inquit,
1221 4914 1586 4982 parochianus
1641 4931 1720 4980 es,
1774 4917 1991 4970 domine

404 5012 522 5061 rex,
558 4997 825 5068 nobisque
856 4999 1117 5055 incumbit
1148 5001 1355 5055 ratione
1400 5003 1685 5073 pastoralis
1717 5020 1861 5058 cura}
1891 5020 1991 5075 pro

461 5171 795 5237 (210)1dem,
834 5180 886 5226 ut
926 5178 1134 5237 videtur,
1179 5191 1286 5228 cum
1315 5180 1514 5230 castello
1539 5181 1599 5230 de
1642 5182 1838 5240 Andeli,
1884 5196 1991 5233 cum

389 5239 506 5289 illud
533 5252 731 5301 novum,
760 5246 809 5291 et
840 5244 929 5292 hoc
951 5249 1174 5296 recenter
1198 5251 1528 5296 constructum
1551 5248 1756 5298 dicatur.

460 5322 605 5396 (211)
631 5327 699 5396 lix
726 5327 815 5377 hoc
844 5328 1085 5391 colligitur
1111 5332 1357 5391 Hugonem
1378 5332 1521 5381 etiam
1550 5344 1675 5381 anno
1712 5333 1841 5381 1197
1869 5335 1991 5396 apud

392 5402 557 5452 regem
584 5392 753 5442 fuisse.

2101 4375 2347 4429 rentibus
2377 4384 2555 4430 autem
2588 4376 2691 4431 sibi
2719 4377 2954 4443 clericis,
2983 4386 3249 4448 quatenus
3279 4379 3329 4432 in
3364 4396 3423 4433 re
3454 4388 3564 4433 tam
3601 4380 3693 4435 fa—

2098 4463 2183 4517 cili
2204 4471 2419 4532 parcret
2448 4464 2695 4518 alacriter
2726 4466 2893 4535 regite
2913 4466 3196 4531 voluntati,
3226 4466 3314 4521 ille
3347 4482 3470 4521 cum
3493 4484 3695 4538 magna

2098 4552 2478 4621 aspernatione
2519 4553 2682 4607 verba
2712 4570 2900 4607 eorum
2931 4555 3156 4624 respuit,
3180 4555 3367 4610 dicens
3402 4570 3412 4608 :
3452 4580 3471 4601 «ι
3510 4557 3692 4623 Absit,

2098 4639 2288 4709 inquit,
2324 4640 2426 4695 hoc
2457 4656 2485 4692 a
2516 4640 2638 4694 mel
2684 4642 2805 4694 Non
2856 4650 2938 4695 est
2968 4658 3169 4708 meum,
3202 4642 3514 4713 portitorem
3572 4644 3697 4699 ﬁeri

2097 4727 2360 4799 regalium
2402 4728 2721 4799 litterarum.
2768 4730 2884 4784 Nec
2915 4730 3055 4783 enim
3088 4731 3385 4800 proposito,
3438 4732 3533 4785 sed
3585 4748 3694 4787 ne-

2098 4833 2201 4886 que
2230 4815 2402 4870 otlicio
2434 4832 2573 4881 meo,
2607 4833 2910 4888 congruere
2968 4818 3110 4872 istud
3168 4826 3365 4888 potest.
3424 4819 3567 4881 Non,
3601 4821 3695 4873 in—

2097 4903 2228 4973 quit,
2265 4912 2345 4957 est
2368 4921 2567 4968 meum,
2602 4905 2941 4959 exactionum
2988 4906 3297 4974 hujusmodi
3338 4907 3421 4960 vel
3470 4908 3522 4960 in
3564 4925 3694 4962 1110-

2094 4991 2216 5046 dico
2276 4992 2508 5046 existere
2558 5001 2985 5062 cooperatorem.
3045 4995 3166 5048 Non
3222 4995 3353 5048 latet
3410 5011 3527 5062 vos,
3564 4996 3697 5066 quia

2164 5169 2303 5232 (219.)
2353 5172 2695 5233 Berengariam
2746 5171 2872 5233 regis
2919 5173 3146 5221 Navarrre
3194 5172 3341 5221 ﬁliam
3394 5173 3695 5235 Richardus,

2094 5248 2220 5285 anno
2252 5238 2395 5296 119i,
2423 5238 2561 5287 duxit
2603 5239 2649 5287 in
2690 5238 2970 5299 conjugem,
3002 5251 3146 5299 quam
3173 5242 3310 5301 Πυεο
3337 5240 3383 5288 in
3408 5245 3566 5289 castro
3596 5243 3697 5289 Bc-

2094 5304 2389 5364 vafordensi,
2408 5303 2545 5363 juxta
2571 5304 2681 5355 libri
2720 5305 2865 5366 hujus
2890 5317 2997 5368 cap.
3042 5306 3099 5353 15
3126 5306 3308 5367 invisit,
3340 5308 3387 5355 et
3414 5307 3697 5357 consolatus

2099 5369 2187 5418 fuit
2212 5382 2337 5419 anno
2370 5371 2514 5419 1199.
