  <div class='ocr_page' id='page_1' title='image "/cluster/home/n/w/nwhite01/storage/ocr_20150623/153/hvd.32044054760111/530.png"; bbox 0 0 3960 6062; ppageno 0'>
   <div class='ocr_carea' id='block_1_1' title="bbox 244 206 377 258">
    <p class='ocr_par' dir='ltr' id='par_1_1' title="bbox 244 206 377 258">
     <span class='ocr_line' id='line_1_1' title="bbox 244 206 377 258; baseline 0 -1"><span class='ocrx_word' id='word_1_1' title='bbox 244 206 377 258; x_wconf 76' lang='grc'><strong>1049</strong></span> 
     </span>
    </p>
   </div>
   <div class='ocr_carea' id='block_1_2' title="bbox 1620 197 2171 255">
    <p class='ocr_par' dir='ltr' id='par_1_2' title="bbox 1620 197 2171 255">
     <span class='ocr_line' id='line_1_2' title="bbox 1620 197 2171 255; baseline -0.002 -1"><span class='ocrx_word' id='word_1_2' title='bbox 1620 197 1801 255; x_wconf 82' lang='lat' dir='ltr'><strong>VITA.</strong></span> <span class='ocrx_word' id='word_1_3' title='bbox 1832 226 1899 239; x_wconf 91' lang='lat'>—</span> <span class='ocrx_word' id='word_1_4' title='bbox 1938 197 2065 252; x_wconf 92' lang='lat' dir='ltr'><strong>LIB.</strong></span> <span class='ocrx_word' id='word_1_5' title='bbox 2108 198 2171 253; x_wconf 87' lang='lat' dir='ltr'><strong>V.</strong></span> 
     </span>
    </p>
   </div>
   <div class='ocr_carea' id='block_1_3' title="bbox 3420 201 3557 254">
    <p class='ocr_par' dir='ltr' id='par_1_3' title="bbox 3420 201 3557 254">
     <span class='ocr_line' id='line_1_3' title="bbox 3420 201 3557 254; baseline 0.015 -2"><span class='ocrx_word' id='word_1_6' title='bbox 3420 201 3557 254; x_wconf 77' lang='grc'><strong>1050</strong></span> 
     </span>
    </p>
   </div>
   <div class='ocr_carea' id='block_1_4' title="bbox 242 322 3546 397">
    <p class='ocr_par' dir='ltr' id='par_1_4' title="bbox 242 322 3546 397">
     <span class='ocr_line' id='line_1_4' title="bbox 242 322 3546 397; baseline -0 -16"><span class='ocrx_word' id='word_1_7' title='bbox 242 342 461 397; x_wconf 80' lang='lat' dir='ltr'><strong>semper</strong></span> <span class='ocrx_word' id='word_1_8' title='bbox 490 324 635 381; x_wconf 89' lang='lat' dir='ltr'><strong>velut</strong></span> <span class='ocrx_word' id='word_1_9' title='bbox 663 325 865 380; x_wconf 91' lang='lat' dir='ltr'><strong>nudato</strong></span> <span class='ocrx_word' id='word_1_10' title='bbox 900 324 1169 396; x_wconf 84' lang='lat' dir='ltr'><strong>supplicat</strong></span> <span class='ocrx_word' id='word_1_11' title='bbox 1218 340 1347 379; x_wconf 91' lang='lat' dir='ltr'><strong>ense</strong></span> <span class='ocrx_word' id='word_1_12' title='bbox 1390 324 1491 378; x_wconf 90' lang='lat' dir='ltr'><strong>iste</strong></span> <span class='ocrx_word' id='word_1_13' title='bbox 1529 329 1762 394; x_wconf 86' lang='lat' dir='ltr'><strong>potens;</strong></span> <span class='ocrx_word' id='word_1_14' title='bbox 1795 323 1920 383; x_wconf 76' lang='lat' dir='ltr'><strong>etA</strong></span> <span class='ocrx_word' id='word_1_15' title='bbox 1948 322 2153 377; x_wconf 91' lang='lat' dir='ltr'><strong>niensis</strong></span> <span class='ocrx_word' id='word_1_16' title='bbox 2201 322 2513 391; x_wconf 84' lang='lat' dir='ltr'><strong>canonicos,</strong></span> <span class='ocrx_word' id='word_1_17' title='bbox 2564 324 2656 396; x_wconf 86' lang='lat' dir='ltr'><strong>qui</strong></span> <span class='ocrx_word' id='word_1_18' title='bbox 2701 324 3001 381; x_wconf 83' lang='lat' dir='ltr'><strong>innumeris</strong></span> <span class='ocrx_word' id='word_1_19' title='bbox 3047 323 3345 380; x_wconf 88' lang='lat' dir='ltr'><strong>redditibus</strong></span> <span class='ocrx_word' id='word_1_20' title='bbox 3393 323 3546 380; x_wconf 91' lang='lat' dir='ltr'><strong>locu-</strong></span> 
     </span>
    </p>
   </div>
   <div class='ocr_carea' id='block_1_5' title="bbox 239 412 1847 485">
    <p class='ocr_par' dir='ltr' id='par_1_5' title="bbox 239 412 1847 485">
     <span class='ocr_line' id='line_1_5' title="bbox 239 412 1847 485; baseline -0.002 -16"><span class='ocrx_word' id='word_1_21' title='bbox 239 415 357 469; x_wconf 72' lang='lat' dir='ltr'><strong>hzec</strong></span> <span class='ocrx_word' id='word_1_22' title='bbox 401 415 699 485; x_wconf 68' lang='lat' dir='ltr'><strong>prmsertim</strong></span> <span class='ocrx_word' id='word_1_23' title='bbox 752 421 1017 484; x_wconf 78' lang='lat' dir='ltr'><strong>potestas,</strong></span> <span class='ocrx_word' id='word_1_24' title='bbox 1067 430 1189 468; x_wconf 90' lang='lat' dir='ltr'><strong>cum</strong></span> <span class='ocrx_word' id='word_1_25' title='bbox 1244 412 1446 483; x_wconf 86' lang='lat' dir='ltr'><strong>jugiter</strong></span> <span class='ocrx_word' id='word_1_26' title='bbox 1505 412 1657 482; x_wconf 89' lang='lat' dir='ltr'><strong>petit,</strong></span> <span class='ocrx_word' id='word_1_27' title='bbox 1717 426 1847 481; x_wconf 88' lang='lat' dir='ltr'><strong>pre-</strong></span> 
     </span>
    </p>
   </div>
   <div class='ocr_carea' id='block_1_6' title="bbox 240 500 1850 574">
    <p class='ocr_par' dir='ltr' id='par_1_6' title="bbox 240 500 1850 574">
     <span class='ocr_line' id='line_1_6' title="bbox 240 500 1850 574; baseline -0.001 -18"><span class='ocrx_word' id='word_1_28' title='bbox 240 502 426 557; x_wconf 90' lang='lat' dir='ltr'><strong>mitur.</strong></span> <span class='ocrx_word' id='word_1_29' title='bbox 494 503 656 574; x_wconf 81' lang='lat' dir='ltr'><strong>Angli</strong></span> <span class='ocrx_word' id='word_1_30' title='bbox 718 502 888 555; x_wconf 89' lang='lat' dir='ltr'><strong>nostri</strong></span> <span class='ocrx_word' id='word_1_31' title='bbox 938 502 1151 555; x_wconf 83' lang='lat' dir='ltr'><strong>blandis</strong></span> <span class='ocrx_word' id='word_1_32' title='bbox 1194 500 1413 572; x_wconf 87' lang='lat' dir='ltr'><strong>quidem</strong></span> <span class='ocrx_word' id='word_1_33' title='bbox 1463 500 1850 554; x_wconf 88' lang='lat' dir='ltr'><strong>sollicitationi-</strong></span> 
     </span>
    </p>
   </div>
   <div class='ocr_carea' id='block_1_7' title="bbox 242 588 1848 661">
    <p class='ocr_par' dir='ltr' id='par_1_7' title="bbox 242 588 1848 661">
     <span class='ocr_line' id='line_1_7' title="bbox 242 588 1848 661; baseline -0.001 -17"><span class='ocrx_word' id='word_1_34' title='bbox 242 592 342 644; x_wconf 86' lang='lat' dir='ltr'><strong>bus</strong></span> <span class='ocrx_word' id='word_1_35' title='bbox 376 590 552 660; x_wconf 90' lang='lat' dir='ltr'><strong>primo</strong></span> <span class='ocrx_word' id='word_1_36' title='bbox 595 590 925 655; x_wconf 91' lang='lat' dir='ltr'><strong>alliciuntur,</strong></span> <span class='ocrx_word' id='word_1_37' title='bbox 975 590 1066 661; x_wconf 89' lang='lat' dir='ltr'><strong>qui</strong></span> <span class='ocrx_word' id='word_1_38' title='bbox 1129 589 1347 644; x_wconf 89' lang='lat' dir='ltr'><strong>demum</strong></span> <span class='ocrx_word' id='word_1_39' title='bbox 1396 588 1713 658; x_wconf 86' lang='lat' dir='ltr'><strong>asperrimis</strong></span> <span class='ocrx_word' id='word_1_40' title='bbox 1757 604 1848 643; x_wconf 86' lang='lat' dir='ltr'><strong>co-</strong></span> 
     </span>
    </p>
   </div>
   <div class='ocr_carea' id='block_1_8' title="bbox 242 676 1847 749">
    <p class='ocr_par' dir='ltr' id='par_1_8' title="bbox 242 676 1847 749">
     <span class='ocr_line' id='line_1_8' title="bbox 242 676 1847 749; baseline -0.001 -16"><span class='ocrx_word' id='word_1_41' title='bbox 242 678 569 745; x_wconf 86' lang='lat' dir='ltr'><strong>actionibus,</strong></span> <span class='ocrx_word' id='word_1_42' title='bbox 604 694 713 733; x_wconf 89' lang='lat' dir='ltr'><strong>non</strong></span> <span class='ocrx_word' id='word_1_43' title='bbox 744 679 813 731; x_wconf 90' lang='lat' dir='ltr'><strong>ad</strong></span> <span class='ocrx_word' id='word_1_44' title='bbox 843 678 988 749; x_wconf 87' lang='lat' dir='ltr'><strong>quod</strong></span> <span class='ocrx_word' id='word_1_45' title='bbox 1027 677 1128 747; x_wconf 89' lang='lat' dir='ltr'><strong>ipsi</strong></span> <span class='ocrx_word' id='word_1_46' title='bbox 1158 678 1432 744; x_wconf 88' lang='lat' dir='ltr'><strong>volebant,</strong></span> <span class='ocrx_word' id='word_1_47' title='bbox 1486 677 1581 731; x_wconf 91' lang='lat' dir='ltr'><strong>sed</strong></span> <span class='ocrx_word' id='word_1_48' title='bbox 1611 676 1679 730; x_wconf 88' lang='lat' dir='ltr'><strong>ad</strong></span> <span class='ocrx_word' id='word_1_49' title='bbox 1704 676 1847 746; x_wconf 91' lang='lat' dir='ltr'><strong>quod</strong></span> 
     </span>
    </p>
   </div>
   <div class='ocr_carea' id='block_1_9' title="bbox 242 765 1845 839">
    <p class='ocr_par' dir='ltr' id='par_1_9' title="bbox 242 765 1845 839">
     <span class='ocr_line' id='line_1_9' title="bbox 242 765 1845 839; baseline -0.001 -19"><span class='ocrx_word' id='word_1_50' title='bbox 242 768 362 839; x_wconf 87' lang='lat' dir='ltr'><strong>regi</strong></span> <span class='ocrx_word' id='word_1_51' title='bbox 423 766 705 836; x_wconf 85' lang='lat' dir='ltr'><strong>placuerit,</strong></span> <span class='ocrx_word' id='word_1_52' title='bbox 783 766 1173 821; x_wconf 86' lang='lat' dir='ltr'><strong>conferendum</strong></span> <span class='ocrx_word' id='word_1_53' title='bbox 1254 765 1623 836; x_wconf 90' lang='lat' dir='ltr'><strong>impelluntur.</strong></span> <span class='ocrx_word' id='word_1_54' title='bbox 1690 766 1845 834; x_wconf 65' lang='lat' dir='ltr'><strong>Saepe</strong></span> 
     </span>
    </p>
   </div>
   <div class='ocr_carea' id='block_1_10' title="bbox 240 853 1844 925">
    <p class='ocr_par' dir='ltr' id='par_1_10' title="bbox 240 853 1844 925">
     <span class='ocr_line' id='line_1_10' title="bbox 240 853 1844 925; baseline -0.001 -17"><span class='ocrx_word' id='word_1_55' title='bbox 240 854 403 909; x_wconf 90' lang='lat' dir='ltr'><strong>etiam</strong></span> <span class='ocrx_word' id='word_1_56' title='bbox 442 854 596 908; x_wconf 85' lang='lat' dir='ltr'><strong>inviti</strong></span> <span class='ocrx_word' id='word_1_57' title='bbox 640 854 694 907; x_wconf 92' lang='lat' dir='ltr'><strong>id</strong></span> <span class='ocrx_word' id='word_1_58' title='bbox 744 854 967 924; x_wconf 76' lang='lat' dir='ltr'><strong>exsequi</strong></span> <span class='ocrx_word' id='word_1_59' title='bbox 1018 861 1305 925; x_wconf 86' lang='lat' dir='ltr'><strong>coguntur,</strong></span> <span class='ocrx_word' id='word_1_60' title='bbox 1359 854 1506 924; x_wconf 93' lang='lat' dir='ltr'><strong>quod</strong></span> <span class='ocrx_word' id='word_1_61' title='bbox 1555 853 1724 907; x_wconf 87' lang='lat' dir='ltr'><strong>semel</strong></span> <span class='ocrx_word' id='word_1_62' title='bbox 1756 853 1844 907; x_wconf 89' lang='lat' dir='ltr'><strong>ul-</strong></span> 
     </span>
    </p>
   </div>
   <div class='ocr_carea' id='block_1_11' title="bbox 235 941 1844 1012">
    <p class='ocr_par' dir='ltr' id='par_1_11' title="bbox 235 941 1844 1012">
     <span class='ocr_line' id='line_1_11' title="bbox 235 941 1844 1012; baseline -0.001 -15"><span class='ocrx_word' id='word_1_63' title='bbox 235 950 483 1010; x_wconf 90' lang='lat' dir='ltr'><strong>troneos,</strong></span> <span class='ocrx_word' id='word_1_64' title='bbox 516 942 603 997; x_wconf 94' lang='lat' dir='ltr'><strong>vel</strong></span> <span class='ocrx_word' id='word_1_65' title='bbox 634 942 783 1012; x_wconf 91' lang='lat' dir='ltr'><strong>ipsos</strong></span> <span class='ocrx_word' id='word_1_66' title='bbox 815 950 905 996; x_wconf 89' lang='lat' dir='ltr'><strong>aut</strong></span> <span class='ocrx_word' id='word_1_67' title='bbox 935 958 1122 996; x_wconf 91' lang='lat' dir='ltr'><strong>eorum</strong></span> <span class='ocrx_word' id='word_1_68' title='bbox 1170 942 1608 1012; x_wconf 87' lang='lat' dir='ltr'><strong>praedecessores</strong></span> <span class='ocrx_word' id='word_1_69' title='bbox 1646 941 1844 996; x_wconf 87' lang='lat' dir='ltr'><strong>fecisse</strong></span> 
     </span>
    </p>
   </div>
   <div class='ocr_carea' id='block_1_12' title="bbox 239 1029 1844 1103">
    <p class='ocr_par' dir='ltr' id='par_1_12' title="bbox 239 1029 1844 1103">
     <span class='ocr_line' id='line_1_12' title="bbox 239 1029 1844 1103; baseline -0.002 -16"><span class='ocrx_word' id='word_1_70' title='bbox 239 1040 523 1087; x_wconf 88' lang='lat' dir='ltr'><strong>noverunt.</strong></span> <span class='ocrx_word' id='word_1_71' title='bbox 558 1031 681 1085; x_wconf 88' lang='lat' dir='ltr'><strong>Non</strong></span> <span class='ocrx_word' id='word_1_72' title='bbox 711 1046 846 1103; x_wconf 86' lang='lat' dir='ltr'><strong>ergo</strong></span> <span class='ocrx_word' id='word_1_73' title='bbox 876 1046 964 1086; x_wconf 91' lang='lat' dir='ltr'><strong>me</strong></span> <span class='ocrx_word' id='word_1_74' title='bbox 994 1030 1273 1102; x_wconf 79' lang='lat' dir='ltr'><strong>contingat</strong></span> <span class='ocrx_word' id='word_1_75' title='bbox 1320 1029 1518 1085; x_wconf 91' lang='lat' dir='ltr'><strong>talibus</strong></span> <span class='ocrx_word' id='word_1_76' title='bbox 1549 1030 1844 1085; x_wconf 88' lang='lat' dir='ltr'><strong>immisceri</strong></span> 
     </span>
    </p>
   </div>
   <div class='ocr_carea' id='block_1_13' title="bbox 240 1118 1843 1191">
    <p class='ocr_par' dir='ltr' id='par_1_13' title="bbox 240 1118 1843 1191">
     <span class='ocr_line' id='line_1_13' title="bbox 240 1118 1843 1191; baseline -0.001 -18"><span class='ocrx_word' id='word_1_77' title='bbox 240 1120 438 1190; x_wconf 90' lang='lat' dir='ltr'><strong>quibus</strong></span> <span class='ocrx_word' id='word_1_78' title='bbox 461 1134 584 1175; x_wconf 92' lang='lat' dir='ltr'><strong>cum</strong></span> <span class='ocrx_word' id='word_1_79' title='bbox 611 1119 897 1189; x_wconf 89' lang='lat' dir='ltr'><strong>dispendio</strong></span> <span class='ocrx_word' id='word_1_80' title='bbox 910 1118 1148 1189; x_wconf 77' lang='lat' dir='ltr'><strong>proximi</strong></span> <span class='ocrx_word' id='word_1_81' title='bbox 1164 1126 1487 1189; x_wconf 89' lang='lat' dir='ltr'><strong>cooperatur</strong></span> <span class='ocrx_word' id='word_1_82' title='bbox 1503 1118 1677 1191; x_wconf 87' lang='lat' dir='ltr'><strong>gratia</strong></span> <span class='ocrx_word' id='word_1_83' title='bbox 1694 1118 1843 1190; x_wconf 88' lang='lat' dir='ltr'><strong>regis</strong></span> 
     </span>
    </p>
   </div>
   <div class='ocr_carea' id='block_1_14' title="bbox 241 1207 1842 1280">
    <p class='ocr_par' dir='ltr' id='par_1_14' title="bbox 241 1207 1842 1280">
     <span class='ocr_line' id='line_1_14' title="bbox 241 1207 1842 1280; baseline -0.001 -18"><span class='ocrx_word' id='word_1_84' title='bbox 241 1209 467 1273; x_wconf 90' lang='lat' dir='ltr'><strong>terreni,</strong></span> <span class='ocrx_word' id='word_1_85' title='bbox 524 1215 575 1262; x_wconf 94' lang='lat' dir='ltr'><strong>et</strong></span> <span class='ocrx_word' id='word_1_86' title='bbox 660 1207 960 1280; x_wconf 87' lang='lat' dir='ltr'><strong>indignatio</strong></span> <span class='ocrx_word' id='word_1_87' title='bbox 1002 1208 1321 1263; x_wconf 88' lang='lat' dir='ltr'><strong>succederet</strong></span> <span class='ocrx_word' id='word_1_88' title='bbox 1370 1215 1424 1262; x_wconf 89' lang='lat' dir='ltr'><strong>et</strong></span> <span class='ocrx_word' id='word_1_89' title='bbox 1472 1207 1842 1263; x_wconf 90' lang='lat' dir='ltr'><strong>incurreretur</strong></span> 
     </span>
    </p>
   </div>
   <div class='ocr_carea' id='block_1_15' title="bbox 238 1295 1841 1366">
    <p class='ocr_par' dir='ltr' id='par_1_15' title="bbox 238 1295 1841 1366">
     <span class='ocr_line' id='line_1_15' title="bbox 238 1295 1841 1366; baseline -0.001 -15"><span class='ocrx_word' id='word_1_90' title='bbox 238 1296 624 1366; x_wconf 83' lang='lat' dir='ltr'><strong>omnipotentis</strong></span> <span class='ocrx_word' id='word_1_91' title='bbox 654 1296 772 1351; x_wconf 87' lang='lat' dir='ltr'><strong>Dei.</strong></span> <span class='ocrx_word' id='word_1_92' title='bbox 816 1319 838 1345; x_wconf 63' lang='grc' dir='ltr'><strong><em>ιτ</em></strong></span> <span class='ocrx_word' id='word_1_93' title='bbox 868 1296 1073 1351; x_wconf 83' lang='lat' dir='ltr'><strong>Monuit</strong></span> <span class='ocrx_word' id='word_1_94' title='bbox 1112 1296 1273 1365; x_wconf 87' lang='lat' dir='ltr'><strong>igitur</strong></span> <span class='ocrx_word' id='word_1_95' title='bbox 1309 1296 1454 1365; x_wconf 83' lang='lat' dir='ltr'><strong>regis</strong></span> <span class='ocrx_word' id='word_1_96' title='bbox 1505 1295 1841 1351; x_wconf 85' lang='lat' dir='ltr'><strong>consiliarios</strong></span> 
     </span>
    </p>
   </div>
   <div class='ocr_carea' id='block_1_16' title="bbox 234 1384 1835 1456">
    <p class='ocr_par' dir='ltr' id='par_1_16' title="bbox 234 1384 1835 1456">
     <span class='ocr_line' id='line_1_16' title="bbox 234 1384 1835 1456; baseline -0.001 -17"><span class='ocrx_word' id='word_1_97' title='bbox 234 1385 544 1455; x_wconf 91' lang='lat' dir='ltr'><strong>episcopus,</strong></span> <span class='ocrx_word' id='word_1_98' title='bbox 597 1392 653 1438; x_wconf 92' lang='lat' dir='ltr'><strong>ut</strong></span> <span class='ocrx_word' id='word_1_99' title='bbox 696 1391 988 1454; x_wconf 84' lang='lat' dir='ltr'><strong>procurent</strong></span> <span class='ocrx_word' id='word_1_100' title='bbox 1035 1400 1102 1439; x_wconf 91' lang='lat' dir='ltr'><strong>ne</strong></span> <span class='ocrx_word' id='word_1_101' title='bbox 1150 1384 1251 1438; x_wconf 89' lang='lat' dir='ltr'><strong>sibi</strong></span> <span class='ocrx_word' id='word_1_102' title='bbox 1300 1384 1425 1438; x_wconf 90' lang='lat' dir='ltr'><strong>talia</strong></span> <span class='ocrx_word' id='word_1_103' title='bbox 1465 1384 1835 1456; x_wconf 86' lang='lat' dir='ltr'><strong>injungantur,</strong></span> 
     </span>
    </p>
   </div>
   <div class='ocr_carea' id='block_1_17' title="bbox 234 1467 1838 1540">
    <p class='ocr_par' dir='ltr' id='par_1_17' title="bbox 234 1467 1838 1540">
     <span class='ocr_line' id='line_1_17' title="bbox 234 1467 1838 1540; baseline 0 -17"><span class='ocrx_word' id='word_1_104' title='bbox 234 1468 377 1523; x_wconf 89' lang='lat' dir='ltr'><strong>unde</strong></span> <span class='ocrx_word' id='word_1_105' title='bbox 401 1468 827 1523; x_wconf 83' lang='lat' dir='ltr'><strong>contradicendo</strong></span> <span class='ocrx_word' id='word_1_106' title='bbox 858 1468 1026 1540; x_wconf 75' lang='lat' dir='ltr'><strong>regia:</strong></span> <span class='ocrx_word' id='word_1_107' title='bbox 1043 1468 1435 1533; x_wconf 86' lang='lat' dir='ltr'><strong>deliberationi,</strong></span> <span class='ocrx_word' id='word_1_108' title='bbox 1462 1468 1630 1538; x_wconf 90' lang='lat' dir='ltr'><strong>ipsius</strong></span> <span class='ocrx_word' id='word_1_109' title='bbox 1657 1467 1838 1523; x_wconf 90' lang='lat' dir='ltr'><strong>denuo</strong></span> 
     </span>
    </p>
   </div>
   <div class='ocr_carea' id='block_1_18' title="bbox 236 1556 1838 1627">
    <p class='ocr_par' dir='ltr' id='par_1_18' title="bbox 236 1556 1838 1627">
     <span class='ocr_line' id='line_1_18' title="bbox 236 1556 1838 1627; baseline -0.001 -17"><span class='ocrx_word' id='word_1_110' title='bbox 236 1557 467 1627; x_wconf 88' lang='lat' dir='ltr'><strong>gratiam</strong></span> <span class='ocrx_word' id='word_1_111' title='bbox 497 1556 673 1626; x_wconf 86' lang='lat' dir='ltr'><strong>ipsam</strong></span> <span class='ocrx_word' id='word_1_112' title='bbox 724 1556 991 1611; x_wconf 88' lang='lat' dir='ltr'><strong>demereri</strong></span> <span class='ocrx_word' id='word_1_113' title='bbox 1040 1572 1267 1611; x_wconf 88' lang='lat' dir='ltr'><strong>necesse</strong></span> <span class='ocrx_word' id='word_1_114' title='bbox 1313 1557 1399 1611; x_wconf 89' lang='lat' dir='ltr'><strong>sit.</strong></span> <span class='ocrx_word' id='word_1_115' title='bbox 1453 1556 1587 1623; x_wconf 83' lang='lat' dir='ltr'><strong>Quae</strong></span> <span class='ocrx_word' id='word_1_116' title='bbox 1635 1564 1692 1610; x_wconf 89' lang='lat' dir='ltr'><strong>ut</strong></span> <span class='ocrx_word' id='word_1_117' title='bbox 1721 1556 1838 1627; x_wconf 84' lang='lat' dir='ltr'><strong>regi</strong></span> 
     </span>
    </p>
   </div>
   <div class='ocr_carea' id='block_1_19' title="bbox 1948 411 3555 486">
    <p class='ocr_par' dir='ltr' id='par_1_19' title="bbox 1948 411 3555 486">
     <span class='ocr_line' id='line_1_19' title="bbox 1948 411 3555 486; baseline 0.002 -22"><span class='ocrx_word' id='word_1_118' title='bbox 1948 411 2122 478; x_wconf 91' lang='lat' dir='ltr'><strong>pletes</strong></span> <span class='ocrx_word' id='word_1_119' title='bbox 2155 414 2323 479; x_wconf 74' lang='grc'><strong>(214),</strong></span> <span class='ocrx_word' id='word_1_120' title='bbox 2357 428 2487 467; x_wconf 90' lang='lat' dir='ltr'><strong>auro</strong></span> <span class='ocrx_word' id='word_1_121' title='bbox 2518 412 2680 468; x_wconf 90' lang='lat' dir='ltr'><strong>etiam</strong></span> <span class='ocrx_word' id='word_1_122' title='bbox 2700 414 2785 468; x_wconf 85' lang='lat' dir='ltr'><strong>vel</strong></span> <span class='ocrx_word' id='word_1_123' title='bbox 2806 422 3033 486; x_wconf 87' lang='lat' dir='ltr'><strong>argento</strong></span> <span class='ocrx_word' id='word_1_124' title='bbox 3061 412 3391 483; x_wconf 65' lang='lat' dir='ltr'><strong>praedivites,</strong></span> <span class='ocrx_word' id='word_1_125' title='bbox 3416 413 3555 468; x_wconf 87' lang='lat' dir='ltr'><strong>citra</strong></span> 
     </span>
    </p>
   </div>
   <div class='ocr_carea' id='block_1_20' title="bbox 1948 500 3552 571">
    <p class='ocr_par' dir='ltr' id='par_1_20' title="bbox 1948 500 3552 571">
     <span class='ocr_line' id='line_1_20' title="bbox 1948 500 3552 571; baseline 0.001 -18"><span class='ocrx_word' id='word_1_126' title='bbox 1948 500 2284 570; x_wconf 84' lang='lat' dir='ltr'><strong>gravaminis</strong></span> <span class='ocrx_word' id='word_1_127' title='bbox 2338 501 2608 568; x_wconf 88' lang='lat' dir='ltr'><strong>jacturam</strong></span> <span class='ocrx_word' id='word_1_128' title='bbox 2654 518 2763 556; x_wconf 90' lang='lat' dir='ltr'><strong>non</strong></span> <span class='ocrx_word' id='word_1_129' title='bbox 2820 502 3062 556; x_wconf 90' lang='lat' dir='ltr'><strong>modicas</strong></span> <span class='ocrx_word' id='word_1_130' title='bbox 3128 502 3386 571; x_wconf 85' lang='lat' dir='ltr'><strong>pecunias</strong></span> <span class='ocrx_word' id='word_1_131' title='bbox 3438 502 3552 555; x_wconf 90' lang='lat' dir='ltr'><strong>suis</strong></span> 
     </span>
    </p>
   </div>
   <div class='ocr_carea' id='block_1_21' title="bbox 1947 588 3551 660">
    <p class='ocr_par' dir='ltr' id='par_1_21' title="bbox 1947 588 3551 660">
     <span class='ocr_line' id='line_1_21' title="bbox 1947 588 3551 660; baseline 0.001 -19"><span class='ocrx_word' id='word_1_132' title='bbox 1947 588 2248 658; x_wconf 89' lang='lat' dir='ltr'><strong>quivissent</strong></span> <span class='ocrx_word' id='word_1_133' title='bbox 2280 589 2495 643; x_wconf 88' lang='lat' dir='ltr'><strong>scriniis</strong></span> <span class='ocrx_word' id='word_1_134' title='bbox 2526 590 2742 645; x_wconf 90' lang='lat' dir='ltr'><strong>inferre.</strong></span> <span class='ocrx_word' id='word_1_135' title='bbox 2784 614 2804 636; x_wconf 70' lang='grc' dir='ltr'><strong>ι»</strong></span> <span class='ocrx_word' id='word_1_136' title='bbox 2831 589 3149 657; x_wconf 76' lang='lat' dir='ltr'><strong>ilujusmodi</strong></span> <span class='ocrx_word' id='word_1_137' title='bbox 3170 604 3301 643; x_wconf 89' lang='lat' dir='ltr'><strong>vero</strong></span> <span class='ocrx_word' id='word_1_138' title='bbox 3330 589 3551 660; x_wconf 83' lang='lat' dir='ltr'><strong>ingenio</strong></span> 
     </span>
    </p>
   </div>
   <div class='ocr_carea' id='block_1_22' title="bbox 1947 676 3547 749">
    <p class='ocr_par' dir='ltr' id='par_1_22' title="bbox 1947 676 3547 749">
     <span class='ocr_line' id='line_1_22' title="bbox 1947 676 3547 749; baseline 0 -18"><span class='ocrx_word' id='word_1_139' title='bbox 1947 691 2061 741; x_wconf 90' lang='lat' dir='ltr'><strong>eas,</strong></span> <span class='ocrx_word' id='word_1_140' title='bbox 2113 676 2381 748; x_wconf 86' lang='lat' dir='ltr'><strong>inquiunt,</strong></span> <span class='ocrx_word' id='word_1_141' title='bbox 2452 677 2609 733; x_wconf 80' lang='lat' dir='ltr'><strong>facile</strong></span> <span class='ocrx_word' id='word_1_142' title='bbox 2656 678 2756 733; x_wconf 92' lang='lat' dir='ltr'><strong>erit</strong></span> <span class='ocrx_word' id='word_1_143' title='bbox 2803 685 3122 749; x_wconf 88' lang='lat' dir='ltr'><strong>extorquere</strong></span> <span class='ocrx_word' id='word_1_144' title='bbox 3187 677 3255 730; x_wconf 89' lang='lat' dir='ltr'><strong>ab</strong></span> <span class='ocrx_word' id='word_1_145' title='bbox 3319 676 3547 731; x_wconf 88' lang='lat' dir='ltr'><strong>eisdem.</strong></span> 
     </span>
    </p>
   </div>
   <div class='ocr_carea' id='block_1_23' title="bbox 1948 763 3547 820">
    <p class='ocr_par' dir='ltr' id='par_1_23' title="bbox 1948 763 3547 820">
     <span class='ocr_line' id='line_1_23' title="bbox 1948 763 3547 820; baseline 0 -3"><span class='ocrx_word' id='word_1_146' title='bbox 1948 763 2164 819; x_wconf 87' lang='lat' dir='ltr'><strong>Scribat</strong></span> <span class='ocrx_word' id='word_1_147' title='bbox 2223 765 2486 819; x_wconf 89' lang='lat' dir='ltr'><strong>Dominus</strong></span> <span class='ocrx_word' id='word_1_148' title='bbox 2553 774 2739 820; x_wconf 89' lang='lat' dir='ltr'><strong>noster</strong></span> <span class='ocrx_word' id='word_1_149' title='bbox 2785 782 2877 819; x_wconf 88' lang='lat' dir='ltr'><strong>rex</strong></span> <span class='ocrx_word' id='word_1_150' title='bbox 2940 764 3313 819; x_wconf 90' lang='lat' dir='ltr'><strong>Cantuariensi</strong></span> <span class='ocrx_word' id='word_1_151' title='bbox 3358 764 3547 819; x_wconf 88' lang='lat' dir='ltr'><strong>archi-</strong></span> 
     </span>
    </p>
   </div>
   <div class='ocr_carea' id='block_1_24' title="bbox 1946 851 3548 926">
    <p class='ocr_par' dir='ltr' id='par_1_24' title="bbox 1946 851 3548 926">
     <span class='ocr_line' id='line_1_24' title="bbox 1946 851 3548 926; baseline 0.001 -20"><span class='ocrx_word' id='word_1_152' title='bbox 1946 851 2205 922; x_wconf 86' lang='lat' dir='ltr'><strong>episcOpo</strong></span> <span class='ocrx_word' id='word_1_153' title='bbox 2236 856 2403 922; x_wconf 77' lang='lat'><strong>(215),</strong></span> <span class='ocrx_word' id='word_1_154' title='bbox 2438 861 2494 906; x_wconf 94' lang='lat' dir='ltr'><strong>ut</strong></span> <span class='ocrx_word' id='word_1_155' title='bbox 2524 854 2590 908; x_wconf 92' lang='lat' dir='ltr'><strong>de</strong></span> <span class='ocrx_word' id='word_1_156' title='bbox 2621 854 2832 926; x_wconf 85' lang='lat' dir='ltr'><strong>gremio</strong></span> <span class='ocrx_word' id='word_1_157' title='bbox 2863 852 3258 908; x_wconf 91' lang='lat' dir='ltr'><strong>Lincolniensis</strong></span> <span class='ocrx_word' id='word_1_158' title='bbox 3284 853 3548 908; x_wconf 65' lang='lat' dir='ltr'><strong>Ecclesia:</strong></span> 
     </span>
    </p>
   </div>
   <div class='ocr_carea' id='block_1_25' title="bbox 1946 940 3545 1012">
    <p class='ocr_par' dir='ltr' id='par_1_25' title="bbox 1946 940 3545 1012">
     <span class='ocr_line' id='line_1_25' title="bbox 1946 940 3545 1012; baseline 0.001 -18"><span class='ocrx_word' id='word_1_159' title='bbox 1946 940 2232 996; x_wconf 90' lang='lat' dir='ltr'><strong>duodecim</strong></span> <span class='ocrx_word' id='word_1_160' title='bbox 2265 942 2411 996; x_wconf 90' lang='lat' dir='ltr'><strong>viros</strong></span> <span class='ocrx_word' id='word_1_161' title='bbox 2440 942 2731 1012; x_wconf 87' lang='lat' dir='ltr'><strong>prudentia</strong></span> <span class='ocrx_word' id='word_1_162' title='bbox 2770 950 2822 997; x_wconf 93' lang='lat' dir='ltr'><strong>et</strong></span> <span class='ocrx_word' id='word_1_163' title='bbox 2869 942 3096 998; x_wconf 91' lang='lat' dir='ltr'><strong>consilio</strong></span> <span class='ocrx_word' id='word_1_164' title='bbox 3142 941 3545 1012; x_wconf 64' lang='lat' dir='ltr'><strong>prmminentes,</strong></span> 
     </span>
    </p>
   </div>
   <div class='ocr_carea' id='block_1_26' title="bbox 1945 1028 3547 1103">
    <p class='ocr_par' dir='ltr' id='par_1_26' title="bbox 1945 1028 3547 1103">
     <span class='ocr_line' id='line_1_26' title="bbox 1945 1028 3547 1103; baseline 0.001 -20"><span class='ocrx_word' id='word_1_165' title='bbox 1945 1028 2253 1101; x_wconf 90' lang='lat' dir='ltr'><strong>eloquentia</strong></span> <span class='ocrx_word' id='word_1_166' title='bbox 2283 1030 2444 1084; x_wconf 89' lang='lat' dir='ltr'><strong>etiam</strong></span> <span class='ocrx_word' id='word_1_167' title='bbox 2476 1031 2734 1100; x_wconf 63' lang='lat' dir='ltr'><strong>praeditos</strong></span> <span class='ocrx_word' id='word_1_168' title='bbox 2756 1032 2916 1103; x_wconf 90' lang='lat' dir='ltr'><strong>(quos</strong></span> <span class='ocrx_word' id='word_1_169' title='bbox 2937 1032 3055 1101; x_wconf 91' lang='lat' dir='ltr'><strong>ipse</strong></span> <span class='ocrx_word' id='word_1_170' title='bbox 3084 1030 3297 1085; x_wconf 85' lang='lat' dir='ltr'><strong>noverit</strong></span> <span class='ocrx_word' id='word_1_171' title='bbox 3326 1030 3547 1085; x_wconf 85' lang='lat' dir='ltr'><strong>servitio</strong></span> 
     </span>
    </p>
   </div>
   <div class='ocr_carea' id='block_1_27' title="bbox 1944 1118 3545 1188">
    <p class='ocr_par' dir='ltr' id='par_1_27' title="bbox 1944 1118 3545 1188">
     <span class='ocr_line' id='line_1_27' title="bbox 1944 1118 3545 1188; baseline 0.001 -17"><span class='ocrx_word' id='word_1_172' title='bbox 1944 1125 2124 1172; x_wconf 90' lang='lat' dir='ltr'><strong>vestro</strong></span> <span class='ocrx_word' id='word_1_173' title='bbox 2147 1134 2268 1173; x_wconf 90' lang='lat' dir='ltr'><strong>esse</strong></span> <span class='ocrx_word' id='word_1_174' title='bbox 2289 1118 2537 1187; x_wconf 89' lang='lat' dir='ltr'><strong>idoneos)</strong></span> <span class='ocrx_word' id='word_1_175' title='bbox 2569 1120 2639 1173; x_wconf 91' lang='lat' dir='ltr'><strong>ad</strong></span> <span class='ocrx_word' id='word_1_176' title='bbox 2660 1135 2758 1174; x_wconf 89' lang='lat' dir='ltr'><strong>vos</strong></span> <span class='ocrx_word' id='word_1_177' title='bbox 2778 1120 3047 1174; x_wconf 89' lang='lat' dir='ltr'><strong>destinare</strong></span> <span class='ocrx_word' id='word_1_178' title='bbox 3069 1118 3305 1183; x_wconf 83' lang='lat' dir='ltr'><strong>festinet,</strong></span> <span class='ocrx_word' id='word_1_179' title='bbox 3339 1118 3431 1188; x_wconf 89' lang='lat' dir='ltr'><strong>qui</strong></span> <span class='ocrx_word' id='word_1_180' title='bbox 3452 1134 3545 1173; x_wconf 84' lang='lat' dir='ltr'><strong>re-</strong></span> 
     </span>
    </p>
   </div>
   <div class='ocr_carea' id='block_1_28' title="bbox 1944 1206 3545 1277">
    <p class='ocr_par' dir='ltr' id='par_1_28' title="bbox 1944 1206 3545 1277">
     <span class='ocr_line' id='line_1_28' title="bbox 1944 1206 3545 1277; baseline 0.002 -18"><span class='ocrx_word' id='word_1_181' title='bbox 1944 1206 2046 1260; x_wconf 90' lang='lat' dir='ltr'><strong>bus</strong></span> <span class='ocrx_word' id='word_1_182' title='bbox 2069 1208 2387 1277; x_wconf 90' lang='lat' dir='ltr'><strong>opportunis</strong></span> <span class='ocrx_word' id='word_1_183' title='bbox 2410 1206 2998 1264; x_wconf 84' lang='lat' dir='ltr'><strong>suﬂicienterinstructi</strong></span> <span class='ocrx_word' id='word_1_184' title='bbox 3022 1214 3201 1262; x_wconf 89' lang='lat' dir='ltr'><strong>vestra</strong></span> <span class='ocrx_word' id='word_1_185' title='bbox 3222 1206 3432 1277; x_wconf 90' lang='lat' dir='ltr'><strong>possint</strong></span> <span class='ocrx_word' id='word_1_186' title='bbox 3452 1222 3545 1262; x_wconf 88' lang='lat' dir='ltr'><strong>ne-</strong></span> 
     </span>
    </p>
   </div>
   <div class='ocr_carea' id='block_1_29' title="bbox 1942 1294 3541 1367">
    <p class='ocr_par' dir='ltr' id='par_1_29' title="bbox 1942 1294 3541 1367">
     <span class='ocr_line' id='line_1_29' title="bbox 1942 1294 3541 1367; baseline 0 -19"><span class='ocrx_word' id='word_1_187' title='bbox 1942 1294 2109 1366; x_wconf 88' lang='lat' dir='ltr'><strong>gotia,</strong></span> <span class='ocrx_word' id='word_1_188' title='bbox 2144 1296 2381 1365; x_wconf 86' lang='lat' dir='ltr'><strong>prepriis</strong></span> <span class='ocrx_word' id='word_1_189' title='bbox 2411 1296 2623 1350; x_wconf 89' lang='lat' dir='ltr'><strong>illorum</strong></span> <span class='ocrx_word' id='word_1_190' title='bbox 2649 1297 2969 1367; x_wconf 82' lang='lat' dir='ltr'><strong>sumptibus,</strong></span> <span class='ocrx_word' id='word_1_191' title='bbox 3002 1296 3057 1350; x_wconf 91' lang='lat' dir='ltr'><strong>in</strong></span> <span class='ocrx_word' id='word_1_192' title='bbox 3086 1295 3247 1350; x_wconf 90' lang='lat' dir='ltr'><strong>Curia</strong></span> <span class='ocrx_word' id='word_1_193' title='bbox 3276 1295 3541 1360; x_wconf 83' lang='lat' dir='ltr'><strong>Romana,</strong></span> 
     </span>
    </p>
   </div>
   <div class='ocr_carea' id='block_1_30' title="bbox 1941 1381 3542 1454">
    <p class='ocr_par' dir='ltr' id='par_1_30' title="bbox 1941 1381 3542 1454">
     <span class='ocr_line' id='line_1_30' title="bbox 1941 1381 3542 1454; baseline 0.001 -19"><span class='ocrx_word' id='word_1_194' title='bbox 1941 1382 1995 1435; x_wconf 91' lang='lat' dir='ltr'><strong>in</strong></span> <span class='ocrx_word' id='word_1_195' title='bbox 2026 1381 2347 1437; x_wconf 80' lang='lat' dir='ltr'><strong>Alcmannia</strong></span> <span class='ocrx_word' id='word_1_196' title='bbox 2404 1390 2564 1453; x_wconf 88' lang='lat' dir='ltr'><strong>atque</strong></span> <span class='ocrx_word' id='word_1_197' title='bbox 2594 1384 2869 1454; x_wconf 86' lang='lat' dir='ltr'><strong>Hispania,</strong></span> <span class='ocrx_word' id='word_1_198' title='bbox 2921 1399 3133 1440; x_wconf 89' lang='lat' dir='ltr'><strong>necnon</strong></span> <span class='ocrx_word' id='word_1_199' title='bbox 3162 1392 3215 1438; x_wconf 89' lang='lat' dir='ltr'><strong>et</strong></span> <span class='ocrx_word' id='word_1_200' title='bbox 3242 1383 3390 1451; x_wconf 91' lang='lat' dir='ltr'><strong>alibi,</strong></span> <span class='ocrx_word' id='word_1_201' title='bbox 3435 1398 3542 1454; x_wconf 88' lang='lat' dir='ltr'><strong>quo</strong></span> 
     </span>
    </p>
   </div>
   <div class='ocr_carea' id='block_1_31' title="bbox 1940 1470 3543 1542">
    <p class='ocr_par' dir='ltr' id='par_1_31' title="bbox 1940 1470 3543 1542">
     <span class='ocr_line' id='line_1_31' title="bbox 1940 1470 3543 1542; baseline 0.001 -18"><span class='ocrx_word' id='word_1_202' title='bbox 1940 1485 2034 1525; x_wconf 91' lang='lat' dir='ltr'><strong>eos</strong></span> <span class='ocrx_word' id='word_1_203' title='bbox 2062 1470 2388 1525; x_wconf 87' lang='lat' dir='ltr'><strong>censueritis</strong></span> <span class='ocrx_word' id='word_1_204' title='bbox 2418 1471 2792 1536; x_wconf 90' lang='lat' dir='ltr'><strong>destinandos,</strong></span> <span class='ocrx_word' id='word_1_205' title='bbox 2825 1473 3151 1542; x_wconf 88' lang='lat' dir='ltr'><strong>competenti</strong></span> <span class='ocrx_word' id='word_1_206' title='bbox 3201 1471 3419 1526; x_wconf 89' lang='lat' dir='ltr'><strong>solertia</strong></span> <span class='ocrx_word' id='word_1_207' title='bbox 3448 1487 3543 1526; x_wconf 86' lang='lat' dir='ltr'><strong>ex-</strong></span> 
     </span>
    </p>
   </div>
   <div class='ocr_carea' id='block_1_32' title="bbox 1939 1559 3541 1629">
    <p class='ocr_par' dir='ltr' id='par_1_32' title="bbox 1939 1559 3541 1629">
     <span class='ocr_line' id='line_1_32' title="bbox 1939 1559 3541 1629; baseline 0.001 -16"><span class='ocrx_word' id='word_1_208' title='bbox 1939 1559 2142 1628; x_wconf 89' lang='lat' dir='ltr'><strong>pedire.</strong></span> <span class='ocrx_word' id='word_1_209' title='bbox 2212 1559 2315 1627; x_wconf 88' lang='lat' dir='ltr'><strong>Qui</strong></span> <span class='ocrx_word' id='word_1_210' title='bbox 2371 1560 2619 1629; x_wconf 89' lang='lat' dir='ltr'><strong>pluribus</strong></span> <span class='ocrx_word' id='word_1_211' title='bbox 2681 1560 3079 1614; x_wconf 83' lang='lat' dir='ltr'><strong>immoremur?</strong></span> <span class='ocrx_word' id='word_1_212' title='bbox 3118 1560 3274 1615; x_wconf 88' lang='lat' dir='ltr'><strong>Venit</strong></span> <span class='ocrx_word' id='word_1_213' title='bbox 3322 1561 3541 1615; x_wconf 87' lang='lat' dir='ltr'><strong>tandem</strong></span> 
     </span>
    </p>
   </div>
   <div class='ocr_carea' id='block_1_33' title="bbox 235 1645 3542 1735">
    <p class='ocr_par' dir='ltr' id='par_1_33' title="bbox 235 1645 3542 1735">
     <span class='ocr_line' id='line_1_33' title="bbox 235 1645 3542 1735; baseline 0.001 -36"><span class='ocrx_word' id='word_1_214' title='bbox 235 1645 585 1699; x_wconf 89' lang='lat' dir='ltr'><strong>innotuerunt</strong></span> <span class='ocrx_word' id='word_1_215' title='bbox 612 1687 626 1713; x_wconf 94' lang='lat'><strong>,</strong></span> <span class='ocrx_word' id='word_1_216' title='bbox 660 1646 836 1698; x_wconf 90' lang='lat' dir='ltr'><strong>statim</strong></span> <span class='ocrx_word' id='word_1_217' title='bbox 869 1645 1137 1698; x_wconf 78' lang='lat' dir='ltr'><strong>mandavit</strong></span> <span class='ocrx_word' id='word_1_218' title='bbox 1168 1653 1220 1699; x_wconf 90' lang='lat' dir='ltr'><strong>et</strong></span> <span class='ocrx_word' id='word_1_219' title='bbox 1268 1654 1531 1716; x_wconf 88' lang='lat' dir='ltr'><strong>quatenus</strong></span> <span class='ocrx_word' id='word_1_220' title='bbox 1581 1645 1650 1699; x_wconf 89' lang='lat' dir='ltr'><strong>ad</strong></span> <span class='ocrx_word' id='word_1_221' title='bbox 1682 1660 1834 1699; x_wconf 86' lang='lat' dir='ltr'><strong>suam</strong></span> <span class='ocrx_word' id='word_1_222' title='bbox 1858 1675 1910 1735; x_wconf 83' lang='lat' dir='ltr'><strong>B</strong></span> <span class='ocrx_word' id='word_1_223' title='bbox 1942 1646 2162 1701; x_wconf 92' lang='lat' dir='ltr'><strong>nuntius</strong></span> <span class='ocrx_word' id='word_1_224' title='bbox 2193 1648 2589 1718; x_wconf 88' lang='lat' dir='ltr'><strong>archiepiscopi</strong></span> <span class='ocrx_word' id='word_1_225' title='bbox 2621 1648 2689 1701; x_wconf 88' lang='lat' dir='ltr'><strong>ad</strong></span> <span class='ocrx_word' id='word_1_226' title='bbox 2738 1648 3074 1718; x_wconf 84' lang='lat' dir='ltr'><strong>episcOpum,</strong></span> <span class='ocrx_word' id='word_1_227' title='bbox 3128 1656 3464 1717; x_wconf 70' lang='lat' dir='ltr'><strong>praesentans</strong></span> <span class='ocrx_word' id='word_1_228' title='bbox 3492 1649 3542 1703; x_wconf 90' lang='lat' dir='ltr'><strong>ei</strong></span> 
     </span>
    </p>
   </div>
   <div class='ocr_carea' id='block_1_34' title="bbox 235 1733 1838 1799">
    <p class='ocr_par' dir='ltr' id='par_1_34' title="bbox 235 1733 1838 1799">
     <span class='ocr_line' id='line_1_34' title="bbox 235 1733 1838 1799; baseline -0.001 -9"><span class='ocrx_word' id='word_1_229' title='bbox 235 1750 360 1790; x_wconf 90' lang='lat' dir='ltr'><strong>cum</strong></span> <span class='ocrx_word' id='word_1_230' title='bbox 391 1735 490 1789; x_wconf 91' lang='lat' dir='ltr'><strong>Dei</strong></span> <span class='ocrx_word' id='word_1_231' title='bbox 520 1734 895 1790; x_wconf 88' lang='lat' dir='ltr'><strong>benedictione</strong></span> <span class='ocrx_word' id='word_1_232' title='bbox 940 1733 1239 1790; x_wconf 86' lang='lat' dir='ltr'><strong>Ecclesiam</strong></span> <span class='ocrx_word' id='word_1_233' title='bbox 1282 1734 1505 1799; x_wconf 86' lang='lat' dir='ltr'><strong>rediret,</strong></span> <span class='ocrx_word' id='word_1_234' title='bbox 1546 1748 1647 1788; x_wconf 91' lang='lat' dir='ltr'><strong>nec</strong></span> <span class='ocrx_word' id='word_1_235' title='bbox 1678 1749 1838 1789; x_wconf 91' lang='lat' dir='ltr'><strong>mane</strong></span> 
     </span>
    </p>
   </div>
   <div class='ocr_carea' id='block_1_35' title="bbox 234 1821 1836 1888">
    <p class='ocr_par' dir='ltr' id='par_1_35' title="bbox 234 1821 1836 1888">
     <span class='ocr_line' id='line_1_35' title="bbox 234 1821 1836 1888; baseline -0.001 -11"><span class='ocrx_word' id='word_1_236' title='bbox 234 1823 405 1877; x_wconf 88' lang='lat' dir='ltr'><strong>altero</strong></span> <span class='ocrx_word' id='word_1_237' title='bbox 451 1823 520 1876; x_wconf 90' lang='lat' dir='ltr'><strong>ad</strong></span> <span class='ocrx_word' id='word_1_238' title='bbox 588 1840 647 1878; x_wconf 92' lang='lat' dir='ltr'><strong>se</strong></span> <span class='ocrx_word' id='word_1_239' title='bbox 711 1822 1008 1888; x_wconf 89' lang='lat' dir='ltr'><strong>veniendi,</strong></span> <span class='ocrx_word' id='word_1_240' title='bbox 1058 1830 1117 1875; x_wconf 91' lang='lat' dir='ltr'><strong>ut</strong></span> <span class='ocrx_word' id='word_1_241' title='bbox 1159 1821 1530 1887; x_wconf 82' lang='lat' dir='ltr'><strong>condixerant,</strong></span> <span class='ocrx_word' id='word_1_242' title='bbox 1597 1822 1836 1877; x_wconf 88' lang='lat' dir='ltr'><strong>laborem</strong></span> 
     </span>
    </p>
   </div>
   <div class='ocr_carea' id='block_1_36' title="bbox 236 1910 1835 1981">
    <p class='ocr_par' dir='ltr' id='par_1_36' title="bbox 236 1910 1835 1981">
     <span class='ocr_line' id='line_1_36' title="bbox 236 1910 1835 1981; baseline -0.001 -16"><span class='ocrx_word' id='word_1_243' title='bbox 236 1920 560 1976; x_wconf 90' lang='lat' dir='ltr'><strong>assumeret,</strong></span> <span class='ocrx_word' id='word_1_244' title='bbox 595 1912 690 1966; x_wconf 89' lang='lat' dir='ltr'><strong>sed</strong></span> <span class='ocrx_word' id='word_1_245' title='bbox 728 1928 827 1981; x_wconf 90' lang='lat' dir='ltr'><strong>pro</strong></span> <span class='ocrx_word' id='word_1_246' title='bbox 858 1927 922 1965; x_wconf 93' lang='lat' dir='ltr'><strong>eo</strong></span> <span class='ocrx_word' id='word_1_247' title='bbox 953 1911 1021 1965; x_wconf 91' lang='lat' dir='ltr'><strong>ad</strong></span> <span class='ocrx_word' id='word_1_248' title='bbox 1051 1910 1340 1965; x_wconf 91' lang='lat' dir='ltr'><strong>Dominum</strong></span> <span class='ocrx_word' id='word_1_249' title='bbox 1372 1910 1517 1965; x_wconf 90' lang='lat' dir='ltr'><strong>bono</strong></span> <span class='ocrx_word' id='word_1_250' title='bbox 1547 1910 1727 1965; x_wconf 90' lang='lat' dir='ltr'><strong>animo</strong></span> <span class='ocrx_word' id='word_1_251' title='bbox 1750 1911 1835 1964; x_wconf 88' lang='lat' dir='ltr'><strong>in-</strong></span> 
     </span>
    </p>
   </div>
   <div class='ocr_carea' id='block_1_37' title="bbox 237 1998 1837 2071">
    <p class='ocr_par' dir='ltr' id='par_1_37' title="bbox 237 1998 1837 2071">
     <span class='ocr_line' id='line_1_37' title="bbox 237 1998 1837 2071; baseline 0 -18"><span class='ocrx_word' id='word_1_252' title='bbox 237 2000 550 2055; x_wconf 89' lang='lat' dir='ltr'><strong>desinenter</strong></span> <span class='ocrx_word' id='word_1_253' title='bbox 574 2008 776 2055; x_wconf 87' lang='lat' dir='ltr'><strong>oraret.</strong></span> <span class='ocrx_word' id='word_1_254' title='bbox 830 1999 918 2054; x_wconf 90' lang='lat' dir='ltr'><strong>Sic</strong></span> <span class='ocrx_word' id='word_1_255' title='bbox 975 2000 1132 2071; x_wconf 81' lang='lat' dir='ltr'><strong>[Iugo</strong></span> <span class='ocrx_word' id='word_1_256' title='bbox 1179 1998 1232 2052; x_wconf 92' lang='lat' dir='ltr'><strong>in</strong></span> <span class='ocrx_word' id='word_1_257' title='bbox 1280 1998 1497 2053; x_wconf 89' lang='lat' dir='ltr'><strong>nomine</strong></span> <span class='ocrx_word' id='word_1_258' title='bbox 1542 1999 1757 2053; x_wconf 90' lang='lat' dir='ltr'><strong>Domini</strong></span> <span class='ocrx_word' id='word_1_259' title='bbox 1805 2014 1837 2053; x_wconf 92' lang='lat' dir='ltr'><strong>a</strong></span> 
     </span>
    </p>
   </div>
   <div class='ocr_carea' id='block_1_38' title="bbox 236 2086 1835 2161">
    <p class='ocr_par' dir='ltr' id='par_1_38' title="bbox 236 2086 1835 2161">
     <span class='ocr_line' id='line_1_38' title="bbox 236 2086 1835 2161; baseline -0.001 -17"><span class='ocrx_word' id='word_1_260' title='bbox 236 2088 517 2144; x_wconf 87' lang='lat' dir='ltr'><strong>curialium</strong></span> <span class='ocrx_word' id='word_1_261' title='bbox 548 2088 755 2160; x_wconf 88' lang='lat' dir='ltr'><strong>laqueis</strong></span> <span class='ocrx_word' id='word_1_262' title='bbox 786 2088 1066 2155; x_wconf 89' lang='lat' dir='ltr'><strong>liberatus,</strong></span> <span class='ocrx_word' id='word_1_263' title='bbox 1120 2089 1295 2142; x_wconf 92' lang='lat' dir='ltr'><strong>Deum</strong></span> <span class='ocrx_word' id='word_1_264' title='bbox 1343 2086 1633 2161; x_wconf 84' lang='lat' dir='ltr'><strong>magniﬁce</strong></span> <span class='ocrx_word' id='word_1_265' title='bbox 1672 2087 1835 2143; x_wconf 89' lang='lat' dir='ltr'><strong>bene-</strong></span> 
     </span>
    </p>
   </div>
   <div class='ocr_carea' id='block_1_39' title="bbox 234 2176 1835 2248">
    <p class='ocr_par' dir='ltr' id='par_1_39' title="bbox 234 2176 1835 2248">
     <span class='ocr_line' id='line_1_39' title="bbox 234 2176 1835 2248; baseline -0.001 -15"><span class='ocrx_word' id='word_1_266' title='bbox 234 2177 422 2233; x_wconf 90' lang='lat' dir='ltr'><strong>dicens</strong></span> <span class='ocrx_word' id='word_1_267' title='bbox 452 2193 575 2233; x_wconf 91' lang='lat' dir='ltr'><strong>cum</strong></span> <span class='ocrx_word' id='word_1_268' title='bbox 607 2178 720 2233; x_wconf 90' lang='lat' dir='ltr'><strong>suis</strong></span> <span class='ocrx_word' id='word_1_269' title='bbox 749 2178 1000 2233; x_wconf 90' lang='lat' dir='ltr'><strong>omnibus</strong></span> <span class='ocrx_word' id='word_1_270' title='bbox 1048 2176 1118 2232; x_wconf 91' lang='lat' dir='ltr'><strong>ad</strong></span> <span class='ocrx_word' id='word_1_271' title='bbox 1169 2192 1269 2231; x_wconf 91' lang='lat' dir='ltr'><strong>sua</strong></span> <span class='ocrx_word' id='word_1_272' title='bbox 1316 2192 1440 2232; x_wconf 92' lang='lat' dir='ltr'><strong>cum</strong></span> <span class='ocrx_word' id='word_1_273' title='bbox 1488 2176 1687 2248; x_wconf 82' lang='lat' dir='ltr'><strong>gaudio</strong></span> <span class='ocrx_word' id='word_1_274' title='bbox 1745 2193 1835 2233; x_wconf 88' lang='lat' dir='ltr'><strong>re-</strong></span> 
     </span>
    </p>
   </div>
   <div class='ocr_carea' id='block_1_40' title="bbox 235 2267 453 2322">
    <p class='ocr_par' dir='ltr' id='par_1_40' title="bbox 235 2267 453 2322">
     <span class='ocr_line' id='line_1_40' title="bbox 235 2267 453 2322; baseline -0.009 -1"><span class='ocrx_word' id='word_1_275' title='bbox 235 2267 453 2322; x_wconf 80' lang='lat' dir='ltr'><strong>meavit.</strong></span> 
     </span>
    </p>
   </div>
   <div class='ocr_carea' id='block_1_41' title="bbox 309 2355 1835 2427">
    <p class='ocr_par' dir='ltr' id='par_1_41' title="bbox 309 2355 1835 2427">
     <span class='ocr_line' id='line_1_41' title="bbox 309 2355 1835 2427; baseline 0.001 -18"><span class='ocrx_word' id='word_1_276' title='bbox 309 2356 408 2409; x_wconf 79' lang='lat' dir='ltr'><strong>Vix</strong></span> <span class='ocrx_word' id='word_1_277' title='bbox 438 2363 615 2410; x_wconf 90' lang='lat' dir='ltr'><strong>autem</strong></span> <span class='ocrx_word' id='word_1_278' title='bbox 647 2356 903 2427; x_wconf 87' lang='lat' dir='ltr'><strong>episcOpo</strong></span> <span class='ocrx_word' id='word_1_279' title='bbox 931 2355 986 2409; x_wconf 91' lang='lat' dir='ltr'><strong>in</strong></span> <span class='ocrx_word' id='word_1_280' title='bbox 1020 2355 1269 2426; x_wconf 81' lang='lat' dir='ltr'><strong>Angliam</strong></span> <span class='ocrx_word' id='word_1_281' title='bbox 1303 2370 1543 2421; x_wconf 87' lang='lat' dir='ltr'><strong>reverso,</strong></span> <span class='ocrx_word' id='word_1_282' title='bbox 1581 2371 1704 2411; x_wconf 93' lang='lat' dir='ltr'><strong>cum</strong></span> <span class='ocrx_word' id='word_1_283' title='bbox 1734 2371 1835 2411; x_wconf 91' lang='lat' dir='ltr'><strong>nec</strong></span> 
     </span>
    </p>
   </div>
   <div class='ocr_carea' id='block_1_42' title="bbox 235 2444 1833 2515">
    <p class='ocr_par' dir='ltr' id='par_1_42' title="bbox 235 2444 1833 2515">
     <span class='ocr_line' id='line_1_42' title="bbox 235 2444 1833 2515; baseline -0.001 -16"><span class='ocrx_word' id='word_1_284' title='bbox 235 2444 305 2499; x_wconf 88' lang='lat' dir='ltr'><strong>ad</strong></span> <span class='ocrx_word' id='word_1_285' title='bbox 351 2444 655 2500; x_wconf 88' lang='lat' dir='ltr'><strong>Ecclesiam</strong></span> <span class='ocrx_word' id='word_1_286' title='bbox 705 2462 856 2499; x_wconf 90' lang='lat' dir='ltr'><strong>suam</strong></span> <span class='ocrx_word' id='word_1_287' title='bbox 902 2445 1261 2515; x_wconf 84' lang='lat' dir='ltr'><strong>pervenisset,</strong></span> <span class='ocrx_word' id='word_1_288' title='bbox 1310 2445 1455 2498; x_wconf 92' lang='lat' dir='ltr'><strong>idem</strong></span> <span class='ocrx_word' id='word_1_289' title='bbox 1512 2461 1603 2500; x_wconf 92' lang='lat' dir='ltr'><strong>rex</strong></span> <span class='ocrx_word' id='word_1_290' title='bbox 1650 2452 1833 2499; x_wconf 90' lang='lat' dir='ltr'><strong>contra</strong></span> 
     </span>
    </p>
   </div>
   <div class='ocr_carea' id='block_1_43' title="bbox 232 2532 1832 2605">
    <p class='ocr_par' dir='ltr' id='par_1_43' title="bbox 232 2532 1832 2605">
     <span class='ocr_line' id='line_1_43' title="bbox 232 2532 1832 2605; baseline 0.001 -17"><span class='ocrx_word' id='word_1_291' title='bbox 232 2550 424 2605; x_wconf 84' lang='lat' dir='ltr'><strong>regem</strong></span> <span class='ocrx_word' id='word_1_292' title='bbox 485 2534 815 2589; x_wconf 87' lang='lat' dir='ltr'><strong>Francorum</strong></span> <span class='ocrx_word' id='word_1_293' title='bbox 867 2536 1014 2603; x_wconf 78' lang='lat'><strong>(213)</strong></span> <span class='ocrx_word' id='word_1_294' title='bbox 1064 2549 1231 2604; x_wconf 90' lang='lat' dir='ltr'><strong>prope</strong></span> <span class='ocrx_word' id='word_1_295' title='bbox 1279 2532 1586 2588; x_wconf 91' lang='lat' dir='ltr'><strong>Gisorcium</strong></span> <span class='ocrx_word' id='word_1_296' title='bbox 1632 2533 1832 2604; x_wconf 91' lang='lat' dir='ltr'><strong>impetu</strong></span> 
     </span>
    </p>
   </div>
   <div class='ocr_carea' id='block_1_44' title="bbox 231 2621 1833 2693">
    <p class='ocr_par' dir='ltr' id='par_1_44' title="bbox 231 2621 1833 2693">
     <span class='ocr_line' id='line_1_44' title="bbox 231 2621 1833 2693; baseline -0.001 -17"><span class='ocrx_word' id='word_1_297' title='bbox 231 2621 397 2689; x_wconf 84' lang='lat' dir='ltr'><strong>facto,</strong></span> <span class='ocrx_word' id='word_1_298' title='bbox 433 2629 485 2676; x_wconf 89' lang='lat' dir='ltr'><strong>et</strong></span> <span class='ocrx_word' id='word_1_299' title='bbox 514 2623 688 2692; x_wconf 90' lang='lat' dir='ltr'><strong>captis</strong></span> <span class='ocrx_word' id='word_1_300' title='bbox 716 2622 959 2692; x_wconf 90' lang='lat' dir='ltr'><strong>pluribus</strong></span> <span class='ocrx_word' id='word_1_301' title='bbox 990 2622 1159 2693; x_wconf 89' lang='lat' dir='ltr'><strong>ipsius</strong></span> <span class='ocrx_word' id='word_1_302' title='bbox 1200 2622 1537 2691; x_wconf 89' lang='lat' dir='ltr'><strong>optimatum,</strong></span> <span class='ocrx_word' id='word_1_303' title='bbox 1571 2621 1747 2692; x_wconf 72' lang='lat' dir='ltr'><strong>ipsu&#39;n</strong></span> <span class='ocrx_word' id='word_1_304' title='bbox 1778 2622 1833 2676; x_wconf 92' lang='lat' dir='ltr'><strong>in</strong></span> 
     </span>
    </p>
   </div>
   <div class='ocr_carea' id='block_1_45' title="bbox 230 2710 1831 2783">
    <p class='ocr_par' dir='ltr' id='par_1_45' title="bbox 230 2710 1831 2783">
     <span class='ocr_line' id='line_1_45' title="bbox 230 2710 1831 2783; baseline 0.001 -19"><span class='ocrx_word' id='word_1_305' title='bbox 230 2710 417 2780; x_wconf 85' lang='lat' dir='ltr'><strong>fugam</strong></span> <span class='ocrx_word' id='word_1_306' title='bbox 448 2710 577 2783; x_wconf 91' lang='lat' dir='ltr'><strong>egit.</strong></span> <span class='ocrx_word' id='word_1_307' title='bbox 612 2710 761 2765; x_wconf 92' lang='lat' dir='ltr'><strong>Tunc</strong></span> <span class='ocrx_word' id='word_1_308' title='bbox 791 2711 953 2765; x_wconf 88' lang='lat' dir='ltr'><strong>etiam</strong></span> <span class='ocrx_word' id='word_1_309' title='bbox 986 2726 1170 2765; x_wconf 90' lang='lat' dir='ltr'><strong>comes</strong></span> <span class='ocrx_word' id='word_1_310' title='bbox 1218 2710 1594 2764; x_wconf 87' lang='lat' dir='ltr'><strong>Niverniensis</strong></span> <span class='ocrx_word' id='word_1_311' title='bbox 1623 2710 1677 2763; x_wconf 90' lang='lat' dir='ltr'><strong>in</strong></span> <span class='ocrx_word' id='word_1_312' title='bbox 1723 2710 1831 2765; x_wconf 87' lang='lat' dir='ltr'><strong>fos-</strong></span> 
     </span>
    </p>
   </div>
   <div class='ocr_carea' id='block_1_46' title="bbox 231 2798 1831 2869">
    <p class='ocr_par' dir='ltr' id='par_1_46' title="bbox 231 2798 1831 2869">
     <span class='ocr_line' id='line_1_46' title="bbox 231 2798 1831 2869; baseline 0.001 -17"><span class='ocrx_word' id='word_1_313' title='bbox 231 2806 410 2852; x_wconf 89' lang='lat' dir='ltr'><strong>satum</strong></span> <span class='ocrx_word' id='word_1_314' title='bbox 440 2798 647 2853; x_wconf 89' lang='lat' dir='ltr'><strong>castelli</strong></span> <span class='ocrx_word' id='word_1_315' title='bbox 678 2798 938 2867; x_wconf 86' lang='lat' dir='ltr'><strong>dejectus,</strong></span> <span class='ocrx_word' id='word_1_316' title='bbox 974 2799 1132 2869; x_wconf 85' lang='lat' dir='ltr'><strong>aquis</strong></span> <span class='ocrx_word' id='word_1_317' title='bbox 1156 2807 1379 2853; x_wconf 91' lang='lat' dir='ltr'><strong>enectus</strong></span> <span class='ocrx_word' id='word_1_318' title='bbox 1410 2798 1626 2852; x_wconf 89' lang='lat' dir='ltr'><strong>interiit.</strong></span> <span class='ocrx_word' id='word_1_319' title='bbox 1661 2799 1831 2868; x_wconf 87' lang='lat' dir='ltr'><strong>Hujus</strong></span> 
     </span>
    </p>
   </div>
   <div class='ocr_carea' id='block_1_47' title="bbox 232 2886 1830 2957">
    <p class='ocr_par' dir='ltr' id='par_1_47' title="bbox 232 2886 1830 2957">
     <span class='ocr_line' id='line_1_47' title="bbox 232 2886 1830 2957; baseline 0.001 -18"><span class='ocrx_word' id='word_1_320' title='bbox 232 2894 412 2941; x_wconf 89' lang='lat' dir='ltr'><strong>autem</strong></span> <span class='ocrx_word' id='word_1_321' title='bbox 445 2886 703 2956; x_wconf 86' lang='lat' dir='ltr'><strong>triumphi</strong></span> <span class='ocrx_word' id='word_1_322' title='bbox 733 2886 931 2942; x_wconf 89' lang='lat' dir='ltr'><strong>seriem</strong></span> <span class='ocrx_word' id='word_1_323' title='bbox 992 2903 1085 2941; x_wconf 86' lang='lat' dir='ltr'><strong>rex</strong></span> <span class='ocrx_word' id='word_1_324' title='bbox 1133 2903 1261 2941; x_wconf 89' lang='lat' dir='ltr'><strong>mox</strong></span> <span class='ocrx_word' id='word_1_325' title='bbox 1312 2886 1675 2942; x_wconf 90' lang='lat' dir='ltr'><strong>Lincolniensi</strong></span> <span class='ocrx_word' id='word_1_326' title='bbox 1722 2887 1830 2957; x_wconf 89' lang='lat' dir='ltr'><strong>epi-</strong></span> 
     </span>
    </p>
   </div>
   <div class='ocr_carea' id='block_1_48' title="bbox 230 2974 1828 3046">
    <p class='ocr_par' dir='ltr' id='par_1_48' title="bbox 230 2974 1828 3046">
     <span class='ocr_line' id='line_1_48' title="bbox 230 2974 1828 3046; baseline 0.001 -18"><span class='ocrx_word' id='word_1_327' title='bbox 230 2990 399 3045; x_wconf 88' lang='lat' dir='ltr'><strong>scopo</strong></span> <span class='ocrx_word' id='word_1_328' title='bbox 428 2974 762 3046; x_wconf 82' lang='lat' dir='ltr'><strong>significans,</strong></span> <span class='ocrx_word' id='word_1_329' title='bbox 799 2983 870 3041; x_wconf 91' lang='lat' dir='ltr'><strong>et,</strong></span> <span class='ocrx_word' id='word_1_330' title='bbox 900 2982 955 3030; x_wconf 88' lang='lat' dir='ltr'><strong>ut</strong></span> <span class='ocrx_word' id='word_1_331' title='bbox 976 2991 1077 3045; x_wconf 91' lang='lat' dir='ltr'><strong>pro</strong></span> <span class='ocrx_word' id='word_1_332' title='bbox 1100 2990 1186 3042; x_wconf 89' lang='lat' dir='ltr'><strong>eo,</strong></span> <span class='ocrx_word' id='word_1_333' title='bbox 1210 2974 1348 3031; x_wconf 93' lang='lat' dir='ltr'><strong>sicut</strong></span> <span class='ocrx_word' id='word_1_334' title='bbox 1378 2983 1639 3046; x_wconf 71' lang='lat' dir='ltr'><strong>coeperat,</strong></span> <span class='ocrx_word' id='word_1_335' title='bbox 1674 2990 1828 3030; x_wconf 89' lang='lat' dir='ltr'><strong>orare</strong></span> 
     </span>
    </p>
   </div>
   <div class='ocr_carea' id='block_1_49' title="bbox 1942 1735 3541 1806">
    <p class='ocr_par' dir='ltr' id='par_1_49' title="bbox 1942 1735 3541 1806">
     <span class='ocr_line' id='line_1_49' title="bbox 1942 1735 3541 1806; baseline 0.003 -18"><span class='ocrx_word' id='word_1_336' title='bbox 1942 1736 2229 1791; x_wconf 85' lang='lat' dir='ltr'><strong>duodecim</strong></span> <span class='ocrx_word' id='word_1_337' title='bbox 2279 1737 2433 1806; x_wconf 89' lang='lat' dir='ltr'><strong>paria</strong></span> <span class='ocrx_word' id='word_1_338' title='bbox 2480 1736 2803 1801; x_wconf 87' lang='lat' dir='ltr'><strong>litterarum,</strong></span> <span class='ocrx_word' id='word_1_339' title='bbox 2854 1736 3077 1791; x_wconf 90' lang='lat' dir='ltr'><strong>totidem</strong></span> <span class='ocrx_word' id='word_1_340' title='bbox 3118 1735 3381 1792; x_wconf 74' lang='lat' dir='ltr'><strong>Ecclesiae</strong></span> <span class='ocrx_word' id='word_1_341' title='bbox 3428 1752 3541 1792; x_wconf 75' lang='lat' dir='ltr'><strong>suae</strong></span> 
     </span>
    </p>
   </div>
   <div class='ocr_carea' id='block_1_50' title="bbox 1938 1824 3540 1897">
    <p class='ocr_par' dir='ltr' id='par_1_50' title="bbox 1938 1824 3540 1897">
     <span class='ocr_line' id='line_1_50' title="bbox 1938 1824 3540 1897; baseline 0 -18"><span class='ocrx_word' id='word_1_342' title='bbox 1938 1824 2189 1894; x_wconf 89' lang='lat' dir='ltr'><strong>personis</strong></span> <span class='ocrx_word' id='word_1_343' title='bbox 2222 1841 2285 1879; x_wconf 85' lang='lat' dir='ltr'><strong>ex</strong></span> <span class='ocrx_word' id='word_1_344' title='bbox 2318 1825 2767 1880; x_wconf 86' lang='lat' dir='ltr'><strong>eminentioribus</strong></span> <span class='ocrx_word' id='word_1_345' title='bbox 2816 1824 3170 1897; x_wconf 87' lang='lat' dir='ltr'><strong>porrigenda,</strong></span> <span class='ocrx_word' id='word_1_346' title='bbox 3223 1824 3403 1895; x_wconf 86' lang='lat' dir='ltr'><strong>sigillo</strong></span> <span class='ocrx_word' id='word_1_347' title='bbox 3451 1840 3540 1879; x_wconf 86' lang='lat' dir='ltr'><strong>ar-</strong></span> 
     </span>
    </p>
   </div>
   <div class='ocr_carea' id='block_1_51' title="bbox 1938 1911 3539 1984">
    <p class='ocr_par' dir='ltr' id='par_1_51' title="bbox 1938 1911 3539 1984">
     <span class='ocr_line' id='line_1_51' title="bbox 1938 1911 3539 1984; baseline 0.002 -19"><span class='ocrx_word' id='word_1_348' title='bbox 1938 1911 2323 1983; x_wconf 91' lang='lat' dir='ltr'><strong>chiepisc0pali</strong></span> <span class='ocrx_word' id='word_1_349' title='bbox 2346 1912 2574 1968; x_wconf 90' lang='lat' dir='ltr'><strong>inclusa.</strong></span> <span class='ocrx_word' id='word_1_350' title='bbox 2603 1912 2789 1967; x_wconf 85' lang='lat' dir='ltr'><strong>Attulit</strong></span> <span class='ocrx_word' id='word_1_351' title='bbox 2811 1913 2970 1967; x_wconf 90' lang='lat' dir='ltr'><strong>etiam</strong></span> <span class='ocrx_word' id='word_1_352' title='bbox 2993 1912 3259 1983; x_wconf 89' lang='lat' dir='ltr'><strong>speciales</strong></span> <span class='ocrx_word' id='word_1_353' title='bbox 3281 1913 3539 1984; x_wconf 90' lang='lat' dir='ltr'><strong>episcopo</strong></span> 
     </span>
    </p>
   </div>
   <div class='ocr_carea' id='block_1_52' title="bbox 1936 1999 3538 2072">
    <p class='ocr_par' dir='ltr' id='par_1_52' title="bbox 1936 1999 3538 2072">
     <span class='ocr_line' id='line_1_52' title="bbox 1936 1999 3538 2072; baseline 0.001 -19"><span class='ocrx_word' id='word_1_354' title='bbox 1936 1999 2167 2063; x_wconf 89' lang='lat' dir='ltr'><strong>litteras,</strong></span> <span class='ocrx_word' id='word_1_355' title='bbox 2232 2000 2288 2054; x_wconf 92' lang='lat' dir='ltr'><strong>in</strong></span> <span class='ocrx_word' id='word_1_356' title='bbox 2345 2001 2541 2072; x_wconf 89' lang='lat' dir='ltr'><strong>quibus</strong></span> <span class='ocrx_word' id='word_1_357' title='bbox 2605 2002 2990 2071; x_wconf 68' lang='lat' dir='ltr'><strong>praedictarum</strong></span> <span class='ocrx_word' id='word_1_358' title='bbox 3037 2009 3193 2056; x_wconf 91' lang='lat' dir='ltr'><strong>tenor</strong></span> <span class='ocrx_word' id='word_1_359' title='bbox 3242 2001 3538 2056; x_wconf 90' lang='lat' dir='ltr'><strong>litterarum</strong></span> 
     </span>
    </p>
   </div>
   <div class='ocr_carea' id='block_1_53' title="bbox 1930 2088 3539 2161">
    <p class='ocr_par' dir='ltr' id='par_1_53' title="bbox 1930 2088 3539 2161">
     <span class='ocr_line' id='line_1_53' title="bbox 1930 2088 3539 2161; baseline 0.002 -19"><span class='ocrx_word' id='word_1_360' title='bbox 1930 2089 2083 2156; x_wconf 88' lang='lat' dir='ltr'><strong>juxta</strong></span> <span class='ocrx_word' id='word_1_361' title='bbox 2114 2088 2399 2143; x_wconf 86' lang='lat' dir='ltr'><strong>formulam</strong></span> <span class='ocrx_word' id='word_1_362' title='bbox 2432 2090 2681 2159; x_wconf 88' lang='lat' dir='ltr'><strong>superius</strong></span> <span class='ocrx_word' id='word_1_363' title='bbox 2712 2091 3159 2160; x_wconf 86' lang='lat' dir='ltr'><strong>comprehensam</strong></span> <span class='ocrx_word' id='word_1_364' title='bbox 3189 2090 3539 2161; x_wconf 91' lang='lat' dir='ltr'><strong>exprimeba-</strong></span> 
     </span>
    </p>
   </div>
   <div class='ocr_carea' id='block_1_54' title="bbox 1936 2177 3536 2250">
    <p class='ocr_par' dir='ltr' id='par_1_54' title="bbox 1936 2177 3536 2250">
     <span class='ocr_line' id='line_1_54' title="bbox 1936 2177 3536 2250; baseline 0.001 -20"><span class='ocrx_word' id='word_1_365' title='bbox 1936 2183 2039 2231; x_wconf 91' lang='lat' dir='ltr'><strong>tur.</strong></span> <span class='ocrx_word' id='word_1_366' title='bbox 2077 2178 2136 2231; x_wconf 91' lang='lat' dir='ltr'><strong>In</strong></span> <span class='ocrx_word' id='word_1_367' title='bbox 2167 2193 2352 2231; x_wconf 91' lang='lat' dir='ltr'><strong>earum</strong></span> <span class='ocrx_word' id='word_1_368' title='bbox 2384 2192 2514 2233; x_wconf 91' lang='lat' dir='ltr'><strong>vero</strong></span> <span class='ocrx_word' id='word_1_369' title='bbox 2545 2177 2712 2245; x_wconf 88' lang='lat' dir='ltr'><strong>calce,</strong></span> <span class='ocrx_word' id='word_1_370' title='bbox 2764 2178 2916 2250; x_wconf 86' lang='lat' dir='ltr'><strong>regia</strong></span> <span class='ocrx_word' id='word_1_371' title='bbox 2964 2178 3282 2234; x_wconf 90' lang='lat' dir='ltr'><strong>auctoritate</strong></span> <span class='ocrx_word' id='word_1_372' title='bbox 3329 2178 3536 2248; x_wconf 88' lang='lat' dir='ltr'><strong>pariter</strong></span> 
     </span>
    </p>
   </div>
   <div class='ocr_carea' id='block_1_55' title="bbox 1934 2265 3535 2338">
    <p class='ocr_par' dir='ltr' id='par_1_55' title="bbox 1934 2265 3535 2338">
     <span class='ocr_line' id='line_1_55' title="bbox 1934 2265 3535 2338; baseline 0.001 -18"><span class='ocrx_word' id='word_1_373' title='bbox 1934 2273 1987 2320; x_wconf 91' lang='lat' dir='ltr'><strong>et</strong></span> <span class='ocrx_word' id='word_1_374' title='bbox 2016 2282 2112 2320; x_wconf 89' lang='lat' dir='ltr'><strong>sua</strong></span> <span class='ocrx_word' id='word_1_375' title='bbox 2139 2265 2415 2321; x_wconf 88' lang='lat' dir='ltr'><strong>mandavit</strong></span> <span class='ocrx_word' id='word_1_376' title='bbox 2466 2274 2728 2337; x_wconf 88' lang='lat' dir='ltr'><strong>quatenus</strong></span> <span class='ocrx_word' id='word_1_377' title='bbox 2776 2266 2984 2321; x_wconf 90' lang='lat' dir='ltr'><strong>litteras</strong></span> <span class='ocrx_word' id='word_1_378' title='bbox 3024 2266 3266 2338; x_wconf 88' lang='lat' dir='ltr'><strong>singulas</strong></span> <span class='ocrx_word' id='word_1_379' title='bbox 3311 2266 3418 2320; x_wconf 93' lang='lat' dir='ltr'><strong>illis</strong></span> <span class='ocrx_word' id='word_1_380' title='bbox 3464 2267 3535 2322; x_wconf 88' lang='lat' dir='ltr'><strong>ad</strong></span> 
     </span>
    </p>
   </div>
   <div class='ocr_carea' id='block_1_56' title="bbox 1932 2354 3536 2426">
    <p class='ocr_par' dir='ltr' id='par_1_56' title="bbox 1932 2354 3536 2426">
     <span class='ocr_line' id='line_1_56' title="bbox 1932 2354 3536 2426; baseline 0.002 -18"><span class='ocrx_word' id='word_1_381' title='bbox 1932 2370 2070 2425; x_wconf 91' lang='lat' dir='ltr'><strong>quos</strong></span> <span class='ocrx_word' id='word_1_382' title='bbox 2104 2363 2255 2409; x_wconf 89' lang='lat' dir='ltr'><strong>erant</strong></span> <span class='ocrx_word' id='word_1_383' title='bbox 2285 2354 2501 2425; x_wconf 76' lang='lat' dir='ltr'><strong>scriptae</strong></span> <span class='ocrx_word' id='word_1_384' title='bbox 2533 2354 2787 2422; x_wconf 89' lang='lat' dir='ltr'><strong>mitteret,</strong></span> <span class='ocrx_word' id='word_1_385' title='bbox 2840 2371 2977 2426; x_wconf 90' lang='lat' dir='ltr'><strong>quos</strong></span> <span class='ocrx_word' id='word_1_386' title='bbox 3021 2355 3089 2409; x_wconf 92' lang='lat' dir='ltr'><strong>ad</strong></span> <span class='ocrx_word' id='word_1_387' title='bbox 3138 2371 3291 2409; x_wconf 90' lang='lat' dir='ltr'><strong>suam</strong></span> <span class='ocrx_word' id='word_1_388' title='bbox 3322 2370 3536 2426; x_wconf 88' lang='lat' dir='ltr'><strong>quoque</strong></span> 
     </span>
    </p>
   </div>
   <div class='ocr_carea' id='block_1_57' title="bbox 1931 2442 3536 2516">
    <p class='ocr_par' dir='ltr' id='par_1_57' title="bbox 1931 2442 3536 2516">
     <span class='ocr_line' id='line_1_57' title="bbox 1931 2442 3536 2516; baseline 0.001 -19"><span class='ocrx_word' id='word_1_389' title='bbox 1931 2444 2278 2514; x_wconf 64' lang='lat' dir='ltr'><strong>praesentiam</strong></span> <span class='ocrx_word' id='word_1_390' title='bbox 2318 2443 2638 2509; x_wconf 90' lang='lat' dir='ltr'><strong>destinaret,</strong></span> <span class='ocrx_word' id='word_1_391' title='bbox 2689 2451 2911 2513; x_wconf 89' lang='lat' dir='ltr'><strong>paratos</strong></span> <span class='ocrx_word' id='word_1_392' title='bbox 2956 2444 3105 2512; x_wconf 87' lang='lat' dir='ltr'><strong>juxta</strong></span> <span class='ocrx_word' id='word_1_393' title='bbox 3144 2442 3375 2498; x_wconf 87' lang='lat' dir='ltr'><strong>formam</strong></span> <span class='ocrx_word' id='word_1_394' title='bbox 3397 2442 3536 2516; x_wconf 84' lang='lat' dir='ltr'><strong>regii</strong></span> 
     </span>
    </p>
   </div>
   <div class='ocr_carea' id='block_1_58' title="bbox 1930 2531 3530 2602">
    <p class='ocr_par' dir='ltr' id='par_1_58' title="bbox 1930 2531 3530 2602">
     <span class='ocr_line' id='line_1_58' title="bbox 1930 2531 3530 2602; baseline 0.001 -17"><span class='ocrx_word' id='word_1_395' title='bbox 1930 2531 2169 2585; x_wconf 86' lang='lat' dir='ltr'><strong>mandati</strong></span> <span class='ocrx_word' id='word_1_396' title='bbox 2202 2532 2271 2585; x_wconf 88' lang='lat' dir='ltr'><strong>ad</strong></span> <span class='ocrx_word' id='word_1_397' title='bbox 2303 2532 2479 2601; x_wconf 90' lang='lat' dir='ltr'><strong>ipsum</strong></span> <span class='ocrx_word' id='word_1_398' title='bbox 2525 2531 2848 2602; x_wconf 89' lang='lat' dir='ltr'><strong>quantocius</strong></span> <span class='ocrx_word' id='word_1_399' title='bbox 2895 2548 3079 2602; x_wconf 84' lang='lat' dir='ltr'><strong>regem</strong></span> <span class='ocrx_word' id='word_1_400' title='bbox 3110 2531 3477 2587; x_wconf 89' lang='lat' dir='ltr'><strong>transfretare.</strong></span> <span class='ocrx_word' id='word_1_401' title='bbox 3507 2552 3530 2580; x_wconf 76' lang='grc' dir='ltr'><strong><em>ι</em></strong></span> 
     </span>
    </p>
   </div>
   <div class='ocr_carea' id='block_1_59' title="bbox 1931 2619 3537 2692">
    <p class='ocr_par' dir='ltr' id='par_1_59' title="bbox 1931 2619 3537 2692">
     <span class='ocr_line' id='line_1_59' title="bbox 1931 2619 3537 2692; baseline 0.001 -19"><span class='ocrx_word' id='word_1_402' title='bbox 1931 2620 2026 2673; x_wconf 90' lang='lat' dir='ltr'><strong>His</strong></span> <span class='ocrx_word' id='word_1_403' title='bbox 2070 2620 2324 2692; x_wconf 91' lang='lat' dir='ltr'><strong>cognitis,</strong></span> <span class='ocrx_word' id='word_1_404' title='bbox 2367 2619 2443 2674; x_wconf 90' lang='lat' dir='ltr'><strong>illi</strong></span> <span class='ocrx_word' id='word_1_405' title='bbox 2510 2620 2800 2690; x_wconf 90' lang='lat' dir='ltr'><strong>specialius</strong></span> <span class='ocrx_word' id='word_1_406' title='bbox 2843 2620 3222 2685; x_wconf 89' lang='lat' dir='ltr'><strong>turbabantur,</strong></span> <span class='ocrx_word' id='word_1_407' title='bbox 3274 2620 3366 2690; x_wconf 91' lang='lat' dir='ltr'><strong>qui</strong></span> <span class='ocrx_word' id='word_1_408' title='bbox 3410 2627 3537 2676; x_wconf 90' lang='lat' dir='ltr'><strong>tunc</strong></span> 
     </span>
    </p>
   </div>
   <div class='ocr_carea' id='block_1_60' title="bbox 1931 2707 3535 2778">
    <p class='ocr_par' dir='ltr' id='par_1_60' title="bbox 1931 2707 3535 2778">
     <span class='ocr_line' id='line_1_60' title="bbox 1931 2707 3535 2778; baseline 0.001 -17"><span class='ocrx_word' id='word_1_409' title='bbox 1931 2708 2133 2762; x_wconf 90' lang='lat' dir='ltr'><strong>ibidem</strong></span> <span class='ocrx_word' id='word_1_410' title='bbox 2164 2716 2465 2778; x_wconf 66' lang='lat' dir='ltr'><strong>praesentes</strong></span> <span class='ocrx_word' id='word_1_411' title='bbox 2496 2708 2718 2773; x_wconf 88' lang='lat' dir='ltr'><strong>inventi,</strong></span> <span class='ocrx_word' id='word_1_412' title='bbox 2751 2708 2819 2763; x_wconf 90' lang='lat' dir='ltr'><strong>ad</strong></span> <span class='ocrx_word' id='word_1_413' title='bbox 2867 2708 3097 2763; x_wconf 90' lang='lat' dir='ltr'><strong>invisam</strong></span> <span class='ocrx_word' id='word_1_414' title='bbox 3146 2723 3205 2762; x_wconf 92' lang='lat' dir='ltr'><strong>se</strong></span> <span class='ocrx_word' id='word_1_415' title='bbox 3242 2707 3535 2762; x_wconf 89' lang='lat' dir='ltr'><strong>audierunt</strong></span> 
     </span>
    </p>
   </div>
   <div class='ocr_carea' id='block_1_61' title="bbox 1930 2796 2641 2866">
    <p class='ocr_par' dir='ltr' id='par_1_61' title="bbox 1930 2796 2641 2866">
     <span class='ocr_line' id='line_1_61' title="bbox 1930 2796 2641 2866; baseline 0 -15"><span class='ocrx_word' id='word_1_416' title='bbox 1930 2796 2328 2866; x_wconf 86' lang='lat' dir='ltr'><strong>expeditionem</strong></span> <span class='ocrx_word' id='word_1_417' title='bbox 2362 2796 2641 2851; x_wconf 89' lang='lat' dir='ltr'><strong>accersiri.</strong></span> 
     </span>
    </p>
   </div>
   <div class='ocr_carea' id='block_1_62' title="bbox 2000 2884 3534 2955">
    <p class='ocr_par' dir='ltr' id='par_1_62' title="bbox 2000 2884 3534 2955">
     <span class='ocr_line' id='line_1_62' title="bbox 2000 2884 3534 2955; baseline -0.001 -16"><span class='ocrx_word' id='word_1_418' title='bbox 2000 2888 2067 2939; x_wconf 82' lang='lat' dir='ltr'><strong>At</strong></span> <span class='ocrx_word' id='word_1_419' title='bbox 2113 2885 2404 2955; x_wconf 90' lang='lat' dir='ltr'><strong>episcopus</strong></span> <span class='ocrx_word' id='word_1_420' title='bbox 2450 2885 2519 2938; x_wconf 92' lang='lat' dir='ltr'><strong>ad</strong></span> <span class='ocrx_word' id='word_1_421' title='bbox 2570 2885 2754 2939; x_wconf 90' lang='lat' dir='ltr'><strong>audita</strong></span> <span class='ocrx_word' id='word_1_422' title='bbox 2817 2884 2949 2938; x_wconf 89' lang='lat' dir='ltr'><strong>nihil</strong></span> <span class='ocrx_word' id='word_1_423' title='bbox 3012 2884 3352 2954; x_wconf 89' lang='lat' dir='ltr'><strong>respondens</strong></span> <span class='ocrx_word' id='word_1_424' title='bbox 3397 2884 3534 2955; x_wconf 89' lang='lat' dir='ltr'><strong>(erat</strong></span> 
     </span>
    </p>
   </div>
   <div class='ocr_carea' id='block_1_63' title="bbox 1932 2972 3533 3043">
    <p class='ocr_par' dir='ltr' id='par_1_63' title="bbox 1932 2972 3533 3043">
     <span class='ocr_line' id='line_1_63' title="bbox 1932 2972 3533 3043; baseline 0 -17"><span class='ocrx_word' id='word_1_425' title='bbox 1932 2972 2074 3026; x_wconf 90' lang='lat' dir='ltr'><strong>enim</strong></span> <span class='ocrx_word' id='word_1_426' title='bbox 2106 2974 2240 3028; x_wconf 90' lang='lat' dir='ltr'><strong>hora</strong></span> <span class='ocrx_word' id='word_1_427' title='bbox 2269 2973 2593 3043; x_wconf 87' lang='lat' dir='ltr'><strong>prandendi)</strong></span> <span class='ocrx_word' id='word_1_428' title='bbox 2641 2973 2711 3027; x_wconf 92' lang='lat' dir='ltr'><strong>ad</strong></span> <span class='ocrx_word' id='word_1_429' title='bbox 2753 2989 2995 3027; x_wconf 90' lang='lat' dir='ltr'><strong>mensam</strong></span> <span class='ocrx_word' id='word_1_430' title='bbox 3036 2974 3144 3041; x_wconf 90' lang='lat' dir='ltr'><strong>jam</strong></span> <span class='ocrx_word' id='word_1_431' title='bbox 3177 2972 3408 3027; x_wconf 89' lang='lat' dir='ltr'><strong>accessit</strong></span> <span class='ocrx_word' id='word_1_432' title='bbox 3433 2989 3533 3043; x_wconf 91' lang='lat' dir='ltr'><strong>pa-</strong></span> 
     </span>
    </p>
   </div>
   <div class='ocr_carea' id='block_1_64' title="bbox 233 3035 3529 3134">
    <p class='ocr_par' dir='ltr' id='par_1_64' title="bbox 233 3035 3529 3134">
     <span class='ocr_line' id='line_1_64' title="bbox 233 3035 3529 3134; baseline -0.001 -17"><span class='ocrx_word' id='word_1_433' title='bbox 233 3062 548 3133; x_wconf 84' lang='lat' dir='ltr'><strong>dignaretur</strong></span> <span class='ocrx_word' id='word_1_434' title='bbox 591 3063 907 3134; x_wconf 90' lang='lat' dir='ltr'><strong>suppliciter</strong></span> <span class='ocrx_word' id='word_1_435' title='bbox 956 3078 1204 3129; x_wconf 83' lang='lat' dir='ltr'><strong>exorans,</strong></span> <span class='ocrx_word' id='word_1_436' title='bbox 1255 3063 1477 3119; x_wconf 90' lang='lat' dir='ltr'><strong>nomina</strong></span> <span class='ocrx_word' id='word_1_437' title='bbox 1521 3079 1735 3134; x_wconf 90' lang='lat' dir='ltr'><strong>quoque</strong></span> <span class='ocrx_word' id='word_1_438' title='bbox 1784 3072 1835 3117; x_wconf 89' lang='lat' dir='ltr'><strong>et</strong></span> <span class='ocrx_word' id='word_1_439' title='bbox 1866 3035 1911 3094; x_wconf 72' lang='grc' dir='ltr'>Ο</span> <span class='ocrx_word' id='word_1_440' title='bbox 1936 3068 2124 3115; x_wconf 87' lang='lat' dir='ltr'><strong>ratam.</strong></span> <span class='ocrx_word' id='word_1_441' title='bbox 2157 3062 2355 3117; x_wconf 88' lang='lat' dir='ltr'><strong>Clerici</strong></span> <span class='ocrx_word' id='word_1_442' title='bbox 2384 3062 2526 3116; x_wconf 91' lang='lat' dir='ltr'><strong>inter</strong></span> <span class='ocrx_word' id='word_1_443' title='bbox 2555 3061 2837 3131; x_wconf 88' lang='lat' dir='ltr'><strong>prandium</strong></span> <span class='ocrx_word' id='word_1_444' title='bbox 2888 3061 3119 3116; x_wconf 91' lang='lat' dir='ltr'><strong>invicem</strong></span> <span class='ocrx_word' id='word_1_445' title='bbox 3162 3061 3529 3128; x_wconf 88' lang='lat' dir='ltr'><strong>mussitantes,</strong></span> 
     </span>
    </p>
   </div>
   <div class='ocr_carea' id='block_1_65' title="bbox 234 3151 1831 3223">
    <p class='ocr_par' dir='ltr' id='par_1_65' title="bbox 234 3151 1831 3223">
     <span class='ocr_line' id='line_1_65' title="bbox 234 3151 1831 3223; baseline 0 -18"><span class='ocrx_word' id='word_1_446' title='bbox 234 3168 521 3206; x_wconf 86' lang='lat' dir='ltr'><strong>numerum</strong></span> <span class='ocrx_word' id='word_1_447' title='bbox 554 3151 797 3206; x_wconf 89' lang='lat' dir='ltr'><strong>virorum</strong></span> <span class='ocrx_word' id='word_1_448' title='bbox 828 3151 1065 3217; x_wconf 82' lang='lat' dir='ltr'><strong>fortium,</strong></span> <span class='ocrx_word' id='word_1_449' title='bbox 1100 3168 1237 3223; x_wconf 90' lang='lat' dir='ltr'><strong>quos</strong></span> <span class='ocrx_word' id='word_1_450' title='bbox 1269 3160 1526 3221; x_wconf 73' lang='lat' dir='ltr'><strong>cmperat,</strong></span> <span class='ocrx_word' id='word_1_451' title='bbox 1562 3152 1831 3205; x_wconf 91' lang='lat' dir='ltr'><strong>litterato-</strong></span> 
     </span>
    </p>
   </div>
   <div class='ocr_carea' id='block_1_66' title="bbox 233 3240 1833 3311">
    <p class='ocr_par' dir='ltr' id='par_1_66' title="bbox 233 3240 1833 3311">
     <span class='ocr_line' id='line_1_66' title="bbox 233 3240 1833 3311; baseline 0.001 -17"><span class='ocrx_word' id='word_1_452' title='bbox 233 3240 314 3295; x_wconf 89' lang='lat' dir='ltr'><strong>rie</strong></span> <span class='ocrx_word' id='word_1_453' title='bbox 345 3240 630 3310; x_wconf 87' lang='lat' dir='ltr'><strong>expressit,</strong></span> <span class='ocrx_word' id='word_1_454' title='bbox 665 3241 913 3296; x_wconf 89' lang='lat' dir='ltr'><strong>scribens</strong></span> <span class='ocrx_word' id='word_1_455' title='bbox 942 3241 1083 3295; x_wconf 88' lang='lat' dir='ltr'><strong>inter</strong></span> <span class='ocrx_word' id='word_1_456' title='bbox 1103 3249 1300 3295; x_wconf 58' lang='lat' dir='ltr'><strong>caetera</strong></span> <span class='ocrx_word' id='word_1_457' title='bbox 1330 3248 1381 3293; x_wconf 90' lang='lat' dir='ltr'><strong>et</strong></span> <span class='ocrx_word' id='word_1_458' title='bbox 1411 3256 1659 3294; x_wconf 89' lang='lat' dir='ltr'><strong>asserens</strong></span> <span class='ocrx_word' id='word_1_459' title='bbox 1688 3240 1833 3311; x_wconf 92' lang='lat' dir='ltr'><strong>quod</strong></span> 
     </span>
    </p>
   </div>
   <div class='ocr_carea' id='block_1_67' title="bbox 233 3326 1833 3400">
    <p class='ocr_par' dir='ltr' id='par_1_67' title="bbox 233 3326 1833 3400">
     <span class='ocr_line' id='line_1_67' title="bbox 233 3326 1833 3400; baseline 0.001 -17"><span class='ocrx_word' id='word_1_460' title='bbox 233 3326 398 3383; x_wconf 89' lang='lat' dir='ltr'><strong>etiam</strong></span> <span class='ocrx_word' id='word_1_461' title='bbox 430 3329 544 3400; x_wconf 91' lang='lat' dir='ltr'><strong>ipse</strong></span> <span class='ocrx_word' id='word_1_462' title='bbox 576 3346 671 3383; x_wconf 86' lang='lat' dir='ltr'><strong>rex</strong></span> <span class='ocrx_word' id='word_1_463' title='bbox 707 3330 982 3400; x_wconf 87' lang='lat' dir='ltr'><strong>Philippus</strong></span> <span class='ocrx_word' id='word_1_464' title='bbox 1016 3329 1144 3383; x_wconf 90' lang='lat' dir='ltr'><strong>satis</strong></span> <span class='ocrx_word' id='word_1_465' title='bbox 1174 3331 1241 3384; x_wconf 95' lang='lat' dir='ltr'><strong>de</strong></span> <span class='ocrx_word' id='word_1_466' title='bbox 1286 3329 1487 3385; x_wconf 86' lang='lat' dir='ltr'><strong>fossato</strong></span> <span class='ocrx_word' id='word_1_467' title='bbox 1518 3328 1743 3384; x_wconf 88' lang='lat' dir='ltr'><strong>bibisset</strong></span> <span class='ocrx_word' id='word_1_468' title='bbox 1781 3329 1833 3384; x_wconf 90' lang='lat' dir='ltr'><strong>in</strong></span> 
     </span>
    </p>
   </div>
   <div class='ocr_carea' id='block_1_68' title="bbox 231 3416 1833 3490">
    <p class='ocr_par' dir='ltr' id='par_1_68' title="bbox 231 3416 1833 3490">
     <span class='ocr_line' id='line_1_68' title="bbox 231 3416 1833 3490; baseline 0.001 -19"><span class='ocrx_word' id='word_1_469' title='bbox 231 3416 376 3489; x_wconf 91' lang='lat' dir='ltr'><strong>quod</strong></span> <span class='ocrx_word' id='word_1_470' title='bbox 399 3418 706 3487; x_wconf 91' lang='lat' dir='ltr'><strong>cecidisset,</strong></span> <span class='ocrx_word' id='word_1_471' title='bbox 740 3418 865 3490; x_wconf 89' lang='lat' dir='ltr'><strong>fuga</strong></span> <span class='ocrx_word' id='word_1_472' title='bbox 897 3418 1114 3489; x_wconf 90' lang='lat' dir='ltr'><strong>quidem</strong></span> <span class='ocrx_word' id='word_1_473' title='bbox 1159 3417 1449 3488; x_wconf 79' lang='lat' dir='ltr'><strong>praecipiti,</strong></span> <span class='ocrx_word' id='word_1_474' title='bbox 1477 3416 1581 3472; x_wconf 89' lang='lat' dir='ltr'><strong>nisi</strong></span> <span class='ocrx_word' id='word_1_475' title='bbox 1612 3433 1833 3473; x_wconf 89' lang='lat' dir='ltr'><strong>suorum</strong></span> 
     </span>
    </p>
   </div>
   <div class='ocr_carea' id='block_1_69' title="bbox 232 3506 1833 3575">
    <p class='ocr_par' dir='ltr' id='par_1_69' title="bbox 232 3506 1833 3575">
     <span class='ocr_line' id='line_1_69' title="bbox 232 3506 1833 3575; baseline 0.001 -16"><span class='ocrx_word' id='word_1_476' title='bbox 232 3521 335 3575; x_wconf 91' lang='lat' dir='ltr'><strong>ope</strong></span> <span class='ocrx_word' id='word_1_477' title='bbox 365 3506 657 3562; x_wconf 89' lang='lat' dir='ltr'><strong>subvectus</strong></span> <span class='ocrx_word' id='word_1_478' title='bbox 705 3507 970 3562; x_wconf 89' lang='lat' dir='ltr'><strong>evasisset</strong></span> <span class='ocrx_word' id='word_1_479' title='bbox 1016 3506 1313 3561; x_wconf 88' lang='lat' dir='ltr'><strong>interitum.</strong></span> <span class='ocrx_word' id='word_1_480' title='bbox 1364 3507 1520 3561; x_wconf 88' lang='lat' dir='ltr'><strong>Hunc</strong></span> <span class='ocrx_word' id='word_1_481' title='bbox 1568 3506 1833 3561; x_wconf 89' lang='lat' dir='ltr'><strong>honorem</strong></span> 
     </span>
    </p>
   </div>
   <div class='ocr_carea' id='block_1_70' title="bbox 234 3594 1831 3665">
    <p class='ocr_par' dir='ltr' id='par_1_70' title="bbox 234 3594 1831 3665">
     <span class='ocr_line' id='line_1_70' title="bbox 234 3594 1831 3665; baseline 0.001 -18"><span class='ocrx_word' id='word_1_482' title='bbox 234 3602 413 3648; x_wconf 89' lang='lat' dir='ltr'><strong>autem</strong></span> <span class='ocrx_word' id='word_1_483' title='bbox 477 3604 639 3665; x_wconf 89' lang='lat' dir='ltr'><strong>atque</strong></span> <span class='ocrx_word' id='word_1_484' title='bbox 715 3597 1019 3665; x_wconf 69' lang='lat' dir='ltr'><strong>trephazum</strong></span> <span class='ocrx_word' id='word_1_485' title='bbox 1066 3595 1183 3665; x_wconf 83' lang='lat' dir='ltr'><strong>regi</strong></span> <span class='ocrx_word' id='word_1_486' title='bbox 1231 3594 1443 3650; x_wconf 81' lang='lat' dir='ltr'><strong>ccelitus</strong></span> <span class='ocrx_word' id='word_1_487' title='bbox 1510 3610 1831 3650; x_wconf 90' lang='lat' dir='ltr'><strong>concessum</strong></span> 
     </span>
    </p>
   </div>
   <div class='ocr_carea' id='block_1_71' title="bbox 233 3682 1835 3754">
    <p class='ocr_par' dir='ltr' id='par_1_71' title="bbox 233 3682 1835 3754">
     <span class='ocr_line' id='line_1_71' title="bbox 233 3682 1835 3754; baseline 0.001 -19"><span class='ocrx_word' id='word_1_488' title='bbox 233 3682 441 3736; x_wconf 91' lang='lat' dir='ltr'><strong>meritis</strong></span> <span class='ocrx_word' id='word_1_489' title='bbox 471 3684 645 3738; x_wconf 90' lang='lat' dir='ltr'><strong>sancti</strong></span> <span class='ocrx_word' id='word_1_490' title='bbox 676 3684 923 3754; x_wconf 68' lang='lat' dir='ltr'><strong>prmsulis</strong></span> <span class='ocrx_word' id='word_1_491' title='bbox 952 3682 1104 3737; x_wconf 91' lang='lat' dir='ltr'><strong>multi</strong></span> <span class='ocrx_word' id='word_1_492' title='bbox 1139 3683 1299 3737; x_wconf 89' lang='lat' dir='ltr'><strong>etiam</strong></span> <span class='ocrx_word' id='word_1_493' title='bbox 1351 3698 1573 3736; x_wconf 91' lang='lat' dir='ltr'><strong>suorum</strong></span> <span class='ocrx_word' id='word_1_494' title='bbox 1604 3682 1835 3737; x_wconf 76' lang='lat' dir='ltr'><strong>afﬁrma-</strong></span> 
     </span>
    </p>
   </div>
   <div class='ocr_carea' id='block_1_72' title="bbox 231 3770 1832 3841">
    <p class='ocr_par' dir='ltr' id='par_1_72' title="bbox 231 3770 1832 3841">
     <span class='ocr_line' id='line_1_72' title="bbox 231 3770 1832 3841; baseline 0.001 -18"><span class='ocrx_word' id='word_1_495' title='bbox 231 3771 382 3835; x_wconf 87' lang='lat' dir='ltr'><strong>bant,</strong></span> <span class='ocrx_word' id='word_1_496' title='bbox 434 3788 589 3841; x_wconf 89' lang='lat' dir='ltr'><strong>quem</strong></span> <span class='ocrx_word' id='word_1_497' title='bbox 647 3772 761 3841; x_wconf 89' lang='lat' dir='ltr'><strong>ipse</strong></span> <span class='ocrx_word' id='word_1_498' title='bbox 816 3786 913 3841; x_wconf 87' lang='lat' dir='ltr'><strong>pro</strong></span> <span class='ocrx_word' id='word_1_499' title='bbox 970 3771 1223 3836; x_wconf 90' lang='lat' dir='ltr'><strong>Domino,</strong></span> <span class='ocrx_word' id='word_1_500' title='bbox 1283 3771 1508 3841; x_wconf 90' lang='lat' dir='ltr'><strong>pristina</strong></span> <span class='ocrx_word' id='word_1_501' title='bbox 1564 3770 1832 3825; x_wconf 89' lang='lat' dir='ltr'><strong>simultate</strong></span> 
     </span>
    </p>
   </div>
   <div class='ocr_carea' id='block_1_73' title="bbox 228 3858 1402 3929">
    <p class='ocr_par' dir='ltr' id='par_1_73' title="bbox 228 3858 1402 3929">
     <span class='ocr_line' id='line_1_73' title="bbox 228 3858 1402 3929; baseline 0.001 -17"><span class='ocrx_word' id='word_1_502' title='bbox 228 3858 430 3913; x_wconf 89' lang='lat' dir='ltr'><strong>omissa</strong></span> <span class='ocrx_word' id='word_1_503' title='bbox 460 3859 774 3915; x_wconf 89' lang='lat' dir='ltr'><strong>decreverat</strong></span> <span class='ocrx_word' id='word_1_504' title='bbox 802 3859 1100 3929; x_wconf 89' lang='lat' dir='ltr'><strong>impensius</strong></span> <span class='ocrx_word' id='word_1_505' title='bbox 1132 3859 1402 3915; x_wconf 89' lang='lat' dir='ltr'><strong>venerari.</strong></span> 
     </span>
    </p>
   </div>
   <div class='ocr_carea' id='block_1_74' title="bbox 856 4009 1213 4065">
    <p class='ocr_par' dir='ltr' id='par_1_74' title="bbox 856 4009 1213 4065">
     <span class='ocr_line' id='line_1_74' title="bbox 856 4009 1213 4065; baseline 0 -2"><span class='ocrx_word' id='word_1_506' title='bbox 856 4009 1081 4065; x_wconf 78' lang='lat' dir='ltr'><strong>CAPUT</strong></span> <span class='ocrx_word' id='word_1_507' title='bbox 1111 4010 1213 4063; x_wconf 86' lang='lat' dir='ltr'><strong>1X.</strong></span> 
     </span>
    </p>
   </div>
   <div class='ocr_carea' id='block_1_75' title="bbox 240 4115 1831 4187">
    <p class='ocr_par' dir='ltr' id='par_1_75' title="bbox 240 4115 1831 4187">
     <span class='ocr_line' id='line_1_75' title="bbox 240 4115 1831 4187; baseline 0.001 -18"><span class='ocrx_word' id='word_1_508' title='bbox 240 4117 415 4182; x_wconf 81' lang='lat' dir='ltr'><strong>Quam</strong></span> <span class='ocrx_word' id='word_1_509' title='bbox 432 4118 765 4187; x_wconf 70' lang='lat' dir='ltr'><strong>constanter</strong></span> <span class='ocrx_word' id='word_1_510' title='bbox 782 4131 837 4170; x_wconf 82' lang='lat' dir='ltr'><strong>se</strong></span> <span class='ocrx_word' id='word_1_511' title='bbox 858 4115 930 4169; x_wconf 87' lang='lat' dir='ltr'><strong>ad</strong></span> <span class='ocrx_word' id='word_1_512' title='bbox 946 4118 1285 4171; x_wconf 81' lang='lat' dir='ltr'><strong>mandatum</strong></span> <span class='ocrx_word' id='word_1_513' title='bbox 1300 4132 1491 4187; x_wconf 79' lang='lat' dir='ltr'><strong>regum</strong></span> <span class='ocrx_word' id='word_1_514' title='bbox 1514 4118 1831 4181; x_wconf 65' lang='lat' dir='ltr'><strong>excusavit,</strong></span> 
     </span>
    </p>
   </div>
   <div class='ocr_carea' id='block_1_76' title="bbox 310 4185 1830 4258">
    <p class='ocr_par' dir='ltr' id='par_1_76' title="bbox 310 4185 1830 4258">
     <span class='ocr_line' id='line_1_76' title="bbox 310 4185 1830 4258; baseline 0.001 -18"><span class='ocrx_word' id='word_1_515' title='bbox 310 4203 413 4257; x_wconf 82' lang='lat' dir='ltr'><strong>quo</strong></span> <span class='ocrx_word' id='word_1_516' title='bbox 436 4186 537 4239; x_wconf 82' lang='lat' dir='ltr'><strong>sibi</strong></span> <span class='ocrx_word' id='word_1_517' title='bbox 558 4185 870 4240; x_wconf 82' lang='lat' dir='ltr'><strong>mandatur</strong></span> <span class='ocrx_word' id='word_1_518' title='bbox 890 4190 952 4240; x_wconf 80' lang='lat' dir='ltr'><strong>ut</strong></span> <span class='ocrx_word' id='word_1_519' title='bbox 976 4188 1046 4240; x_wconf 84' lang='lat' dir='ltr'><strong>ad</strong></span> <span class='ocrx_word' id='word_1_520' title='bbox 1064 4189 1250 4258; x_wconf 81' lang='lat' dir='ltr'><strong>ipsum</strong></span> <span class='ocrx_word' id='word_1_521' title='bbox 1272 4185 1524 4243; x_wconf 65' lang='lat' dir='ltr'><strong>mitteret</strong></span> <span class='ocrx_word' id='word_1_522' title='bbox 1545 4188 1830 4242; x_wconf 83' lang='lat' dir='ltr'><strong>duodecim</strong></span> 
     </span>
    </p>
   </div>
   <div class='ocr_carea' id='block_1_77' title="bbox 308 4258 1836 4329">
    <p class='ocr_par' dir='ltr' id='par_1_77' title="bbox 308 4258 1836 4329">
     <span class='ocr_line' id='line_1_77' title="bbox 308 4258 1836 4329; baseline 0.001 -19"><span class='ocrx_word' id='word_1_523' title='bbox 308 4258 374 4310; x_wconf 76' lang='lat' dir='ltr'><strong>de</strong></span> <span class='ocrx_word' id='word_1_524' title='bbox 393 4258 651 4327; x_wconf 80' lang='lat' dir='ltr'><strong>personis</strong></span> <span class='ocrx_word' id='word_1_525' title='bbox 673 4272 789 4329; x_wconf 68' lang='lat' dir='ltr'><strong>sua:</strong></span> <span class='ocrx_word' id='word_1_526' title='bbox 805 4258 1221 4329; x_wconf 79' lang='lat' dir='ltr'><strong>Lincolniensis</strong></span> <span class='ocrx_word' id='word_1_527' title='bbox 1243 4260 1502 4312; x_wconf 72' lang='lat' dir='ltr'><strong>Ecclesia:</strong></span> <span class='ocrx_word' id='word_1_528' title='bbox 1523 4259 1617 4329; x_wconf 86' lang='lat' dir='ltr'><strong>qui</strong></span> <span class='ocrx_word' id='word_1_529' title='bbox 1638 4258 1711 4311; x_wconf 85' lang='lat' dir='ltr'><strong>ad</strong></span> <span class='ocrx_word' id='word_1_530' title='bbox 1731 4274 1836 4312; x_wconf 83' lang='lat' dir='ltr'><strong>sua</strong></span> 
     </span>
    </p>
   </div>
   <div class='ocr_carea' id='block_1_78' title="bbox 306 4328 1835 4399">
    <p class='ocr_par' dir='ltr' id='par_1_78' title="bbox 306 4328 1835 4399">
     <span class='ocr_line' id='line_1_78' title="bbox 306 4328 1835 4399; baseline 0.002 -19"><span class='ocrx_word' id='word_1_531' title='bbox 306 4330 498 4397; x_wconf 80' lang='lat' dir='ltr'><strong>forent</strong></span> <span class='ocrx_word' id='word_1_532' title='bbox 539 4328 746 4399; x_wconf 67' lang='lat' dir='ltr'><strong>nuntia</strong></span> <span class='ocrx_word' id='word_1_533' title='bbox 770 4328 1120 4399; x_wconf 71' lang='lat' dir='ltr'><strong>c.rpcdicnda</strong></span> <span class='ocrx_word' id='word_1_534' title='bbox 1154 4330 1419 4399; x_wconf 68' lang='lat' dir='ltr'><strong>aptiores,</strong></span> <span class='ocrx_word' id='word_1_535' title='bbox 1449 4328 1648 4399; x_wconf 78' lang='lat' dir='ltr'><strong>contra</strong></span> <span class='ocrx_word' id='word_1_536' title='bbox 1670 4344 1835 4383; x_wconf 71' lang='lat' dir='ltr'><strong>exse-</strong></span> 
     </span>
    </p>
   </div>
   <div class='ocr_carea' id='block_1_79' title="bbox 1937 3149 3532 3220">
    <p class='ocr_par' dir='ltr' id='par_1_79' title="bbox 1937 3149 3532 3220">
     <span class='ocr_line' id='line_1_79' title="bbox 1937 3149 3532 3220; baseline 0.001 -18"><span class='ocrx_word' id='word_1_537' title='bbox 1937 3165 1995 3203; x_wconf 92' lang='lat' dir='ltr'><strong>se</strong></span> <span class='ocrx_word' id='word_1_538' title='bbox 2025 3149 2214 3205; x_wconf 90' lang='lat' dir='ltr'><strong>timere</strong></span> <span class='ocrx_word' id='word_1_539' title='bbox 2244 3158 2496 3204; x_wconf 90' lang='lat' dir='ltr'><strong>asserunt</strong></span> <span class='ocrx_word' id='word_1_540' title='bbox 2526 3166 2593 3204; x_wconf 92' lang='lat' dir='ltr'><strong>ne</strong></span> <span class='ocrx_word' id='word_1_541' title='bbox 2632 3150 2857 3204; x_wconf 90' lang='lat' dir='ltr'><strong>duriora</strong></span> <span class='ocrx_word' id='word_1_542' title='bbox 2903 3149 3193 3220; x_wconf 88' lang='lat' dir='ltr'><strong>episcopus</strong></span> <span class='ocrx_word' id='word_1_543' title='bbox 3220 3149 3409 3203; x_wconf 92' lang='lat' dir='ltr'><strong>nuntio</strong></span> <span class='ocrx_word' id='word_1_544' title='bbox 3438 3165 3532 3204; x_wconf 88' lang='lat' dir='ltr'><strong>re-</strong></span> 
     </span>
    </p>
   </div>
   <div class='ocr_carea' id='block_1_80' title="bbox 1937 3236 3534 3308">
    <p class='ocr_par' dir='ltr' id='par_1_80' title="bbox 1937 3236 3534 3308">
     <span class='ocr_line' id='line_1_80' title="bbox 1937 3236 3534 3308; baseline 0.001 -17"><span class='ocrx_word' id='word_1_545' title='bbox 1937 3238 2243 3308; x_wconf 89' lang='lat' dir='ltr'><strong>sponderet,</strong></span> <span class='ocrx_word' id='word_1_546' title='bbox 2277 3254 2398 3293; x_wconf 91' lang='lat' dir='ltr'><strong>cum</strong></span> <span class='ocrx_word' id='word_1_547' title='bbox 2429 3254 2536 3293; x_wconf 91' lang='lat' dir='ltr'><strong>non</strong></span> <span class='ocrx_word' id='word_1_548' title='bbox 2556 3236 2851 3308; x_wconf 82' lang='lat' dir='ltr'><strong>pontificali</strong></span> <span class='ocrx_word' id='word_1_549' title='bbox 2884 3238 3190 3303; x_wconf 90' lang='lat' dir='ltr'><strong>severitate,</strong></span> <span class='ocrx_word' id='word_1_550' title='bbox 3231 3238 3329 3292; x_wconf 92' lang='lat' dir='ltr'><strong>sed</strong></span> <span class='ocrx_word' id='word_1_551' title='bbox 3357 3238 3534 3308; x_wconf 90' lang='lat' dir='ltr'><strong>potius</strong></span> 
     </span>
    </p>
   </div>
   <div class='ocr_carea' id='block_1_81' title="bbox 1936 3326 3534 3397">
    <p class='ocr_par' dir='ltr' id='par_1_81' title="bbox 1936 3326 3534 3397">
     <span class='ocr_line' id='line_1_81' title="bbox 1936 3326 3534 3397; baseline 0.001 -18"><span class='ocrx_word' id='word_1_552' title='bbox 1936 3326 2157 3381; x_wconf 89' lang='lat' dir='ltr'><strong>lenitate</strong></span> <span class='ocrx_word' id='word_1_553' title='bbox 2200 3327 2486 3393; x_wconf 88' lang='lat' dir='ltr'><strong>submissa,</strong></span> <span class='ocrx_word' id='word_1_554' title='bbox 2536 3326 2591 3380; x_wconf 92' lang='lat' dir='ltr'><strong>in</strong></span> <span class='ocrx_word' id='word_1_555' title='bbox 2637 3343 2765 3381; x_wconf 91' lang='lat' dir='ltr'><strong>casu</strong></span> <span class='ocrx_word' id='word_1_556' title='bbox 2815 3334 2920 3380; x_wconf 90' lang='lat' dir='ltr'><strong>tam</strong></span> <span class='ocrx_word' id='word_1_557' title='bbox 2969 3326 3345 3393; x_wconf 80' lang='lat' dir='ltr'><strong>formidolosa,</strong></span> <span class='ocrx_word' id='word_1_558' title='bbox 3396 3342 3534 3397; x_wconf 91' lang='lat' dir='ltr'><strong>opus</strong></span> 
     </span>
    </p>
   </div>
   <div class='ocr_carea' id='block_1_82' title="bbox 1936 3414 3531 3485">
    <p class='ocr_par' dir='ltr' id='par_1_82' title="bbox 1936 3414 3531 3485">
     <span class='ocr_line' id='line_1_82' title="bbox 1936 3414 3531 3485; baseline 0.001 -16"><span class='ocrx_word' id='word_1_559' title='bbox 1936 3423 2081 3469; x_wconf 88' lang='lat' dir='ltr'><strong>esset</strong></span> <span class='ocrx_word' id='word_1_560' title='bbox 2109 3415 2178 3469; x_wconf 87' lang='lat' dir='ltr'><strong>ad</strong></span> <span class='ocrx_word' id='word_1_561' title='bbox 2212 3415 2596 3485; x_wconf 87' lang='lat' dir='ltr'><strong>experiendum</strong></span> <span class='ocrx_word' id='word_1_562' title='bbox 2644 3415 2911 3485; x_wconf 89' lang='lat' dir='ltr'><strong>primitus,</strong></span> <span class='ocrx_word' id='word_1_563' title='bbox 2946 3415 2991 3469; x_wconf 92' lang='lat' dir='ltr'><strong>si</strong></span> <span class='ocrx_word' id='word_1_564' title='bbox 3039 3414 3176 3470; x_wconf 91' lang='lat' dir='ltr'><strong>forte</strong></span> <span class='ocrx_word' id='word_1_565' title='bbox 3222 3415 3531 3470; x_wconf 90' lang='lat' dir='ltr'><strong>blandiente</strong></span> 
     </span>
    </p>
   </div>
   <div class='ocr_carea' id='block_1_83' title="bbox 1936 3502 3529 3573">
    <p class='ocr_par' dir='ltr' id='par_1_83' title="bbox 1936 3502 3529 3573">
     <span class='ocr_line' id='line_1_83' title="bbox 1936 3502 3529 3573; baseline 0 -17"><span class='ocrx_word' id='word_1_566' title='bbox 1936 3503 2331 3573; x_wconf 89' lang='lat' dir='ltr'><strong>supplicatione</strong></span> <span class='ocrx_word' id='word_1_567' title='bbox 2361 3503 2612 3557; x_wconf 91' lang='lat' dir='ltr'><strong>dominus</strong></span> <span class='ocrx_word' id='word_1_568' title='bbox 2644 3503 3047 3558; x_wconf 89' lang='lat' dir='ltr'><strong>Cantuariensis</strong></span> <span class='ocrx_word' id='word_1_569' title='bbox 3078 3511 3262 3573; x_wconf 91' lang='lat' dir='ltr'><strong>posset</strong></span> <span class='ocrx_word' id='word_1_570' title='bbox 3291 3502 3529 3573; x_wconf 89' lang='lat' dir='ltr'><strong>deliniri,</strong></span> 
     </span>
    </p>
   </div>
   <div class='ocr_carea' id='block_1_84' title="bbox 1935 3590 3533 3661">
    <p class='ocr_par' dir='ltr' id='par_1_84' title="bbox 1935 3590 3533 3661">
     <span class='ocr_line' id='line_1_84' title="bbox 1935 3590 3533 3661; baseline 0.001 -17"><span class='ocrx_word' id='word_1_571' title='bbox 1935 3591 2047 3661; x_wconf 91' lang='lat' dir='ltr'><strong>qui,</strong></span> <span class='ocrx_word' id='word_1_572' title='bbox 2081 3591 2125 3644; x_wconf 92' lang='lat' dir='ltr'><strong>si</strong></span> <span class='ocrx_word' id='word_1_573' title='bbox 2154 3592 2331 3656; x_wconf 90' lang='lat' dir='ltr'><strong>vellet,</strong></span> <span class='ocrx_word' id='word_1_574' title='bbox 2383 3591 2498 3661; x_wconf 88' lang='lat' dir='ltr'><strong>ipse</strong></span> <span class='ocrx_word' id='word_1_575' title='bbox 2549 3592 2832 3647; x_wconf 92' lang='lat' dir='ltr'><strong>consilium</strong></span> <span class='ocrx_word' id='word_1_576' title='bbox 2882 3592 3021 3645; x_wconf 91' lang='lat' dir='ltr'><strong>istud</strong></span> <span class='ocrx_word' id='word_1_577' title='bbox 3053 3592 3110 3645; x_wconf 91' lang='lat' dir='ltr'><strong>in</strong></span> <span class='ocrx_word' id='word_1_578' title='bbox 3153 3591 3348 3646; x_wconf 92' lang='lat' dir='ltr'><strong>melius</strong></span> <span class='ocrx_word' id='word_1_579' title='bbox 3376 3590 3533 3646; x_wconf 88' lang='lat' dir='ltr'><strong>facile</strong></span> 
     </span>
    </p>
   </div>
   <div class='ocr_carea' id='block_1_85' title="bbox 1935 3679 3534 3744">
    <p class='ocr_par' dir='ltr' id='par_1_85' title="bbox 1935 3679 3534 3744">
     <span class='ocr_line' id='line_1_85' title="bbox 1935 3679 3534 3744; baseline 0 -11"><span class='ocrx_word' id='word_1_580' title='bbox 1935 3687 2311 3733; x_wconf 89' lang='lat' dir='ltr'><strong>commutaret.</strong></span> <span class='ocrx_word' id='word_1_581' title='bbox 2345 3680 2471 3733; x_wconf 65' lang='lat' dir='ltr'><strong>Haec</strong></span> <span class='ocrx_word' id='word_1_582' title='bbox 2500 3680 2605 3733; x_wconf 90' lang='lat' dir='ltr'><strong>illis</strong></span> <span class='ocrx_word' id='word_1_583' title='bbox 2652 3688 2833 3735; x_wconf 90' lang='lat' dir='ltr'><strong>mutuo</strong></span> <span class='ocrx_word' id='word_1_584' title='bbox 2879 3680 3302 3744; x_wconf 87' lang='lat' dir='ltr'><strong>conferentibus,</strong></span> <span class='ocrx_word' id='word_1_585' title='bbox 3339 3679 3534 3734; x_wconf 90' lang='lat' dir='ltr'><strong>avertit</strong></span> 
     </span>
    </p>
   </div>
   <div class='ocr_carea' id='block_1_86' title="bbox 1937 3767 3531 3837">
    <p class='ocr_par' dir='ltr' id='par_1_86' title="bbox 1937 3767 3531 3837">
     <span class='ocr_line' id='line_1_86' title="bbox 1937 3767 3531 3837; baseline 0.003 -16"><span class='ocrx_word' id='word_1_586' title='bbox 1937 3768 2111 3836; x_wconf 83' lang='lat' dir='ltr'><strong>Hugo,</strong></span> <span class='ocrx_word' id='word_1_587' title='bbox 2147 3767 2227 3822; x_wconf 90' lang='lat' dir='ltr'><strong>vir</strong></span> <span class='ocrx_word' id='word_1_588' title='bbox 2256 3768 2464 3822; x_wconf 89' lang='lat' dir='ltr'><strong>robusti</strong></span> <span class='ocrx_word' id='word_1_589' title='bbox 2488 3768 2744 3837; x_wconf 79' lang='lat' dir='ltr'><strong>pectoris,</strong></span> <span class='ocrx_word' id='word_1_590' title='bbox 2794 3768 2949 3823; x_wconf 89' lang='lat' dir='ltr'><strong>citius</strong></span> <span class='ocrx_word' id='word_1_591' title='bbox 2994 3768 3301 3823; x_wconf 89' lang='lat' dir='ltr'><strong>formidinis</strong></span> <span class='ocrx_word' id='word_1_592' title='bbox 3345 3783 3531 3827; x_wconf 86' lang='lat' dir='ltr'><strong>eorum</strong></span> 
     </span>
    </p>
   </div>
   <div class='ocr_carea' id='block_1_87' title="bbox 1936 3855 3533 3927">
    <p class='ocr_par' dir='ltr' id='par_1_87' title="bbox 1936 3855 3533 3927">
     <span class='ocr_line' id='line_1_87' title="bbox 1936 3855 3533 3927; baseline 0.001 -18"><span class='ocrx_word' id='word_1_593' title='bbox 1936 3855 2307 3910; x_wconf 78' lang='lat' dir='ltr'><strong>diﬂidentiam.</strong></span> <span class='ocrx_word' id='word_1_594' title='bbox 2341 3856 2495 3910; x_wconf 91' lang='lat' dir='ltr'><strong>Unde</strong></span> <span class='ocrx_word' id='word_1_595' title='bbox 2525 3856 2727 3910; x_wconf 91' lang='lat' dir='ltr'><strong>nullius</strong></span> <span class='ocrx_word' id='word_1_596' title='bbox 2757 3872 2822 3911; x_wconf 90' lang='lat' dir='ltr'><strong>ex</strong></span> <span class='ocrx_word' id='word_1_597' title='bbox 2854 3857 2932 3911; x_wconf 91' lang='lat' dir='ltr'><strong>eis</strong></span> <span class='ocrx_word' id='word_1_598' title='bbox 2975 3872 3142 3927; x_wconf 89' lang='lat' dir='ltr'><strong>super</strong></span> <span class='ocrx_word' id='word_1_599' title='bbox 3188 3856 3533 3912; x_wconf 89' lang='lat' dir='ltr'><strong>reformanda</strong></span> 
     </span>
    </p>
   </div>
   <div class='ocr_carea' id='block_1_88' title="bbox 1934 3943 3535 4016">
    <p class='ocr_par' dir='ltr' id='par_1_88' title="bbox 1934 3943 3535 4016">
     <span class='ocr_line' id='line_1_88' title="bbox 1934 3943 3535 4016; baseline 0.001 -19"><span class='ocrx_word' id='word_1_600' title='bbox 1934 3943 2292 4015; x_wconf 89' lang='lat' dir='ltr'><strong>responsione</strong></span> <span class='ocrx_word' id='word_1_601' title='bbox 2352 3944 2638 3999; x_wconf 91' lang='lat' dir='ltr'><strong>consilium</strong></span> <span class='ocrx_word' id='word_1_602' title='bbox 2692 3945 2966 4016; x_wconf 84' lang='lat' dir='ltr'><strong>expetivit,</strong></span> <span class='ocrx_word' id='word_1_603' title='bbox 3013 3945 3112 4001; x_wconf 90' lang='lat' dir='ltr'><strong>sed</strong></span> <span class='ocrx_word' id='word_1_604' title='bbox 3155 3945 3431 4012; x_wconf 90' lang='lat' dir='ltr'><strong>continuo,</strong></span> <span class='ocrx_word' id='word_1_605' title='bbox 3476 3952 3535 3998; x_wconf 92' lang='lat' dir='ltr'><strong>ut</strong></span> 
     </span>
    </p>
   </div>
   <div class='ocr_carea' id='block_1_89' title="bbox 1936 4032 3534 4105">
    <p class='ocr_par' dir='ltr' id='par_1_89' title="bbox 1936 4032 3534 4105">
     <span class='ocr_line' id='line_1_89' title="bbox 1936 4032 3534 4105; baseline 0.003 -20"><span class='ocrx_word' id='word_1_606' title='bbox 1936 4032 2167 4086; x_wconf 89' lang='lat' dir='ltr'><strong>surrexit</strong></span> <span class='ocrx_word' id='word_1_607' title='bbox 2195 4047 2226 4086; x_wconf 91' lang='lat' dir='ltr'><strong>a</strong></span> <span class='ocrx_word' id='word_1_608' title='bbox 2270 4032 2558 4100; x_wconf 91' lang='lat' dir='ltr'><strong>discubitu,</strong></span> <span class='ocrx_word' id='word_1_609' title='bbox 2603 4034 2673 4088; x_wconf 91' lang='lat' dir='ltr'><strong>ad</strong></span> <span class='ocrx_word' id='word_1_610' title='bbox 2720 4034 2966 4088; x_wconf 90' lang='lat' dir='ltr'><strong>nuntium</strong></span> <span class='ocrx_word' id='word_1_611' title='bbox 3009 4034 3101 4105; x_wconf 91' lang='lat' dir='ltr'><strong>qui</strong></span> <span class='ocrx_word' id='word_1_612' title='bbox 3148 4042 3372 4089; x_wconf 85' lang='lat' dir='ltr'><strong>venerat</strong></span> <span class='ocrx_word' id='word_1_613' title='bbox 3416 4034 3534 4089; x_wconf 64' lang='lat' dir='ltr'><strong>haec</strong></span> 
     </span>
    </p>
   </div>
   <div class='ocr_carea' id='block_1_90' title="bbox 1936 4121 3534 4193">
    <p class='ocr_par' dir='ltr' id='par_1_90' title="bbox 1936 4121 3534 4193">
     <span class='ocr_line' id='line_1_90' title="bbox 1936 4121 3534 4193; baseline 0.001 -18"><span class='ocrx_word' id='word_1_614' title='bbox 1936 4129 2016 4175; x_wconf 90' lang='lat' dir='ltr'><strong>est</strong></span> <span class='ocrx_word' id='word_1_615' title='bbox 2044 4128 2365 4191; x_wconf 90' lang='lat' dir='ltr'><strong>prosecutus</strong></span> <span class='ocrx_word' id='word_1_616' title='bbox 2397 4138 2411 4175; x_wconf 91' lang='lat'><strong>:</strong></span> <span class='ocrx_word' id='word_1_617' title='bbox 2443 4144 2465 4169; x_wconf 73' lang='grc' dir='ltr'><strong><em>α</em></strong></span> <span class='ocrx_word' id='word_1_618' title='bbox 2499 4122 2673 4189; x_wconf 89' lang='lat' dir='ltr'><strong>Nova,</strong></span> <span class='ocrx_word' id='word_1_619' title='bbox 2708 4121 2899 4193; x_wconf 89' lang='lat' dir='ltr'><strong>inquit,</strong></span> <span class='ocrx_word' id='word_1_620' title='bbox 2934 4137 3035 4177; x_wconf 90' lang='lat' dir='ltr'><strong>nec</strong></span> <span class='ocrx_word' id='word_1_621' title='bbox 3076 4123 3309 4192; x_wconf 90' lang='lat' dir='ltr'><strong>uspiam,</strong></span> <span class='ocrx_word' id='word_1_622' title='bbox 3342 4123 3534 4177; x_wconf 90' lang='lat' dir='ltr'><strong>hacte-</strong></span> 
     </span>
    </p>
   </div>
   <div class='ocr_carea' id='block_1_91' title="bbox 1935 4209 3535 4281">
    <p class='ocr_par' dir='ltr' id='par_1_91' title="bbox 1935 4209 3535 4281">
     <span class='ocr_line' id='line_1_91' title="bbox 1935 4209 3535 4281; baseline 0.002 -20"><span class='ocrx_word' id='word_1_623' title='bbox 1935 4225 2038 4262; x_wconf 91' lang='lat' dir='ltr'><strong>nus</strong></span> <span class='ocrx_word' id='word_1_624' title='bbox 2068 4217 2189 4262; x_wconf 88' lang='lat' dir='ltr'><strong>sunt</strong></span> <span class='ocrx_word' id='word_1_625' title='bbox 2224 4209 2426 4275; x_wconf 91' lang='lat' dir='ltr'><strong>audita,</strong></span> <span class='ocrx_word' id='word_1_626' title='bbox 2464 4217 2569 4263; x_wconf 91' lang='lat' dir='ltr'><strong>tam</strong></span> <span class='ocrx_word' id='word_1_627' title='bbox 2598 4226 2660 4263; x_wconf 89' lang='lat' dir='ltr'><strong>ea</strong></span> <span class='ocrx_word' id='word_1_628' title='bbox 2683 4227 2803 4281; x_wconf 63' lang='lat' dir='ltr'><strong>quae</strong></span> <span class='ocrx_word' id='word_1_629' title='bbox 2828 4210 3149 4264; x_wconf 87' lang='lat' dir='ltr'><strong>auctoritate</strong></span> <span class='ocrx_word' id='word_1_630' title='bbox 3179 4210 3346 4281; x_wconf 70' lang='lat' dir='ltr'><strong>regia:</strong></span> <span class='ocrx_word' id='word_1_631' title='bbox 3374 4225 3535 4281; x_wconf 90' lang='lat' dir='ltr'><strong>quam</strong></span> 
     </span>
    </p>
   </div>
   <div class='ocr_carea' id='block_1_92' title="bbox 1937 4296 3533 4368">
    <p class='ocr_par' dir='ltr' id='par_1_92' title="bbox 1937 4296 3533 4368">
     <span class='ocr_line' id='line_1_92' title="bbox 1937 4296 3533 4368; baseline 0.001 -17"><span class='ocrx_word' id='word_1_632' title='bbox 1937 4304 1987 4351; x_wconf 91' lang='lat' dir='ltr'><strong>et</strong></span> <span class='ocrx_word' id='word_1_633' title='bbox 2018 4296 2110 4349; x_wconf 85' lang='lat' dir='ltr'><strong>illa</strong></span> <span class='ocrx_word' id='word_1_634' title='bbox 2143 4312 2263 4365; x_wconf 62' lang='lat' dir='ltr'><strong>qua:</strong></span> <span class='ocrx_word' id='word_1_635' title='bbox 2312 4313 2408 4349; x_wconf 88' lang='lat' dir='ltr'><strong>sua</strong></span> <span class='ocrx_word' id='word_1_636' title='bbox 2455 4297 2730 4352; x_wconf 88' lang='lat' dir='ltr'><strong>voluntate</strong></span> <span class='ocrx_word' id='word_1_637' title='bbox 2773 4297 3003 4368; x_wconf 86' lang='lat' dir='ltr'><strong>injungit</strong></span> <span class='ocrx_word' id='word_1_638' title='bbox 3049 4297 3299 4351; x_wconf 91' lang='lat' dir='ltr'><strong>dominus</strong></span> <span class='ocrx_word' id='word_1_639' title='bbox 3345 4306 3533 4353; x_wconf 89' lang='lat' dir='ltr'><strong>noster</strong></span> 
     </span>
    </p>
   </div>
   <div class='ocr_carea' id='block_1_93' title="bbox 304 4383 1835 4464">
    <p class='ocr_par' dir='ltr' id='par_1_93' title="bbox 304 4383 1833 4464">
     <span class='ocr_line' id='line_1_93' title="bbox 304 4383 1833 4464; baseline 0.001 -13"><span class='ocrx_word' id='word_1_640' title='bbox 304 4383 523 4452; x_wconf 57' lang='grc' dir='ltr'><strong>ἔκιον-εδ</strong></span> <span class='ocrx_word' id='word_1_641' title='bbox 554 4398 711 4450; x_wconf 83' lang='lat' dir='ltr'><strong>datos</strong></span> <span class='ocrx_word' id='word_1_642' title='bbox 742 4398 813 4451; x_wconf 85' lang='lat' dir='ltr'><strong>ad</strong></span> <span class='ocrx_word' id='word_1_643' title='bbox 846 4383 1277 4464; x_wconf 44' lang='lat' dir='ltr'><strong>Iconﬁscandz‘im</strong></span> <span class='ocrx_word' id='word_1_644' title='bbox 1310 4383 1502 4453; x_wconf 62' lang='lat' dir='ltr'><strong>omnia</strong></span> <span class='ocrx_word' id='word_1_645' title='bbox 1548 4398 1691 4453; x_wconf 84' lang='lat' dir='ltr'><strong>bona</strong></span> <span class='ocrx_word' id='word_1_646' title='bbox 1730 4415 1833 4453; x_wconf 84' lang='lat' dir='ltr'><strong>sua</strong></span> 
     </span>
    </p>
   </div>
   <div class='ocr_carea' id='block_1_94' title="bbox 1939 4383 3533 4464">
    <p class='ocr_par' dir='ltr' id='par_1_94' title="bbox 1940 4383 3533 4457">
     <span class='ocr_line' id='line_1_94' title="bbox 1940 4383 3533 4457; baseline 0.002 -20"><span class='ocrx_word' id='word_1_647' title='bbox 1940 4383 2368 4437; x_wconf 88' lang='lat' dir='ltr'><strong>Cantuariensis.</strong></span> <span class='ocrx_word' id='word_1_648' title='bbox 2403 4384 2549 4439; x_wconf 91' lang='lat' dir='ltr'><strong>Sciat</strong></span> <span class='ocrx_word' id='word_1_649' title='bbox 2577 4393 2757 4439; x_wconf 90' lang='lat' dir='ltr'><strong>tamen</strong></span> <span class='ocrx_word' id='word_1_650' title='bbox 2786 4385 2875 4439; x_wconf 89' lang='lat' dir='ltr'><strong>ille</strong></span> <span class='ocrx_word' id='word_1_651' title='bbox 2906 4401 2994 4440; x_wconf 90' lang='lat' dir='ltr'><strong>me</strong></span> <span class='ocrx_word' id='word_1_652' title='bbox 3022 4401 3299 4457; x_wconf 90' lang='lat' dir='ltr'><strong>nunquam</strong></span> <span class='ocrx_word' id='word_1_653' title='bbox 3329 4386 3533 4441; x_wconf 89' lang='lat' dir='ltr'><strong>littera-</strong></span> 
     </span>
    </p>
   </div>
   <div class='ocr_carea' id='block_1_95' title="bbox 306 4469 1823 4524">
    <p class='ocr_par' dir='ltr' id='par_1_95' title="bbox 306 4469 1823 4524">
     <span class='ocr_line' id='line_1_95' title="bbox 306 4469 1823 4524; baseline 0.002 -3"><span class='ocrx_word' id='word_1_654' title='bbox 306 4484 607 4521; x_wconf 84' lang='lat' dir='ltr'><strong>censuram</strong></span> <span class='ocrx_word' id='word_1_655' title='bbox 658 4470 969 4523; x_wconf 66' lang='lat' dir='ltr'><strong>exercendo</strong></span> <span class='ocrx_word' id='word_1_656' title='bbox 1016 4469 1477 4524; x_wconf 81' lang='lat' dir='ltr'><strong>ecclesiasticam.</strong></span> <span class='ocrx_word' id='word_1_657' title='bbox 1511 4500 1579 4508; x_wconf 97' lang='lat'><strong>—</strong></span> <span class='ocrx_word' id='word_1_658' title='bbox 1610 4471 1678 4524; x_wconf 83' lang='lat' dir='ltr'><strong>Et</strong></span> <span class='ocrx_word' id='word_1_659' title='bbox 1725 4470 1823 4524; x_wconf 88' lang='lat' dir='ltr'><strong>hoc</strong></span> 
     </span>
    </p>
   </div>
   <div class='ocr_carea' id='block_1_96' title="bbox 310 4540 1360 4609">
    <p class='ocr_par' dir='ltr' id='par_1_96' title="bbox 310 4540 1360 4609">
     <span class='ocr_line' id='line_1_96' title="bbox 310 4540 1360 4609; baseline 0 -18"><span class='ocrx_word' id='word_1_660' title='bbox 310 4542 393 4591; x_wconf 79' lang='lat' dir='ltr'><strong>est</strong></span> <span class='ocrx_word' id='word_1_661' title='bbox 424 4540 596 4607; x_wconf 76' lang='lat' dir='ltr'><strong>capit.</strong></span> <span class='ocrx_word' id='word_1_662' title='bbox 632 4541 662 4590; x_wconf 85' lang='lat'><strong>7</strong></span> <span class='ocrx_word' id='word_1_663' title='bbox 694 4540 753 4591; x_wconf 81' lang='lat' dir='ltr'><strong>in</strong></span> <span class='ocrx_word' id='word_1_664' title='bbox 785 4540 929 4593; x_wconf 83' lang='lat' dir='ltr'><strong>serie</strong></span> <span class='ocrx_word' id='word_1_665' title='bbox 954 4554 1176 4609; x_wconf 63' lang='lat' dir='ltr'><strong>magnas</strong></span> <span class='ocrx_word' id='word_1_666' title='bbox 1212 4540 1360 4593; x_wconf 74' lang='lat' dir='ltr'><strong>l&#39;itm.</strong></span> 
     </span>
    </p>
   </div>
   <div class='ocr_carea' id='block_1_97' title="bbox 304 4642 1831 4713">
    <p class='ocr_par' dir='ltr' id='par_1_97' title="bbox 304 4642 1831 4713">
     <span class='ocr_line' id='line_1_97' title="bbox 304 4642 1831 4713; baseline 0.001 -16"><span class='ocrx_word' id='word_1_667' title='bbox 304 4642 623 4713; x_wconf 83' lang='lat' dir='ltr'><strong>Excogitato</strong></span> <span class='ocrx_word' id='word_1_668' title='bbox 655 4651 832 4697; x_wconf 89' lang='lat' dir='ltr'><strong>autem</strong></span> <span class='ocrx_word' id='word_1_669' title='bbox 864 4644 933 4697; x_wconf 92' lang='lat' dir='ltr'><strong>ab</strong></span> <span class='ocrx_word' id='word_1_670' title='bbox 959 4644 1167 4698; x_wconf 62' lang='lat' dir='ltr'><strong>aemulis</strong></span> <span class='ocrx_word' id='word_1_671' title='bbox 1195 4645 1291 4699; x_wconf 87' lang='lat' dir='ltr'><strong>viri</strong></span> <span class='ocrx_word' id='word_1_672' title='bbox 1318 4645 1414 4699; x_wconf 92' lang='lat' dir='ltr'><strong>Dei</strong></span> <span class='ocrx_word' id='word_1_673' title='bbox 1447 4653 1678 4700; x_wconf 67' lang='lat' dir='ltr'><strong>versutaa</strong></span> <span class='ocrx_word' id='word_1_674' title='bbox 1708 4644 1831 4698; x_wconf 87' lang='lat' dir='ltr'><strong>sub-</strong></span> 
     </span>
    </p>
   </div>
   <div class='ocr_carea' id='block_1_98' title="bbox 231 4730 1824 4802">
    <p class='ocr_par' dir='ltr' id='par_1_98' title="bbox 231 4730 1824 4802">
     <span class='ocr_line' id='line_1_98' title="bbox 231 4730 1824 4802; baseline 0.003 -20"><span class='ocrx_word' id='word_1_675' title='bbox 231 4730 434 4783; x_wconf 89' lang='lat' dir='ltr'><strong>tilitatis</strong></span> <span class='ocrx_word' id='word_1_676' title='bbox 481 4730 860 4802; x_wconf 87' lang='lat' dir='ltr'><strong>irrcfragibili,</strong></span> <span class='ocrx_word' id='word_1_677' title='bbox 909 4740 963 4784; x_wconf 90' lang='lat' dir='ltr'><strong>ut</strong></span> <span class='ocrx_word' id='word_1_678' title='bbox 1010 4732 1321 4801; x_wconf 84' lang='lat' dir='ltr'><strong>putabatur,</strong></span> <span class='ocrx_word' id='word_1_679' title='bbox 1370 4734 1824 4799; x_wconf 90' lang='lat' dir='ltr'><strong>machinamento,</strong></span> 
     </span>
    </p>
   </div>
   <div class='ocr_carea' id='block_1_99' title="bbox 236 4817 1831 4889">
    <p class='ocr_par' dir='ltr' id='par_1_99' title="bbox 236 4817 1831 4889">
     <span class='ocr_line' id='line_1_99' title="bbox 236 4817 1831 4889; baseline 0.003 -18"><span class='ocrx_word' id='word_1_680' title='bbox 236 4817 549 4889; x_wconf 77' lang='lat' dir='ltr'><strong>suggeritur</strong></span> <span class='ocrx_word' id='word_1_681' title='bbox 580 4819 718 4889; x_wconf 87' lang='lat' dir='ltr'><strong>regi,</strong></span> <span class='ocrx_word' id='word_1_682' title='bbox 752 4819 1010 4888; x_wconf 89' lang='lat' dir='ltr'><strong>plurimos</strong></span> <span class='ocrx_word' id='word_1_683' title='bbox 1028 4836 1149 4873; x_wconf 89' lang='lat' dir='ltr'><strong>esse</strong></span> <span class='ocrx_word' id='word_1_684' title='bbox 1171 4821 1311 4874; x_wconf 89' lang='lat' dir='ltr'><strong>inter</strong></span> <span class='ocrx_word' id='word_1_685' title='bbox 1334 4821 1588 4875; x_wconf 77' lang='lat' dir='ltr'><strong>Ecclesiae</strong></span> <span class='ocrx_word' id='word_1_686' title='bbox 1620 4821 1831 4875; x_wconf 90' lang='lat' dir='ltr'><strong>Lincol-</strong></span> 
     </span>
    </p>
   </div>
   <div class='ocr_carea' id='block_1_100' title="bbox 307 4994 1833 5059">
    <p class='ocr_par' dir='ltr' id='par_1_100' title="bbox 307 4994 1833 5059">
     <span class='ocr_line' id='line_1_100' title="bbox 307 4994 1833 5059; baseline 0.004 -15"><span class='ocrx_word' id='word_1_687' title='bbox 307 4994 451 5059; x_wconf 77' lang='lat'><strong>(213)</strong></span> <span class='ocrx_word' id='word_1_688' title='bbox 478 4996 770 5059; x_wconf 85' lang='lat' dir='ltr'><strong>Philippum.</strong></span> <span class='ocrx_word' id='word_1_689' title='bbox 823 4998 891 5046; x_wconf 91' lang='lat' dir='ltr'><strong>De</strong></span> <span class='ocrx_word' id='word_1_690' title='bbox 934 4998 1027 5047; x_wconf 92' lang='lat' dir='ltr'><strong>hoc</strong></span> <span class='ocrx_word' id='word_1_691' title='bbox 1074 4998 1237 5059; x_wconf 69' lang='lat' dir='ltr'><strong>przrlio</strong></span> <span class='ocrx_word' id='word_1_692' title='bbox 1281 5003 1329 5048; x_wconf 92' lang='lat' dir='ltr'><strong>et</strong></span> <span class='ocrx_word' id='word_1_693' title='bbox 1366 4999 1566 5049; x_wconf 85' lang='lat' dir='ltr'><strong>victoria</strong></span> <span class='ocrx_word' id='word_1_694' title='bbox 1611 4998 1833 5050; x_wconf 82' lang='lat' dir='ltr'><strong>videatur</strong></span> 
     </span>
    </p>
   </div>
   <div class='ocr_carea' id='block_1_101' title="bbox 236 5064 1834 5179">
    <p class='ocr_par' dir='ltr' id='par_1_101' title="bbox 236 5064 1834 5179">
     <span class='ocr_line' id='line_1_101' title="bbox 236 5064 1834 5179; baseline 0.004 -68"><span class='ocrx_word' id='word_1_695' title='bbox 236 5064 487 5179; x_wconf 51' lang='lat' dir='ltr'><strong>grivetttus</strong></span> <span class='ocrx_word' id='word_1_696' title='bbox 510 5064 557 5112; x_wconf 91' lang='lat' dir='ltr'><strong>in</strong></span> <span class='ocrx_word' id='word_1_697' title='bbox 582 5066 765 5113; x_wconf 75' lang='lat' dir='ltr'><strong>Chron.</strong></span> <span class='ocrx_word' id='word_1_698' title='bbox 794 5064 852 5113; x_wconf 86' lang='lat' dir='ltr'><strong>ad</strong></span> <span class='ocrx_word' id='word_1_699' title='bbox 879 5077 1061 5114; x_wconf 84' lang='lat' dir='ltr'><strong>annum</strong></span> <span class='ocrx_word' id='word_1_700' title='bbox 1094 5066 1237 5125; x_wconf 85' lang='grc'><strong>1198,</strong></span> <span class='ocrx_word' id='word_1_701' title='bbox 1276 5066 1357 5115; x_wconf 89' lang='lat' dir='ltr'><strong>ubi</strong></span> <span class='ocrx_word' id='word_1_702' title='bbox 1402 5067 1479 5117; x_wconf 89' lang='lat' dir='ltr'><strong>hic</strong></span> <span class='ocrx_word' id='word_1_703' title='bbox 1522 5066 1675 5117; x_wconf 88' lang='lat' dir='ltr'><strong>relata</strong></span> <span class='ocrx_word' id='word_1_704' title='bbox 1721 5079 1834 5117; x_wconf 85' lang='lat' dir='ltr'><strong>con-</strong></span> 
     </span>
     <span class='ocr_line' id='line_1_102' title="bbox 274 5143 419 5179; baseline -0.007 0"><span class='ocrx_word' id='word_1_705' title='bbox 274 5143 374 5179; x_wconf 85' lang='lat' dir='ltr'><strong>rma</strong></span> <span class='ocrx_word' id='word_1_706' title='bbox 408 5168 419 5178; x_wconf 91' lang='lat'><strong>.</strong></span> 
     </span>
    </p>
   </div>
   <div class='ocr_carea' id='block_1_102' title="bbox 307 5223 1836 5289">
    <p class='ocr_par' dir='ltr' id='par_1_102' title="bbox 307 5223 1836 5289">
     <span class='ocr_line' id='line_1_103' title="bbox 307 5223 1836 5289; baseline 0.004 -18"><span class='ocrx_word' id='word_1_707' title='bbox 307 5223 448 5287; x_wconf 70' lang='lat'><strong>(214)</strong></span> <span class='ocrx_word' id='word_1_708' title='bbox 490 5225 554 5272; x_wconf 86' lang='lat' dir='ltr'><strong>De</strong></span> <span class='ocrx_word' id='word_1_709' title='bbox 597 5224 842 5285; x_wconf 90' lang='lat' dir='ltr'><strong>opulentia</strong></span> <span class='ocrx_word' id='word_1_710' title='bbox 870 5227 918 5274; x_wconf 91' lang='lat' dir='ltr'><strong>et</strong></span> <span class='ocrx_word' id='word_1_711' title='bbox 954 5224 1271 5287; x_wconf 89' lang='lat' dir='ltr'><strong>amplitudine</strong></span> <span class='ocrx_word' id='word_1_712' title='bbox 1312 5228 1615 5289; x_wconf 76' lang='lat' dir='ltr'><strong>episcopatus</strong></span> <span class='ocrx_word' id='word_1_713' title='bbox 1640 5227 1836 5277; x_wconf 88' lang='lat' dir='ltr'><strong>Lincol-</strong></span> 
     </span>
    </p>
   </div>
   <div class='ocr_carea' id='block_1_103' title="bbox 238 5290 1832 5355">
    <p class='ocr_par' dir='ltr' id='par_1_103' title="bbox 238 5290 1832 5355">
     <span class='ocr_line' id='line_1_104' title="bbox 238 5290 1832 5355; baseline 0.003 -18"><span class='ocrx_word' id='word_1_714' title='bbox 238 5290 423 5338; x_wconf 82' lang='lat' dir='ltr'><strong>niensis</strong></span> <span class='ocrx_word' id='word_1_715' title='bbox 448 5291 511 5339; x_wconf 88' lang='lat' dir='ltr'><strong>ita</strong></span> <span class='ocrx_word' id='word_1_716' title='bbox 538 5291 708 5339; x_wconf 82' lang='lat' dir='ltr'><strong>scribit</strong></span> <span class='ocrx_word' id='word_1_717' title='bbox 735 5291 961 5341; x_wconf 88' lang='lat' dir='ltr'><strong>Giraldus</strong></span> <span class='ocrx_word' id='word_1_718' title='bbox 987 5292 1183 5341; x_wconf 67' lang='lat' dir='ltr'><strong>Camlir.</strong></span> <span class='ocrx_word' id='word_1_719' title='bbox 1223 5293 1362 5353; x_wconf 75' lang='lat' dir='ltr'><strong>Angl.</strong></span> <span class='ocrx_word' id='word_1_720' title='bbox 1408 5294 1569 5342; x_wconf 53' lang='lat' dir='ltr'><strong>Sacra&quot;.</strong></span> <span class='ocrx_word' id='word_1_721' title='bbox 1609 5298 1735 5355; x_wconf 88' lang='lat' dir='ltr'><strong>part.</strong></span> <span class='ocrx_word' id='word_1_722' title='bbox 1778 5308 1832 5354; x_wconf 82' lang='grc' dir='ltr'><strong>η,</strong></span> 
     </span>
    </p>
   </div>
   <div class='ocr_carea' id='block_1_104' title="bbox 238 5357 1835 5419">
    <p class='ocr_par' dir='ltr' id='par_1_104' title="bbox 238 5357 1835 5419">
     <span class='ocr_line' id='line_1_105' title="bbox 238 5357 1835 5419; baseline 0.004 -16"><span class='ocrx_word' id='word_1_723' title='bbox 238 5368 294 5415; x_wconf 83' lang='lat' dir='ltr'><strong>p.</strong></span> <span class='ocrx_word' id='word_1_724' title='bbox 328 5357 422 5405; x_wconf 75' lang='grc'><strong>417</strong></span> <span class='ocrx_word' id='word_1_725' title='bbox 457 5368 468 5403; x_wconf 92' lang='lat'><strong>:</strong></span> <span class='ocrx_word' id='word_1_726' title='bbox 508 5372 524 5399; x_wconf 75' lang='grc' dir='ltr'>α</span> <span class='ocrx_word' id='word_1_727' title='bbox 552 5358 720 5406; x_wconf 83' lang='lat' dir='ltr'><strong>Crevit</strong></span> <span class='ocrx_word' id='word_1_728' title='bbox 757 5370 871 5417; x_wconf 71' lang='lat' dir='ltr'><strong>ergo</strong></span> <span class='ocrx_word' id='word_1_729' title='bbox 904 5358 1127 5408; x_wconf 76' lang='lat' dir='ltr'><strong>dimccsis</strong></span> <span class='ocrx_word' id='word_1_730' title='bbox 1166 5359 1514 5409; x_wconf 86' lang='lat' dir='ltr'><strong>Lincolniensis</strong></span> <span class='ocrx_word' id='word_1_731' title='bbox 1548 5372 1633 5419; x_wconf 86' lang='lat' dir='ltr'><strong>per</strong></span> <span class='ocrx_word' id='word_1_732' title='bbox 1674 5361 1835 5410; x_wconf 81' lang='lat' dir='ltr'><strong>Remi-</strong></span> 
     </span>
    </p>
   </div>
   <div class='ocr_carea' id='block_1_105' title="bbox 240 5422 1832 5487">
    <p class='ocr_par' dir='ltr' id='par_1_105' title="bbox 240 5422 1832 5487">
     <span class='ocr_line' id='line_1_106' title="bbox 240 5422 1832 5487; baseline 0.004 -17"><span class='ocrx_word' id='word_1_733' title='bbox 240 5423 387 5483; x_wconf 71' lang='lat' dir='ltr'><strong>gium,</strong></span> <span class='ocrx_word' id='word_1_734' title='bbox 427 5422 511 5471; x_wconf 83' lang='lat' dir='ltr'><strong>sed</strong></span> <span class='ocrx_word' id='word_1_735' title='bbox 538 5422 753 5473; x_wconf 80' lang='lat' dir='ltr'><strong>decrevit</strong></span> <span class='ocrx_word' id='word_1_736' title='bbox 780 5426 1044 5475; x_wconf 87' lang='lat' dir='ltr'><strong>enormiter</strong></span> <span class='ocrx_word' id='word_1_737' title='bbox 1072 5438 1158 5487; x_wconf 79' lang='lat' dir='ltr'><strong>per</strong></span> <span class='ocrx_word' id='word_1_738' title='bbox 1182 5426 1446 5477; x_wconf 83' lang='lat' dir='ltr'><strong>Robertum</strong></span> <span class='ocrx_word' id='word_1_739' title='bbox 1471 5428 1517 5476; x_wconf 88' lang='lat' dir='ltr'><strong>et</strong></span> <span class='ocrx_word' id='word_1_740' title='bbox 1546 5426 1832 5477; x_wconf 83' lang='lat' dir='ltr'><strong>Robcrtum.</strong></span> 
     </span>
    </p>
   </div>
   <div class='ocr_carea' id='block_1_106' title="bbox 1928 4472 3533 4544">
    <p class='ocr_par' dir='ltr' id='par_1_106' title="bbox 1928 4472 3533 4544">
     <span class='ocr_line' id='line_1_107' title="bbox 1928 4472 3533 4544; baseline 0.003 -18"><span class='ocrx_word' id='word_1_741' title='bbox 1928 4488 2048 4526; x_wconf 92' lang='lat' dir='ltr'><strong>rum</strong></span> <span class='ocrx_word' id='word_1_742' title='bbox 2114 4488 2337 4526; x_wconf 90' lang='lat' dir='ltr'><strong>suarum</strong></span> <span class='ocrx_word' id='word_1_743' title='bbox 2380 4472 2495 4527; x_wconf 90' lang='lat' dir='ltr'><strong>fore</strong></span> <span class='ocrx_word' id='word_1_744' title='bbox 2542 4473 2626 4527; x_wconf 91' lang='lat' dir='ltr'><strong>vel</strong></span> <span class='ocrx_word' id='word_1_745' title='bbox 2695 4472 2861 4527; x_wconf 88' lang='lat' dir='ltr'><strong>fuisse</strong></span> <span class='ocrx_word' id='word_1_746' title='bbox 2909 4474 3246 4544; x_wconf 90' lang='lat' dir='ltr'><strong>portitorem,</strong></span> <span class='ocrx_word' id='word_1_747' title='bbox 3298 4490 3401 4530; x_wconf 89' lang='lat' dir='ltr'><strong>nec</strong></span> <span class='ocrx_word' id='word_1_748' title='bbox 3448 4491 3533 4531; x_wconf 91' lang='lat' dir='ltr'><strong>me</strong></span> 
     </span>
    </p>
   </div>
   <div class='ocr_carea' id='block_1_107' title="bbox 1929 4562 3530 4635">
    <p class='ocr_par' dir='ltr' id='par_1_107' title="bbox 1929 4562 3530 4635">
     <span class='ocr_line' id='line_1_108' title="bbox 1929 4562 3530 4635; baseline 0.002 -19"><span class='ocrx_word' id='word_1_749' title='bbox 1929 4562 2156 4616; x_wconf 90' lang='lat' dir='ltr'><strong>clericos</strong></span> <span class='ocrx_word' id='word_1_750' title='bbox 2194 4570 2412 4617; x_wconf 91' lang='lat' dir='ltr'><strong>nostros</strong></span> <span class='ocrx_word' id='word_1_751' title='bbox 2442 4562 2610 4634; x_wconf 89' lang='lat' dir='ltr'><strong>regiis</strong></span> <span class='ocrx_word' id='word_1_752' title='bbox 2639 4562 2929 4633; x_wconf 90' lang='lat' dir='ltr'><strong>aliquando</strong></span> <span class='ocrx_word' id='word_1_753' title='bbox 2968 4563 3202 4619; x_wconf 89' lang='lat' dir='ltr'><strong>servitiis</strong></span> <span class='ocrx_word' id='word_1_754' title='bbox 3236 4564 3530 4635; x_wconf 84' lang='lat' dir='ltr'><strong>obligasse,</strong></span> 
     </span>
    </p>
   </div>
   <div class='ocr_carea' id='block_1_108' title="bbox 1930 4650 3532 4722">
    <p class='ocr_par' dir='ltr' id='par_1_108' title="bbox 1930 4650 3532 4722">
     <span class='ocr_line' id='line_1_109' title="bbox 1930 4650 3532 4722; baseline 0.002 -19"><span class='ocrx_word' id='word_1_755' title='bbox 1930 4658 2016 4703; x_wconf 90' lang='lat' dir='ltr'><strong>aut</strong></span> <span class='ocrx_word' id='word_1_756' title='bbox 2047 4650 2416 4719; x_wconf 85' lang='lat' dir='ltr'><strong>obligaturum</strong></span> <span class='ocrx_word' id='word_1_757' title='bbox 2448 4667 2589 4705; x_wconf 92' lang='lat' dir='ltr'><strong>esse.</strong></span> <span class='ocrx_word' id='word_1_758' title='bbox 2623 4651 2880 4705; x_wconf 86' lang='lat' dir='ltr'><strong>Prohibui</strong></span> <span class='ocrx_word' id='word_1_759' title='bbox 2926 4668 3071 4722; x_wconf 68' lang='lat' dir='ltr'><strong>saepe</strong></span> <span class='ocrx_word' id='word_1_760' title='bbox 3100 4652 3335 4717; x_wconf 88' lang='lat' dir='ltr'><strong>clericis,</strong></span> <span class='ocrx_word' id='word_1_761' title='bbox 3369 4653 3532 4707; x_wconf 92' lang='lat' dir='ltr'><strong>etiam</strong></span> 
     </span>
    </p>
   </div>
   <div class='ocr_carea' id='block_1_109' title="bbox 1932 4738 3534 4809">
    <p class='ocr_par' dir='ltr' id='par_1_109' title="bbox 1932 4738 3534 4809">
     <span class='ocr_line' id='line_1_110' title="bbox 1932 4738 3534 4809; baseline 0.001 -18"><span class='ocrx_word' id='word_1_762' title='bbox 1932 4738 2141 4804; x_wconf 90' lang='lat' dir='ltr'><strong>alienis,</strong></span> <span class='ocrx_word' id='word_1_763' title='bbox 2175 4738 2230 4792; x_wconf 93' lang='lat' dir='ltr'><strong>in</strong></span> <span class='ocrx_word' id='word_1_764' title='bbox 2252 4739 2568 4809; x_wconf 90' lang='lat' dir='ltr'><strong>episc0patu</strong></span> <span class='ocrx_word' id='word_1_765' title='bbox 2600 4748 2793 4794; x_wconf 91' lang='lat' dir='ltr'><strong>nostro</strong></span> <span class='ocrx_word' id='word_1_766' title='bbox 2844 4740 3197 4806; x_wconf 84' lang='lat' dir='ltr'><strong>beneﬁciatis,</strong></span> <span class='ocrx_word' id='word_1_767' title='bbox 3248 4756 3315 4793; x_wconf 91' lang='lat' dir='ltr'><strong>ne</strong></span> <span class='ocrx_word' id='word_1_768' title='bbox 3347 4740 3401 4793; x_wconf 93' lang='lat' dir='ltr'><strong>in</strong></span> <span class='ocrx_word' id='word_1_769' title='bbox 3430 4756 3534 4809; x_wconf 90' lang='lat' dir='ltr'><strong>pu-</strong></span> 
     </span>
    </p>
   </div>
   <div class='ocr_carea' id='block_1_110' title="bbox 1933 4822 3535 4891">
    <p class='ocr_par' dir='ltr' id='par_1_110' title="bbox 1933 4822 3535 4891">
     <span class='ocr_line' id='line_1_111' title="bbox 1933 4822 3535 4891; baseline 0.001 -12"><span class='ocrx_word' id='word_1_770' title='bbox 1933 4826 2091 4881; x_wconf 91' lang='lat' dir='ltr'><strong>blicis</strong></span> <span class='ocrx_word' id='word_1_771' title='bbox 2138 4822 2525 4891; x_wconf 83' lang='lat' dir='ltr'><strong>functionibus&#39;,</strong></span> <span class='ocrx_word' id='word_1_772' title='bbox 2577 4836 2633 4881; x_wconf 92' lang='lat' dir='ltr'><strong>ut</strong></span> <span class='ocrx_word' id='word_1_773' title='bbox 2682 4836 2763 4883; x_wconf 87' lang='lat' dir='ltr'><strong>est</strong></span> <span class='ocrx_word' id='word_1_774' title='bbox 2808 4828 2861 4882; x_wconf 91' lang='lat' dir='ltr'><strong>in</strong></span> <span class='ocrx_word' id='word_1_775' title='bbox 2910 4828 3274 4886; x_wconf 78' lang='lat' dir='ltr'><strong>distrahendis</strong></span> <span class='ocrx_word' id='word_1_776' title='bbox 3320 4827 3535 4882; x_wconf 90' lang='lat' dir='ltr'><strong>forestis</strong></span> 
     </span>
    </p>
   </div>
   <div class='ocr_carea' id='block_1_111' title="bbox 1933 5002 3531 5065">
    <p class='ocr_par' dir='ltr' id='par_1_111' title="bbox 1933 5002 3531 5065">
     <span class='ocr_line' id='line_1_112' title="bbox 1933 5002 3531 5065; baseline -0.001 -12"><span class='ocrx_word' id='word_1_777' title='bbox 1933 5005 2145 5053; x_wconf 90' lang='lat' dir='ltr'><strong>Cunctas</strong></span> <span class='ocrx_word' id='word_1_778' title='bbox 2172 5008 2339 5053; x_wconf 87' lang='lat' dir='ltr'><strong>tamen</strong></span> <span class='ocrx_word' id='word_1_779' title='bbox 2366 5003 2677 5053; x_wconf 85' lang='lat' dir='ltr'><strong>cathedrales</strong></span> <span class='ocrx_word' id='word_1_780' title='bbox 2715 5003 2873 5054; x_wconf 87' lang='lat' dir='ltr'><strong>adhuc</strong></span> <span class='ocrx_word' id='word_1_781' title='bbox 2918 5004 3054 5065; x_wconf 71' lang='lat' dir='ltr'><strong>regni</strong></span> <span class='ocrx_word' id='word_1_782' title='bbox 3096 5002 3243 5051; x_wconf 90' lang='lat' dir='ltr'><strong>totius</strong></span> <span class='ocrx_word' id='word_1_783' title='bbox 3280 5002 3531 5064; x_wconf 85' lang='lat' dir='ltr'><strong>ecclesias,</strong></span> 
     </span>
    </p>
   </div>
   <div class='ocr_carea' id='block_1_112' title="bbox 1935 5070 3531 5131">
    <p class='ocr_par' dir='ltr' id='par_1_112' title="bbox 1935 5070 3531 5131">
     <span class='ocr_line' id='line_1_113' title="bbox 1935 5070 3531 5131; baseline 0.001 -14"><span class='ocrx_word' id='word_1_784' title='bbox 1935 5083 2000 5119; x_wconf 89' lang='lat' dir='ltr'><strong>vn</strong></span> <span class='ocrx_word' id='word_1_785' title='bbox 2025 5074 2283 5119; x_wconf 76' lang='lat' dir='ltr'><strong>comitatus</strong></span> <span class='ocrx_word' id='word_1_786' title='bbox 2310 5073 2360 5119; x_wconf 91' lang='lat' dir='ltr'><strong>et</strong></span> <span class='ocrx_word' id='word_1_787' title='bbox 2383 5070 2633 5120; x_wconf 87' lang='lat' dir='ltr'><strong>dimidium</strong></span> <span class='ocrx_word' id='word_1_788' title='bbox 2662 5071 2709 5119; x_wconf 92' lang='lat' dir='ltr'><strong>in</strong></span> <span class='ocrx_word' id='word_1_789' title='bbox 2733 5083 2785 5119; x_wconf 91' lang='lat' dir='ltr'><strong>se</strong></span> <span class='ocrx_word' id='word_1_790' title='bbox 2806 5071 3077 5131; x_wconf 79' lang='lat' dir='ltr'><strong>continens,</strong></span> <span class='ocrx_word' id='word_1_791' title='bbox 3100 5073 3242 5119; x_wconf 69' lang='lat' dir='ltr'><strong>terra:</strong></span> <span class='ocrx_word' id='word_1_792' title='bbox 3269 5070 3531 5131; x_wconf 57' lang='lat' dir='ltr'><strong>populosae.</strong></span> 
     </span>
    </p>
   </div>
   <div class='ocr_carea' id='block_1_113' title="bbox 1935 5136 3535 5199">
    <p class='ocr_par' dir='ltr' id='par_1_113' title="bbox 1935 5136 3535 5199">
     <span class='ocr_line' id='line_1_114' title="bbox 1935 5136 3535 5199; baseline 0.001 -14"><span class='ocrx_word' id='word_1_793' title='bbox 1935 5141 1983 5186; x_wconf 89' lang='lat' dir='ltr'><strong>et</strong></span> <span class='ocrx_word' id='word_1_794' title='bbox 2008 5142 2187 5199; x_wconf 62' lang='lat' dir='ltr'><strong>printer</strong></span> <span class='ocrx_word' id='word_1_795' title='bbox 2214 5138 2374 5186; x_wconf 79' lang='lat' dir='ltr'><strong>varios</strong></span> <span class='ocrx_word' id='word_1_796' title='bbox 2402 5140 2706 5199; x_wconf 86' lang='lat' dir='ltr'><strong>personatus,</strong></span> <span class='ocrx_word' id='word_1_797' title='bbox 2727 5136 2847 5185; x_wconf 80' lang='lat' dir='ltr'><strong>alios</strong></span> <span class='ocrx_word' id='word_1_798' title='bbox 2870 5151 2935 5184; x_wconf 83' lang='lat' dir='ltr'><strong>vu</strong></span> <span class='ocrx_word' id='word_1_799' title='bbox 2962 5137 3035 5185; x_wconf 88' lang='lat' dir='ltr'><strong>vel</strong></span> <span class='ocrx_word' id='word_1_800' title='bbox 3061 5149 3146 5183; x_wconf 85' lang='lat' dir='ltr'><strong>vni</strong></span> <span class='ocrx_word' id='word_1_801' title='bbox 3171 5136 3535 5186; x_wconf 91' lang='lat' dir='ltr'><strong>archidiacona-</strong></span> 
     </span>
    </p>
   </div>
   <div class='ocr_carea' id='block_1_114' title="bbox 1933 5202 3458 5265">
    <p class='ocr_par' dir='ltr' id='par_1_114' title="bbox 1933 5202 3458 5265">
     <span class='ocr_line' id='line_1_115' title="bbox 1933 5202 3458 5265; baseline -0.003 -13"><span class='ocrx_word' id='word_1_802' title='bbox 1933 5205 2012 5253; x_wconf 87' lang='lat' dir='ltr'><strong>tus</strong></span> <span class='ocrx_word' id='word_1_803' title='bbox 2036 5204 2240 5263; x_wconf 85' lang='lat' dir='ltr'><strong>habens,</strong></span> <span class='ocrx_word' id='word_1_804' title='bbox 2268 5204 2407 5265; x_wconf 75' lang='lat' dir='ltr'><strong>longe</strong></span> <span class='ocrx_word' id='word_1_805' title='bbox 2435 5204 2627 5263; x_wconf 87' lang='lat' dir='ltr'><strong>lateque</strong></span> <span class='ocrx_word' id='word_1_806' title='bbox 2651 5203 2876 5252; x_wconf 69' lang='lat' dir='ltr'><strong>dioecesis</strong></span> <span class='ocrx_word' id='word_1_807' title='bbox 2901 5202 3218 5263; x_wconf 90' lang='lat' dir='ltr'><strong>amplitudine</strong></span> <span class='ocrx_word' id='word_1_808' title='bbox 3244 5202 3413 5251; x_wconf 89' lang='lat' dir='ltr'><strong>vincit.</strong></span> <span class='ocrx_word' id='word_1_809' title='bbox 3439 5220 3458 5248; x_wconf 75' lang='grc' dir='ltr'><strong><em>ι</em></strong></span> 
     </span>
    </p>
   </div>
   <div class='ocr_carea' id='block_1_115' title="bbox 2001 5293 3535 5360">
    <p class='ocr_par' dir='ltr' id='par_1_115' title="bbox 2001 5293 3535 5360">
     <span class='ocr_line' id='line_1_116' title="bbox 2001 5293 3535 5360; baseline 0 -16"><span class='ocrx_word' id='word_1_810' title='bbox 2001 5293 2151 5360; x_wconf 56' lang='grc'><strong>(015)</strong></span> <span class='ocrx_word' id='word_1_811' title='bbox 2203 5297 2254 5346; x_wconf 88' lang='lat' dir='ltr'><strong>Id</strong></span> <span class='ocrx_word' id='word_1_812' title='bbox 2303 5296 2485 5346; x_wconf 88' lang='lat' dir='ltr'><strong>factum</strong></span> <span class='ocrx_word' id='word_1_813' title='bbox 2534 5295 2747 5345; x_wconf 84' lang='lat' dir='ltr'><strong>creditur</strong></span> <span class='ocrx_word' id='word_1_814' title='bbox 2795 5307 2921 5345; x_wconf 87' lang='lat' dir='ltr'><strong>anno</strong></span> <span class='ocrx_word' id='word_1_815' title='bbox 2971 5294 3121 5355; x_wconf 86' lang='grc'><strong>1198,</strong></span> <span class='ocrx_word' id='word_1_816' title='bbox 3172 5296 3279 5357; x_wconf 92' lang='lat' dir='ltr'><strong>post</strong></span> <span class='ocrx_word' id='word_1_817' title='bbox 3329 5293 3535 5345; x_wconf 85' lang='lat' dir='ltr'><strong>reditum</strong></span> 
     </span>
    </p>
   </div>
   <div class='ocr_carea' id='block_1_116' title="bbox 1937 5360 3539 5424">
    <p class='ocr_par' dir='ltr' id='par_1_116' title="bbox 1937 5360 3539 5424">
     <span class='ocr_line' id='line_1_117' title="bbox 1937 5360 3539 5424; baseline 0 -13"><span class='ocrx_word' id='word_1_818' title='bbox 1937 5362 2153 5422; x_wconf 80' lang='lat' dir='ltr'><strong>llugonis</strong></span> <span class='ocrx_word' id='word_1_819' title='bbox 2176 5375 2202 5410; x_wconf 86' lang='lat' dir='ltr'><strong>a</strong></span> <span class='ocrx_word' id='word_1_820' title='bbox 2229 5375 2359 5424; x_wconf 76' lang='lat' dir='ltr'><strong>rege,</strong></span> <span class='ocrx_word' id='word_1_821' title='bbox 2387 5363 2500 5413; x_wconf 89' lang='lat' dir='ltr'><strong>licet</strong></span> <span class='ocrx_word' id='word_1_822' title='bbox 2546 5366 2594 5413; x_wconf 91' lang='lat' dir='ltr'><strong>et</strong></span> <span class='ocrx_word' id='word_1_823' title='bbox 2620 5365 2733 5412; x_wconf 85' lang='lat' dir='ltr'><strong>ante</strong></span> <span class='ocrx_word' id='word_1_824' title='bbox 2774 5360 2879 5422; x_wconf 87' lang='lat' dir='ltr'><strong>ejus</strong></span> <span class='ocrx_word' id='word_1_825' title='bbox 2914 5373 3155 5411; x_wconf 81' lang='lat' dir='ltr'><strong>recessum</strong></span> <span class='ocrx_word' id='word_1_826' title='bbox 3201 5360 3373 5411; x_wconf 84' lang='lat' dir='ltr'><strong>eodem</strong></span> <span class='ocrx_word' id='word_1_827' title='bbox 3410 5372 3539 5411; x_wconf 86' lang='lat' dir='ltr'><strong>anno</strong></span> 
     </span>
    </p>
   </div>
   <div class='ocr_carea' id='block_1_117' title="bbox 1938 5430 2299 5491">
    <p class='ocr_par' dir='ltr' id='par_1_117' title="bbox 1938 5430 2299 5491">
     <span class='ocr_line' id='line_1_118' title="bbox 1938 5430 2299 5491; baseline -0.003 -13"><span class='ocrx_word' id='word_1_828' title='bbox 1938 5430 2044 5479; x_wconf 83' lang='lat' dir='ltr'><strong>ﬁeri</strong></span> <span class='ocrx_word' id='word_1_829' title='bbox 2070 5430 2299 5491; x_wconf 88' lang='lat' dir='ltr'><strong>potuerit.</strong></span> 
     </span>
    </p>
   </div>
  </div>
