3952 6070
409 182 535 236 1051

1291 180 1346 236 S.
1388 178 1700 237 HUGONIS
1738 177 1956 235 EPISC.
1995 176 2320 236 LINCOLN.
2363 178 2528 235 0RD.
2570 179 2818 237 CARTH.

3574 185 3719 237 1052

408 310 461 360 et
489 303 611 359 aliis
637 302 692 359 in
720 304 863 360 hunc
918 305 1139 361 modum
1195 302 1768 372 administrationibus,
1802 319 1862 359 se
1890 303 1995 358 ob-
2026 304 2078 364 Α
2098 303 2315 375 quidem
2336 303 2617 359 hominum
2637 304 2881 369 istorum,
2903 323 2925 354 ι
2946 303 3061 359 Vox
3073 303 3239 359 Jacob
3266 312 3366 368 est,
3383 306 3481 361 sed
3495 320 3721 370 manus,

407 391 598 448 noxios
619 392 869 449 saeculari
886 392 1151 449 clientelae
1172 393 1387 449 efficere
1412 393 1696 448 auderent.
1731 391 2012 460 Quosdam
2114 408 2309 447 manus
2348 401 2470 447 sunt
2507 394 2740 448 Esau?-
2773 393 2937 463 (Gen.
2961 407 3143 457 xxvu,
3185 394 3299 464 22.)
3332 394 3533 448 Verum
3564 403 3624 448 ut
3663 409 3733 447 ea

409 479 569 534 etiam
599 480 655 534 in
682 481 786 535 hoc
816 481 996 535 minus
1041 480 1359 536 obedientes
1410 480 1739 535 salutaribus
1788 479 2007 533 monitis

408 568 631 634 nostris,
672 568 1058 625 beneficiorum
1089 584 1310 624 suorum
1340 569 1475 623 dura
1514 568 1820 639 privatione
1851 568 2012 623 casti-

410 656 679 729 gavimus.
727 656 847 725 Qua
903 657 1068 729 igitur
1120 658 1328 711 ratione
1386 657 1455 711 de
1502 656 1706 710 intimis
1752 655 2018 711 Ecclesiae

413 752 615 799 nostrae
644 744 943 801 visceribus
974 745 1207 799 evellere
1238 745 1565 801 deberemus
1608 759 1744 815 quos
1774 744 1839 797 ad
1872 744 2019 815 regia

415 832 675 903 obsequia
703 833 914 887 mittere
938 833 1236 901 jubemur?
1268 833 1410 888 Satis
1459 833 1527 886 sit
1569 833 1788 887 domino
1833 839 2021 886 nostro

415 920 549 993 regi,
585 922 731 991 quod
763 929 907 976 certe
958 922 1011 975 in
1067 921 1372 992 periculum
1417 920 1613 975 salutis
1664 920 1858 975 animae
1888 936 2019 986 sum,

414 1008 769 1079 professionis
825 1026 938 1065 suae
994 1009 1170 1066 officio
1216 1009 1628 1080 praetermisso,
1680 1008 2023 1080 negotiorum

416 1095 561 1152 illius
596 1097 930 1154 exsecutioni
972 1115 1032 1153 se
1088 1098 1538 1168 archiepiscopus
1576 1098 1685 1165 jam
1716 1113 1780 1150 ex
1812 1096 2027 1167 integro

417 1184 715 1241 devoverit.
750 1185 909 1254 Quod
938 1194 1134 1255 tamen,
1167 1186 1214 1240 si
1243 1200 1433 1257 parum
1477 1185 1527 1240 ei
1568 1185 1800 1249 videtur,
1852 1184 2029 1239 veniet

419 1288 541 1329 cum
573 1274 722 1341 suis;
753 1290 822 1329 en
852 1273 953 1330 iste
1005 1274 1295 1345 episcopus
1334 1289 1345 1327 :
1381 1272 1592 1336 Veniet,
1646 1272 1883 1344 inquam,
1934 1288 2031 1325 au-

420 1362 535 1415 dire
559 1362 717 1430 jussa
745 1362 893 1435 regis
925 1379 990 1417 ex
1021 1377 1117 1417 ore
1149 1362 1284 1430 ejus.
1330 1360 1524 1416 Veniet
1567 1361 1730 1415 etiam
1766 1362 1917 1428 juxta
1949 1374 2035 1414 ea-

421 1449 547 1504 dem
575 1449 718 1504 illius
763 1451 938 1519 jussa,
990 1450 1137 1521 quod
1178 1450 1381 1518 justum
1428 1448 1583 1503 fuerit
1630 1447 2035 1519 promptissime

424 1546 801 1593 exsecuturus.
834 1539 914 1593 Tu
943 1554 1075 1593 vero
1096 1537 1487 1593 duodenarium
1533 1538 1861 1603 litterarum,
1899 1552 2035 1607 quas

2117 497 2238 551 qua:
2260 489 2413 553 gesta
2429 490 2551 535 sunt
2572 480 2876 535 summatim
2895 497 3296 551 percurramus,
3318 482 3391 535 illi
3415 483 3622 553 quibus
3642 483 3742 535 de-

2118 570 2369 624 mandata
2401 569 2497 623 fuit
2528 569 2803 624 exsecutio
2852 569 3012 624 edicti
3067 570 3351 639 tyrannici,
3408 586 3525 640 prae
3563 570 3738 623 nimia

2119 656 2424 722 formidine,
2445 658 2622 727 primo
2653 658 3014 727 supersedere
3044 658 3300 712 mandato
3331 667 3738 729 suggesserunt

2120 745 2260 817 regi,
2292 746 2489 801 deinde
2538 745 2723 817 quanti
2767 753 2910 800 esset
2955 745 3201 815 periculi,
3255 754 3360 800 tam
3402 747 3733 814 jubentibus

2123 849 2282 904 quam
2315 834 2735 905 exsequentibus
2765 834 3078 905 quidquam,
3128 834 3271 889 unde
3315 835 3657 889 incideretur
3688 836 3741 888 in

2123 922 2556 977 maledictionem
2592 922 2689 978 viri
2718 922 2860 977 illius
2889 930 3175 976 attentare.
3224 922 3736 978 Manifestissimum

2126 1026 2248 1066 esse
2280 1010 2547 1082 siquidem
2579 1011 2832 1065 dicebant
2862 1011 3006 1082 quod
3036 1010 3336 1082 cuicunque
3368 1011 3457 1065 ille
3506 1011 3745 1066 maledi-

2129 1100 2314 1165 xisset,
2339 1100 2515 1154 eidem
2539 1099 2884 1155 malediceret
2906 1099 3187 1164 Dominus,
3210 1108 3262 1154 et
3283 1100 3599 1155 maledictio
3630 1100 3741 1163 illa,

2131 1197 2187 1242 ut
2219 1189 2293 1241 ait
2322 1190 2607 1258 propheta,
2634 1188 2791 1243 citius
2821 1188 3109 1243 devoraret
3138 1189 3289 1242 illum
3322 1190 3446 1259 (Im.
3467 1204 3636 1255 xxxv,
3669 1190 3743 1249 6‘).

2202 1276 2334 1329 Erat
2364 1283 2545 1331 autem
2571 1284 2697 1332 tunc
2727 1276 2781 1330 in
2811 1276 3047 1331 exercitu
3101 1277 3318 1347 quidam
3378 1276 3743 1331 Rutaniorum

2132 1364 2406 1435 princeps,
2466 1364 2730 1419 vocabulo
2794 1364 3149 1419 Marchadeus
3195 1364 3363 1435 (216),
3414 1366 3587 1419 homo
3644 1381 3745 1435 per

2133 1452 2316 1507 omnia
2346 1452 2565 1507 smvitiae
2596 1452 2851 1507 belluinaa
2878 1461 2931 1507 et
2959 1452 3186 1523 perditae
3235 1452 3612 1516 conscientiae,
3664 1454 3741 1505 vir

2134 1542 2201 1595 ad
2231 1541 2507 1612 quodlibet
2530 1541 2709 1596 scelus
2730 1549 2781 1595 et
2799 1541 3147 1613 sacrilegium
3167 1556 3427 1612 praeceps.
3455 1542 3574 1595 Rex
3592 1557 3741 1603 vero,

425 1625 585 1715 nobis
615 1616 862 1682 attulisse
892 1634 941 1681 te
973 1626 1175 1695 dixisti,
1208 1634 1426 1697 asporta
1471 1634 1668 1692 tecum,
1704 1626 1849 1694 inde,
1884 1626 2028 1697 quod
2057 1655 2111 1715 B
2136 1630 2267 1683 nihil
2300 1637 2387 1683 aut
2416 1646 2609 1700 parum
2638 1638 2815 1684 motus
2847 1630 2917 1685 ad
2941 1630 3165 1685 meliora
3193 1646 3292 1700 per
3320 1645 3384 1684 ea
3414 1646 3537 1701 quae
3570 1645 3607 1683 a
3639 1629 3748 1683 suis

426 1713 575 1782 libet,
607 1714 953 1770 actitaturus.
990 1716 1117 1771 Haec
1145 1730 1271 1770 vero
1320 1714 1594 1783 universa,
1647 1731 1769 1786 qua}
1825 1714 1921 1767 tibi
1951 1714 2030 1768 lo-

428 1821 583 1877 quor,
618 1803 839 1859 domino
868 1811 1056 1859 nostro
1085 1803 1496 1873 archiepiscopo
1529 1801 1767 1857 seriatim
1815 1817 2027 1867 enarra,

428 1893 495 1947 ad
526 1900 826 1948 extremum
854 1907 981 1948 vero
1012 1892 1254 1947 dicturus
1285 1891 1332 1945 ei
1366 1891 1508 1962 quia,
1546 1891 1590 1945 si
1620 1891 1686 1944 ad
1716 1906 1903 1960 regem
1928 1890 2032 1945 hoc

428 1981 618 2037 ordine
674 1981 801 2035 ituri
840 1989 965 2035 sunt
999 1980 1181 2036 clerici
1213 1979 1423 2048 nostri,
1462 1994 1583 2034 cum
1620 1978 1699 2033 eis
1735 1979 1939 2049 pariter
1982 1986 2036 2033 et

430 2085 534 2141 ego
563 2069 680 2139 ipse
708 2068 819 2124 ibo.
854 2070 969 2124 Nec
1017 2068 1159 2124 enim
1191 2068 1292 2138 ipsi
1352 2067 1469 2122 sine
1526 2083 1612 2121 me
1665 2067 1827 2121 modo
1858 2067 2029 2131 ibunt,

430 2172 533 2213 nec
562 2157 678 2212 sine
708 2157 841 2227 ipsis
870 2156 1005 2211 alias
1037 2157 1107 2210 ivi
1138 2171 1262 2226 ego.
1296 2156 1423 2210 Haec
1454 2155 1600 2209 enim
1640 2154 1876 2225 pastoris
1908 2153 2035 2209 boni

430 2246 498 2300 ad
528 2260 659 2299 oves
689 2260 837 2310 suas,
870 2253 924 2299 et
956 2245 1220 2299 bonarum
1253 2244 1435 2297 ovium
1476 2243 1544 2297 ad
1575 2251 1849 2313 pastorem
1880 2258 2034 2296 suum

434 2332 568 2388 ratio
597 2340 700 2402 est,
732 2341 790 2387 ut
818 2348 921 2388 nec
947 2333 1047 2387 iste
1080 2332 1173 2386 illa
1204 2332 1418 2387 incaute
1472 2330 1793 2402 exponendo
1824 2330 2038 2401 disper-

440 2429 568 2493 gat;
600 2437 702 2476 nec
726 2421 832 2475 illa:
858 2421 1020 2475 istum
1052 2428 1257 2475 temere
1289 2418 1548 2491 fugiendo
1588 2419 1865 2473 aberrent.
1905 2442 1926 2466 ι)

507 2512 625 2565 lras
655 2510 724 2565 ad
778 2511 894 2565 haec
950 2509 1191 2579 spirabat
1247 2508 1547 2562 litterarum
1603 2507 1842 2575 bajulus.
1906 2508 2041 2562 Erat

436 2598 581 2655 enim
611 2597 830 2654 curialis
867 2597 1121 2662 clericus,
1158 2598 1213 2650 in
1244 2597 1346 2651 hoc
1397 2596 1594 2666 ipsum,
1629 2602 1686 2650 ut
1716 2595 1808 2649 tali
1839 2594 2039 2667 funge-

435 2694 587 2743 retur
615 2686 907 2757 legatione,
937 2686 1006 2740 de
1037 2684 1304 2739 industria
1357 2692 1687 2754 assumptus.
1739 2684 1873 2737 Erat
1906 2699 2039 2755 quo-

437 2792 562 2847 que,
596 2781 651 2828 ut
681 2774 915 2827 dabatur
944 2772 1198 2844 intelligi,
1231 2771 1370 2826 fastu
1421 2772 1606 2825 innato
1654 2771 1909 2835 tumidus,
1943 2771 2041 2825 sed

439 2861 829 2917 tumidissimus
860 2876 923 2916 ex
956 2860 1085 2915 flatu
1114 2859 1334 2929 spiritus
1383 2857 1623 2914 curialis.
1658 2856 1764 2926 Qui
1795 2874 1915 2914 cum
1947 2874 2041 2929 pa-

440 2958 595 3007 raret
638 2949 816 3004 minas
873 2964 1144 3013 emovere,
1206 2964 1339 3019 quas
1397 2946 1635 3001 anhelitu
1684 2962 1798 3017 prae
1835 2954 2041 3001 tumore

438 3039 618 3095 cordis
648 3037 942 3094 intercluso
976 3037 1063 3093 vix
1120 3007 1416 3091 sufiiciebat
1472 3007 1739 3105 proferre,
1776 3034 2047 3090 intercidit
2071 3007 2117 3067 C

437 3127 601 3183 verba
622 3127 741 3195 ejus
763 3126 947 3181 virosa
969 3124 1274 3195 episcopus,
1302 3140 1423 3177 eum
1448 3122 1769 3195 quantocius
1786 3122 2046 3178 recedere

431 3216 649 3286 jubens.
709 3213 813 3283 Qui
870 3213 1114 3285 protinus
1169 3213 1242 3267 ita
1296 3212 1638 3284 perturbatus
1682 3219 1734 3266 et
1791 3210 2047 3267 confusus

440 3302 728 3359 abscessit.

509 3391 653 3447 Misit
681 3405 808 3447 vero
838 3390 1104 3462 quosdam
1134 3404 1198 3445 ex
1258 3388 1368 3444 suis
1398 3388 1549 3445 viros
1602 3388 1902 3459 prudentes
1933 3388 2046 3459 epi-

441 3491 640 3547 scOpus
668 3476 737 3531 ad
765 3475 1255 3545 archiepiscopum.
1302 3488 1507 3545 rogans
1540 3482 1593 3529 et
1639 3488 1868 3528 monens
1899 3490 2043 3535 eum,

440 3573 705 3637 quatenus
734 3563 1027 3635 prtemetiri
1056 3562 1373 3633 dignaretur
1403 3570 1455 3617 et
1510 3577 1818 3633 prmcavere
1850 3561 1902 3615 in
1934 3561 2047 3616 edi-

442 3654 543 3709 ctis
587 3652 959 3722 hujuscemodi
1016 3650 1404 3707 ecclesiasticae
1458 3650 1810 3705 immunitatis
1867 3652 2047 3720 (quam

444 3741 582 3801 tueri
610 3742 919 3809 tenebatur)
950 3739 1323 3811 praejudicium
1362 3739 1606 3805 evidens,
1640 3755 1739 3793 nec
1769 3739 1823 3792 in
1854 3738 2049 3792 talibus

447 3846 562 3885 sua:
592 3828 926 3885 auctoritatis
955 3828 1225 3882 ullatenus
1255 3827 1525 3897 praeberet
1554 3843 1859 3881 assensum.
1895 3826 2047 3894 Quo-

445 3934 566 3972 rum
594 3917 685 3973 ille
717 3916 973 3987 precibus
1002 3916 1120 3971 sive
1149 3914 1449 3969 rationibus
1471 3916 1653 3985 specie
1684 3922 1842 3969 tenus
1873 3913 2049 3984 potius

447 4020 611 4077 quam
640 4004 953 4060 medullitus
994 4003 1184 4070 ﬂexus,
1248 4017 1479 4057 rancore
1536 4018 1828 4073 parumper
1882 4002 2048 4055 dissi-

445 4093 646 4149 mulato
677 4093 862 4165 (quem
906 4091 1081 4163 palam
1138 4107 1205 4145 ex
1263 4090 1643 4157 inobedientia,
1704 4098 1761 4144 ut
1814 4090 2045 4155 dicebat,

447 4181 782 4255 suﬂ‘raganei
812 4181 917 4249 sui,
962 4197 1021 4236 se
1071 4179 1393 4250 concepisse
1451 4181 1871 4249 memoraverat)
1927 4194 2049 4233 cum

446 4270 735 4326 auctoritas
763 4269 925 4324 simul
955 4277 1007 4323 et
1033 4268 1172 4323 ratio
1203 4277 1353 4323 certa
1399 4268 1717 4338 prmscribat
1774 4284 2049 4338 nunquam

2132 1718 2545 1773 exsecutoribus
2574 1718 2772 1773 crebro
2806 1718 2856 1773 ei
2887 1719 3349 1790 suggerebantur,
3378 1740 3399 1768 ι
3436 1716 3747 1772 Meticulosi

2133 1814 2273 1871 sunt,
2308 1807 2496 1878 inquit,
2532 1806 2746 1877 Anglici
2777 1806 2882 1860 isti.
2940 1807 3213 1860 Mittamus
3263 1806 3447 1877 itaque
3493 1807 3748 1861 Marcha-

2134 1895 2316 1963 deum,
2353 1894 2445 1965 qui
2501 1894 2689 1949 ludere
2746 1894 2895 1948 novit
2952 1910 3075 1948 cum
3132 1894 3537 1966 Burgundiensi
3572 1894 3687 1948 illo.
3726 1915 3746 1942 ι

2133 1983 2230 2037 Cui
2261 1983 2438 2036 statim
2470 1982 2685 2053 quidam
2716 1983 3017 2037 amicorum
3048 1998 3269 2037 suorum
3302 1982 3375 2035 ait
3411 1999 3423 2035 :
3468 2003 3489 2031 ι
3528 1983 3743 2037 Neces—

2136 2072 2312 2126 sarius
2333 2079 2435 2137 est,
2468 2070 2684 2125 domine
2715 2087 2826 2135 rex,
2868 2070 3222 2125 Marchadeus
3271 2086 3489 2143 guerrze
3520 2078 3743 2124 vestrae.

2136 2160 2403 2215 Caeterum
2434 2175 2601 2229 opera
2630 2158 2771 2213 illius
2804 2166 2856 2213 et
2884 2159 3147 2230 obsequio
3178 2158 3482 2213 certissime
3513 2157 3743 2211 frauda-

2138 2248 2343 2315 bimini,
2362 2248 2407 2301 si
2429 2246 2693 2302 efficiatur
2713 2248 3001 2302 anathema
3030 2246 3423 2302 Lincolniensis
3442 2246 3693 2316 episc0pi
3721 2267 3740 2295 ι

2139 2337 2296 2406 Quod
2327 2352 2421 2391 rex
2454 2335 2558 2390 sibi
2585 2351 2927 2407 nequaquam
2981 2336 3238 2406 expedire
3284 2334 3590 2401 affirmans,
3625 2336 3748 2405 plus

2138 2440 2355 2496 quoque
2406 2423 2577 2494 ipsius
2630 2424 2949 2495 periculum,
3031 2439 3193 2494 quam
3250 2440 3406 2477 suum
3466 2423 3751 2493 proprium

2141 2513 2523 2581 reformidans,
2558 2512 2706 2566 illum
2738 2512 2974 2583 quidem,
3009 2528 3077 2567 ne
3110 2513 3335 2583 periret,
3387 2512 3606 2565 mittere
3656 2528 3750 2565 su-

2140 2602 2400 2673 persedit,
2435 2601 2551 2667 sed,
2586 2602 2729 2655 unde
2760 2600 2990 2671 ipsemet
3018 2617 3113 2656 rex
3144 2600 3487 2655 exitiabiliter
3526 2599 3752 2671 pericli-

2142 2699 2364 2755 taretur,
2398 2690 2735 2745 committere
2764 2706 2875 2744 non
2905 2690 3179 2760 praecavit.

2215 2778 2443 2833 Cuidam
2473 2780 2637 2851 igitur
2682 2778 2902 2835 ofﬁciali
2944 2794 3063 2845 suo,
3103 2778 3323 2833 nomine
3373 2778 3659 2847 Stephano
3688 2778 3750 2830 de

2146 2868 2482 2938 Curneheya,
2518 2868 2633 2923 viro
2672 2867 2855 2939 utique
2912 2866 3059 2922 fideli
3116 2875 3171 2921 et
3226 2866 3501 2931 timorato,
3563 2873 3754 2919 nostro

2149 2956 2309 3011 etiam
2340 2955 2582 3027 pontifici
2612 2956 2745 3010 satis
2774 2955 2992 3022 devoto,
3058 2954 3207 3010 dedit
3252 2955 3306 3008 in
3350 2954 3649 3019 mandatis,
3681 2962 3752 3018 ut,

2150 3045 2288 3099 sicut
2318 3045 2483 3100 vitam
2510 3060 2663 3099 suam
2695 3053 2743 3099 et
2776 3044 3020 3099 membra
3070 3043 3339 3114 diligeret,
3375 3044 3521 3097 bona
3550 3043 3761 3097 Lincol-

2148 3134 2354 3188 niensis
2382 3134 2621 3203 episc0pi
2645 3134 2852 3204 absque
2874 3132 3130 3187 dilatione
3162 3133 3215 3185 in
3240 3147 3433 3185 manus
3466 3146 3599 3185 suas
3632 3132 3760 3186 reci-

2148 3231 2316 3293 peret.
2338 3222 2441 3291 Qui
2464 3222 2700 3288 tandem,
2725 3222 2881 3294 regio
2901 3228 3047 3277 metu
3065 3228 3304 3284 coactus,
3326 3220 3472 3273 misit
3486 3220 3755 3291 quosdam

2147 3328 2212 3367 ex
2242 3311 2353 3366 suis
2382 3311 2449 3365 ad
2478 3319 2670 3379 terras,
2703 3318 2755 3365 et
2783 3310 2851 3366 ad
2882 3310 3102 3365 mobilia
3154 3325 3488 3380 quaecunque
3518 3308 3759 3379 reperis-

2149 3408 2287 3465 sent,
2312 3415 2434 3455 cum
2456 3399 2597 3453 villis
2611 3398 3094 3470 etcastellisipsius
3126 3397 3366 3469 episcopi
3391 3397 3757 3467 occupandas.

2148 3488 2356 3557 Quibus
2413 3488 2649 3558 primum
2705 3488 2775 3542 ad
2824 3486 3199 3558 recipiendum
3245 3486 3507 3556 oppidum
3550 3483 3758 3539 Laﬂ'or-

2148 3579 2275 3632 dum
2307 3576 2653 3631 tendentibus
2679 3576 2918 3631 occurrit
2960 3576 3121 3645 forte,
3176 3591 3286 3629 non
3341 3574 3505 3644 longe
3526 3590 3556 3626 a
3588 3574 3759 3644 burgo

2152 3666 2335 3721 Sancti
2357 3665 2519 3732 Petri,
2553 3665 2842 3721 comitatus
2891 3663 3154 3735 episcOpi.
3218 3664 3383 3732 Cujus
3413 3677 3653 3717 occursu
3690 3661 3762 3714 illi

2148 3754 2322 3809 territi
2362 3754 2633 3808 divertunt
2674 3753 2952 3823 paululum
2982 3768 3015 3807 a
3046 3752 3150 3817 via,
3190 3759 3257 3816 et,
3285 3750 3472 3806 accitis
3523 3750 3754 3822 quibus-

2148 3843 2273 3897 dam
2304 3841 2703 3910 ecclesiasticis,
2738 3848 3105 3912 exposuerunt
3135 3840 3214 3895 eis
3270 3847 3471 3910 quanta
3519 3840 3758 3892 minatus

2148 3932 2311 3987 fuerit
2340 3931 2588 3987 dominus
2620 3948 2714 3986 rex
2758 3930 2979 3985 domino
3028 3930 3288 4000 ipsorum,
3322 3928 3467 4000 quod
3519 3927 3763 3981 distulis-

2150 4029 2233 4075 set
2289 4021 2608 4091 episcopum
2665 4018 2930 4075 desaisire
2962 4020 3147 4089 (217);
3181 4027 3233 4073 et
3289 4018 3417 4089 quia
3473 4016 3650 4083 inviti,
3713 4024 3764 4069 et

2149 4117 2294 4164 metu
2326 4109 2565 4180 supremi
2598 4107 2925 4163 discriminis
2972 4107 3195 4169 astricti,
3246 4106 3313 4161 ad
3344 4106 3397 4160 id
3450 4120 3760 4175 exsequen—

2151 4198 2279 4252 dum
2308 4198 2471 4253 modo
2499 4197 2654 4251 irent.
2684 4197 2834 4252 More
2869 4195 3035 4266 igitur
3082 4194 3226 4250 tertii
3270 4191 3750 4265 quinquagenarii.

2149 4287 2302 4341 missi
2350 4285 2420 4340 ad
2470 4286 2644 4340 Eliam
2678 4301 2711 4339 a
2738 4301 2869 4355 rege
2901 4282 3130 4355 perfido,
3180 4282 3268 4336 isti
3314 4298 3531 4353 quoque
3579 4280 3756 4334 humi-

446 4359 652 4415 debere
682 4375 781 4429 per
810 4357 1174 4413 obedientiam
1205 4357 1408 4411 malum
1454 4356 1588 4421 fieri,
1622 4366 1675 4411 et
1705 4373 1828 4413 cum
1855 4357 2049 4412 debeat

2153 4376 2344 4430 liantes
2388 4391 2447 4430 se
2497 4373 2872 4444 supplicabant
2917 4372 3208 4437 obnoxius,
3261 4380 3339 4436 ut,
3393 4368 3612 4425 clericis
3662 4368 3766 4421 illis

446 4447 718 4503 interdum
760 4447 961 4501 bonum
1018 4446 1316 4515 intermitti,
1352 4446 1640 4516 spopondit
1696 4462 1755 4500 se
1809 4445 2055 4516 provisu-

449 4552 569 4591 rum
600 4543 867 4607 quatenus
896 4534 1048 4590 salva
1086 4535 1314 4590 utilitate
1358 4534 1511 4605 regia
1541 4534 1786 4589 licuisset
1816 4542 1872 4587 ut
1905 4550 2050 4604 pra:-

446 4641 573 4680 sens
603 4623 879 4695 negotium
906 4624 973 4678 ad
1002 4639 1195 4695 pacem
1225 4622 1428 4677 domini
1477 4621 1890 4685 Lincolniensis,
1960 4629 2053 4677 aut

451 4713 692 4767 funditus
722 4712 1015 4782 sopiretur,
1048 4719 1137 4766 aut
1166 4710 1499 4765 moderatius
1528 4710 1891 4765 ordinaretur.

520 4801 721 4855 Verum
750 4816 858 4855 non
890 4800 945 4853 in
974 4800 1192 4869 longum
1239 4798 1427 4853 habuit
1484 4798 1665 4854 locum
1720 4797 1872 4869 quies
1902 4797 2054 4867 pacis

448 4889 811 4958 repromissae.
845 4886 1075 4942 Emissis
1129 4886 1271 4942 enim
1337 4886 1444 4941 cito
1475 4894 1597 4956 post
1662 4886 1765 4939 ista
1823 4886 2055 4955 publicis

450 4976 657 5041 edictis,
687 4976 945 5045 jubentur
972 4974 1352 5046 possessiones
1383 4973 1625 5044 episcopi
1654 4974 1712 5028 in
1739 4989 1931 5028 manus
1960 4991 2055 5028 re-

451 5064 559 5135 cipi
586 5065 851 5135 regalium
880 5072 1221 5120 exactorum.
1254 5062 1412 5131 Quod
1437 5071 1492 5117 ut
1520 5062 1721 5117 audivit
1742 5062 2052 5133 episcOpus,

449 5168 651 5218 nonne,
684 5153 874 5225 inquit,
934 5152 1147 5208 clericis
1206 5152 1337 5216 suis,
1397 5151 1506 5205 dixi
1561 5152 1735 5215 vobis,
1772 5152 1897 5222 quia
1956 5167 2057 5206 vox

513 5331 657 5399 (2f6)
711 5334 1049 5386 Mareaderum
1097 5337 1239 5384 vocat
1290 5332 1548 5399 Trivettus
1579 5329 1640 5381 ad
1682 5342 1866 5399 annum
1908 5332 2057 5399 1197ἷ

444 5397 677 5452 νθωωέι
703 5401 960 5462 Raynaldo
1003 5401 1278 5464 appellatur
1320 5397 1640 5449 Marchadeus
1691 5397 1741 5447 in
1786 5398 1952 5449 annal.
2000 5397 2061 5447 ad

469 5480 649 5519 annum
690 5469 837 5531 1199,
858 5468 934 5519 ubi
964 5468 1022 5517 de
1044 5467 1146 5528 ejus
1173 5465 1458 5516 crudelitate
1483 5466 1571 5546 .agi
1599 5478 1713 5529 pag.
1742 5467 1825 5515 3f.

2149 4463 2532 4527 mediantibus,
2593 4462 2944 4516 misereretur
3002 4460 3289 4516 animabus
3346 4474 3536 4513 eorum
3593 4472 3758 4511 verus

2149 4552 2238 4606 ille
2268 4568 2459 4606 servus
2492 4550 2608 4616 Dei,
2643 4566 2710 4605 ne
2741 4558 2966 4621 propter
3021 4549 3137 4616 ejus
3181 4546 3561 4610 offensionem,
3597 4560 3759 4617 quam

2152 4640 2373 4694 timebat
2406 4639 2704 4703 incurrere,
2753 4638 2882 4692 ultio
2941 4636 3180 4693 cmlcstis
3236 4642 3583 4691 consumeret
3646 4648 3765 4687 eos.

2154 4728 2325 4784 Orant
2354 4736 2407 4781 ut
2430 4726 2638 4797 regiam
2698 4726 2879 4796 potius
2923 4724 3177 4796 mitigare
3229 4722 3510 4778 festinaret
3557 4721 3769 4774 animo-

2154 4816 2388 4875 sitatem.
2422 4832 2492 4869 ne
2528 4814 2852 4869 detrimenta
2910 4812 3211 4868 cumularet
3270 4810 3534 4880 undique,
3600 4809 3769 4863 etiam

2155 4905 2476 4967 insontibus,
2538 4911 2591 4958 et
2637 4920 2666 4957 a
2714 4903 2906 4957 merito
2963 4900 3326 4956 contentionis
3374 4899 3519 4951 inter
3576 4913 3765 4968 regem

2156 5002 2207 5049 et
2238 4992 2550 5063 pontificem
2580 5008 2805 5062 prorsus
2865 4989 3077 5045 alienis.
3144 4987 3421 5059 Spondent
3454 4985 3688 5055 insuper
3719 5002 3773 5039 se

2156 5098 2253 5153 pro
2310 5082 2509 5137 viribus
2569 5088 2877 5135 servaturos
2942 5079 3171 5133 illibatas
3224 5093 3312 5131 res
3360 5075 3523 5129 illius.
3585 5074 3781 5127 Petunt

2159 5181 2423 5244 quatenus
2454 5170 2746 5242 suspendat
2778 5170 2847 5224 ad
2888 5176 3101 5239 tempus
3160 5164 3484 5221 sententiam
3555 5180 3782 5218 excom-

2245 5350 2394 5418 (217)
2425 5352 2697 5413 Desaisc‘re,
2724 5351 2770 5401 id
2797 5352 2889 5412 est,
2920 5347 3217 5414 possessione
3243 5357 3439 5397 exuere.
