3960 6062
251 217 387 270 1053

1638 222 1813 279 VITA.
1845 250 1914 266 —-
1951 223 2079 284 LIB.
2121 228 2184 285 ν.

3412 239 3548 297 1054

261 339 667 430 municationis,
699 356 805 414 qua
836 350 888 397 et
918 359 1130 430 regem
1176 345 1409 416 amplius
1454 345 1771 402 exacerbari
1801 354 1852 402 et
1878 350 1933 411 Α
2026 352 2325 410 Discedens
2363 357 2546 428 itaque
2577 374 2608 412 a
2638 360 2952 430 Londoniis,
2986 363 3055 419 ad
3113 379 3267 420 suam
3321 365 3547 421 festinus

262 440 412 478 suam
444 440 630 479 eorum
654 426 1021 482 innocentiam
1080 430 1391 498 proveniret
1436 431 1745 502 periclitari.

334 514 459 567 Ilaec
492 514 582 567 ubi
614 514 871 586 epiSCOpo
904 516 1272 584 innotuerunt,
1313 540 1334 569 ι
1388 535 1499 574 non
1531 527 1629 585 est,
1662 519 1852 590 inquit,

260 599 488 654 istorum
519 617 737 657 servare
787 620 873 657 res
918 612 1156 659 nostras.
1192 607 1329 660 Eant
1376 613 1600 673 tantum,
1635 616 1688 663 et
1741 623 1852 672 res,

261 704 371 742 non
403 696 505 742 tam
538 699 775 757 nostras,
811 708 971 762 quam
1015 709 1105 748 res
1152 694 1387 750 dominae
1425 704 1625 751 nostrae
1655 704 1855 751 sancta

263 776 363 830 Dei
398 777 680 848 genitricis
734 780 936 846 Mariae,
971 789 1026 835 ut
1054 782 1132 836 eis
1189 782 1479 849 videbitur,
1542 791 1789 839 tractent.
1829 804 1850 833 ι

262 866 390 920 Hth
449 866 657 931 dicens,
692 868 910 938 protulit
941 886 969 924 e
1001 870 1119 925 sinu
1174 870 1445 926 ﬁmbriam
1494 872 1647 928 stolae
1674 873 1853 938 lineae,

268 970 376 1024 qua
406 956 546 1010 collo
604 972 722 1025 suo,
787 958 914 1012 dum
962 958 1065 1014 iter
1114 968 1324 1032 ageret,
1369 976 1589 1032 semper
1616 976 1859 1032 appensa

266 1043 521 1098 utebatur
551 1046 651 1099 sub
707 1061 878 1117 cappa
908 1063 1027 1113 sua,
1086 1063 1315 1119 eamque
1372 1064 1537 1103 manu
1593 1050 1853 1119 agitans:

269 1153 289 1180 α
327 1132 457 1187 Haec
490 1141 652 1199 certe,
684 1133 874 1206 inquit,
908 1136 1152 1191 restituet
1180 1137 1337 1191 nobis
1366 1153 1539 1210 usque
1569 1138 1639 1192 ad
1670 1146 1856 1194 extre-

266 1236 416 1274 mum
473 1220 712 1287 obolum,
752 1246 771 1270 η
809 1223 1073 1295 quidquid
1102 1224 1190 1278 isti
1220 1224 1470 1280 duxerint
1514 1226 1854 1296 rapiendum.

266 1308 611 1380 Veniensque
639 1310 693 1363 in
716 1311 895 1365 villam
929 1328 1084 1367 suam
1112 1314 1502 1385 Buggedenam
1528 1314 1856 1384 appellatum

268 1397 383 1466 (ubi
415 1397 710 1453 litterarum
772 1400 1315 1472 archiepiscopalium
1356 1402 1699 1472 supradictus
1729 1418 1858 1472 por-

264 1485 392 1539 titor
448 1486 515 1539 ad
573 1486 722 1540 illum
765 1497 1001 1553 venerat,
1050 1490 1141 1543 ubi
1171 1506 1388 1560 quoque
1433 1490 1503 1545 de
1559 1490 1757 1545 tuenda
1788 1490 1858 1545 li—

265 1573 472 1628 bertate
494 1575 860 1631 ecclesiastica
890 1576 1058 1632 divini
1110 1578 1383 1648 quondam
1448 1579 1656 1635 oraculi
1704 1578 1855 1649 peri-

267 1661 449 1716 culum
477 1679 574 1732 per
602 1664 973 1730 monitionem,
1010 1674 1065 1719 ut
1108 1666 1307 1720 dudum
1341 1683 1501 1737 supra
1533 1682 1859 1723 commemo-
1880 1702 1931 1761 B

263 1759 439 1803 ratum
486 1759 603 1817 est,
637 1755 945 1823 acceperat)
988 1754 1117 1822 justi
1148 1754 1404 1810 continuo
1454 1756 1660 1811 litteras
1715 1754 1853 1821 fieri,

264 1839 458 1909 quibus
489 1839 834 1910 praecipiebat
858 1842 1252 1897 archidiaconis
1283 1852 1335 1897 et
1366 1843 1587 1899 decanis
1615 1843 1857 1899 locorum

266 1928 343 1997 (in
375 1928 571 1999 quibus
600 1929 901 1985 constituta:
921 1928 1120 1985 fuerint
1141 1932 1521 2001 possessiones
1567 1934 1702 2002 suae)
1728 1948 1863 2004 qua-

265 2024 444 2083 tenus,
476 2017 722 2072 adunatis
744 2034 931 2073 secum
971 2019 1306 2075 vincinarum
1344 2020 1714 2076 Ecclesiarum
1744 2037 1863 2091 pre-

268 2104 521 2174 sbyteris,
555 2121 698 2170 mox,
732 2115 789 2161 ut
818 2107 872 2160 in
910 2114 1093 2178 partes
1142 2107 1356 2163 illorum
1417 2108 1666 2164 venirent
1696 2125 1857 2165 exse-

267 2200 483 2248 cutores
522 2194 829 2264 memorati,
878 2196 1107 2265 pulsatis
1156 2197 1438 2267 campanis
1493 2198 1853 2269 accensisque

266 2281 509 2336 candelis
539 2297 728 2338 omnes
758 2283 881 2337 illos
912 2285 1243 2353 subjicerent
1274 2286 1623 2353 anathemati,
1649 2287 1740 2358 qui
1770 2303 1862 2343 res

270 2369 518 2425 ecclesiae
566 2386 678 2426 sua:
722 2371 989 2427 violenter
1020 2374 1362 2447 contingere,
1396 2382 1449 2429 et
1476 2374 1673 2443 injuste
1698 2391 1862 2431 occu-

264 2474 431 2529 pare,
484 2458 598 2514 sive
652 2460 1020 2530 praecipiendo
1079 2462 1193 2517 sive
1250 2462 1611 2535 obsequendo
1645 2508 1657 2530 ,
1714 2480 1861 2534 prae-

268 2547 645 2618 sumpsissent.

339 2637 434 2691 lIis
463 2636 517 2691 in
546 2637 690 2693 hunc
720 2638 938 2693 modum
996 2638 1291 2709 dispositis,
1327 2655 1452 2696 cum
1504 2656 1694 2696 omnes
1723 2658 1863 2712 pene

268 2726 351 2781 sui
378 2734 523 2781 metu
554 2735 605 2780 et
632 2726 1036 2796 perturbatione
1062 2728 1368 2783 vehementi
1400 2730 1738 2795 fluctuarent,
1770 2730 1862 2787 ille

272 2814 493 2869 demum
534 2815 733 2871 lectulo
780 2824 1060 2885 exceptus,
1107 2832 1172 2872 ac
1201 2816 1246 2871 si
1290 2817 1421 2872 nihil
1472 2818 1861 2890 inquietudinis

268 2904 596 2973 pertulisset,
676 2903 1055 2959 suavissimum
1130 2906 1186 2959 in
1258 2922 1509 2977 soporem
1590 2907 1860 2977 extemplo

269 2992 511 3046 membra
547 2992 766 3048 laxavit.
814 2994 930 3047 Nec
965 3008 1129 3049 causa
1164 2995 1266 3048 ista
1318 2995 1388 3049 ad
1443 2994 1632 3048 intima
1679 2995 1861 3049 cordis

269 3082 384 3149 ejus
406 3095 641 3152 unquam
672 3081 1015 3150 penetrabat.
1050 3084 1128 3136 Ea
1182 3098 1394 3153 quoque
1425 3090 1583 3137 nocte
1615 3082 1861 3138 crebrius

270 3169 430 3223 solito
461 3177 513 3222 et
542 3169 816 3233 intentius,
851 3184 917 3225 ac
944 3170 1091 3225 velut
1117 3186 1241 3226 cum
1272 3171 1662 3225 vehementiori
1693 3171 1860 3241 spiri-

274 3265 361 3311 tus
387 3257 645 3328 impulsu,
695 3275 863 3314 amen
911 3259 1104 3315 iterare
1134 3275 1242 3314 non
1274 3259 1573 3313 desistebat
1619 3262 1786 3327 (218).

894 3429 1118 3486 CAPUT
1147 3430 1218 3484 X.

277 3566 427 3652 Quod
456 3582 873 3653 archiepiswpo
923 3582 1262 3647 consulenti,
1298 3585 1361 3635 ut
1406 3582 1662 3653 mitteret
1690 3596 1862 3652 pecu-

344 3654 500 3708 niam
530 3651 666 3724 regi,
701 3651 817 3724 qui
842 3669 967 3707 eam
1017 3653 1265 3716 sitiebat,
1326 3654 1475 3724 sicut
1534 3651 1865 3722 hydrOpicus

342 3741 546 3796 aquam
580 3723 869 3795 respondit
901 3744 916 3776 :
954 3745 985 3796 «_
1009 3724 1066 3778 Si
1098 3726 1211 3793 ipse
1245 3723 1579 3796 hydropicus
1623 3727 1738 3796 est,
1770 3739 1865 3792 ego

343 3792 487 3867 noua
516 3812 632 3849 non
655 3792 765 3861 éro,
806 3819 827 3840 ι
862 3799 917 3850 et
950 3794 1015 3848 de
1034 3792 1329 3850 curatione
1352 3792 1504 3864 apud
1528 3792 1863 3847 (λθεινεὴαηί

341 3867 657 3936 furibundi.

341 3993 421 4045 Eo
453 3990 718 4061 siquidem
777 3988 1031 4060 temporis
1089 3988 1318 4044 articulo
1364 3988 1514 4059 (219)
1545 4003 1652 4059 quo
1696 3985 1864 4059 regia:

270 4079 640 4135 insectationis
670 4078 909 4148 procella
940 4078 991 4131 in
1024 4076 1418 4133 Lincolniensis
1447 4076 1708 4133 Ecclesiae
1768 4092 1865 4147 pa-

271 4177 493 4232 storem,
538 4167 885 4237 semetipsum
920 4182 1018 4237 pro
1080 4167 1270 4221 ovibus
1320 4165 1431 4221 suis
1481 4172 1861 4235 exponentem,

269 4257 500 4327 primum
530 4256 794 4319 efferbuit,
842 4256 894 4308 id
952 4255 1147 4310 accidit
1220 4255 1364 4325 quod
1413 4253 1713 4308 referimus.
1788 4254 1866 4307 Ea

270 4360 505 4416 namque
528 4352 847 4414 tempestate
868 4344 1011 4398 idem
1032 4343 1264 4414 pervigil
1287 4342 1445 4397 ovilis
1467 4341 1733 4396 Dominici
1764 4355 1864 4396 cu-

1960 442 2258 511 repedabat
2305 446 2633 517 Ecclesiam,
2694 451 2836 505 unde
2892 453 3230 522 proponebat
3271 454 3550 525 dispositis

1959 526 2209 581 omnibus
2267 528 2336 582 ad
2376 546 2564 602 regem
2606 533 2960 590 transfretare
3016 536 3193 606 citius,
3242 545 3298 590 ut
3382 552 3549 607 supra

1961 612 2165 668 dictum
2202 624 2305 670 est.
2327 618 2484 672 Mane
2530 618 2695 691 igitur
2727 623 2961 693 quadam
3011 624 3100 679 die
3139 625 3423 681 Dominica
3449 641 3548 695 per

1958 701 2143 756 villam
2174 720 2337 774 quam
2368 706 2778 763 Castrehantam
2797 711 3084 783 antiquitas
3115 713 3381 768 nominari
3397 713 3548 767 insti-

1958 790 2077 855 tuit,
2133 792 2332 863 agebat
2382 794 2499 849 iter.
2536 797 2781 869 Cumque
2815 799 2929 866 jam
2978 815 3117 870 pene
3174 809 3315 856 totus
3372 802 3546 857 comi-

1960 886 2104 932 tatus
2161 880 2305 935 illius
2370 885 2763 952 praecessisset,
2825 887 2961 957 ipse,
3038 904 3161 943 cum
3207 888 3550 959 paucissimis

1960 967 2122 1022 sociis
2154 968 2293 1024 villae
2324 972 2558 1026 medium
2596 973 2898 1044 ingressus,
2955 990 3155 1049 magno
3228 962 3404 1048 vulgi.
3442 976 3546 1032 cla-

1959 1055 2195 1110 mitantis
2224 1058 2465 1114 clamore
2496 1061 2674 1116 subito
2716 1062 2963 1119 vallatur.
2994 1065 3264 1119 Exoratur
3291 1072 3471 1120 autem
3514 1080 3548 1119 a

1959 1145 2159 1215 papulo
2188 1147 2493 1202 confluente
2525 1156 2581 1203 ut
2619 1152 2914 1220 quemdam
2957 1151 3347 1207 convicaneum
3393 1167 3550 1207 suum

1960 1248 1989 1285 a
2019 1233 2322 1289 saevissimo
2353 1235 2598 1291 daemone
2642 1239 2949 1305 obsessum,
2991 1255 3159 1295 sacrae
3204 1257 3315 1296 sum
3367 1240 3551 1296 dexte-

1960 1336 2037 1374 rae
2088 1321 2503 1394 consignatione
2590 1326 2910 1398 dignaretur
2984 1328 3324 1383 benedicere.
3376 1327 3552 1397 Quem

1960 1416 2016 1461 ut
2072 1408 2204 1463 vidit
2263 1418 2456 1480 aperto
2508 1412 2703 1468 domus
2738 1430 2849 1469 suae
2906 1415 3044 1470 ostio
3099 1415 3326 1471 interius
3367 1418 3552 1486 jacere

1961 1496 2206 1568 ligatum,
2240 1514 2364 1553 mox
2396 1499 2583 1570 spiritu
2640 1510 2784 1556 totus
2813 1502 3107 1574 infremuit,
3138 1521 3239 1560 nec
3270 1513 3555 1561 contentus

1961 1585 2129 1655 illum,
2157 1594 2213 1640 ut
2244 1595 2361 1641 erat
2399 1604 2428 1640 a
2487 1590 2730 1659 remotis,
2790 1591 3135 1659 benedicere,
3195 1609 3331 1665 equo
3391 1611 3553 1665 quem

1962 1674 2179 1729 sederat
2227 1676 2529 1740 descendit,
2566 1677 2640 1732 ita
2686 1679 2872 1734 dicens
2907 1699 2919 1734 :
2958 1702 2979 1731 ε
3040 1682 3180 1737 Proh
3210 1681 3397 1736 nefas!
3437 1682 3553 1739 haec

1965 1763 2147 1835 utique
2188 1780 2297 1821 non
2329 1782 2387 1821 se
2444 1774 2593 1822 recte
2668 1768 2889 1824 habent.
2928 1792 2949 1817 »
2990 1769 3263 1824 Cernebat
3316 1785 3552 1842 namque

1963 1852 2225 1908 daemonis
2273 1854 2543 1925 captivum
2610 1855 2793 1924 jacere
2851 1857 3121 1927 supinum,
3164 1865 3433 1929 caputque
3486 1859 3554 1913 ad

1961 1950 2196 2012 postem,
2229 1951 2281 1997 et
2336 1958 2530 1999 manus
2576 1944 2820 2017 singulas
2866 1945 2934 1999 ad
2977 1946 3226 2017 singulos
3271 1945 3399 2002 hinc
3430 1946 3555 2002 inde

1961 2029 2195 2100 paxillos
2224 2032 2387 2087 humo
2405 2032 2566 2087 altius
2583 2032 2792 2088 defixos
2822 2033 3025 2089 habere
3059 2033 3355 2105 religatas;
3387 2035 3557 2107 pedes

1963 2135 2177 2193 quoque
2209 2120 2409 2190 pariter
2430 2121 2623 2189 juncti,
2657 2121 2782 2191 palo
2813 2129 2962 2176 erant
2988 2122 3213 2177 astricti.
3246 2122 3424 2194 Ipsius
3454 2139 3556 2178 au-

1965 2215 2071 2262 tem
2102 2208 2247 2264 oculi
2276 2208 2596 2263 mirabiliter
2644 2210 2965 2265 rotabantur
2999 2210 3053 2264 in
3082 2227 3297 2282 gyrum,
3330 2227 3393 2267 os
3414 2227 3558 2267 nunc

1963 2296 2017 2351 in
2048 2298 2211 2364 hanc,
2246 2314 2389 2354 nunc
2429 2298 2482 2352 iu
2514 2298 2660 2353 illam
2691 2306 2900 2369 partem
2930 2298 3229 2355 miserabili
3259 2300 3363 2354 ritu
3417 2315 3555 2356 con-

1965 2387 2340 2457 torquebatur.
2393 2387 2549 2443 Nunc
2586 2387 2830 2460 linguam
2858 2387 2912 2441 in
2959 2387 3284 2444 immensum
3332 2397 3554 2459 proten-

1965 2475 2129 2529 debat
2163 2476 2231 2530 ab
2274 2491 2385 2544 ore,
2421 2494 2563 2531 nunc
2591 2476 2846 2532 dentibus
2878 2476 3163 2544 stridebat,
3226 2492 3371 2532 nunc
3411 2476 3558 2532 hiatu

1965 2562 2203 2619 faucium
2234 2565 2629 2620 immanissima
2660 2564 2907 2636 patulum
2950 2565 3181 2637 gutturis
3216 2572 3474 2633 meatum,
3499 2579 3563 2620 ac

1967 2653 2011 2707 si
2052 2653 2325 2725 quoddam
2356 2654 2550 2725 ingens
2582 2655 2892 2708 barathrum
2924 2661 3089 2723 esset,
3123 2660 3177 2708 et
3226 2652 3557 2709 intuentibus

1964 2742 2249 2797 horridum
2291 2742 2718 2797 demonstrabat.
2754 2742 2838 2797 Ad
2861 2758 3023 2815 quem
3072 2741 3273 2812 prwsul
3304 2741 3561 2797 velociter

1965 2845 2277 2897 accurrens,
2310 2830 2455 2886 facto
2486 2847 2642 2902 super
2676 2848 2800 2887 eum
2833 2830 2991 2903 signo
3022 2837 3224 2886 sanctae
3248 2830 3449 2895 crucis,
3480 2832 3560 2883 in-

1966 2920 2184 2975 clinavit
2223 2936 2301 2989 se,
2354 2927 2405 2973 et
2452 2920 2731 2976 dexteram
2763 2919 3078 2992 aliquandiu
3112 2936 3281 2990 prope
3310 2935 3373 2974 os
3415 2917 3560 2973 illius

1968 3009 2186 3064 tenebat
2233 3024 2553 3079 oppansam,
2601 3009 2979 3081 evangelicum
3009 3008 3225 3063 interim
3266 3006 3560 3078 capitulum

1964 3097 2205 3153 scilicet:
2237 3117 2256 3146 ‹
2296 3097 2354 3151 ΙΙΙ
2389 3096 2657 3167 principio
2716 3105 2826 3151 erat
2858 3097 3097 3152 Verbum
3129 3097 3313 3165 (Joan.
3347 3110 3385 3150 ι.
3422 3098 3494 3163 1),
3535 3118 3555 3143 η

1964 3201 2098 3241 voce
2130 3200 2427 3255 suppressa
2473 3201 2817 3256 percurrens.
2861 3186 2927 3239 Et
2988 3184 3245 3239 cernebat
3300 3182 3560 3238 miserum

1965 3274 2104 3329 inter
2130 3275 2247 3329 haec
2277 3280 2457 3343 caput,
2494 3274 2641 3345 quod
2662 3275 2765 3329 huc
2786 3272 3023 3344 illucque
3052 3271 3425 3327 indesinenter
3446 3270 3565 3343 agi-

1964 3370 2076 3417 tare
2107 3369 2484 3429 consueverat,
2510 3362 2790 3416 immotum
2815 3362 3020 3416 habere
3041 3368 3094 3415 et
3115 3359 3373 3432 quietum,
3394 3367 3452 3415 ut
3473 3376 3560 3415 so-

1964 3452 2075 3507 lent
2104 3466 2290 3518 canes,
2325 3466 2446 3506 cum
2503 3450 2641 3506 ictus
2681 3450 2870 3505 timent
2916 3449 3339 3521 castigantium;
3373 3449 3562 3504 oculos

1968 3556 2093 3595 vero
2116 3539 2216 3594 sub
2246 3539 2563 3609 aspiciendo
2585 3556 2709 3595 eum
2741 3538 2974 3610 quadam
3014 3536 3320 3593 formidinis
3350 3544 3479 3593 nota
3506 3536 3561 3590 in

1966 3636 2175 3699 partem
2203 3627 2413 3683 variam
2442 3628 2763 3684 meticulose
2795 3626 3059 3695 dirigere.
3084 3627 3345 3681 Percurso
3376 3625 3561 3696 itaque

1965 3715 2283 3788 Evangelio,
2319 3724 2376 3770 ut
2407 3716 2477 3770 ad
2510 3716 2710 3781 locum,
2733 3715 2824 3769 ubi
2857 3713 3051 3769 dicitur
3083 3732 3095 3767 :
3124 3737 3144 3760 u
3180 3714 3405 3769 Plenum
3431 3728 3559 3785 gra-

1967 3805 2053 3859 tiae
2083 3812 2134 3858 et
2172 3804 2412 3859 veritatis
2444 3804 2621 3875 (ibid.,
2649 3806 2756 3874 14),
2798 3824 2819 3851 ι
2856 3802 3023 3869 venit,
3065 3802 3235 3857 erexit
3264 3818 3323 3856 se
3348 3802 3559 3873 episco-

1966 3910 2066 3965 pus
2096 3900 2147 3948 et
2168 3893 2458 3963 patientem
2485 3892 2797 3964 aliquandiu
2816 3891 3009 3946 tacitus
3030 3890 3430 3946 considerabat.
3458 3888 3561 3958 Qui

1966 3989 2190 4053 repente
2214 3982 2266 4035 in
2297 3990 2507 4052 partem
2537 3982 2765 4036 alteram
2786 3980 2991 4037 vultum
3034 3981 3099 4034 ab
3139 3980 3230 4035 illo
3257 3979 3557 4043 declinans,

1963 4070 2207 4143 linguam
2238 4087 2387 4126 more
2418 4070 2800 4126 subsannantis
2834 4070 3089 4140 produxit
3118 4069 3188 4124 ab
3226 4085 3342 4124 ore.

2036 4161 2189 4215 Tunc
2233 4159 2546 4230 indignatus
2586 4159 2674 4213 ille
2716 4166 2968 4212 strenuus
3011 4156 3291 4227 potestatis
3319 4156 3562 4210 adversae

1969 4248 2290 4315 debellator,
2339 4263 2534 4317 aquam
2582 4254 2635 4300 et
2669 4245 2839 4300 salem
2893 4259 3042 4300 more
3097 4242 3467 4299 ecclesiastico
3510 4250 3564 4298 et

1970 4337 2075 4391 ritu
2105 4335 2384 4391 celerrime
2414 4334 2746 4389 benedicens
2768 4341 2928 4404 atque
2941 4332 3321 4398 commiscens,
3366 4347 3563 4403 asper-

269 4445 383 4489 stos
415 4408 721 4488 Londonias
772 4433 997 4497 adierat,
1034 4448 1157 4487 cum
1202 4430 1611 4500 archiepiscopo
1659 4429 1867 4484 caateri-
1891 4408 1945 4470 Ῑ)
1978 4424 2045 4479 sit
2066 4439 2231 4494 super
2280 4423 2451 4491 illum,
2478 4422 2677 4490 jubens
2745 4437 2963 4492 quoque
3010 4420 3480 4477 circumstantibus
3511 4428 3569 4475 ut

270 4540 405 4593 sque
440 4523 590 4593 regni
621 4522 962 4591 optimatibus
994 4536 1159 4589 super
1189 4528 1339 4573 tanto
1368 4518 1588 4590 negotio
1618 4524 1867 4572 tractatu-

272 4629 385 4665 rus.
422 4614 465 4664 A
494 4610 691 4681 quibus
721 4610 773 4662 in
808 4608 980 4663 solum
1023 4607 1233 4663 consilii
1266 4606 1579 4677 reportavit,
1616 4614 1672 4659 ut
1699 4620 1867 4675 pecu-

273 4700 375 4754 nire
406 4699 641 4771 ingentis
672 4713 937 4751 summam
966 4713 995 4749 a
1027 4696 1239 4751 clericis
1270 4696 1383 4749 suis
1417 4694 1679 4765 exigeret,
1705 4709 1867 4765 quam

272 4790 339 4842 ad
374 4788 672 4842 sedandum
705 4787 853 4857 regis
885 4784 1031 4839 avari
1059 4784 1298 4839 furorem
1342 4784 1389 4837 ei
1420 4799 1521 4852 per
1575 4782 1869 4853 quemlibet

274 4894 337 4930 ex
373 4877 483 4930 suis
524 4875 757 4931 celerius
780 4873 1094 4928 destinaret.
1129 4872 1215 4926 Ait
1244 4886 1478 4941 namque
1508 4870 1869 4941 archiepisco-

272 4982 373 5036 pus
408 4980 419 5017 :
461 4988 481 5009 «α
516 4966 598 5017 An
630 4962 870 5025 nescitis,
896 4962 1114 5015 domine
1162 4960 1437 5030 episc0pe,
1491 4956 1639 5030 quia,
1670 4968 1728 5012 ut
1772 4959 1868 5028 by-

272 5053 531 5123 dropicus
554 5067 773 5122 aquam,
808 5052 879 5104 ita
911 5049 1164 5104 dominus
1196 5064 1285 5102 rex
1320 5047 1431 5101 sitit
1473 5046 1805 5118 pecuniam?
1846 5068 1865 5094 υ

276 5142 373 5196 Cui
402 5142 558 5197 citius
589 5156 736 5194 more
769 5155 868 5194 suo
900 5139 989 5193 ille
1019 5137 1377 5208 responderat
1414 5152 1424 5188 :
1462 5160 1482 5183 ‹‹
1523 5137 1687 5190 Plane
1744 5142 1796 5189 et
1827 5134 1871 5188 si

273 5231 389 5300 ipse
438 5229 764 5300 hydropicus
796 5236 896 5293 est,
931 5228 1026 5283 sed
1069 5242 1173 5298 ego
1204 5241 1344 5297 aqua
1402 5241 1512 5279 non
1544 5240 1658 5290 ero,
1712 5239 1872 5295 quam

276 5320 365 5373 ille
398 5318 679 5389 deglutiat.

346 5496 485 5556 (218)
514 5498 680 5556 Amen,
707 5498 764 5546 de
787 5508 881 5558 quo
909 5497 1090 5547 dictum
1117 5498 1187 5545 est
1216 5494 1298 5545 lib.
1329 5509 1381 5555 ll,
1410 5508 1454 5543 c.
1483 5495 1533 5543 8.

1975 4514 2041 4567 de
2081 4513 2274 4567 eadem
2306 4528 2441 4582 aqua
2480 4510 2528 4565 ei
2551 4511 2606 4564 in
2633 4526 2695 4566 os
2725 4511 3018 4566 mitterent.
3051 4511 3119 4565 Et
3139 4510 3212 4564 ita
3237 4510 3372 4565 dans
3393 4508 3567 4563 omni-

1976 4602 2076 4655 bus
2107 4600 2563 4667 benedictionem,
2590 4616 2787 4671 equum
2817 4599 3059 4654 ascendit
3093 4606 3253 4670 atque
3290 4596 3563 4653 discessit.

1976 4689 2375 4744 Benedicebant
2422 4704 2551 4742 vero
2610 4687 2761 4742 illum
2804 4687 3041 4743 universi
3071 4695 3119 4741 et
3145 4684 3363 4756 singuli,
3410 4700 3568 4739 asse-

1977 4786 2160 4831 rentes
2182 4776 2326 4847 quod
2349 4792 2540 4831 eorum
2572 4776 2877 4846 episc0pus,
2914 4775 3071 4845 paulo
3102 4782 3226 4828 ante
3261 4772 3452 4827 eadem
3482 4771 3571 4826 via

1978 4865 2341 4930 descendens,
2374 4881 2493 4920 cum
2544 4865 2770 4920 vidisset
2807 4862 3218 4925 daamoniacum,
3270 4860 3436 4914 nimio
3493 4867 3573 4913 ta-

1976 4961 2094 5008 ctus
2124 4968 2348 5024 pavore,
2383 4969 2583 5024 equum
2608 4953 2695 5008 cui
2726 4952 2986 5006 insiderat
3007 4948 3312 5005 calcaribus
3344 4962 3569 5018 urgens,

1975 5058 2083 5096 non
2114 5042 2290 5096 solum
2320 5042 2528 5112 absque
2560 5039 2916 5096 subventione
2945 5038 3205 5093 miserum
3235 5034 3567 5106 pertransie-

1974 5130 2060 5197 rit,
2095 5130 2488 5200 sed,tanquam
2513 5130 2743 5200 ipsemet
2764 5127 2917 5182 furiis
2961 5133 3240 5197 ageretur,
3283 5139 3425 5195 equo
3448 5139 3577 5179 cur-

1971 5227 2123 5274 rente
2138 5218 2428 5290 aufugerit.
2455 5219 2550 5273 Vir
2567 5226 2746 5272 autem
2778 5216 2888 5282 ille,
2920 5223 3111 5270 extunc
3126 5213 3389 5268 liberatus
3406 5226 3436 5265 a
3458 5211 3577 5266 dae-

1971 5322 2150 5371 mone,
2181 5307 2343 5361 vitam
2392 5322 2544 5361 suam
2574 5307 2624 5361 in
2661 5313 2940 5375 posterum
2988 5304 3043 5358 in
3069 5301 3324 5359 omnibus
3372 5297 3577 5355 studuit

344 5551 479 5627 (219$
509 5566 646 5615 Circa
668 5551 817 5615 linem
858 5564 971 5614 anni
998 5562 1147 5625 H97,
1177 5575 1268 5624 quo
1295 5551 1523 5625 primum,
1552 5564 1602 5611 ut
1632 5571 1742 5611 mox
1783 5555 2023 5619 sequitur,
2053 5553 2276 5607 efferbuit
2316 5554 2388 5603 ira
2418 5554 2547 5617 regis
2572 5554 2619 5603 in
2645 5551 2917 5612 Hugonem.
