3960 6062
405 208 541 262 1055

1291 205 1347 260 S.
1392 203 1707 261 HUGONIS
1745 200 1962 259 EPISC.
2004 198 2329 258 LINCOLN.
2372 201 2535 259 0RD.
2580 204 2827 261 CARTH.

3564 214 3585 264 1
3602 213 3719 265 O56

408 328 721 400 emendare,
753 343 1059 401 vacansque
1089 327 1291 385 diutius
1332 336 1642 385 sanctorum
1689 326 1998 399 peregrina-
2019 324 2073 384 Α
2102 324 2391 395 habitator,
2427 328 2519 400 qui
2549 344 2667 383 eam
2697 328 2837 384 male
2868 338 3235 401 vegetaverat,
3270 339 3321 386 et
3356 330 3443 385 illa
3476 348 3713 387 reman-

408 417 539 473 tioni
568 417 677 489 pie,
734 433 857 473 cum
903 418 1058 472 annis
1102 417 1310 488 aliquot
1364 417 1596 472 vixisset
1651 416 1867 483 devote,
1900 413 2006 469 fine

410 506 627 560 tandem
658 506 801 561 bono
834 506 1037 577 quievit
1064 505 1117 559 in
1148 521 1303 575 pace.
1354 506 1481 560 Ilaec
1529 506 1597 559 de
1653 518 2005 559 consumma-

413 594 556 649 tione
578 594 723 648 illius
755 594 810 648 in
831 594 960 649 villa
985 593 1210 665 praefata
1241 610 1417 664 nuper
1446 608 1478 647 a
1510 592 1699 648 vicinis
1751 592 1883 656 suis,
1918 591 2010 662 qui

412 690 463 739 et
490 682 801 738 interfuisse
830 699 888 737 se
920 682 1173 738 dicebant
1205 682 1465 737 curationi
1498 689 1814 736 memoratae
1844 695 2006 735 acce-

413 771 610 843 pimus.

983 841 1209 897 CAPUT
1276 840 1373 895 XI.

420 930 678 997 Qualiter
707 930 1109 985 mulierculam
1159 930 1460 1001 quamdam
1495 946 1528 983 α
1574 930 1786 1001 spiritu
1816 928 2011 1000 pytho-

487 1002 614 1073 uico
647 1001 921 1056 liberavit.
945 1030 1013 1040 —
1034 1002 1102 1055 Et
1130 1005 1215 1057 est
1233 1003 1407 1073 capit.
1440 1007 1697 1057 octavum
1718 1001 1781 1054 in
1802 1016 2012 1070 magna

502 1072 644 1126 Vita.

483 1177 604 1231 lam
635 1191 766 1233 vero
786 1176 1223 1248 praetereundum
1257 1192 1364 1233 non
1396 1184 1479 1233 est
1508 1176 1653 1249 quod
1683 1177 1737 1230 in
1778 1176 2012 1246 capitulo

419 1264 784 1321 Lincolniensi
813 1265 882 1319 ad
914 1281 1101 1336 regem
1126 1281 1185 1321 se
1232 1281 1328 1335 pro
1376 1265 1650 1321 communi
1685 1264 2013 1320 necessitate

416 1360 570 1408 trans
599 1369 749 1408 mare
778 1353 974 1407 iturum
994 1353 1323 1423 prmdixerat
1353 1353 1523 1423 (220).
1554 1354 1672 1407 .lam
1702 1352 1826 1407 filiis
1847 1352 2013 1408 bene-

419 1439 654 1496 dictione
684 1443 789 1495 ritu
822 1441 1051 1496 solemni
1082 1441 1226 1510 data,
1258 1441 1349 1496 illa
1381 1441 1589 1496 scilicet
1629 1456 1737 1512 qua
1782 1441 2012 1496 benedi-

417 1545 541 1585 cere
584 1529 720 1598 jussi
752 1537 875 1583 sunt
895 1528 1018 1583 filiis
1074 1529 1242 1583 Israel
1287 1530 1600 1585 sacerdotes
1657 1530 1711 1583 in
1741 1528 1863 1600 lege
1911 1545 2010 1599 per

418 1618 662 1688 Moysen,
695 1624 747 1671 et
779 1634 937 1688 quam
978 1618 1033 1671 in
1062 1617 1480 1673 benedictionali
1509 1634 1607 1673 suo
1664 1618 1830 1674 scribi
1860 1617 2010 1672 fece-

422 1714 520 1773 rat,
556 1705 967 1761 commendatus
999 1706 1331 1761 orationibus
1364 1706 1724 1777 singulorum,
1758 1714 1921 1777 atque
1942 1705 2011 1760 li-

421 1794 547 1849 bato
579 1793 809 1849 invicem
846 1802 1034 1849 saneto
1062 1795 1213 1866 pacis
1237 1795 1444 1861 osculo,
1490 1794 1806 1865 apostolicis
1828 1795 2013 1849 verbis

422 1882 705 1937 universos
738 1883 1215 1938 commendaverat
1237 1884 1352 1938 Deo
1382 1890 1435 1937 et
1462 1882 1641 1938 Verbo
1665 1882 1851 1955 gratiae
1874 1882 2010 1950 ejus.

424 1969 575 2036 Inde,
608 1977 665 2023 ut
694 1970 1036 2041 praemissum
1070 1980 1172 2034 est,
1206 1970 1409 2026 directe
1452 1971 1521 2025 ad
1551 1970 1852 2025 manerium
1882 1986 2013 2041 per-

421 2066 644 2113 venerat
673 2058 1040 2129 supradictum
1071 2059 1239 2130 (221).
1275 2060 1375 2115 Ubi
1399 2074 1520 2115 cum
1551 2059 1742 2129 paucis
1772 2066 2015 2114 maneret

422 2146 637 2213 diebus,
669 2147 984 2217 suggeritur
1015 2147 1063 2202 ei
1093 2162 1124 2201 a
1154 2146 1261 2203 loci
1292 2147 1455 2203 vicini
1484 2147 1694 2202 decano
1719 2147 2013 2203 muliercu-

421 2233 529 2288 lam
562 2234 851 2305 quamdam
882 2234 935 2289 in
964 2235 1227 2289 decanatu
1251 2251 1368 2303 suo,
1403 2252 1522 2307 qua:
1554 2236 1801 2305 spiritum
1856 2235 2014 2290 vide-

423 2330 575 2377 retur
604 2322 803 2377 habere
831 2323 1202 2394 pythonicum,
1228 2323 1488 2394 plurimas
1530 2324 1600 2378 ad
1632 2340 1690 2379 se
1721 2322 2015 2378 divinando

423 2410 610 2465 turbas
651 2411 965 2482 pertrahere
996 2411 1337 2482 populorum.
1383 2412 1660 2467 Indicabat
1719 2412 1860 2466 enim
1890 2426 2017 2482 pas-

423 2498 525 2553 sim
555 2499 716 2567 furta,
747 2516 775 2552 a
806 2500 1217 2571 quibuscunque
1247 2500 1507 2569 admissa,
1539 2508 1589 2554 et
1635 2499 1843 2555 occulta
1876 2516 2018 2570 quae-

427 2604 532 2658 que
561 2587 852 2660 detegebat
887 2587 1178 2644 maleﬁcia.
1214 2589 1270 2643 Si
1318 2604 1450 2644 vero
1488 2589 1555 2644 ab
1603 2589 1741 2658 ipso,
1776 2597 1832 2641 ut
1872 2588 2014 2643 idem

425 2675 602 2730 aiebat
625 2675 884 2741 decanus,
910 2692 1005 2730 seu
1028 2692 1059 2730 a
1080 2677 1271 2747 quovis
1293 2677 1530 2731 discreto
1563 2685 1615 2730 et
1641 2677 1875 2731 litterato
1897 2677 2016 2731 viro

424 2763 848 2818 conveniebatur
902 2771 994 2818 aut
1051 2764 1447 2835 corripiebatur
1503 2781 1669 2834 super
1726 2765 1845 2828 hoc,
1893 2780 2016 2819 mox

427 2850 737 2919 importuna
808 2850 1010 2923 linguae
1065 2851 1318 2906 volubilis
1364 2851 1646 2907 dicacitate
1698 2859 2016 2923 arguentem

425 2937 575 2991 illum
608 2938 759 3009 quasi
789 2938 1062 3009 stupidum
1092 2939 1351 2995 reddebat
1392 2948 1444 2995 et
1501 2940 1795 3012 elinguem,
1829 2940 2015 3011 sicque

2034 1675 2085 1734 B

2108 422 2253 470 serat
2282 416 2384 471 sub
2407 433 2567 471 manu
2590 418 2835 471 sanantis
2892 418 3087 473 medici
3132 419 3421 474 salubriter
3477 420 3709 483 debilis,

2107 520 2226 573 quae
2256 505 2356 558 sub
2387 505 2590 576 impetu
2638 506 2811 561 morbi
2871 506 3185 577 perimentis
3242 509 3515 563 exstiterat
3545 510 3714 579 prius

2108 591 2376 647 lethaliter
2408 592 2581 647 fortis.

2183 682 2317 735 Cum
2350 697 2485 753 ergo
2515 682 2581 735 ad
2614 683 2838 753 vestigia
2869 683 2969 737 viri
2993 684 3159 737 sancti
3181 683 3431 738 inclinata
3453 684 3712 756 aliquan-

2109 768 2201 822 diu
2224 770 2506 837 jacuisset,
2546 772 2805 842 praecepit
2860 772 3063 826 elevari
3112 788 3250 826 eam.
3309 774 3457 829 Tune
3488 774 3713 827 decano

2108 856 2400 928 interprete
2432 875 2562 912 usus
2593 859 2898 930 (ignorabat
2927 860 3070 914 enim
3118 860 3360 931 linguam
3419 862 3714 916 rusticana:

2109 946 2375 1017 mulieris)
2413 946 2613 1018 inquiri
2654 948 2835 1015 jussit,
2883 948 3114 1019 qualiter
3170 949 3516 1004 divinationis
3544 951 3711 1020 peri-

2110 1034 2237 1089 tiam
2259 1035 2655 1105 acquisivisset.
2678 1035 2811 1105 Quae
2838 1036 2987 1091 tenui
3016 1045 3067 1091 et
3097 1037 3370 1091 submissa
3390 1054 3543 1101 voce,
3579 1055 3713 1092 cum

2111 1122 2308 1192 saepius
2337 1122 2672 1195 interrogata
2701 1122 2908 1189 fuisset,
2948 1123 3077 1177 dixit
3115 1139 3127 1177 :
3166 1145 3187 1173 ι
3223 1125 3442 1189 Nescio,
3504 1126 3705 1197 inquit,

2111 1209 2378 1275 divinare,
2428 1210 2523 1265 sed
2572 1211 3004 1267 misericordiam
3055 1212 3286 1282 imploro
3317 1212 3485 1267 sancti
3538 1214 3706 1281 hujus

2111 1297 2373 1369 episcopi.
2413 1318 2434 1347 ι
2470 1300 2781 1371 [terumque
2829 1297 3008 1354 defixo
3041 1300 3094 1353 in
3124 1308 3323 1354 terram
3380 1300 3528 1354 vultu
3561 1317 3703 1371 pro-

2112 1385 2240 1441 cidit
2270 1387 2340 1440 ad
2389 1386 2558 1457 pedes
2614 1387 2747 1455 ejus.
2792 1387 3033 1458 Cumque
3073 1388 3320 1458 imposita
3367 1388 3524 1458 capiti
3584 1390 3705 1457 ejus

2114 1489 2277 1527 manu
2296 1489 2393 1544 pro
2424 1491 2483 1528 ea
2508 1475 2749 1529 breviter
2769 1475 3052 1540 oravisset,
3078 1476 3204 1530 data
3226 1476 3273 1530 ei
3296 1476 3702 1545 benedictione,

2113 1563 2371 1633 praecepit
2403 1579 2519 1617 eam
2548 1564 2616 1617 ad
2646 1563 2886 1634 priorem
2922 1564 3072 1634 (222)
3112 1564 3599 1619 lIuncedonensem
3630 1566 3705 1618 il-

2114 1651 2285 1705 larum
2317 1651 2569 1707 videlicet
2600 1652 2822 1722 partium
2857 1652 3297 1723 pmnitentialem,
3323 1652 3539 1720 adduci,
3564 1654 3708 1707 dans

2114 1740 2163 1793 ei
2195 1739 2250 1794 in
2280 1740 2548 1794 mandatis
2579 1748 2844 1811 quatenus
2865 1756 3045 1795 veram
3067 1749 3247 1812 ageret
3270 1742 3549 1810 praemissa
3572 1758 3708 1796 con-

2112 1826 2350 1882 fessione
2380 1828 2448 1883 de
2468 1828 2721 1883 omnibus
2742 1829 2854 1884 suis
2871 1830 3107 1899 peccatis
3127 1829 3519 1899 pcenitentiam.
3546 1829 3709 1898 Quod

2113 1915 2294 1985 etiam,
2330 1924 2385 1971 ut
2414 1917 2760 1987 postmodum
2792 1917 3123 1987 accepimus,
3157 1916 3386 1972 fideliter
3436 1918 3703 1988 implevit.

2114 2005 2447 2075 Prazceperat
2478 2005 2620 2059 enim
2653 2005 2721 2071 ei,
2758 2021 2825 2059 ne
2882 2005 3103 2060 ulterius
3141 2015 3497 2076 praesumeret
3526 2006 3708 2061 male-

2114 2092 2233 2146 ﬁcia
2263 2092 2436 2147 aliena
2460 2092 2724 2159 divinare,
2760 2094 2855 2149 sed
2882 2094 3099 2164 propria
3129 2102 3467 2150 assuesceret
3495 2094 3709 2148 indesi-

2115 2188 2306 2236 nenter
2331 2181 2471 2235 mala
2501 2180 2693 2253 lugere
2732 2190 2786 2237 et
2813 2198 3088 2237 accusare.
3126 2182 3242 2250 Qua
3297 2200 3361 2237 ex
3419 2184 3521 2237 hoc
3570 2190 3710 2237 tem-

2119 2285 2249 2341 pore
2271 2270 2408 2324 adeo
2439 2271 2682 2324 modesta
2712 2271 2962 2341 apparuit
2992 2278 3043 2326 et
3072 2271 3357 2337 taciturna,
3392 2286 3510 2326 cum
3550 2271 3705 2341 prius

2121 2358 2342 2427 garrula
2378 2358 2539 2412 nimis
2596 2359 2851 2414 existeret
2907 2366 2959 2414 et
2998 2360 3423 2430 procacissima,
3484 2366 3541 2412 ut
3600 2361 3707 2415 hoc

2117 2447 2293 2516 ipsum
2322 2447 2443 2502 loco
2492 2448 2728 2519 ingentis
2764 2448 3008 2504 miraculi
3054 2449 3344 2503 haberetur
3376 2464 3544 2518 penes
3578 2448 3704 2502 uni-

2120 2552 2324 2599 versos,
2361 2535 2450 2607 qui
2472 2551 2653 2592 mores
2674 2536 2817 2590 illius
2846 2536 3106 2607 pristinos
3129 2544 3480 2607 agnoverunt.

2727 2672 2951 2726 CAPUT
2979 2671 3099 2725 XII.

2119 2778 2376 2844 Qualiter
2404 2778 2697 2832 mulierem
2731 2778 2908 2833 aliam
2946 2776 3202 2832 liberavit
3233 2794 3267 2831 a
3301 2777 3550 2832 dwmone
3604 2780 3700 2831 in-

2189 2848 2345 2903 cubo.
2368 2878 2437 2887 -—
2467 2849 2534 2901 Et
2565 2850 2897 2904 continetur
2918 2849 3017 2904 hoc
3048 2851 3221 2919 capit.
3256 2848 3319 2901 in
3346 2864 3553 2917 magna
3586 2850 3709 2902 l'ita

2192 2919 2289 2973 sub
2317 2919 2489 2990 capit.
2540 2924 2752 2973 octauo.

428 3042 618 3082 omnes
646 3028 990 3082 verbositatis
1045 3027 1321 3083 affluentia
1350 3028 1710 3101 opprimebat,
1756 3038 1814 3083 ut
1842 3028 2021 3083 nullus
2042 3028 2089 3089 C
2189 3023 2326 3078 Huic
2355 3023 2476 3078 loco
2505 3040 2601 3093 pro
2637 3040 2951 3089 causarum,
2984 3042 3083 3079 nec
3114 3039 3222 3079 non
3253 3031 3305 3079 et
3322 3039 3704 3094 personarum,

429 3132 548 3172 eam
578 3118 923 3180 convincere,
957 3126 1049 3172 aut
1079 3118 1352 3173 silentium
1384 3118 1433 3173 ei
1464 3117 1671 3172 valeret
1710 3118 2013 3187 imponere.

427 3206 508 3260 Ad
539 3206 643 3261 hoc
675 3206 853 3261 statim
886 3206 1194 3277 episcopus,
1215 3206 1349 3275 jam,
1374 3206 1565 3277 inquit,
1591 3223 1699 3261 non
1729 3214 1853 3277 post
1882 3207 2020 3260 mul-

429 3304 514 3349 tos
542 3294 661 3349 dies
691 3294 996 3350 Londonias
1026 3296 1239 3360 adituri,
1297 3312 1418 3351 cum
1466 3311 1562 3366 per
1624 3295 1760 3350 fines
1807 3303 2018 3351 vestros

432 3382 717 3437 transitum
747 3382 1029 3451 faciemus,
1072 3384 1352 3439 adducetis
1411 3400 1531 3438 eam
1562 3384 1682 3439 loco
1713 3391 2019 3455 opportuno

429 3470 483 3525 in
514 3486 799 3527 occursum
829 3474 1018 3527 nostri.
1054 3472 1213 3541 Quod
1260 3480 1309 3526 et
1340 3471 1538 3528 factum
1569 3479 1669 3527 est.

502 3560 795 3615 Descendit
824 3560 1003 3632 itaque
1032 3561 1149 3615 visa
1180 3560 1407 3616 muliere
1438 3561 1506 3615 de
1566 3576 1707 3632 equo
1762 3576 1861 3615 suo
1904 3561 2019 3631 ipse

431 3643 745 3715 episcopus.
803 3645 1027 3700 Astabat
1064 3661 1196 3700 vero
1229 3644 1427 3699 ibidem
1488 3645 1671 3715 populi
1720 3644 2021 3715 frequentia

431 3740 555 3785 Cum
586 3732 849 3801 parvulis,
884 3733 975 3803 qui
1006 3748 1200 3787 manus
1231 3732 1576 3803 impositione
1625 3742 1777 3787 erant
1823 3732 2021 3788 confir-

432 3819 636 3874 mandi.
670 3820 893 3875 Muliere
921 3820 1088 3893 igitur
1119 3821 1220 3875 sibi
1259 3829 1606 3892 prasentata,
1643 3821 1724 3875 vir
1782 3821 2017 3888 Domini,

432 3907 585 3978 quasi
625 3922 748 3962 cum
797 3908 1165 3980 indignatione
1196 3909 1500 3973 obluctans,
1552 3925 1661 3963 non
1714 3917 1821 3962 tam
1851 3908 2020 3963 mise-

433 4011 548 4049 ram
578 3994 722 4048 illam
755 4010 913 4066 quam
945 3996 1061 4064 ejus
1082 3996 1523 4062 inhabitatorem,
1583 3996 1855 4050 occultum
1905 3996 2022 4051 da:-

432 4098 671 4147 monem,
715 4083 1046 4154 alloquitur:
1084 4106 1105 4130 «
1144 4087 1262 4156 Age
1311 4085 1446 4154 jam,
1507 4101 1541 4138 ο
1584 4083 1788 4147 infelix,
1826 4084 2019 4156 inquit,

433 4170 561 4243 quid
594 4171 735 4226 nosti
756 4171 1002 4226 divinare
1034 4172 1192 4227 nobis
1214 4172 1242 4227 ?
1277 4197 1296 4220 ιι
1331 4172 1617 4228 Proferens
1662 4180 1841 4227 autem
1872 4173 2021 4228 clau-

433 4276 552 4314 sum
582 4259 818 4315 dexterae
850 4276 962 4315 suae
991 4260 1277 4334 pugillum,
1302 4260 1633 4331 implicatam
1665 4261 1719 4315 in
1741 4277 1805 4316 eo
1832 4270 2023 4317 tenens

2119 3111 2468 3167 similitudine
2499 3112 2721 3166 alterius
2744 3112 2812 3166 ab
2842 3112 3187 3168 infestatione
3215 3112 3551 3167 daemoniaca
3584 3129 3709 3165 mu-

2116 3200 2261 3255 lieris
2283 3200 2616 3269 ereptionem
2647 3200 2929 3255 virtutibus
2981 3202 3139 3269 hujus
3170 3200 3270 3255 viri
3297 3200 3441 3268 juste
3470 3217 3703 3255 enume-

2120 3289 2368 3353 randam,
2419 3289 2818 3343 reservavimus
2862 3289 3259 3359 exponendam,
3306 3289 3433 3343 licet
3465 3296 3711 3358 tempore

2120 3376 2337 3431 diverso
2366 3377 2690 3431 celebratam
2714 3379 2883 3446 (223).
2916 3378 3257 3433 Intimaverat
3292 3378 3436 3431 enim
3473 3378 3712 3448 quodam

2120 3473 2365 3535 tempore
2396 3465 2478 3520 vir
2518 3465 2727 3521 eximia)
2783 3466 3101 3520 eruditionis
3130 3474 3181 3519 et
3210 3465 3469 3520 doctrinae
3498 3466 3715 3519 Bartho~

2120 3553 2346 3607 lomaaus
2376 3552 2700 3607 Oxoniensis
2743 3554 2944 3623 praesul
2972 3556 3139 3620 (224),
3175 3555 3299 3625 quia
3348 3554 3562 3609 daemon
3593 3554 3713 3624 qui-

2121 3642 2245 3695 dam
2276 3641 2329 3694 in
2346 3641 2527 3711 specie
2551 3642 2767 3710 juvenis
2799 3642 2948 3696 abuti
2976 3650 3333 3697 consueverat
3363 3641 3597 3713 quadam
3630 3642 3712 3695 in-

2121 3728 2266 3784 felici
2295 3729 2616 3785 muliercula
2644 3730 2696 3783 in
2755 3745 2852 3785 sua
2899 3730 3122 3785 dioecesi
3166 3730 3471 3785 constituta.
3534 3728 3710 3797 Quam

2123 3818 2281 3872 etiam
2312 3818 2608 3881 asserebat,
2634 3827 2742 3873 tam
2778 3819 2881 3873 sibi
2912 3834 3075 3890 quam
3127 3818 3246 3872 aliis
3304 3818 3710 3874 venerabilibus

2122 3906 2392 3975 personis,
2427 3906 2758 3961 detestabilis
2788 3907 2943 3975 hujus
2975 3906 3246 3978 passionis
3279 3923 3390 3961 suae
3413 3922 3713 3960 airumnam

2123 3993 2291 4047 ﬂebili
2332 3994 2530 4064 saepius
2573 3994 2914 4050 confessione
2972 3994 3307 4066 propalasse,
3343 4002 3391 4049 et
3423 3994 3711 4049 consilium

2124 4097 2229 4151 quo
2260 4082 2562 4151 eriperetur
2580 4083 2647 4136 ab
2667 4082 2906 4138 obsceno
2927 4099 3257 4154 oppressere
3288 4083 3605 4147 studiosius,
3632 4083 3713 4136 in-

2124 4170 2431 4241 quisivisse,
2458 4170 2680 4239 jejuniis
2737 4171 2957 4242 insuper
3008 4180 3060 4226 et
3113 4171 3263 4227 varia
3306 4171 3482 4226 carnis
3526 4186 3712 4226 mace-

2124 4258 2331 4313 ratione
2373 4259 2514 4313 illam
2553 4260 2889 4315 memorabat
2932 4260 3259 4330 peecatricia
3315 4260 3561 4314 membra
3608 4274 3710 4314 sua

431 4348 827 4402 extremitatem
858 4347 1010 4404 stolae
1041 4366 1172 4418 sum,
1221 4371 1241 4399 α
1278 4349 1395 4415 Dic,
1420 4350 1510 4415 ait,
1546 4351 1707 4405 sedes
1736 4350 2018 4417 dzemonis,
2050 4378 2101 4438 Ι)
2125 4347 2235 4402 fere
2271 4364 2444 4418 usque
2463 4348 2530 4401 ad
2551 4348 2978 4403 internecionem
3007 4348 3402 4419 perdomuisse.
3430 4349 3556 4403 Haec
3577 4364 3711 4402 vero

433 4434 700 4507 siquidem
731 4436 892 4502 nosti,
923 4436 1048 4507 quid
1080 4438 1272 4493 habeat
1296 4438 1561 4493 inclusum
1591 4454 1786 4492 manus
1809 4438 1969 4492 mea?
1994 4462 2014 4486 ι

433 4525 558 4578 Hazc
590 4539 655 4577 eo
684 4523 917 4590 dicente,
951 4524 1130 4579 statim
1153 4526 1298 4581 velut
1319 4526 1583 4581 exanimis
1605 4526 1811 4581 corruit
1841 4526 1908 4579 ad
1928 4542 2024 4596 pe-

431 4611 528 4666 des
559 4611 675 4679 ejus
702 4611 1031 4677 muliercula,
1065 4613 1223 4682 paulo
1254 4621 1378 4669 ante
1400 4629 1620 4684 procax,
1654 4630 1797 4668 nunc
1841 4622 2021 4669 autem

431 4699 609 4753 subito
639 4699 709 4752 ad
741 4714 933 4755 vocem
950 4699 1160 4755 virtutis
1184 4708 1359 4766 tantm,
1392 4716 1500 4755 non
1534 4700 1695 4755 modo
1726 4700 1892 4767 fandi,
1926 4701 2024 4755 sed

431 4786 591 4842 etiam
614 4787 807 4851 standi,
829 4787 1096 4859 impotens
1114 4787 1324 4844 effecta.
1342 4787 1641 4861 Aufugerat
1658 4789 1799 4843 enim
1819 4788 2024 4844 interea

503 4962 639 5029 (220)
666 4967 823 5027 Supra
849 4978 956 5028 cap.
984 4966 1034 5028 9,
1064 4967 1111 5016 in
1138 4966 1243 5016 hate
1285 4967 1437 5016 verba
1466 4979 1479 5015 :
1518 4983 1536 5013 α
1562 4967 1613 5018 Si
1636 4966 1696 5016 ad
1722 4979 1885 5029 regem
1931 4968 2025 5018 hoc

432 5031 601 5147 oti-dine
649 5032 771 5083 ituri
811 5036 926 5082 sunt
973 5032 1136 5083 clerici
1174 5033 1344 5094 nostri,
1384 5046 1493 5083 cum
1537 5035 1610 5085 eis
1644 5033 1829 5096 pariter
1853 5039 1902 5085 et
1935 5047 2026 5097 ego

434 5111 449 5148 ι
485 5111 533 5148 o.
561 5115 581 5145 ι

495 5206 633 5268 (221)
679 5208 1019 5269 Buggedenam
1044 5208 1091 5258 in
1120 5208 1291 5260 itinere
1319 5210 1447 5260 inter
1472 5210 1775 5263 Lincolniam
1804 5214 1853 5263 et
1894 5212 2025 5263 Lon-

430 5273 598 5324 dinum
622 5274 788 5324 situm.

499 5401 641 5464 (222)
670 5403 811 5453 Forte
836 5403 966 5453 idem
988 5416 1096 5454 cum
1123 5405 1527 5463 Huntindonensi,
1561 5407 1640 5457 ubi
1688 5412 1812 5458 teste
1860 5409 2027 5458 Mona-

432 5469 553 5517 stico
578 5469 840 5532 Anglicano
884 5476 1002 5519 tom.
1029 5471 1065 5529 1,
1108 5485 1155 5534 p.
1202 5473 1318 5533 530,
1366 5476 1439 5523 est
1478 5474 1719 5535 prioratus
1746 5475 2025 5525 monialium

434 5538 573 5584 extra
599 5535 853 5587 lluntedon
879 5536 1126 5588 fundatus.

2122 4436 2282 4490 simul
2312 4437 2493 4490 omnia
2524 4436 2655 4490 nihil
2685 4436 2787 4490 sibi
2816 4445 3006 4492 contra
3043 4436 3294 4492 odiosum
3322 4445 3372 4491 et
3408 4436 3714 4505 improbum

2120 4533 2414 4579 amatorem
2457 4524 2768 4579 contulisse.
2830 4526 2889 4578 In
2932 4525 3133 4579 talibus
3164 4540 3379 4595 quoque
3435 4540 3542 4577 non
3574 4540 3715 4592 pau-

2122 4628 2307 4666 corum
2325 4612 2439 4681 jam
2462 4612 2733 4667 curricula
2755 4620 3061 4683 temporum
3079 4629 3197 4667 eam
3216 4613 3345 4665 dixit
3366 4612 3714 4682 protraxisse.

2122 4700 2258 4755 Hinc
2300 4700 2631 4756 venerabilis
2680 4702 2841 4755 Pater
2896 4703 3073 4772 Hugo,
3135 4701 3335 4771 pariter
3391 4708 3443 4754 et
3497 4699 3715 4769 pietatis

2122 4788 2377 4843 instinctu
2472 4788 2807 4859 compatiens
2903 4788 3203 4844 miserabili
3314 4788 3567 4852 feminae,
3662 4797 3714 4841 et

2192 4965 2329 5029 (225)
2353 4970 2490 5018 Anno
2518 4967 2665 5026 “85,
2693 4972 2776 5018 aut
2802 4967 2947 5027 1186,
2978 4969 3026 5017 et
3062 4980 3156 5017 non
3183 4966 3356 5024 serius,
3387 4966 3604 5027 Hugoue,
3631 4969 3717 5015 aut

2123 5034 2280 5083 adhuc
2326 5034 2563 5083 existente
2612 5034 2662 5082 in
2708 5034 2925 5095 prioratu
2969 5032 3315 5091 Withamensi,
3363 5036 3445 5081 aut
3487 5036 3719 5081 recenter

2122 5105 2406 5150 consecrato
2431 5101 2481 5149 iu
2509 5100 2809 5163 episcOpum.
2837 5102 2904 5149 De
2947 5113 3039 5162 qua
3078 5112 3130 5149 re
3155 5100 3348 5150 uberius
3388 5099 3627 5160 agendum
3669 5098 3717 5147 iu

2124 5168 2409 5229 quastione,
2446 5180 2539 5229 quo
2566 5179 2694 5216 anno
2718 5169 2855 5229 Hugo
2879 5168 2945 5216 sit
2970 5168 3133 5217 factus
3158 5167 3425 5227 episcopus.

2193 5277 2321 5337 (224)
2351 5278 2401 5327 lu
2439 5277 2612 5327 Annal.
2640 5278 2871 5328 Ecclesiae
2897 5277 3250 5328 Wintoniensis
3286 5276 3410 5339 apud
3442 5276 3635 5324 Whart.
3664 5275 3717 5323 in

2125 5348 2255 5405 part.
2285 5344 2505 5401 [Anglize
2533 5345 2694 5393 Sacra:
2736 5345 2802 5393 ita
2827 5344 3004 5406 legitur
3028 5356 3140 5406 pag.
3180 5344 3277 5393 300
3308 5357 3318 5385 :
3344 5363 3365 5383 ι
3392 5349 3528 5391 Anno
3568 5340 3718 5397 1161,

2126 5412 2360 5470 magister
2384 5410 2768 5460 Bartholomaaus
2793 5410 3047 5471 episcopus
3072 5410 3356 5459 Exoniensis
3384 5409 3539 5457 factus
3568 5410 3661 5455 est.
3692 5428 3713 5447 ι

2125 5478 2186 5526 Et
2208 5477 2382 5526 iterum
2418 5478 2465 5526 in
2492 5476 2683 5538 iisdem,
2722 5490 2772 5538 p.
2805 5476 2922 5526 302.
2955 5497 2975 5517 α
3008 5479 3145 5527 Anno
3184 5476 3311 5525 1186
3334 5474 3720 5533 ΒΑΓῐΙΙΟΙΟΠὶζΓυε

2126 5543 2415 5593 Exoniensis
2440 5544 2692 5605 episcopus
2717 5544 2853 5594 obiit.
2882 5559 2900 5589 ι
