3960 6062
252 225 385 277 1057

1598 222 1782 277 νιΤΑ.
1822 248 1889 260 -
1928 218 2058 273 LIB.
2108 220 2177 274 V.

3406 223 3542 276 1058

252 345 546 416 indignans
575 346 870 416 impuritali
891 346 1261 413 demoniacze,
1286 366 1307 396 ι
1332 346 1470 409 Jam,
1490 345 1703 417 iniquit,
1727 345 1846 409 ista,
1876 347 1930 405 Α
1957 364 1977 389 α
2013 358 2159 409 men,
2185 340 2330 413 quod
2360 341 2679 412 imprudens
2725 342 2821 395 tibi
2850 340 3175 412 applicuisti.
3204 363 3225 393 ι
3260 342 3360 398 Illa
3387 344 3549 399 dissi-

255 433 298 487 si
326 476 338 499 ,
391 442 447 488 ut
475 434 721 501 asseritis
747 478 758 499 ,
812 442 999 488 contra
1026 441 1306 504 peccatum
1339 450 1495 488 suum
1524 433 1849 488 contritione

252 522 449 585 cordis,
483 522 825 576 confessione
850 522 957 577 oris
1005 530 1057 576 et
1103 521 1352 592 corporis
1400 521 1693 577 afﬂictione
1740 521 1849 576 eri-

252 609 431 681 gitur,
486 610 560 663 nil
604 610 751 664 aliud
794 610 1008 664 demum
1042 626 1331 681 superesse
1376 610 1570 679 video,
1634 609 1739 663 nisi
1795 617 1852 663 ut

249 705 432 752 oretur
482 713 584 768 pro
641 714 707 752 ea
760 699 1044 753 instantius
1074 699 1219 769 apud
1248 698 1590 754 clementiam
1621 697 1851 769 piissimi

252 786 653 857 Redemptoris.
684 808 704 834 ιι
740 787 1043 857 Episcopus
1074 796 1251 842 autem
1275 787 1602 843 Oxoniensis
1622 788 1738 842 haec
1766 802 1847 852 se,

254 891 547 946 secumque
596 875 733 929 alios
779 875 1096 931 innumeros
1138 876 1251 944 jam
1300 875 1529 941 fecisse,
1583 876 1680 930 sed
1718 874 1851 929 nihil

247 962 549 1033 profecisse
580 979 1013 1019 commemorans
1035 1007 1047 1030 ,
1081 964 1258 1035 ipsum
1290 979 1536 1036 quoque,
1571 972 1628 1018 ut
1658 979 1753 1034 pro
1786 979 1851 1019 ea

251 1052 568 1124 dignaretur
615 1068 793 1117 orare,
845 1052 1159 1124 suppliciter
1204 1053 1502 1124 ﬂagitabat.
1569 1052 1667 1106 Cui
1711 1052 1846 1107 ille:

256 1161 277 1189 ι
317 1140 429 1194 Ποθ
460 1155 563 1211 ego
593 1156 701 1195 non
732 1148 969 1208 tantum,
1005 1142 1102 1195 sed
1134 1140 1363 1212 quisque
1396 1140 1636 1196 fidelium
1677 1141 1849 1196 devo-

250 1227 460 1282 tissime
492 1228 670 1282 facere
702 1228 941 1283 debebit.
972 1252 993 1276 »

319 1316 444 1370 Post
501 1316 638 1383 haec,
697 1315 965 1387 digressis
996 1317 1063 1370 ab
1095 1316 1325 1372 invicem
1374 1317 1646 1388 episc0pis
1677 1318 1845 1389 (225),

251 1419 375 1459 cum
432 1404 624 1459 iterum
685 1404 1052 1460 occurrissent
1107 1406 1210 1459 sibi
1266 1405 1542 1476 aliquanto
1609 1414 1849 1475 tempore

252 1492 438 1563 elapso
460 1495 628 1563 (226),
656 1493 931 1563 inquisivit
954 1493 1217 1548 sollicitus
1256 1494 1359 1547 iste
1386 1494 1692 1548 animarum
1714 1493 1849 1549 libe-

254 1590 400 1635 rator
431 1581 580 1635 illum
612 1581 928 1652 episcopum
949 1582 1198 1651 superius
1228 1589 1589 1636 memoratum
1621 1581 1851 1653 qualiter

251 1685 341 1725 res
403 1685 461 1724 se
515 1669 743 1724 haberet
789 1670 933 1725 circa
978 1669 1123 1723 illam
1180 1670 1443 1725 oviculam
1499 1670 1686 1742 gregis
1743 1671 1921 1756 sui,B

252 1772 415 1828 quam
437 1757 660 1828 pestifer
678 1757 766 1812 ille
788 1758 948 1828 lupus
967 1766 1071 1812 tam
1094 1758 1731 1813 immaniterlaniaverat.
1753 1759 1852 1813 Cui

254 1846 493 1916 pontifex
526 1862 634 1901 non
665 1846 839 1901 solum
870 1847 985 1915 ejus
1016 1847 1375 1917 ereptionem,
1428 1847 1525 1902 sed
1555 1847 1851 1918 ereptionis

255 1949 472 2005 quoque
522 1935 767 1990 ordinem
819 1934 1121 1990 mirabilem
1153 1936 1401 2006 exposuit
1448 1936 1503 1990 in
1555 1936 1700 1991 hunc
1729 1950 1849 1990 mo-

255 2023 383 2076 dum
418 2040 430 2077 :
464 2022 688 2091 Adjuta,
741 2023 947 2094 inquit,
1008 2023 1341 2078 orationibus
1398 2023 1592 2079 vestris
1647 2024 1849 2077 dudum

252 2109 341 2164 illa
373 2111 543 2165 evasit
569 2111 850 2181 probrosa:
881 2112 1156 2167 servitutis
1176 2114 1392 2184 jugum.
1426 2111 1561 2167 Cum
1591 2112 1735 2167 enim
1763 2111 1851 2166 die

254 2198 484 2268 quadam
534 2199 773 2254 incestus
821 2199 911 2254 ille
959 2200 1171 2255 daemon
1217 2199 1520 2255 incredibili
1576 2216 1693 2255 eam
1722 2200 1849 2254 libi-

255 2287 398 2342 dinis
446 2287 625 2343 furore
656 2288 923 2353 delusam,
976 2289 1281 2344 exanimem
1308 2306 1450 2360 pene
1497 2288 1846 2356 reddidisset,

252 2374 342 2430 ille
374 2376 676 2431 abscedens
708 2378 943 2442 evanuit,
979 2386 1028 2431 et
1057 2377 1147 2431 illa
1174 2377 1228 2431 in
1259 2393 1359 2432 suo
1388 2377 1636 2434 conclavi
1684 2377 1849 2432 nimio

252 2463 429 2517 dolori
481 2472 532 2519 et
577 2465 800 2519 mmrori
858 2465 1073 2520 addicta
1115 2467 1397 2520 remansit.
1454 2466 1589 2520 Cum
1638 2481 1765 2521 ecce
1795 2465 1849 2519 in

253 2552 473 2607 alterius
504 2554 686 2623 specie
712 2554 927 2621 juvenis
957 2553 1120 2621 alius,
1156 2563 1212 2609 ut
1244 2554 1293 2609 ei
1322 2554 1608 2609 videbatur
1630 2554 1850 2624 spiritus

252 2639 569 2712 ingrediens
626 2642 694 2696 ad
755 2657 910 2707 eam,
974 2642 1116 2697 unde
1146 2652 1368 2697 incestos
1397 2650 1613 2713 gereret
1640 2642 1851 2699 animos

253 2729 519 2785 sciscitari
570 2730 751 2800 cmpit.
807 2730 927 2798 Qua
976 2730 1109 2784 nihil
1158 2731 1561 2801 respondente,
1609 2731 1680 2785 ait
1708 2731 1846 2785 ille:

261 2839 283 2864 «ι
320 2817 462 2883 Scio,
486 2834 726 2889 vereque
748 2819 873 2874 novi
902 2819 1023 2890 quia
1050 2834 1284 2891 nequam
1313 2818 1405 2874 illo
1438 2827 1488 2875 te
1517 2819 1719 2873 afﬂixit.
1742 2819 1850 2874 Sed

255 2929 278 2953 α
317 2921 425 2960 non
481 2905 715 2971 mirum;
775 2915 858 2960 est
913 2908 1057 2962 enim
1112 2923 1406 2977 perversus
1463 2915 1515 2963 et
1557 2907 1851 2963 admodum

260 3017 281 3040 ιι
320 2994 617 3065 malignus.
658 2995 894 3061 Verum,
944 2996 990 3049 si
1037 2995 1319 3051 desideriis
1354 2996 1491 3051 meis
1520 3004 1680 3067 atque
1710 3011 1849 3051 con-

260 3105 282 3130 «ι
321 3083 453 3136 siliis
480 3090 735 3153 prmstare
758 3083 893 3138 velis
922 3099 1227 3149 assensum,
1251 3100 1529 3154 nunquam
1558 3084 1627 3139 de
1656 3092 1854 3140 caetero

264 3195 285 3218 α
323 3171 369 3225 is
399 3171 469 3225 ad
492 3179 541 3225 te
572 3186 853 3226 accessum
876 3171 1116 3226 habebit.
1148 3197 1168 3219 ››
1202 3172 1285 3226 Ad
1306 3173 1423 3228 hzec
1449 3172 1543 3227 illa
1562 3171 1853 3243 plurimum

266 3282 287 3310 ι
326 3259 628 3314 exhilarata
658 3259 945 3315 confestim
976 3260 1286 3331 respondit:
1312 3284 1332 3309 «
1358 3260 1505 3316 Nihil
1533 3268 1636 3327 est,
1661 3261 1851 3332 inquit,

264 3367 285 3391 «ι
322 3343 424 3397 sub
454 3343 591 3398 cmlo
620 3342 855 3399 facultati
886 3360 1023 3400 mea:
1053 3344 1332 3414 possibile,
1364 3344 1507 3416 quod
1540 3361 1649 3399 non
1680 3345 1856 3400 libens

264 3454 286 3482 (ι
324 3430 559 3486 facerem
583 3448 680 3486 seu
701 3431 1023 3502 perferrem,
1047 3432 1341 3488 dummodo
1362 3433 1430 3487 ab
1452 3432 1606 3488 istius
1629 3448 1857 3489 accessu

266 3542 288 3570 ‹
325 3519 551 3590 perinde
602 3520 800 3575 salvari
849 3521 1490 3591 potuissem—Mecum
1540 3538 1704 3594 ergo,
1767 3521 1856 3576 ille

266 3631 287 3655 α
324 3609 426 3675 ait,
476 3609 679 3663 amoris
729 3608 906 3664 foedus
935 3625 1043 3664 non
1075 3609 1287 3665 dubites
1316 3610 1473 3664 inire.
1525 3611 1646 3683 Ego
1685 3609 1856 3682 siqui-

262 3720 283 3743 «
322 3698 443 3751 dem
468 3742 480 3759 ,
532 3714 866 3769 qumcunque
897 3698 1213 3769 poposceris
1233 3741 1246 3764 ,
1299 3706 1389 3754 aut
1419 3699 1692 3770 optaveris
1717 3742 1729 3765 ,
1764 3698 1857 3753 tibi

270 3806 290 3838 α
318 3786 625 3857 przestabo,
687 3795 738 3841 et
792 3786 923 3840 nihil
977 3803 1006 3841 a
1065 3795 1117 3841 te
1173 3787 1278 3842 tuis
1333 3787 1472 3843 votis
1526 3788 1858 3843 contrarium

268 3895 290 3925 ι
330 3874 566 3946 exigam,
601 3883 651 3930 et
682 3875 814 3929 nihil
869 3891 978 3930 non
1010 3875 1326 3931 delectabile
1354 3876 1467 3932 sive
1496 3877 1725 3932 amabile
1765 3877 1860 3931 tibi

267 3962 582 4017 «inferam.
626 3986 645 4012 ι
702 3964 943 4033 Spondet
1000 3964 1088 4018 illa
1145 3965 1261 4019 hazc
1316 3972 1370 4019 et
1425 3964 1527 4019 alia
1583 3965 1860 4035 pollicenti

262 4067 579 4117 assensum,
629 4052 922 4107 dummodo
971 4051 1274 4123 experiatur
1327 4052 1611 4124 promissa;
1652 4053 1859 4109 libera-

262 4140 423 4195 tionis
454 4139 724 4196 effectum.
758 4143 906 4196 Tunc
935 4141 1025 4196 ille
1054 4141 1277 4195 adduxit
1307 4157 1426 4196 eam
1456 4143 1525 4197 ad
1551 4142 1861 4213 proximum

261 4228 445 4284 domui
490 4246 602 4284 suae
631 4229 808 4284 locum
836 4272 847 4295 ,
908 4237 961 4285 et
1005 4230 1233 4285 herbam
1260 4230 1471 4285 eminus
1502 4245 1861 4287 succrescen-

262 4325 372 4372 tem
404 4317 480 4372 illi
510 4318 889 4372 demonstrans
924 4335 936 4370 :
977 4342 997 4365 «ι
1026 4319 1207 4387 Istam,
1232 4317 1423 4389 inquit,
1457 4318 1683 4373 herbam
1713 4320 1859 4386 tolle,

1952 430 2189 485 mulante
2220 430 2435 485 monitis
2456 431 2837 501 obtemperare
2854 430 3095 500 maligni,
3115 430 3278 501 cmpit
3298 431 3388 487 ille
3409 448 3552 487 nunc

1951 519 2144 583 minis,
2206 535 2348 573 nunc
2382 518 2654 572 blanditiis
2692 518 2979 573 instantius
3010 534 3206 588 agere,
3239 526 3297 573 ut
3323 521 3550 575 herbam

1952 607 2173 676 ejiceret
2227 622 2386 678 quam
2445 623 2503 661 se
2559 606 2915 661 exhorruisse
2971 606 3205 661 dicebat.
3244 606 3368 673 Qui,
3402 617 3460 662 ut
3488 626 3547 665 se

1951 695 2223 750 contemni
2254 695 2384 749 vidit
2412 694 2478 748 ab
2511 710 2605 762 ea,
2655 702 2777 765 post
2823 694 3060 750 morulas
3090 694 3294 766 aliquot
3325 698 3551 752 recessit

1952 783 2275 838 furibundus
2308 791 2361 838 et
2388 783 2590 837 minax.

2027 896 2047 919 α
2084 873 2199 927 Nec
2246 871 2408 943 paulo
2440 871 2647 926 tardius
2678 871 2846 926 adfuit
2877 871 3031 939 alter,
3064 888 3129 928 ac
3160 873 3314 944 quasi
3343 889 3546 948 aggra-

1952 960 2129 1015 tulans
2158 961 2370 1016 dilecta:
2398 961 2473 1015 ait
2508 975 2519 1013 :
2558 984 2578 1007 «
2617 961 2829 1015 Verane
2860 977 2983 1016 esse
3013 961 3269 1029 didicisti,
3301 979 3423 1034 quas
3452 964 3548 1018 tibi

1956 1069 1977 1099 ι
2011 1048 2224 1104 locutus
2245 1065 2363 1103 sum
2383 1049 2410 1103 *Ρ
2438 1050 2597 1105 Nunc
2618 1064 2771 1120 ergo,
2797 1049 2926 1103 dum
2944 1064 3049 1121 ego
3078 1058 3258 1106 tecum
3279 1053 3546 1108 secretius

1956 1160 1977 1187 α
2014 1137 2235 1209 loquar,
2287 1138 2564 1192 amovebis
2620 1153 2913 1207 parumper
2969 1138 3194 1192 herbam
3225 1140 3546 1195 nostratium

1956 1248 1977 1277 ι
2012 1226 2348 1281 universitati
2377 1227 2622 1280 odiosam
2651 1242 2680 1279 a
2710 1234 2781 1280 te.
2816 1226 2945 1279 Post
2973 1242 3155 1281 meum
3183 1244 3314 1282 vero
3344 1228 3549 1285 disces-

1956 1338 1976 1364 α
2014 1331 2134 1369 sum
2164 1331 2407 1369 resumes
2437 1322 2762 1369 armaturam
2799 1314 3058 1386 graminis
3086 1315 3181 1380 tui,
3232 1332 3336 1387 qua
3374 1316 3546 1372 illaesa

1956 1426 1976 1449 α
2013 1404 2433 1459 conservaberis
2478 1403 2546 1457 ab
2594 1402 2804 1457 insidiis
2857 1403 3028 1457 hostis
3076 1404 3260 1459 virosi.
3316 1405 3543 1477 Nequa-

1954 1516 1976 1539 «
2015 1507 2176 1563 quam
2207 1492 2349 1547 enim
2380 1491 2602 1546 furcifer
2629 1491 2718 1545 ille
2747 1491 2816 1545 ad
2864 1500 2915 1546 te
2946 1500 3237 1562 praesumet
3278 1493 3545 1550 ullatenus

1952 1604 1980 1631 α
2009 1580 2290 1646 accedere,
2322 1580 2450 1634 dum
2474 1580 2667 1634 sentiet
2687 1596 2773 1634 me
2791 1587 2969 1635 tecum
2992 1588 3316 1649 prtesentem
3346 1599 3488 1637 esse.
3518 1603 3541 1633 ι

1957 1669 2039 1723 Ad
2070 1670 2187 1725 hzec
2216 1669 2308 1723 illa
2342 1685 2353 1723 :
2391 1690 2413 1719 ι
2449 1668 2665 1734 Venies,
2699 1668 2888 1739 inquit,
2925 1668 2970 1722 si
3002 1669 3155 1738 velis,
3188 1677 3240 1723 et
3269 1671 3314 1724 si
3343 1672 3542 1741 possis,

1959 1781 1980 1804 υ
2016 1757 2083 1812 ad
2111 1774 2237 1823 me;
2293 1773 2394 1812 nec
2440 1757 2580 1811 enim
2632 1756 2979 1827 promissioni
3033 1774 3169 1813 mea:
3198 1758 3372 1814 debeo
3410 1776 3548 1815 con-

1957 1870 1977 1895 ι
2014 1846 2201 1901 traire.
2248 1846 2513 1901 Caeterum
2544 1846 2774 1900 herbam
2804 1845 2983 1909 istam,
3016 1846 3126 1899 vita
3154 1847 3370 1916 comite,
3402 1864 3546 1902 nun-

1963 1952 1981 1984 α
2012 1950 2177 2004 quam
2206 1933 2450 2001 rejiciam
2497 1949 2529 1987 a
2560 1950 2667 1999 me,
2700 1950 2822 2004 qua}
2851 1933 2965 1987 sola
2996 1933 3124 1987 mihi
3156 1935 3327 2004 potuit
3354 1943 3547 1991 contra

1957 2043 1978 2071 ι
2007 2021 2377 2093 impurissimu
2398 2037 2836 2094 moppressorem
2853 2021 3197 2079 securitatem
3221 2033 3490 2095 praestare.
3519 2045 3543 2075 ι

1954 2109 2093 2178 Quid
2150 2110 2353 2181 plura?
2406 2112 2474 2165 Et
2528 2111 2654 2179 iste,
2717 2111 2855 2167 sicut
2895 2111 3073 2181 prior,
3115 2120 3235 2181 post
3263 2112 3545 2169 diuturnas

1952 2214 2145 2269 preces
2168 2240 2181 2267 ,
2233 2207 2356 2269 post
2384 2198 2560 2253 minas
2590 2207 2641 2254 et
2672 2199 2960 2253 blanditias
2990 2198 3188 2253 frustra
3217 2208 3542 2271 protractas,

1952 2288 2378 2343 circumventum
2446 2303 2506 2342 se
2570 2303 2603 2341 a
2668 2286 2984 2343 muliercula
3048 2287 3140 2342 diu
3207 2288 3547 2362 multumque

1952 2376 2243 2446 deplorans
2264 2419 2276 2441 ,
2327 2375 2382 2429 in
2408 2391 2564 2430 auras
2593 2376 2784 2430 inanes
2814 2375 3032 2430 demum
3077 2376 3318 2431 evanuit.
3354 2378 3550 2434 Mulier

1952 2480 2084 2519 vero
2106 2464 2221 2533 jam
2251 2462 2356 2518 fide
2388 2471 2441 2519 et
2468 2463 2752 2519 devotione
2773 2506 2786 2529 ,
2838 2480 2901 2519 ac
2944 2464 3084 2519 bona
3113 2466 3543 2535 conversatione,

1952 2552 2145 2607 melius
2189 2568 2353 2623 quam
2397 2552 2567 2607 herba
2614 2552 2705 2607 illa
2736 2560 2958 2618 armata,
2993 2552 3157 2607 vitam
3188 2553 3336 2608 ducit
3362 2554 3419 2608 in
3446 2555 3548 2611 Dei

1950 2640 2147 2695 timore
2174 2642 2459 2696 honestam
2489 2649 2541 2695 et
2585 2640 2843 2712 quietam.
2890 2642 3017 2696 Haec
3048 2649 3229 2696 autem
3259 2642 3459 2710 omnia,
3493 2652 3550 2698 ut

1952 2744 1984 2782 a
2017 2730 2173 2785 nobis
2196 2738 2503 2797 narrantur,
2528 2746 2633 2801 ego
2663 2730 2732 2783 ab
2755 2730 2897 2783 illius
2919 2745 3011 2784 ore
3042 2730 3060 2797 (
3081 2746 3203 2784 cum
3234 2730 3304 2784 ad
3332 2748 3419 2786 me
3435 2733 3548 2801 jam

1952 2826 2142 2873 curata
2162 2860 2174 2883 ,
2209 2817 2428 2872 demum
2452 2818 2784 2888 paenitentia:
2803 2817 3083 2873 modulum
3112 2826 3165 2872 et
3193 2818 3551 2876 absolutionis

1952 2905 2269 2961 beneﬁcium
2329 2914 2644 2977 susceptura
2700 2906 2960 2976 venisset)
3004 2905 3205 2962 audivi.
3248 2928 3269 2957 ι
3320 2908 3390 2963 Et
3433 2910 3551 2965 haec

1952 2994 2169 3066 quidem
2187 2994 2516 3049 Oxoniensis
2546 2994 2835 3065 episcopus
2855 2994 3037 3049 retulit
3065 2994 3323 3066 episcopo
3341 3005 3551 3066 nostro,

1954 3100 2075 3155 qua:
2104 3090 2156 3137 et
2185 3082 2303 3153 ipse
2332 3082 2644 3154 frequenter
2691 3082 2847 3139 nobis
2895 3083 3253 3153 prmsentibus
3286 3084 3553 3141 referebat

1954 3171 2222 3243 plurimis.
3284 3173 3287 3175 ’

2026 3259 2218 3314 Mulier
2249 3275 2379 3315 vero
2408 3259 2653 3330 praefata,
2688 3260 2815 3315 dum
2847 3261 3153 3316 orationum
3184 3262 3364 3334 gratia
3388 3263 3553 3318 multa

1956 3356 2274 3420 peragraret
2304 3355 2615 3403 sanctorum
2639 3346 2779 3417 loca,
2812 3349 3059 3419 pervenit
3079 3350 3299 3405 demum
3319 3352 3555 3407 Cantua-

1957 3437 2116 3492 riam.
2148 3437 2271 3506 Ubi,
2304 3436 2433 3491 dum
2464 3452 2493 3490 a
2521 3437 2655 3491 viris
2688 3437 2959 3508 religiosis
2988 3439 3291 3494 orationum
3334 3440 3557 3511 inquirit

1958 3523 2247 3597 suffragia,
2298 3524 2513 3581 cuidam
2562 3525 2831 3581 monacho
2881 3526 3062 3581 Sancti
3107 3527 3392 3599 Augustini
3423 3529 3556 3583 her-

1960 3614 2084 3669 bam
2114 3614 2262 3668 illam
2293 3630 2322 3669 e
2372 3614 2492 3668 sinu
2522 3630 2621 3669 suo
2652 3613 2914 3685 prolatam
2945 3614 3199 3669 ostendit.
3233 3615 3407 3683 Quam
3464 3617 3554 3673 ille

1961 3703 2117 3758 nobis
2150 3703 2299 3773 (227)
2324 3711 2384 3757 .et
2439 3718 2541 3758 nos
2588 3702 2764 3774 ipsam
2795 3703 3050 3774 episcopo
3082 3704 3427 3773 postmodum
3457 3705 3555 3761 de-

1960 3791 2423 3857 monstravimus;
2473 3807 2601 3846 nam
2633 3800 2855 3846 eatenus
2886 3807 3007 3845 eam
3055 3792 3277 3847 minime
3307 3808 3554 3865 agnove-

1962 3888 2062 3934 rat.
2117 3880 2295 3951 Ipsam
2343 3895 2475 3935 vero
2521 3880 2743 3934 herbam
2797 3879 2973 3935 Graeci
3030 3880 3348 3951 hypericon,
3384 3882 3558 3937 Latini

1961 3969 2183 4023 herbam
2240 3968 2609 4039 perforatam,
2670 3968 2784 4023 sive
2842 3968 3062 4022 herbam
3122 3969 3305 4025 Sancti
3333 3970 3559 4025 Joannis

1963 4056 2241 4129 appellare
2272 4057 2447 4112 solent
2477 4058 2645 4126 (228).
2678 4058 2803 4112 Haec
2823 4057 2887 4111 in
2907 4073 3115 4128 magna
3142 4059 3262 4114 Vita
3281 4058 3561 4116 inseritur

1964 4146 2222 4202 historia.
2269 4146 2328 4200 Si
2373 4146 2468 4200 cui
2512 4146 2629 4200 ista
2668 4148 2816 4215 forte
2853 4146 3045 4201 minus
3068 4146 3409 4202 videbuntur
3430 4163 3559 4203 ere-

1965 4234 2167 4299 denda,
2209 4235 2355 4303 legat
2391 4233 2596 4288 Bedam
2613 4233 2677 4287 in
2709 4233 3133 4305 Explanatione
3150 4236 3311 4289 Luca:
3326 4250 3562 4308 evange-

1969 4322 2135 4386 lista,
2154 4324 2208 4376 et
2223 4320 2310 4375 his
2328 4320 2563 4390 similia,
2579 4337 2701 4392 quae
2717 4322 2834 4376 suis
2852 4323 3192 4393 temporibus
3206 4324 3558 4393 acciderunt,

269 4428 291 4455 ι
327 4414 376 4460 et
403 4405 457 4460 in
481 4406 601 4461 sinu
633 4414 722 4460 tuo
754 4406 1011 4473 reconde,
1040 4421 1105 4461 ac
1134 4406 1484 4462 circumcirca
1514 4407 1570 4461 in
1591 4407 1754 4463 domo
1775 4415 1868 4462 tua
1896 4406 1948 4466 D
1970 4426 2005 4465 α
2036 4413 2199 4465 tanta
2228 4409 2454 4465 doctore
2484 4409 2687 4465 ibidem
2716 4411 2932 4481 scripta
2975 4412 3237 4482 reperiet.

267 4518 287 4541 ι‹
327 4511 525 4567 sparge
562 4510 572 4548 :
606 4502 657 4549 et
688 4495 1059 4565 experimento
1109 4495 1307 4560 disces,
1362 4510 1486 4552 cum
1516 4496 1617 4551 hoc
1647 4496 1863 4565 feceris,

274 4604 295 4633 ι
332 4598 417 4637 me
463 4583 516 4637 in
560 4584 846 4654 promissis
876 4583 1178 4640 veridicum
1211 4583 1503 4639 exstitisse.
1544 4603 1563 4635 ι
1601 4584 1747 4639 Fecit
1776 4584 1869 4638 illa

266 4671 412 4742 quod
441 4671 612 4726 fuerat
640 4672 852 4727 edocta.
878 4672 1144 4744 Venitque
1173 4678 1295 4742 post
1315 4673 1420 4727 hoc
1449 4672 1503 4725 in
1534 4679 1658 4726 nota
1688 4671 1868 4745 efﬁgie

266 4760 481 4815 daemon
501 4760 833 4833 versipellis,
859 4769 1021 4833 atque
1052 4768 1193 4816 astat
1212 4776 1385 4832 prope
1417 4760 1728 4829 fenestram,
1760 4777 1869 4832 qua

267 4848 463 4902 intrare
520 4858 572 4904 et
632 4851 777 4904 exire
833 4850 1041 4905 solebat
1076 4867 1089 4903 :
1122 4857 1174 4904 et
1204 4849 1587 4919 introspiciens
1642 4849 1775 4904 dixit
1801 4850 1869 4904 ad

270 4936 553 4992 mulierem
589 4956 600 4991 :
638 4962 659 4985 κ
698 4936 970 5006 Quidnam
1001 4946 1084 4994 est
1113 4937 1257 4993 istud
1286 4938 1560 4994 horridum
1581 4971 1587 4977 ι
1610 4946 1663 4992 et
1690 4938 1867 5009 putri-

273 5047 294 5075 ι
333 5026 482 5095 dum,
521 5026 667 5097 quod
699 5027 754 5080 in
780 5027 885 5083 hac
914 5027 1031 5083 {ede
1061 5027 1312 5099 sparsisti
1334 5028 1362 5081 ‘?
1393 5026 1602 5095 Projice
1633 5035 1869 5098 quanto-

275 5135 295 5163 ι
334 5113 449 5169 cius
492 5114 655 5187 longe
688 5131 719 5170 a
750 5122 802 5170 te
833 5124 884 5170 et
915 5132 947 5170 a
990 5116 1153 5171 domo
1186 5124 1272 5170 tua
1304 5115 1535 5170 invisum
1568 5115 1711 5170 istud
1741 5132 1869 5187 gra-

341 5291 485 5357 (225)
527 5294 599 5344 Ad
626 5298 838 5343 mentem
883 5293 1028 5355 igitur
1065 5294 1285 5344 auctoris
1310 5295 1447 5357 Hugo
1478 5293 1583 5354 jam
1630 5296 1737 5343 erat
1770 5294 1872 5355 epi-

268 5373 463 5421 scopus,
490 5360 603 5410 dum
644 5362 723 5410 hic
750 5365 947 5410 narrata
972 5360 1296 5423 contigerunt.

341 5444 481 5506 (226)
510 5446 613 5495 Uno
641 5448 722 5493 aut
746 5445 901 5495 altero
928 5457 1092 5495 mense
1130 5448 1239 5509 post
1264 5446 1473 5509 primum
1498 5453 1749 5496 occursum
1777 5456 1869 5506 po-

273 5513 399 5561 terat
417 5510 519 5561 ﬁeri
544 5512 801 5561 secundus.

343 5591 479 5659 (227)
514 5595 685 5656 Nobis,
710 5595 756 5646 id
782 5600 855 5647 est
877 5596 1061 5647 auctori
1086 5595 1226 5647 Vitae.

2570 4596 2796 4652 CAPUT
2843 4596 2989 4651 XIII.

1970 4734 2044 4788 De
2065 4736 2214 4806 furis
2235 4735 2540 4806 ereptione,
2566 4735 2661 4805 qui
2681 4734 2753 4788 ad
2773 4734 3139 4806 suspendium
3158 4735 3481 4801 ducebatur,
3506 4741 3563 4791 et

2043 4804 2613 4875 qualiterbaronibus
2636 4804 2877 4860 scaearii
2897 4810 2982 4859 est
3007 4807 3250 4860 locutus.
3265 4808 3415 4862 —Et
3437 4822 3563 4862 eon-

2043 4873 2262 4929 tinetur
2284 4873 2382 4930 hoc
2413 4876 2587 4946 capit.
2612 4876 2712 4931 sub
2739 4877 2913 4947 capit.
2938 4892 3084 4933 nono
3110 4877 3171 4930 in
3193 4893 3398 4947 magna
3422 4878 3560 4933 Vita.

2043 5022 2149 5078 Sed
2221 5022 2560 5078 redeundum
2638 5030 2723 5077 est
2776 5024 2841 5077 ad
2900 5031 3139 5094 coeptum
3170 5023 3267 5080 iter
3294 5024 3566 5095 pontiﬁcis

1971 5112 2145 5168 nostri
2183 5128 2373 5168 versus
2428 5128 2619 5185 regem
2652 5112 2831 5181 (229),
2892 5120 2945 5166 et
3004 5112 3143 5183 style
3171 5112 3282 5181 jam
3311 5123 3567 5171 currente

2042 5287 2178 5349 (2'28)
2205 5288 2444 5338 Subducta
2477 5287 2702 5337 videntur
2729 5289 2857 5336 esset
2883 5284 3254 5338 abhreviatoris.

2044 5371 2187 5437 (229)
2216 5372 2287 5421 Ad
2326 5385 2381 5421 ea
2408 5384 2586 5435 nempe
2627 5382 2731 5432 qua:
2774 5374 3042 5421 evenerunt
3084 5370 3133 5421 in
3170 5372 3365 5432 itinere,
3404 5371 3465 5422 ad
3489 5372 3575 5422 Ri-

1973 5439 2210 5489 chardum
2251 5451 2417 5501 regem
2457 5440 2587 5489 circa
2615 5437 2763 5488 ﬁnem
2789 5438 2902 5489 anni
2930 5437 3062 5488 H98
3098 5441 3179 5489 aut
3203 5438 3451 5501 sequentis
3477 5438 3573 5488 ini-

1972 5506 2096 5558 tium
2118 5510 2363 5568 suscepto.
