3960 6062
371 177 507 230 1059

1222 172 1284 227 S.
1332 170 1648 227 HUGONIS
1687 168 1905 225 EPISC.
1950 165 2269 222 LINCOLN.
2315 168 2478 224 0RD.
2522 169 2771 225 CARTH.

3530 173 3557 222 1
3577 170 3702 220 060

373 299 506 355 illud
536 296 933 369 exponendum.
967 297 1102 352 Cum
1132 297 1295 368 igitur
1325 295 1576 366 expulso,
1610 303 1667 348 ut
1712 292 1967 358 diximus,
1993 293 2048 351 A
2076 301 2293 361 praestet
2327 301 2378 348 et
2408 292 2829 348 incolumitatem
2863 293 3193 348 conservet?
3232 316 3252 340 ιι
3286 291 3501 360 Quibus
3524 290 3591 344 id
3633 306 3701 344 se

376 387 567 459 spiritu
592 386 884 457 pythonico
915 401 947 440 a
991 386 1221 440 muliere
1251 384 1434 455 (230),
1470 384 1557 438 die
1590 382 1837 454 sequenti
1871 390 1976 436 ter-

376 476 618 530 ritorium
649 475 830 529 Sancti
860 474 1054 529 Albani
1085 474 1235 545 (231)
1265 472 1456 527 fuisset
1483 473 1794 543 ingressus,
1849 485 1978 525 ecce

376 564 611 620 occurrit
639 563 689 617 ei
738 579 859 617 cum
888 564 1261 633 apparitorum
1293 562 1455 615 turba
1487 561 1709 631 quidam
1740 561 1976 613 damna-

378 653 553 718 titius,
614 651 705 722 qui
759 651 830 705 ob
883 650 1231 706 commissum
1292 648 1492 704 furtum
1553 648 1807 704 revinctis
1857 654 1980 718 post

379 745 536 809 terga
584 735 819 791 brachiis
867 735 937 789 ad
968 734 1321 805 promeritum
1378 733 1696 788 trahebatur
1743 747 1979 801 suspen-

380 826 548 880 dium.
609 822 831 879 Caeteris
887 823 1077 895 igitur
1106 823 1175 877 ad
1231 822 1665 877 benedictionem
1711 818 1981 892 pontificis

380 912 738 984 expetendam
767 912 836 967 de
884 927 1040 967 more
1071 910 1391 982 suppliciter
1439 908 1852 967 accurrentibus
1900 908 1980 962 in—

380 1001 550 1075 gessit
577 1016 636 1055 se
664 1000 735 1066 vi,
768 1016 870 1072 qua
898 1000 1089 1071 potuit,
1126 1000 1287 1054 etiam
1322 999 1535 1053 vinctus
1566 998 1677 1067 ille,
1710 1013 1981 1068 ruensque

381 1090 617 1160 primum
672 1088 741 1142 ad
790 1088 1059 1145 cervicem
1117 1086 1315 1143 caballi
1374 1087 1523 1156 ejus,
1577 1101 1640 1140 ac
1670 1085 1848 1139 statim
1880 1084 1982 1139 sub

381 1176 611 1249 pedibus
667 1176 784 1245 ejus
838 1175 1168 1247 procidens,
1220 1174 1655 1230 misericordiam
1710 1171 1983 1227 ﬂebilibus

382 1264 609 1321 vocibus
652 1264 979 1319 inclamavit.
1036 1264 1187 1319 Tunc
1245 1263 1535 1333 episcopus
1578 1261 1815 1316 reductis
1846 1275 1983 1315 con—

382 1353 561 1409 festim
614 1352 875 1418 habenis,
935 1352 1187 1423 quisnam
1244 1350 1334 1405 ille
1392 1358 1569 1415 esset,
1603 1349 1689 1405 vel
1721 1349 1850 1420 quid
1882 1348 1984 1402 sibi

380 1442 547 1499 vellet
573 1440 867 1512 inquisivit.
901 1440 998 1494 Cui
1028 1440 1229 1495 dictum
1260 1446 1342 1494 est
1372 1454 1405 1493 a
1436 1438 1548 1493 suis
1579 1454 1724 1505 rem,
1751 1445 1809 1491 ut
1842 1443 1980 1502 erat,

384 1528 809 1603 agnoscentibus
843 1544 855 1583 :
894 1550 916 1580 α
949 1529 1071 1583 Νοη
1104 1538 1185 1583 est
1214 1536 1477 1593 vestrum,
1510 1527 1750 1592 domine,
1786 1526 1853 1580 de
1883 1526 1985 1579 isto

2078 381 2216 435 bene
2248 381 2386 436 scire
2416 381 2578 452 idque
2605 383 2727 451 jure
2758 382 3037 435 observari
3062 382 3262 436 debere
3294 379 3705 450 respondenti-

2078 469 2199 535 bus,
2232 470 2427 538 adjecit
2454 470 2542 524 ille
2578 488 2590 522 :
2630 494 2649 516 ‹‹
2679 470 2734 524 Si
2763 470 2903 524 istud
2935 470 3101 536 scitis,
3128 470 3279 533 illud,
3311 468 3498 538 inquit,
3526 467 3703 520 nilii-

2079 558 2311 613 lominus
2342 558 2482 613 scire
2515 558 2724 613 debetis
2753 558 2897 629 quia,
2931 557 3240 628 ubicunque
3269 556 3425 610 fuerit
3455 556 3702 625 episco-

2078 663 2179 717 pus
2227 663 2351 701 cum
2396 646 2554 701 simul
2599 646 2848 701 adunatis
2876 646 3073 700 Christi
3101 644 3371 710 fidelibus,
3404 643 3479 697 ibi
3509 651 3603 698 est
3640 651 3701 697 et

2078 734 2352 791 Ecclesia.
2394 735 2498 802 Qui
2529 735 2671 789 enim
2704 735 3014 789 materiales
3044 734 3256 804 lapides
3282 732 3526 788 ecclesia)
3580 747 3699 785 suo

2080 824 2381 879 ministerio
2400 822 2930 879 consuevitDomino
2962 822 3216 877 dedicare
3239 841 3252 887 ;
3275 821 3365 892 qui
3394 828 3446 874 et
3467 819 3701 890 lapides

2082 913 2254 980 vivos,
2289 930 2353 967 ex
2386 912 2580 983 quibus
2602 912 2781 967 verius
2804 919 3015 967 constat
3046 909 3306 975 Ecclesia,
3332 925 3429 979 per
3458 907 3698 979 singula

2082 1010 2423 1057 sacramenta
2448 1042 2461 1069 ,
2508 1008 2565 1054 ut
2594 1000 2876 1055 Dominica
2907 999 3104 1069 templa
3133 1015 3197 1053 ex
3227 998 3305 1053 eis
3329 997 3476 1061 fiant,
3513 996 3696 1049 habet

2083 1089 2437 1155 sanctiﬁcare,
2466 1089 2589 1157 jure
2622 1088 2802 1153 debet,
2844 1087 3154 1157 ubicunque
3186 1086 3366 1149 fuerit,
3402 1083 3701 1156 dignitatis

2084 1178 2471 1233 ecclesiasticas
2501 1176 2786 1248 privilegio
2816 1176 3055 1246 gaudere
3082 1218 3095 1239 ,
3137 1183 3189 1228 et
3219 1173 3426 1229 cunctis
3455 1171 3694 1243 pericli-

2084 1267 2341 1331 tantibus,
2390 1266 2542 1334 juxta
2586 1265 2729 1318 illius
2759 1264 3079 1328 formulam,
3113 1262 3425 1316 subvenire.
3464 1282 3486 1310 ι
3522 1260 3697 1327 Quod

2080 1355 2293 1423 judices
2324 1354 2400 1407 illi
2431 1362 2708 1426 gratanter
2736 1352 3083 1423 accipientes,
3119 1350 3355 1421 antiquis
3384 1349 3547 1404 etiam
3580 1351 3697 1401 An-

2084 1444 2299 1515 glorum
2328 1442 2543 1514 legibus
2576 1442 2679 1496 hoc
2706 1441 2885 1511 ipsum
2932 1440 3235 1495 recolentes
3264 1438 3429 1492 fuisse
3458 1453 3697 1507 expres-

2086 1548 2224 1596 sum,
2261 1531 2355 1584 sed
2383 1545 2542 1594 nunc,
2578 1530 2663 1583 vel
2690 1530 3078 1583 modernorum
3109 1525 3419 1599 pontificum
3451 1526 3691 1589 desidia,

384 1619 544 1690 plura
570 1618 865 1689 inquirere,
894 1617 1021 1687 quin
1054 1617 1232 1687 potius
1262 1617 1421 1671 sinite
1453 1632 1596 1681 eum,
1633 1622 1983 1685 etpertrans-
2006 1646 2057 1706 B
2084 1620 2169 1673 vel
2199 1618 2485 1690 tyrannide
2542 1617 2848 1688 principum
2888 1634 3009 1672 esse
3050 1616 3309 1671 abolitum
3339 1614 3690 1669 asserebant.

385 1706 477 1762 ite.
517 1727 539 1756 ι
600 1706 867 1763 Dicebant
921 1705 995 1760 ita
1052 1713 1355 1761 metuentes
1428 1721 1496 1759 ne
1570 1703 1720 1758 illum
1790 1703 1844 1756 in
1903 1703 1987 1756 sui

386 1794 627 1851 omnium
657 1793 958 1865 periculum
1012 1810 1183 1864 penes
1241 1809 1428 1863 regem
1466 1800 1696 1848 tentaret
1752 1791 1982 1862 eripere.

292 1894 295 1895 '
388 1883 497 1939 Sed
551 1883 668 1954 ipse
725 1898 791 1938 eo
846 1882 1023 1953 magis
1078 1897 1301 1937 causam
1330 1881 1644 1952 inquirens,
1678 1880 1987 1935 misericor-

390 1972 537 2026 diam
594 1970 1027 2043 interpellantis,
1085 1978 1143 2025 ut
1188 1986 1309 2025 eam
1338 1969 1550 2040 plenius
1582 1968 1820 2040 agnovit,
1853 1983 1987 2023 voce

390 2058 559 2116 alacri
585 2058 717 2113 dixit
751 2074 762 2111 :
800 2080 821 2108 «
856 2059 957 2114 Eia
986 2057 1307 2113 benedictus
1331 2058 1477 2111 Deus
1506 2056 1516 2110 l
1547 2078 1567 2106 »
1596 2058 1746 2111 Tunc
1778 2056 1852 2110 ait
1883 2055 1987 2109 mi-

390 2146 595 2213 nistris,
618 2146 711 2217 qui
731 2162 856 2201 eum
878 2146 1221 2201 deducebant
1242 2145 1311 2200 ad
1331 2144 1712 2215 suspendium:
1734 2166 1754 2193 ι
1775 2143 1986 2209 Redite,

388 2234 504 2302 ﬁlii,
536 2234 821 2290 nobiscum
874 2233 930 2288 in
976 2233 1162 2287 villam
1219 2241 1271 2288 et
1314 2233 1593 2288 nobiscum
1625 2231 1773 2286 illum
1802 2230 1988 2287 dimit-

390 2330 586 2389 tentes,
619 2322 919 2392 majoribus
948 2322 1142 2378 vestris
1170 2329 1224 2377 et
1246 2321 1519 2390 judicibus
1550 2336 1650 2376 nos
1681 2336 1803 2375 eum
1834 2320 1990 2374 vobis

392 2411 679 2467 abstulisse
726 2410 1054 2466 renuntiate.
1105 2411 1219 2465 Nos
1264 2410 1408 2466 enim
1439 2426 1536 2464 vos
1568 2424 1794 2464 securos
1825 2408 1991 2462 facie-

391 2517 531 2556 mus.
574 2523 595 2549 »
628 2499 733 2568 Qui
779 2499 1039 2555 resistere
1068 2515 1177 2554 non
1203 2499 1351 2565 ausi,
1385 2499 1659 2553 hominem
1691 2496 1740 2552 ei
1770 2497 1991 2551 dimise-

395 2597 534 2644 runt.
568 2588 739 2657 Quem
787 2588 879 2643 ille
929 2604 1053 2643 mox
1098 2588 1331 2643 solutum
1362 2603 1393 2641 a
1424 2586 1652 2643 vinculis
1683 2586 1991 2655 eleemosy-

397 2676 549 2733 nario
578 2692 677 2732 suo
715 2676 1139 2732 commendavit.

468 2764 573 2834 Qui
629 2772 688 2819 ut
741 2764 1033 2834 hospitium
1090 2772 1170 2818 est
1226 2764 1543 2835 ingressus,
1607 2762 1992 2818 convenientes

397 2854 469 2909 ad
544 2869 669 2908 eum
742 2852 927 2909 clerici
998 2852 1081 2907 sui
1151 2852 1415 2921 ministri,
1493 2851 1786 2907 monebant
1842 2850 1995 2904 illum

398 2941 686 2998 instantius
743 2950 797 2997 et
852 2941 1154 2997 exorabant
1206 2948 1470 3012 quatenus
1523 2939 1860 3011 permitteret
1909 2939 1994 3007 ju-

400 3031 550 3086 dices
609 3031 756 3101 quod
812 3030 897 3085 sui
953 3037 1099 3085 esset
1156 3028 1313 3085 oflicii
1370 3028 1600 3100 exsequi
1644 3028 1791 3084 circa
1820 3043 1989 3082 reum.

400 3118 665 3174 Dicebant
694 3134 928 3189 namque
953 3135 964 3172 :
996 3142 1016 3165 ‹‹
1051 3119 1346 3185 Hactenus,
1371 3118 1611 3187 domine,
1634 3116 1835 3171 nullam
1857 3131 1994 3171 con-

401 3216 487 3262 tra
514 3222 635 3273 nos,
668 3206 784 3262 sive
813 3222 929 3272 rex,
964 3205 1078 3262 sive
1109 3205 1249 3260 alius
1279 3206 1428 3276 quis,
1462 3205 1553 3277 qui
1581 3204 1736 3260 vobis
1765 3204 1994 3259 insidia-

405 3302 510 3362 tur,
571 3302 665 3349 aut
712 3295 915 3363 justam
962 3300 1053 3348 aut
1102 3294 1263 3363 justm
1295 3293 1525 3348 similem
1554 3293 1725 3364 potuit
1754 3292 1997 3363 reperire

406 3398 647 3439 causam.
684 3383 740 3437 Si
768 3398 899 3439 vero
929 3384 1253 3438 sententiam
1283 3382 1574 3437 forensium
1601 3382 1865 3451 judicum,
1884 3381 1999 3449 jam

402 3472 566 3527 latam
595 3480 649 3527 et
690 3473 801 3540 jam
850 3472 1183 3528 exsecutioni
1213 3472 1622 3539 demandatam,
1684 3478 1865 3526 vestra
1892 3470 1999 3524 du-

405 3560 587 3616 xeritis
647 3560 967 3616 auctoritate
1021 3558 1314 3630 pontificali
1369 3560 1722 3625 irritandam,
1793 3559 2003 3614 dicetur

404 3650 472 3703 ab
519 3648 729 3704 aemulis
772 3648 916 3720 quod
959 3648 1014 3703 in
1042 3648 1215 3718 ipsam
1246 3648 1396 3719 regis
1427 3663 1681 3703 coronam
1712 3647 2001 3717 delinque-

406 3737 520 3792 ritis
546 3780 558 3804 ,
609 3745 661 3792 et
691 3737 848 3808 quasi
902 3736 959 3791 in
987 3745 1197 3792 reatum
1228 3736 1527 3792 incideritis
1558 3736 1703 3791 laesae
1743 3736 2002 3804 majesta-

406 3825 493 3880 tis.
536 3846 557 3875 υ
594 3825 805 3893 Quibus
836 3825 926 3881 ille
982 3840 993 3879 :
1053 3849 1073 3873 α
1109 3825 1268 3892 Novi,
1302 3825 1493 3895 inquit,
1547 3823 2003 3896 magnanimitatis

410 3920 604 3969 vestrae
659 3912 1063 3968 confidentiam.
1125 3914 1232 3968 Sed
1286 3921 1641 3968 accersantur
1669 3913 1737 3967 ad
1767 3928 1866 3967 nos
1898 3913 2005 3967 huc

403 4000 617 4070 judices
645 4000 734 4055 isti
763 4000 895 4070 (jam
924 3999 1064 4055 enim
1097 4000 1230 4055 foris
1260 4000 1487 4055 aderant
1508 4009 1815 4071 quaerentes
1845 4001 1893 4055 ei
1926 4001 2006 4055 lo—

409 4089 539 4161 qui)
586 4096 639 4145 et
669 4087 900 4144 audietis
920 4132 933 4155 ,
966 4089 1170 4161 inquit,
1206 4088 1419 4144 illorum
1450 4104 1756 4155 sermones,
1809 4097 1859 4144 et
1907 4103 2006 4143 no-

411 4186 570 4233 stros.
608 4198 630 4227 »
665 4176 875 4245 Quibus
903 4177 973 4232 ad
1009 4193 1167 4231 suum
1223 4192 1545 4233 consessum
1576 4177 1869 4243 admissis,
1929 4177 2007 4233 sic

411 4266 490 4322 eis
518 4273 601 4321 est
628 4264 874 4321 locutus:
902 4289 923 4313 κ
963 4265 1166 4333 Nostis,
1192 4282 1224 4320 o
1256 4265 1352 4320 viri
1382 4265 1697 4335 prudentes,
1723 4267 1863 4321 hanc
1885 4282 2009 4319 san-

2088 1708 2282 1762 Ilabito
2311 1716 2492 1761 tamen
2525 1723 2688 1777 super
2716 1707 2820 1761 hoc
2848 1706 2919 1760 ad
2948 1706 3180 1761 invicem
3212 1712 3459 1769 tractatu,
3521 1703 3697 1757 locuti

2089 1804 2213 1850 sunt
2244 1796 2292 1850 ei
2324 1796 2378 1849 in
2407 1797 2548 1850 hanc
2577 1794 2838 1849 formam:
2879 1818 2898 1841 ι‹
2934 1793 3184 1861 Domine,
3210 1792 3474 1864 inquiunt,
3509 1790 3604 1845 lilii
3640 1798 3696 1846 et

2088 1883 2396 1955 parochiani
2427 1883 2592 1940 vestri
2639 1899 2825 1937 sumus
2856 1882 3004 1952 (232)
3026 1925 3038 1948 ,
3072 1897 3278 1952 vosque
3309 1882 3468 1936 Pater
3496 1887 3547 1934 et
3581 1881 3697 1933 Pa-

2090 1982 2204 2027 stor
2231 1980 2418 2027 noster
2448 1971 2600 2026 estis.
2641 1972 2754 2026 Nec
2784 1970 2950 2042 igitur
2980 1979 3171 2025 contra
3197 1968 3548 2040 privilegium
3586 1984 3696 2022 ve-

2092 2068 2263 2115 strum
2293 2061 2475 2117 venire
2506 2060 2592 2114 vel
2624 2060 2902 2130 disputare
2933 2067 3177 2113 nostrum
3210 2065 3312 2122 est,
3346 2073 3445 2111 nec
3477 2056 3611 2121 erit,
3650 2056 3699 2109 si

2090 2150 2300 2220 placet,
2364 2156 2641 2215 vestrum,
2704 2148 2762 2201 in
2813 2147 2982 2202 nostri
3038 2146 3341 2217 periculum
3414 2144 3696 2215 quidpiam

2093 2246 2378 2292 attentare.
2412 2236 2679 2305 Proinde,
2742 2236 2787 2290 si
2840 2236 3002 2290 istum
3032 2235 3305 2300 liberatis,
3339 2249 3439 2287 nos
3468 2233 3696 2286 minime

2093 2326 2447 2392 resistemus;
2482 2326 2579 2379 sed
2610 2324 2795 2390 vobis,
2840 2324 2885 2377 si
2913 2324 3121 2394 placet,
3155 2340 3221 2377 ne
3254 2338 3381 2394 erga
3413 2320 3697 2376 dominum

2092 2422 2339 2468 nostrum
2388 2430 2579 2484 regem
2610 2412 2994 2483 periclitemur,
3046 2410 3485 2482 prospiciendum
3519 2409 3695 2464 relin-

2095 2504 2327 2575 quimus.
2360 2523 2380 2553 ι
2413 2504 2561 2557 Tunc
2592 2502 2679 2556 ille
2716 2520 2727 2555 :
2767 2523 2787 2551 «
2823 2502 2965 2555 Bene
2996 2500 3195 2571 inquit,
3249 2508 3297 2554 et
3348 2508 3495 2554 recte
3524 2498 3697 2553 locuti

2094 2593 2243 2647 estis.
2306 2593 2425 2663 Ego
2479 2592 2645 2662 igitur
2700 2591 2768 2645 de
2825 2589 3075 2644 manibus
3114 2588 3306 2642 vestris
3338 2588 3487 2640 illum
3520 2586 3695 2652 tollo;

2093 2696 2193 2750 pro
2252 2697 2356 2750 qua
2414 2679 2668 2734 violentia
2699 2694 2802 2750 ego
2834 2678 3210 2748 respondebo,
3274 2676 3366 2730 ubi
3394 2676 3696 2746 oportebit,

2095 2768 2441 2825 suilicienter.
2482 2792 2503 2816 ι»
2553 2768 2641 2823 Sic
2670 2784 2796 2822 reus
2824 2767 3005 2822 locum
3036 2765 3285 2837 supplicii
3313 2765 3469 2819 laetus
3501 2764 3693 2830 evasit,

2093 2858 2339 2928 liberque
2386 2856 2695 2911 Londonias
2725 2871 2847 2911 cum
2878 2855 3134 2925 episcopo
3163 2854 3335 2919 venit,
3389 2861 3442 2908 et
3474 2851 3693 2919 deinde,

2097 2961 2203 3018 quo
2234 2945 2408 3011 libuit,
2444 2945 2713 2999 indemnis
2759 2944 2945 2999 abivit.

2166 3034 2472 3105 Episcopus
2530 3040 2710 3086 autem
2768 3032 2837 3086 ad
2893 3046 3187 3102 proceres,
3249 3029 3394 3101 regis
3450 3028 3697 3085 scacario

2098 3126 2245 3194 (233)
2301 3122 2643 3193 presidentes
2669 3120 2919 3187 accessit,
2957 3136 3195 3191 eosque,
3258 3126 3311 3172 ut
3355 3118 3697 3172 indemnitati

2097 3211 2387 3277 Ecclesiae,
2423 3210 2523 3264 sub
2555 3210 2797 3279 ejusdem
2828 3208 3134 3279 praesertim
3163 3206 3427 3271 absentia,
3463 3206 3701 3276 benigne

2098 3300 2502 3370 prospicerent,
2566 3296 2928 3353 amicabiliter
2982 3296 3241 3351 exoravit.
3304 3294 3409 3363 Qui
3456 3295 3505 3349 ei
3534 3310 3699 3348 reve-

2100 3397 2286 3444 renter
2306 3394 2682 3459 assurgentes,
2707 3393 2758 3440 et
2774 3429 2786 3453 ,
2808 3385 2952 3456 quod
2980 3385 3229 3455 petierat,
3255 3383 3701 3453 obtemperanter

2103 3494 2161 3532 se
2219 3476 2458 3532 facturos
2510 3475 2866 3545 pollicentes,
2929 3473 3306 3544 compulerunt
3361 3488 3483 3526 eum
3518 3470 3700 3524 multis

2102 3565 2394 3637 precibus,
2454 3572 2511 3617 ut
2567 3580 2750 3619 secum
2807 3563 2895 3617 vel
2943 3562 3011 3616 ad
3043 3569 3373 3616 momentum
3404 3560 3690 3614 resideret.

2105 3654 2315 3722 Quibus
2344 3653 2435 3707 ille
2463 3653 2550 3707 vix
2582 3652 2956 3723 acquiescens,
2992 3651 3128 3705 sedit
3158 3650 3394 3704 tandem.
3430 3649 3583 3705 Unde
3628 3647 3703 3700 illi

2106 3741 2383 3797 exhilarati
2417 3759 2429 3795 :
2468 3764 2488 3787 α
2526 3741 2641 3794 Jam
2669 3784 2680 3806 ,
2734 3740 2996 3811 inquiunt,
3034 3738 3427 3808 triumplialiter
3456 3736 3731 3808 gaudere,

2107 3831 2442 3893 valebimus,
2496 3828 2588 3900 qui
2615 3829 2757 3883 diem
2788 3828 3058 3897 vidimus,
3096 3842 3202 3898 quo
3231 3827 3298 3880 ad
3331 3825 3477 3895 regis
3510 3840 3699 3879 scaca-

2106 3920 2245 3974 rium
2302 3917 2696 3973 Lincolniensis
2755 3917 2893 3971 sedit
2924 3916 3230 3987 episcOpus.
3263 3938 3283 3961 n
3318 3914 3398 3968 Ad
3455 3915 3560 3967 hoc
3589 3913 3699 3977 ille,

2106 4009 2287 4063 locum
2318 4007 2687 4072 erubescens,
2738 4005 2992 4061 continuo
3023 4003 3285 4069 surrexit,
3345 4001 3700 4071 osculumque

2108 4096 2349 4167 porrexit
2377 4095 2664 4161 universis,
2697 4094 2883 4149 dicens
2916 4112 2929 4147 :
2968 4115 2988 4143 α
3014 4094 3155 4162 Jam,
3183 4092 3371 4163 inquit,
3406 4098 3459 4145 et
3490 4105 3592 4161 ego
3635 4089 3700 4142 de

2110 4185 2264 4239 vobis
2294 4183 2657 4253 triumphabo.
2694 4183 2748 4238 Si
2778 4191 2899 4252 post
2928 4181 3147 4235 libatum
3178 4180 3326 4250 pacis
3375 4178 3620 4234 osculum
3650 4178 3700 4229 in

2109 4272 2413 4329 Ecclesiam
2442 4288 2617 4325 meam
2647 4271 2937 4342 quidquam
2970 4268 3295 4323 admiseritis
3324 4267 3503 4321 minus
3549 4265 3696 4335 paci-

412 4362 511 4410 ctaa
539 4353 730 4408 matris
758 4353 1022 4409 Ecclesiae
1051 4354 1253 4425 ubique
1281 4362 1551 4409 terrarum
1591 4355 2007 4426 praerogativam
2028 4353 2084 4413 D
2112 4361 2293 4417 ﬁcum.
2334 4385 2356 4410 ι»
2392 4359 2548 4427 Quod
2578 4360 2777 4415 factum
2808 4367 2860 4413 et
2888 4359 3091 4414 dictum
3119 4356 3196 4410 illi
3227 4355 3504 4409 minimum
3536 4353 3701 4407 admi-

410 4456 551 4506 esse,
576 4450 634 4496 ut
651 4442 1020 4513 cujuscunque
1041 4442 1341 4512 periculum
1358 4443 1755 4498 declinantibus
1777 4443 2004 4497 damna-

409 4530 569 4587 tionis
616 4536 669 4586 et
698 4530 767 4585 ad
798 4547 917 4586 eam
944 4529 1256 4601 confugium
1285 4530 1626 4600 facientibus,
1662 4531 2006 4587 securitatem

477 4708 622 4780 (250)
647 4715 716 4764 De
742 4724 835 4776 quo
858 4709 1042 4761 dictum
1082 4722 1229 4772 supra
1254 4723 1360 4773 cap.
1387 4710 1438 4759 9.

477 4798 617 4860 (231i
640 4797 841 4849 Celebre
867 4795 981 4845 olim
1022 4795 1390 4855 monasterium,
1429 4796 1489 4845 de
1524 4806 1619 4856 quo
1657 4794 1794 4856 plura
1835 4794 1881 4845 in
1910 4796 2009 4844 Mo-

412 4867 600 4916 nastico
621 4864 887 4925 Anglicano
915 4866 1034 4911 tom.
1062 4862 1163 4922 l,p.
1200 4862 1313 4921 176,
1355 4864 1403 4911 et
1442 4862 1768 4920 Mabillonius,
1798 4866 1917 4912 tom.
1946 4862 2008 4923 ll,

414 4932 591 4982 Annal.
613 4946 660 4995 p.
691 4931 810 4991 298,
848 4932 897 4979 ct
922 4933 1040 4978 tom.
1086 4928 1168 4986 ιν,
1195 4941 1245 4990 p.
1282 4927 1399 4977 672.
1428 4928 1711 4989 Subjectum
1752 4928 1869 4979 illud
1896 4930 2009 4977 olim

414 4998 561 5048 fuisse
587 4996 886 5061 episcopatui
910 4995 1238 5045 Lincolniensi
1262 4995 1502 5058 colligitur
1544 5007 1605 5044 ex
1642 4995 1838 5045 Giraldo
1866 4996 2012 5044 Cani—

412 5064 577 5114 brensi
609 5066 658 5113 in
697 5060 869 5126 Anglia
894 5074 1033 5112 sacra
1050 5065 1177 5123 part.
1208 5075 1260 5123 ιι,
1288 5074 1337 5124 p.
1366 5063 1485 5121 417,
1512 5060 1594 5110 ubi
1628 5063 1732 5111 haec
1758 5062 1929 5111 scribit
1951 5063 2011 5113 de

413 5130 624 5181 Roberto
659 5132 719 5182 de
767 5129 976 5180 Cheinto
1023 5143 1033 5171 :
1086 5128 1251 5178 «Item
1293 5131 1527 5177 Sanctum
1554 5128 1793 5178 Albanum
1829 5129 2012 5190 amisit,

413 5210 523 5247 cum
557 5200 722 5248 tamen
748 5198 888 5246 tanta
914 5194 1245 5245 familiaritate
1272 5194 1619 5245 monasterium
1644 5194 1760 5245 illud
1785 5195 2016 5245 Ecclesia:

414 5263 747 5314 Lincolniensi
773 5262 993 5323 junctum
1019 5262 1208 5321 fuisset,
1236 5260 1358 5323 quod
1394 5261 1591 5311 abbates
1617 5260 1834 5320 ejusdem
1872 5262 2020 5325 pleri-

414 5342 504 5392 que
529 5331 578 5381 in
605 5330 829 5381 Ecclesia
854 5328 1181 5379 Lincolniensi
1207 5327 1509 5390 praebendati
1532 5328 1837 5389 exstiterant,
1867 5349 1886 5370 ι
1920 5335 2015 5379 etc.

478 5431 621 5499 (232)
656 5434 729 5486 Ex
766 5432 859 5484 hoc
885 5431 992 5483 loco
1016 5429 1177 5493 colligi
1203 5430 1347 5483 datur
1374 5444 1455 5483 eos
1490 5430 1573 5493 qui
1615 5430 1665 5480 in
1690 5430 1939 5482 territorio
1962 5432 2014 5483 S.

2108 4450 2226 4515 rati,
2251 4460 2438 4503 mutuo
2467 4449 2824 4519 loquebantur
2856 4466 2868 4501 :
2908 4471 2927 4493 α
2956 4446 3000 4503 Ο
3031 4445 3335 4500 mirabilem
3361 4442 3699 4515 prudentiam

2106 4539 2209 4595 viri
2236 4536 2430 4607 hujusl
2490 4538 2632 4592 Ecce
2680 4552 2843 4609 quam
2891 4536 2959 4591 de
2998 4534 3144 4590 facili
3174 4530 3475 4605 prascribit
3524 4530 3697 4595 nobis,

2108 4720 2280 4774 Albani
2302 4724 2440 4771 erant
2465 4720 2625 4771 adhuc
2647 4721 2942 4771 remansisse
2958 4721 3047 4769 sub
3067 4732 3183 4769 cura
3211 4721 3259 4769 ct
3277 4717 3473 4767 dioecesi
3498 4716 3702 4778 episcopi

2108 4789 2479 4848 Lincolniensis,
2508 4800 2651 4850 quem
2675 4792 2727 4837 ut
2756 4790 2947 4837 Patrem
2974 4791 3021 4837 et
3048 4790 3294 4849 pastorem
3321 4784 3701 4834 venerabantur.

2180 4868 2315 4931 (253)
2354 4870 2473 4919 Erat
2516 4868 2630 4917 illud
2684 4880 2740 4917 eo
2784 4870 3003 4929 tempore
3042 4867 3169 4928 apud
3211 4862 3703 4913 Wcs'tmonasterium

2107 4935 2247 4997 juxta
2271 4935 2566 4995 Londonias,
2594 4935 2679 4985 sed
2700 4946 2793 4983 non
2822 4935 2965 4995 longe
2991 4938 3104 4996 post
3131 4933 3418 4982 translatum
3448 4932 3707 4980 Northam-

2111 5003 2316 5064 toniam,
2343 5003 2468 5051 sicut
2494 5003 2703 5052 refertur
2720 5002 2767 5050 in
2793 5001 3255 5050 ChronicoTrivetti
3276 5000 3334 5047 ad
3357 5010 3536 5047 annum
3567 4997 3707 5045 1209.

2112 5070 2348 5118 Caeterum
2387 5069 2659 5118 scacarium
2696 5067 2861 5127 Anglis
2906 5068 3083 5117 dicitur
3123 5066 3273 5123 curia,
3302 5067 3349 5115 in
3377 5078 3472 5126 qua
3509 5076 3585 5113 res
3614 5065 3709 5111 tisci

2116 5138 2495 5197 pertractantur.
2525 5135 2701 5185 Iisdem
2727 5146 2812 5193 pro
2848 5134 2951 5195 ipso
2989 5134 3106 5183 ﬁsco
3144 5146 3230 5182 seu
3256 5132 3429 5181 :erario
3475 5130 3715 5197 regiain-

2116 5196 2305 5252 terdum
2343 5202 2576 5264 sumitur,
2621 5200 2750 5262 quod
2790 5201 3017 5250 aerarium
3045 5200 3176 5261 regis
3224 5198 3408 5260 Anglia:
3451 5196 3710 5264 ingeadem

2117 5269 2237 5329 aede,
2263 5268 2341 5318 ubi
2364 5262 2783 5329 judices‘scacarii
2808 5267 3080 5331 consident,
3109 5268 3402 5317 asservetur.
3441 5262 3558 5314 Vide
3584 5262 3716 5315 Glos-

2120 5336 2302 5386 sarium
2327 5336 2496 5399 Cangii
2521 5334 2570 5385 in
2604 5335 2695 5385 hac
2732 5346 2870 5385 voce.
