3960 6062
184 260 310 311 1061

1554 242 1736 297 VITA.
1768 268 1837 280 —
1868 239 1993 293 LIB.
2030 238 2093 292 V.

3347 225 3489 279 1062

190 390 245 437 ut
274 377 614 451 nequejussi
647 392 676 429 a
706 391 839 447 rege
889 374 1006 428 sine
1062 386 1260 445 magno
1291 369 1562 425 dedecore
1610 370 1659 421 ei
1688 366 1865 425 de-A
1896 362 2190 429 sustinens,
2243 360 2463 429 insuper
2512 356 2688 412 locum
2734 353 3048 426 perditionis
3104 367 3239 406 meae
3295 350 3490 405 exhor-

196 471 423 524 beamus
453 464 666 520 molesti
696 464 946 517 existere.
988 483 1009 510 ν
1044 460 1251 528 Quibus
1278 459 1366 512 ille
1412 454 1788 512 benedictione

200 558 324 611 data
356 554 599 621 recessit,
634 561 683 607 et
716 566 902 623 regem
947 549 1097 604 adire
1146 547 1461 617 disponens,
1506 551 1629 615 post
1676 544 1791 596 haac

199 646 355 701 citius
386 644 439 697 in
470 639 922 697 Northmanniam
953 635 1339 691 transfretavit.

798 806 1023 862 CAPUT
1053 805 1199 859 XIV.

204 940 278 993 De
289 938 519 1021 juvene,
546 949 706 1013 quem
728 932 877 1021 apud
898 930 1088 1021 urbem
1107 927 1799 1021 Roﬂ'ensemdcsperatum

281 999 524 1071 invenit,
554 999 719 1071 cujus
736 999 1089 1075 postmodum
1120 999 1471 1075 computruit
1489 1011 1619 1051 caro
1642 1010 1800 1075 secus

282 1082 585 1147 utrumque
614 1070 822 1144 femur,
851 1073 950 1147 Aqui
969 1087 1070 1147 per
1099 1074 1359 1147 nostrum
1378 1070 1801 1147 I‘Iugoner'nnt‘am

282 1152 347 1203 in
376 1136 624 1215 corpore,
653 1136 820 1215 quam
843 1136 904 1196 i'n
927 1136 1224 1215 ahi’marst
1246 1136 1503 1215 curatus.
1527 1167 1594 1176 —
1612 1137 1678 1189 Et
1703 1136 1802 1189 hoc

284 1223 367 1274 cst
398 1209 674 1287 (sx-capit:
710 1218 743 1268 2
774 1215 836 1267 in
858 1228 1062 1281 magna
1099 1212 1237 1273 Vita,
1288 1209 1429 1263 libro
1461 1223 1538 1262 tv.

288 1336 424 1389 Dum
456 1341 634 1387 autem
684 1330 973 1400 episcopus
1022 1324 1332 1381 Roffensem
1380 1323 1684 1395 perveniret
1739 1321 1808 1375 ad

220 1424 409 1477 urbem
440 1420 611 1490 (234),
643 1417 875 1473 accessit
897 1416 964 1470 ad
1016 1431 1138 1469 eum
1198 1413 1397 1467 ibidem
1446 1411 1661 1482 quidam
1716 1411 1809 1477 ju-

220 1511 393 1574 venis,
426 1524 584 1580 quem
655 1504 1018 1577 perniciosius
1058 1503 1169 1556 suis
1224 1502 1615 1571 illaqueaverat
1672 1498 1812 1551 dolis

222 1598 394 1654 hostis
426 1595 644 1650 humani
692 1593 928 1665 generis.
1008 1590 1112 1658 Qui
1177 1589 1448 1644 mediante
1522 1587 1814 1657 interprete

224 1690 420 1757 (neque
453 1685 597 1739 enim
626 1682 715 1736 vel
747 1681 862 1751 ipse
897 1678 1186 1750 pontificis,
1230 1677 1316 1733 vel
1363 1676 1601 1747 pontifex
1646 1674 1816 1745 ipsius

225 1774 555 1829 suﬁicienter
621 1768 979 1842 dignoseebat
1055 1767 1350 1838 loquelam)
1450 1763 1819 1819 miserabilem

226 1864 281 1917 in
328 1862 474 1916 hunc
518 1861 738 1915 modum
787 1858 854 1912 de
912 1856 1093 1927 seipso
1153 1854 1428 1910 recensuit
1474 1851 1819 1923 tragoediam.

243 1973 264 2000 ι
310 1950 464 2017 Cum,
499 1947 689 2018 inquit,
724 1946 926 2000 dudum
962 1943 1420 2007 adolescentulus,
1482 1940 1826 1996 discretionis

228 2038 405 2093 adhuc
428 2036 605 2090 minus
635 2049 826 2105 capax,
861 2033 1048 2088 vacuis
1104 2032 1337 2087 ducerer
1382 2038 1435 2085 et
1490 2029 1647 2101 vagis
1691 2027 1826 2083 affe-

232 2135 414 2183 ctuum
446 2124 701 2189 motibus,
736 2121 958 2193 contigit
983 2137 1069 2176 me
1092 2119 1362 2175 infelicem
1394 2136 1459 2174 ex
1489 2106 1829 2173 insidiis-ad-

233 2214 465 2271 versarii
484 2214 729 2267 humana:
750 2210 941 2265 salutis
958 2210 1277 2265 detestabile
1294 2208 1531 2263 enormis
1551 2206 1829 2276 cujusdam

234 2302 432 2375 piaculi
466 2300 759 2357 incurrisse
790 2300 1015 2355 crimen.
1048 2299 1165 2354 Nec
1195 2305 1480 2353 contentus
1510 2295 1665 2366 lapsu
1696 2294 1832 2348 sim-

236 2391 383 2463 plici,
413 2391 624 2461 lapsum
666 2388 840 2457 adjeci
898 2387 1090 2458 lapsui,
1142 2386 1348 2457 sicque,
1411 2385 1554 2455 quod
1596 2382 1835 2438 deterius

241 2488 343 2545 est,
377 2478 619 2533 criminis
650 2476 903 2532 addendo
931 2476 1155 2540 crimen,
1193 2475 1413 2545 longam
1443 2474 1497 2527 in
1552 2472 1837 2528 criminum

240 2568 484 2638 lapsibus
512 2566 614 2620 feci
645 2564 1111 2621 consuetudinem.
1164 2564 1293 2617 Erat
1324 2562 1504 2617 scelus
1532 2576 1713 2615 meum
1758 2560 1840 2614 sui

248 2656 508 2727 qualitate
539 2653 698 2707 nimis
731 2652 1078 2716 horrendum,
1113 2652 1264 2720 cujus
1300 2650 1565 2704 honorem
1595 2648 1840 2721 quadru-

244 2744 545 2815 plicaverat
572 2742 699 2807 loci,
740 2740 1001 2811 temporis
1032 2748 1085 2795 et
1126 2754 1396 2809 personte,
1435 2755 1557 2793 cum
1589 2737 1844 2808 suiipsius

250 2832 606 2895 immanitate,
670 2828 1051 2884 consideratio.
1092 2828 1181 2882 Nil
1236 2844 1300 2882 ex
1346 2835 1697 2897 peccatorum
1743 2825 1847 2881 cir-

253 2919 594 2975 cumstantiis
616 2932 871 2989 supremo
928 2916 1096 2971 defuit
1137 2915 1407 2970 malorum
1464 2914 1699 2980 cumulo,
1743 2913 1848 2967 nisi

253 3008 391 3064 forte
435 3006 745 3079 ignorantia
792 3005 927 3073 juris
976 3004 1295 3075 semiplena.
1343 3004 1545 3058 Suasus
1584 3010 1850 3074 praeterea

1894 466 2148 513 rescens,
2182 446 2413 502 discessi
2443 461 2475 499 a
2503 446 2666 499 domo
2698 441 2981 516 genitricis
3027 456 3163 495 mea:
3216 437 3488 503 clanculo,

1894 547 1946 593 et
1976 554 2007 592 a
2037 537 2271 601 civitate,
2307 535 2358 589 in
2390 549 2497 605 qua
2525 540 2686 587 natus
2717 539 2769 585 et
2811 536 3167 586 conversatus
3210 526 3494 581 infeciliter

1894 643 2067 683 eram.
2119 622 2374 695 Pergenti
2407 637 2557 686 vero,
2593 621 2709 685 sed,
2744 635 2850 690 quo
2882 616 3211 673 tendendum
3258 615 3345 669 vel
3402 614 3495 667 ubi

1896 713 2303 771 consistendum
2332 710 2464 765 mihi
2493 717 2637 764 esset
2667 707 3005 764 commodius
3062 702 3345 769 nescienti,
3404 716 3495 757 oc-

1899 804 2061 860 currit
2082 802 2301 857 anxiato
2334 808 2385 855 et
2416 797 2666 853 mmrenti
2697 796 2781 851 vir
2811 812 2877 850 ex
2906 792 3203 865 improviso
3240 790 3499 846 horrendi

1899 899 2175 962 aspectus,
2210 896 2418 943 statura
2446 886 2765 957 perlongus,
2819 882 3015 954 capillo
3073 880 3242 947 rufus,
3278 879 3367 951 qui
3410 894 3503 933 ore

1901 978 2138 1035 terrifico
2167 978 2285 1032 haec
2314 985 2397 1031 est
2425 974 2555 1029 mihi
2593 974 2807 1029 locutus
2842 986 2853 1026 :
2893 994 2913 1018 α
2978 969 3241 1034 Pessime,
3304 966 3496 1039 inquit,

1908 1094 1927 1116 u
1974 1066 2249 1123 offendisti
2280 1067 2453 1120 Deum
2484 1070 2535 1118 et
2567 1063 2681 1131 ejus
2712 1058 3030 1133 genitricem
3056 1077 3069 1125 ;
3130 1072 3265 1129 quos
3295 1056 3340 1110 si
3369 1055 3505 1111 velis

1911 1181 1931 1204 α
1976 1154 2170 1227 quovis
2191 1162 2351 1225 pacto
2382 1152 2582 1206 habere
2632 1148 2915 1220 prOpitios,
2948 1147 3125 1217 ipsum
3168 1160 3394 1200 necesse
3425 1151 3507 1198 est

1912 1268 1934 1295 ι
1980 1253 2036 1298 ut
2066 1259 2263 1313 corpus
2285 1241 2621 1310 exstinguas,
2656 1253 2762 1308 quo
2793 1236 2872 1291 eis
2902 1234 3061 1289 toties
3093 1233 3391 1305 injuriosus
3417 1248 3509 1287 ex-

1915 1357 1935 1380 ‹‹
1982 1332 2217 1387 stiteras.
2250 1330 2415 1383 Erras
2465 1327 2628 1393 enim,
2681 1325 2727 1379 si
2784 1324 2965 1379 credis
3019 1322 3165 1394 quod
3212 1322 3265 1376 in
3317 1322 3511 1377 eodem

1917 1446 1936 1469 α
1984 1419 2208 1476 vasculo
2267 1417 2411 1489 quod
2501 1423 2577 1469 tot
2646 1410 3198 1469 contaminationibus
3251 1409 3510 1481 polluisti,

1919 1533 1940 1560 ι
1985 1508 2283 1581 quidquam
2346 1504 2544 1559 divina:
2604 1500 2903 1557 sinceritati
2960 1508 3241 1570 acceptum
3295 1496 3516 1569 operari

1921 1622 1941 1645 ιε
1994 1612 2184 1668 queas.
2217 1618 2237 1643 ι
2273 1594 2373 1649 Vix
2406 1593 2612 1648 dictum
2641 1589 2970 1661 expleverat,
3006 1596 3059 1643 et
3083 1602 3212 1643 ecce
3244 1585 3521 1659 peregrini

1925 1684 2218 1740 adveniunt
2246 1681 2392 1737 beati
2423 1679 2679 1750 martyris
2710 1679 2931 1732 Thema:
2959 1676 3118 1731 busta
3180 1674 3418 1746 petituri,
3453 1674 3522 1729 ad

1926 1789 2154 1845 quorum
2185 1769 2557 1842 praisentiam,
2588 1767 2680 1838 qui
2704 1765 3047 1838 loquebatur,
3078 1771 3305 1835 repente
3333 1763 3521 1833 dispa-

1924 1862 2047 1916 ruit.
2079 1861 2199 1932 Ego
2230 1858 2283 1912 in
2312 1856 2657 1913 formidinem
2690 1854 2850 1909 simul
2872 1862 2920 1908 et
2942 1852 3375 1924 desperationem
3398 1851 3525 1907 licet

1930 1951 2283 2006 vehementer
2316 1945 2601 2016 impulsus,
2636 1942 2849 2014 signavi
2878 1950 3063 1998 tamen
3100 1941 3333 1996 frontem
3366 1939 3525 2011 signo

1934 2038 2171 2100 salutari,
2207 2050 2556 2106 pergensque
2587 2033 2780 2087 itinere
2810 2039 2988 2102 ccepto
3016 2046 3276 2099 mmrens,
3327 2029 3525 2100 vixque

1930 2144 2046 2199 prae
2095 2125 2275 2181 cordis
2331 2123 2520 2178 dolore
2593 2137 2819 2194 gressus
2849 2120 3099 2191 proprios
3146 2134 3366 2191 regens,
3424 2119 3529 2173 hac

1933 2217 2051 2287 ipsa
2081 2214 2188 2279 die,
2214 2228 2321 2284 qua
2357 2211 2488 2265 mihi
2518 2212 2635 2266 haec
2682 2209 2826 2266 dicta
2870 2216 3014 2275 sunt,
3066 2207 3121 2261 in
3170 2208 3311 2262 hanc
3354 2206 3529 2262 urben

1936 2304 2083 2359 circa
2109 2303 2299 2356 horam
2328 2298 2542 2354 tertiam
2560 2296 2791 2352 devenio
2812 2298 2981 2367 (235).
3042 2294 3352 2350 Immissum
3406 2294 3532 2367 qui-

1937 2392 2061 2447 dem
2095 2389 2267 2445 fuerat
2306 2387 2489 2443 animo
2544 2402 2687 2451 meo,
2738 2386 2900 2441 etiam
2949 2392 3243 2456 antequam
3297 2383 3532 2439 hominis

1938 2478 2185 2552 pratdicti
2269 2476 2581 2532 suasionem
2637 2473 2921 2529 visibiliter
2986 2473 3390 2543 percepissem,
3480 2479 3538 2526 ut

1940 2568 2229 2637 metipsum
2271 2563 2650 2620 interficerem.
2685 2564 2753 2616 At
2782 2562 3127 2633 postmodum
3176 2561 3294 2617 haec
3347 2561 3403 2615 in
3451 2577 3538 2617 me

1944 2656 2133 2711 fortius
2163 2653 2445 2725 praevaluit
2493 2651 2767 2722 cogitatio,
2827 2650 3189 2722 fecissemque
3244 2650 3389 2721 quod
3446 2650 3537 2706 ille

1946 2749 2323 2816 suggesserat,
2356 2741 2461 2795 nisi
2500 2739 2779 2810 paululum
2831 2755 2919 2793 me
2975 2739 3236 2793 animaret
3283 2738 3541 2793 miserum

1946 2831 2256 2887 recordatio
2285 2828 2510 2885 visionis
2526 2827 2843 2900 praemissae,
2879 2842 2985 2898 qua
3001 2826 3131 2881 mihi
3151 2825 3544 2897 aliquantulum

1950 2920 2271 2975 blandiebar
2301 2918 2368 2973 de
2412 2916 2705 2973 Salvatoris
2762 2915 2935 2970 nostri
2994 2931 3213 2986 suaeque
3261 2915 3543 2987 genitricis

1950 3006 2342 3063 misericordia.
2374 3006 2513 3060 Nam
2535 3012 2587 3058 et
2616 3005 2721 3059 hoc
2763 3019 2865 3074 pro
2912 3004 3180 3059 constanti
3209 3003 3335 3059 olim
3381 3019 3545 3061 acce-

252 3105 303 3152 et
337 3097 544 3149 illectus
576 3095 644 3149 ab
676 3093 800 3161 alio,
834 3094 1084 3164 primitus
1106 3094 1161 3147 in
1192 3109 1278 3147 me
1324 3109 1542 3163 semper
1572 3070 1686 3146 fere
1718 3106 1853 3161 pec-
1879 3070 1924 3132 C
1952 3112 2139 3169 peram
2186 3094 2471 3148 traditione
2529 3092 2673 3163 quod
2736 3070 3043 3164 quicunque
3091 3091 3302 3162 sibiipsi
3358 3109 3549 3149 necem

255 3185 467 3241 cabam.
499 3185 688 3253 Nuper
708 3198 836 3237 vero
871 3181 1157 3237 sacerdote
1188 3181 1422 3252 quodam
1469 3180 1697 3235 verbum
1754 3178 1854 3234 Dei

256 3273 606 3345 praedicante,
658 3272 713 3324 in
760 3270 989 3325 ecclesia
1026 3286 1112 3324 me
1167 3269 1603 3342 indignissimum
1682 3266 1856 3323 turbis

264 3361 459 3419 accidit
491 3360 891 3416 conﬂuentibus
918 3358 1198 3413 interesse.
1262 3358 1529 3413 Sacerdos
1564 3358 1656 3412 ille
1703 3366 1857 3413 cata-

265 3450 453 3521 logum
477 3457 733 3504 retexens
764 3447 1049 3503 criminum
1089 3446 1421 3516 capitalium,
1447 3446 1501 3499 in
1530 3446 1652 3511 hoc,
1705 3448 1859 3516 cujus

270 3555 416 3594 eram
458 3538 588 3592 mihi
645 3536 914 3600 conscius,
961 3534 1116 3590 verbi
1165 3534 1330 3589 divini
1372 3534 1613 3605 gladium
1672 3535 1860 3589 fortius

265 3628 506 3690 vibrans,
542 3626 656 3695 ejus
686 3624 1053 3679 damnabilem
1083 3623 1219 3678 adeo
1260 3623 1611 3695 exaggeravit
1643 3622 1861 3677 foedita-

268 3723 397 3780 tem,
432 3723 488 3768 ut
510 3730 595 3767 me
627 3729 766 3784 pene
798 3713 1100 3777 crederem,
1137 3720 1275 3767 terra
1295 3712 1469 3765 subito
1524 3711 1859 3777 dehiscente,

268 3803 700 3868 absorbendum,
735 3817 797 3856 ac
825 3801 1006 3856 vivum
1052 3800 1107 3854 in
1147 3798 1412 3854 infernum
1470 3799 1860 3870 collapsurum.

266 3892 493 3946 Tantam
551 3890 784 3961 denique
858 3889 1054 3944 mentis
1111 3888 1486 3944 confusionem
1538 3888 1762 3954 incurri,
1810 3896 1867 3942 ut

270 3988 421 4036 extra
451 3980 716 4049 meipsum
748 3978 985 4033 funditus
1015 3994 1102 4032 me
1124 3985 1372 4048 putarem
1392 3976 1660 4033 effectum.
1710 3977 1867 4032 Diem

270 4085 404 4125 vero
436 4069 585 4123 illum
608 4084 728 4123 cum
762 4068 938 4137 prima
972 4066 1251 4137 sequentis
1271 4067 1445 4122 noctis
1474 4075 1625 4137 parte
1683 4066 1737 4120 in
1785 4065 1869 4120 la-

275 4156 480 4228 crymis
511 4156 743 4226 expendi
774 4164 827 4210 et
850 4154 1195 4226 singultibus.
1227 4155 1377 4211 Tunc
1399 4171 1525 4211 ecce
1548 4162 1669 4226 post
1698 4154 1871 4210 noctis

277 4244 536 4308 medium,
589 4244 852 4298 lassatum
924 4259 1039 4313 pra.1
1102 4241 1309 4296 tristitia
1379 4242 1761 4313 corpusculum
1819 4243 1874 4296 in

279 4348 535 4404 soporem
567 4332 878 4401 resolvitur,
911 4331 1134 4402 visaque
1159 4338 1239 4385 est
1268 4330 1399 4384 mihi
1443 4330 1681 4385 astitisse
1711 4330 1871 4385 femi-

1954 3184 2197 3249 inferret,
2230 3182 2559 3237 aeternaliter
2587 3180 2779 3251 procul
2808 3180 2973 3236 dubio
3002 3180 3226 3251 periret.
3260 3182 3391 3236 Tam
3421 3198 3550 3238 vero

1958 3273 2155 3329 infesta
2184 3271 2335 3337 mihi,
2365 3278 2417 3324 et
2445 3270 2625 3324 adhuc
2655 3268 2833 3323 existit
2863 3268 2986 3335 ista,
3018 3277 3074 3323 ut
3102 3269 3289 3337 credo,
3349 3270 3553 3327 inimici

1960 3360 2261 3434 suggestio,
2296 3358 2440 3430 quod
2471 3357 2553 3411 bis
2600 3356 2763 3412 hodie
2802 3357 3034 3428 perrexi,
3065 3366 3122 3412 ut
3170 3358 3440 3430 meipsum
3484 3359 3552 3415 de

1960 3458 2125 3521 ponte
2155 3449 2315 3517 hujus
2337 3446 2476 3502 villa:
2497 3445 2891 3517 prwcipitarem
2923 3445 2978 3499 in
3007 3446 3248 3502 ﬂuvium.
3284 3450 3353 3502 At.
3378 3448 3556 3518 primo

1963 3539 2032 3593 ob
2084 3536 2506 3593 commeantium
2542 3534 2941 3589 multitudinem
3001 3535 3252 3591 revocavi
3310 3536 3555 3605 pedem;

1964 3626 2226 3690 secundo,
2259 3624 2526 3679 adventus
2554 3631 2734 3679 vester
2789 3623 3010 3677 auribus
3067 3624 3205 3679 meis
3254 3624 3553 3680 insinuatus

1966 3730 2066 3786 per
2105 3721 2315 3768 vestros
2344 3727 2712 3783 pratcursores
2739 3712 2852 3780 jam
2879 3711 3179 3768 imminenti
3210 3729 3295 3768 me
3327 3730 3559 3784 suspen-

1968 3804 2045 3857 dit
2076 3800 2391 3872 praecipitio.
2436 3802 2556 3854 Mox
2587 3800 2751 3866 enim,
2776 3808 2833 3854 ut
2862 3800 3121 3871 comperi,
3148 3801 3443 3858 sanctitatis
3470 3819 3564 3858 ve-

1970 3899 2098 3946 stra:
2128 3888 2472 3961 praesentiam
2504 3888 2827 3957 adfuturam,
2850 3890 2997 3944 omni
3018 3889 3362 3946 fluctuatione
3384 3891 3566 3947 cordis

1971 3980 2217 4051 explosa,
2242 3978 2296 4033 in
2326 3985 2489 4033 tanta:
2518 3977 2658 4049 οωρί
2689 3977 3032 4034 discretionis
3054 3978 3353 4051 alloquium
3384 3980 3565 4052 respi-

1972 4084 2119 4123 rare.
2159 4092 2179 4115 υ

2045 4155 2265 4211 Talibus
2294 4170 2425 4209 vero
2453 4155 2521 4208 ab
2540 4170 2604 4209 eo
2635 4155 2923 4224 peroratis,
2983 4155 3271 4227 episcopus
3329 4157 3572 4214 breviter

1977 4260 2099 4300 eum
2130 4259 2229 4313 pro
2260 4250 2503 4312 tempore
2531 4243 2866 4307 adhortatus,
2886 4243 3010 4297 data
3038 4244 3433 4313 benedictione,
3454 4264 3572 4303 mo-

1978 4340 2069 4387 net
2100 4332 2270 4394 illum,
2303 4338 2569 4400 quatenus
2598 4331 2665 4383 ad
2690 4347 2860 4401 usque
2878 4331 3272 4387 Doroberniam
3304 4336 3452 4406 (236)
3474 4351 3574 4394 sua

281 4437 369 4487 na,
414 4420 779 4476 inmstirnabili
810 4418 1144 4491 praefulgens
1189 4419 1407 4488 decore,
1464 4419 1586 4473 talia
1633 4418 1949 4485 referensD
1979 4421 2342 4490 subsequatur
2362 4419 2608 4491 vestigia,
2632 4418 2834 4473 ibidem
2863 4419 3076 4490 plenius
3107 4429 3159 4476 et
3211 4422 3435 4479 liberius
3492 4442 3579 4481 sa-

280 4511 486 4565 mouita
525 4509 770 4564 desolato
824 4525 835 4563 :
875 4530 896 4559 ε
955 4508 1098 4573 Noli,
1148 4507 1239 4576 ait,
1283 4507 1512 4574 miselle,
1562 4508 1877 4578 desperare,

288 4622 308 4644 α
355 4598 510 4667 larga
542 4605 620 4652 est
660 4597 803 4652 enim
835 4596 1123 4651 clementia
1159 4604 1211 4651 et
1240 4596 1479 4667 potentia
1513 4594 1607 4650 filii
1630 4596 1756 4661 mei,
1794 4596 1885 4667 qui

291 4706 313 4736 κ
343 4686 617 4740 neminem
648 4685 760 4740 vult
781 4685 981 4755 perire.
1017 4685 1260 4756 Surgens
1292 4700 1421 4739 vero
1443 4682 1681 4739 diluculo
1709 4700 1887 4740 sacer-

290 4796 312 4824 α
350 4774 529 4829 dotem
562 4773 794 4844 inquire,
822 4788 982 4843 quem
1013 4772 1110 4826 tibi
1143 4780 1327 4827 notum
1350 4772 1580 4844 designo
1611 4790 1676 4827 ex
1707 4774 1887 4828 nomi-

291 4884 311 4909 α
355 4878 444 4926 ne,
502 4861 658 4932 eique
694 4860 943 4927 fideliter,
1009 4876 1144 4931 pure
1187 4869 1239 4915 et
1276 4860 1483 4932 integre
1531 4868 1755 4931 peccata
1800 4869 1891 4915 tua

291 4974 312 4997 οι
360 4948 638 5005 confitere.
678 4970 698 4998 ν
760 4950 856 5003 Ilis
885 4950 1042 5005 dictis
1074 4948 1210 5004 visio
1256 4949 1386 5003 mihi
1417 4965 1540 5005 cum
1572 4965 1763 5005 somno
1811 4956 1894 5005 est

287 5038 488 5094 ablata.
522 5039 641 5109 Ego
677 5038 743 5094 de
774 5046 931 5093 nocte
963 5054 1303 5111 consurgens
1334 5038 1465 5093 mihi
1502 5039 1742 5107 injuncta
1768 5053 1894 5109 per-

292 5126 400 5197 egi.
435 5126 549 5182 Nec
580 5127 748 5182 multo
778 5134 919 5197 post,
944 5125 1278 5182 confusionis
1309 5144 1443 5181 meae
1486 5127 1744 5183 ruborem
1786 5144 1895 5182 non

367 5299 506 5365 (235)
548 5302 906 5364 Episcopalem,
936 5302 983 5351 in
1012 5315 1115 5369 qua
1136 5300 1288 5369 sedes
1312 5302 1399 5351 sub
1424 5304 1564 5352 titulo
1589 5306 1641 5353 S.
1670 5304 1895 5369 Andreae,

293 5380 420 5417 anno
445 5370 562 5427 604,
587 5375 751 5418 erecta
779 5370 889 5427 fuit,
931 5381 1058 5418 nunc
1095 5368 1372 5429 Hrofensis,
1403 5370 1757 5435 Roscetrensis,
1805 5373 1900 5423 Ro-

294 5436 637 5495 vccestrensis,
667 5435 933 5497 Ito/remis,
966 5436 1341 5485 Rochestrensis
1368 5435 1511 5487 hodie
1545 5437 1693 5489 dicta.

354 5534 528 5613 12325).
552 5537 816 5613 Non‘longe
842 5537 987 5613 igitur
1007 5537 1176 5589 aberat
1200 5536 1261 5588 ab
1304 5538 1421 5590 urbe
1464 5538 1705 5607 Roffensi,
1734 5543 1782 5595 in
1808 5555 1901 5607 qua

300 5604 450 5654 miser
478 5604 561 5654 hic
588 5606 729 5654 natus
753 5604 931 5655 fuerat.

1986 4509 2110 4563 lutis
2134 4506 2438 4572 consilium,
2471 4522 2573 4562 nec
2618 4522 2728 4561 non
2785 4515 2835 4562 et
2882 4508 3136 4564 auxilium
3195 4522 3572 4583 percepturus.

1990 4600 2148 4653 Paret
2178 4596 2268 4650 ille
2296 4595 2514 4651 monitis
2537 4595 2885 4652 salutaribus.
2920 4596 3021 4667 Qui
3066 4600 3291 4655 veniens
3348 4603 3584 4658 Cantua-

1988 4685 2146 4751 riam,
2167 4700 2324 4740 sacra
2354 4685 2470 4753 ejus
2497 4684 2850 4740 instructione
2881 4684 3129 4742 firmatus
3157 4696 3209 4744 et
3240 4689 3586 4745 intercessio-

1990 4790 2059 4828 ne
2088 4773 2320 4841 adjutus,
2357 4789 2389 4826 a
2418 4772 2713 4829 tentatiune
2740 4774 2997 4844 pestifera
3027 4776 3266 4833 funditus
3296 4777 3351 4832 in
3380 4794 3583 4849 perpe-

1991 4871 2105 4917 tum
2138 4861 2419 4915 liberatur.
2446 4861 2841 4918 Perendinante
2872 4872 3051 4918 autem
3074 4865 3275 4920 ibidem
3305 4866 3579 4939 pontifice,

1995 4958 2048 5005 et
2078 4958 2290 5019 tempus
2316 4949 2647 5021 navigationi
2672 4966 2973 5023 congruum
3004 4970 3104 5023 per
3132 4953 3250 5009 dies
3280 4954 3390 5011 fere
3438 4957 3589 5027 quin-

1995 5037 2171 5093 decim
2202 5038 2351 5107 (237)
2391 5039 2754 5109 praestolante,
2808 5041 2919 5108 jam
2969 5040 3024 5093 in
3053 5040 3157 5096 fide
3196 5051 3248 5098 et
3300 5044 3590 5102 devotione

1996 5126 2346 5197 praevalidus,
2371 5128 2700 5185 consistebat
2728 5128 2817 5183 ille
2848 5129 2902 5183 in
2924 5129 3118 5185 eadem
3151 5132 3283 5189 urbe
3313 5150 3409 5205 per
3428 5150 3593 5191 unam

2071 5300 2212 5364 (236)
2251 5303 2302 5353 Id
2324 5306 2417 5363 est,
2443 5317 2593 5367 usque
2618 5304 2949 5355 Cantuariam.

2071 5401 2214 5480 @357)
2253 5404 2433 5480 Quibus
2459 5406 2798 5480 elapsisllugo
2836 5407 2884 5456 in
2912 5408 3191 5480 Neustriam
3231 5410 3593 5480 transfretavit,

2004 5473 2054 5521 et
2089 5469 2200 5521 illuc
2224 5471 2353 5523 circa
2379 5473 2797 5538 Septuagesimam
2820 5476 2932 5526 anni
2959 5475 3086 5527 1199
3121 5477 3359 5540 pervenit.
