3960 6062
437 256 571 309 1063

1290 252 1345 306 S.
1388 251 1703 308 HUGONIS
1744 250 1964 305 EPISC.
2013 247 2340 303 LlNCOLN.
2390 247 2560 303 0RD.
2610 246 2858 303 CARTH.

3600 245 3743 295 1065

432 378 645 434 circiter
667 377 1038 448 septimanam.
1093 377 1431 447 Disponebat
1457 393 1588 432 vero
1642 376 1825 430 limina
1874 391 2027 429 sum-
2049 376 2103 433 Α
2133 374 2278 428 Inter
2308 373 2485 444 ipsum
2517 388 2647 429 vero
2670 380 2722 426 et
2753 386 2938 443 regem
2956 367 3199 423 Franciae
3229 366 3295 419 ab
3329 366 3497 419 armis
3517 367 3745 421 interim

432 482 644 521 morum
676 464 1048 536 apostolorum
1086 465 1349 521 orationis
1380 466 1557 538 gratia
1587 463 1904 537 quantocius
1950 462 2031 516 in-

428 556 628 611 visere.

503 645 778 698 Caeterum
810 658 925 697 rem
956 642 1250 697 inauditam
1281 642 1357 696 illi
1389 642 1639 697 novimus
1660 642 1869 696 interea
1890 639 2032 696 acci-

430 732 598 787 disse.
634 731 825 785 Subito
854 731 999 786 enim
1030 746 1192 786 secus
1233 740 1518 801 utrumque
1556 730 1747 795 femur,
1782 737 1835 784 et
1890 729 2033 784 circa

433 820 547 887 ejus
576 820 834 885 verenda,
860 834 990 875 caro
1007 819 1152 873 illius
1182 819 1255 873 ita
1284 819 1611 889 computruit
1640 826 1693 873 ut
1715 818 1822 872 duo
1844 817 2033 871 altrin-

434 922 594 963 secus
624 907 906 975 foramina,
933 923 1030 961 seu
1073 908 1255 978 potius
1304 907 1465 962 fossae
1524 908 1683 972 binm,
1745 906 2032 961 horrendae

433 996 805 1067 amplitudinis
837 1003 889 1050 et
920 995 1304 1066 profunditatis
1334 1004 1658 1067 apparerent
1687 1012 1809 1049 cum
1852 1002 2033 1049 tamen

434 1084 550 1154 ipse
581 1100 646 1138 ex
679 1092 787 1137 tam
819 1082 1086 1138 immenso
1115 1084 1399 1139 \mlnerum
1456 1084 1602 1138 hiatu
1632 1083 1765 1137 nihil
1820 1081 2033 1153 penitus

433 1172 658 1227 sentiret
719 1170 947 1226 doloris.
1012 1171 1260 1226 Ostendit
1332 1179 1511 1227 autem
1560 1179 1706 1225 metu
1768 1170 2033 1241 gravioris

431 1259 657 1331 periculi
688 1259 898 1314 cuidam
946 1258 1264 1314 fidelissimo
1314 1260 1451 1325 viro,
1492 1260 1854 1315 curandorum
1912 1258 2033 1311 vul-

431 1363 623 1403 nerum
655 1347 900 1402 notitiam
932 1347 1170 1413 habenti,
1204 1347 1469 1418 magistro
1500 1347 1800 1417 Reginaldo
1858 1346 2034 1416 pisto-

435 1436 544 1505 ris,
602 1436 778 1491 locum
850 1435 1000 1489 illum
1056 1436 1352 1506 putridum,
1415 1451 1447 1489 a
1528 1451 1634 1505 quo
1701 1435 2031 1505 accepimus,

434 1525 561 1597 quia
578 1524 692 1592 jam
721 1539 862 1594 pene
921 1539 1092 1593 usque
1147 1524 1217 1577 ad
1276 1524 1463 1577 intima
1508 1523 1778 1578 viscerum
1836 1539 2035 1579 carnes

436 1614 552 1681 ejus
607 1612 839 1683 putrida:
901 1611 1274 1666 defluxissent.
1352 1612 1700 1666 Insinuantur
1765 1612 1865 1665 ista
1914 1611 2035 1681 epi-

2134 462 2526 533 quiescendum
2575 459 2998 531 praescribebant
3052 455 3258 528 legales
3316 463 3541 525 treugae,
3597 472 3742 526 quas

2134 550 2399 606 indixerat
2430 550 2687 605 nuntiata:
2712 550 2822 618 jam
2853 556 3065 617 tempus
3097 544 3540 615 Septuagesimm.
3586 546 3732 597 Cum

2132 639 2299 710 igitur
2328 639 2667 710 pervenisset
2694 638 2811 708 ipse
2870 636 3160 707 episcopus
3192 635 3245 687 in
3300 633 3636 699 Neustriam,
3676 633 3735 685 in

2134 736 2282 783 terra
2312 728 2406 781 illa
2430 728 2499 782 ob
2540 726 2882 798 praesentiam
2931 723 3166 778 maxime
3214 721 3379 793 legati
3430 722 3577 791 (240)
3635 721 3738 775 do-

2131 816 2262 869 mini
2294 832 2466 887 papa),
2502 816 2591 887 qui
2624 815 2678 868 in
2707 814 2815 868 illis
2848 820 2962 868 erat
3014 811 3279 881 partibus,
3326 810 3497 863 tribus
3556 808 3735 863 ferme

2133 904 2446 975 septimanis
2474 912 2717 959 moratus
2738 910 2819 956 est
2848 901 3024 971 (241).
3065 900 3196 953 Inde
3225 898 3373 953 circa
3414 898 3731 967 principiun

2134 992 2580 1064 Quadragesimze
2610 989 2982 1061 Andegaviam
3004 990 3154 1058 (242)
3183 986 3474 1057 profectus,
3500 985 3555 1039 in
3585 1001 3735 1057 quo-

2132 1081 2258 1135 dam
2290 1081 2531 1135 manerio
2561 1079 2772 1134 abbatis
2804 1078 2986 1132 Sancti
3014 1076 3225 1132 Nicolai
3247 1076 3396 1143 (243)
3427 1091 3534 1127 non
3564 1073 3735 1145 longe

2134 1170 2202 1224 ab
2233 1169 2363 1223 urbe
2394 1166 2890 1239 Andegavensium,
2916 1181 3023 1220 non
3048 1162 3272 1218 minoris
3295 1164 3442 1233 (244)
3467 1162 3742 1233 temporis

2134 1258 2306 1328 spatio
2324 1255 2713 1327 perendinavit,
2747 1254 2894 1324 regis
2924 1252 3249 1323 praestolans
3288 1251 3520 1305 reditum
3568 1267 3597 1304 a
3644 1250 3733 1304 lo-

2134 1346 2214 1401 cis
2244 1345 2647 1410 remotioribus,
2678 1343 2731 1396 in
2754 1343 2948 1414 quibus
2979 1342 3157 1411 ipsum
3189 1339 3398 1395 bellicis
3448 1347 3731 1393 vacantem

2135 1434 2449 1488 tumultibus
2516 1434 2664 1504 (245)
2732 1431 2881 1486 adire
2955 1430 3237 1485 videbatur
3287 1428 3449 1483 nimis
3520 1428 3731 1498 impor-

2133 1530 2341 1576 tunum.

2204 1629 2420 1682 Interea
2449 1643 2481 1681 a
2501 1626 2632 1683 viris
2660 1634 2879 1698 rogatus
2902 1624 3175 1696 religiosis
3214 1624 3421 1679 ordinis
3481 1623 3725 1678 Grandi-

432 1716 621 1771 scopo,
683 1700 776 1772 qui
831 1715 1017 1756 ceram
1072 1701 1226 1769 jubet
1270 1701 1587 1755 vulneribus
1648 1700 2034 1770 imponendam

2136 1716 2436 1771 montensis
2467 1717 2635 1787 (246),
2661 1716 2752 1787 qui
2782 1716 2836 1768 in
2866 1714 3044 1770 vicino
3096 1713 3369 1785 degebant
3399 1713 3519 1768 loco
3552 1715 3724 1781 (24⁸7),

439 1789 582 1855 dari,
618 1804 781 1860 quam
799 1796 925 1843 tunc
954 1788 1096 1843 forte
1125 1789 1431 1859 appositam
1459 1788 1580 1844 foco
1610 1789 1677 1842 ad
1705 1786 2043 1844 conficienda

442 1878 500 1933 in
528 1894 659 1932 usus
690 1876 1032 1932 necessarios
1076 1876 1378 1944 luminaria,
1412 1885 1467 1931 ut
1498 1885 1579 1931 est
1608 1876 2035 1943 consuetudinis,

432 1965 665 2021 ministri
693 1964 1064 2021 calefaciendo
1111 1965 1333 2021 mollem
1363 1965 1807 2036 tractabilemque
1835 1964 2037 2019 redde-

432 2055 580 2109 bant.
616 2054 723 2108 Res
740 2053 876 2107 mira
912 2052 923 2108 ι
959 2054 1029 2108 Ut
1059 2053 1202 2108 enim
1236 2054 1439 2108 hedera
1459 2054 1609 2109 Jona:
1638 2054 1735 2107 sub
1782 2069 1891 2107 una
1932 2070 2035 2108 no-

432 2151 516 2199 cte
547 2150 761 2210 exorta,
796 2142 897 2196 sub
945 2157 1055 2196 una
1102 2142 1289 2197 itidem
1346 2150 1507 2198 nocte
1556 2142 2034 2213 confungientibus

433 2232 504 2287 ad
552 2231 929 2301 pmnitentiam
971 2230 1223 2285 Ninivitis
1281 2232 1485 2286 exaruit
1541 2232 1733 2299 (Jonas
1791 2247 1866 2299 ιν,
1926 2234 2031 2301 ’7);

432 2320 509 2374 ita
540 2319 823 2390 repentina
852 2318 1009 2373 istius
1038 2319 1349 2389 pmnitentis
1401 2319 1587 2375 ulcera
1617 2319 1672 2372 in
1729 2318 2033 2375 cicatricem

431 2407 589 2463 citius
619 2414 743 2462 sunt
772 2407 1013 2473 redacta,
1049 2408 1244 2479 quibus
1271 2424 1373 2463 nec
1404 2408 1620 2479 signum
1665 2408 1883 2479 quidem
1925 2409 2030 2461 ob-

431 2495 699 2551 ductionis
732 2503 955 2566 repente
985 2496 1268 2567 superfuit.
1304 2496 1694 2564 Quitotusjam
1714 2496 2031 2567 evangelico

432 2600 605 2649 more,
641 2584 825 2638 anima
854 2584 1059 2640 scilicet
1117 2591 1171 2639 et
1219 2600 1447 2654 corpore
1504 2592 1740 2653 sanatus,
1803 2584 2031 2654 sumptis

435 2672 755 2727 solemniter
784 2687 915 2743 pera
938 2680 991 2727 et
1020 2672 1237 2737 baculo,
1271 2672 1585 2742 apostolica,
1620 2681 1675 2726 ut
1720 2688 2027 2743 pr0posue-

431 2768 535 2829 rat,
568 2760 770 2814 maznia
800 2760 991 2830 petiit;
1025 2760 1353 2829 obtentaque
1399 2760 1774 2815 benedictione
1832 2760 2028 2813 summi

428 2847 701 2919 pontificis
730 2847 785 2901 in
815 2847 1067 2919 Angliam
1108 2863 1383 2916 reversus,
1417 2862 1483 2903 ac
1513 2848 1886 2903 Cisterciensis
1933 2864 2026 2903 or-

429 2936 571 2990 dinis
601 2934 844 2990 habitum
874 2935 1115 3004 indutus,
1151 2936 1306 2991 bona:
1338 2936 1764 2992 conversationis
1810 2937 2021 3004 merito,

430 3040 536 3080 non
566 3024 746 3079 minus
773 3040 890 3079 rem
915 3024 1038 3092 sibi,
1081 3040 1243 3097 quam
1269 3040 1467 3080 nomen
1514 3025 1786 3092 conversi,
1829 3041 2023 3096 perse-

427 3120 676 3169 veranter
716 3112 1030 3168 vindicavit.

1038 3235 1262 3292 CAPUT
1293 3238 1413 3293 XV.

437 3326 591 3394 Quod
617 3324 689 3381 ad
719 3325 913 3381 clerici
944 3325 1363 3381 ordinationem
1394 3328 1455 3381 in
1480 3326 1883 3382 subdiaconum
1926 3330 2021 3382 in-

500 3398 630 3451 duci
652 3413 766 3451 non
788 3400 1041 3521 foterat,
1076 3398 1169 3467 qui
1197 3400 1431 3465 futurus
1454 3402 1577 3451 erat
1625 3399 1891 3468 leprosus.
1954 3399 2022 3450 Et

500 3484 667 3521 auam
696 3468 781 3521 υἰο
809 3470 957 3521 enim
977 3468 1185 3521 ﬁebant
1213 3468 1321 3521 sibi
1350 3468 1758 3521 persuasiones.
1792 3474 1855 3521 ut
1878 3470 2022 3521 renis

500 3484 667 3539 quam
696 3468 957 3523 violentae
975 3468 1185 3535 ﬁebant
1213 3468 1321 3522 sibi
1347 3468 1758 3538 persuasiones,
1792 3474 1855 3524 ut
1878 3470 2022 3538 regis

499 3538 682 3595 nostri
699 3538 848 3593 iram
870 3538 1091 3609 sedaret
1106 3540 1349 3608 pecunia
1373 3539 1673 3602 mediante,
1699 3544 1757 3593 et
1775 3540 2023 3609 qualiter

498 3610 925 3680 superveniente
956 3608 1022 3680 de
1051 3612 1231 3663 morte
1263 3609 1406 3678 regis
1445 3624 1676 3680 rumore
1714 3612 1766 3664 ei
1786 3608 2023 3664 suaderi

499 3679 613 3751 non
643 3683 885 3751 poterat,
916 3679 1052 3751 quin
1073 3680 1193 3748 ejus
1223 3680 1577 3749 sepulturam
1608 3679 1813 3735 adiret.
1848 3711 1914 3718 —
1953 3680 2022 3733 Et

501 3749 598 3806 hoc
627 3749 709 3805 est
738 3767 861 3820 cap.
900 3752 963 3802 10
994 3750 1057 3803 in
1087 3752 1232 3804 serie
1261 3766 1485 3819 magna:
1516 3751 1666 3804 Vitae.

498 3852 656 3907 Circa
686 3851 740 3905 id
763 3851 1023 3921 temporis
1051 3868 1144 3906 rex
1170 3851 1281 3919 jam
1313 3851 1716 3922 expeditionem
1746 3851 2021 3906 direxerat

428 3940 694 3995 adversus
725 3940 977 3994 comitem
1001 3939 1469 4009 Engelismensem
1528 3940 1697 4010 (238),
1731 3940 1817 3993 cui
1881 3940 2021 4007 inju-

425 4036 567 4083 stum
590 4030 776 4099 (239),
812 4034 867 4081 ut
922 4026 1223 4094 dicebatur,
1269 4026 1465 4081 bellum
1525 4026 1723 4082 inferre
1762 4028 2009 4097 parabat.

493 4205 636 4271 (238)
691 4206 871 4257 Contra
924 4207 1149 4257 comitem
1198 4206 1596 4256 Lemovicensem
1644 4208 1824 4257 factam
1871 4206 2018 4257 fuisse

424 4275 569 4350 istam
594 4273 971 4335 expeditionem,
1012 4286 1138 4323 anno
1163 4274 1309 4335 1199,
1337 4275 1514 4323 asserit
1550 4274 1819 4336 Trivettus,
1851 4277 1901 4324 et
1932 4274 2017 4323 alii

422 4352 603 4403 passum
626 4353 736 4390 cum
773 4353 847 4391 eo.

2145 1820 2334 1860 sacros
2405 1804 2627 1859 ordines
2684 1803 2826 1873 apud
2894 1817 2989 1857 eos
3042 1801 3338 1857 celebravit
3393 1802 3563 1871 (248).
3624 1799 3731 1867 Qui

2141 1894 2270 1947 dum
2319 1892 2570 1947 obnixius
2600 1899 2877 1962 peteretur
2901 1891 2969 1945 ab
3000 1890 3379 1946 archidiacono
3428 1888 3733 1944 Oxenefor-

2138 1980 2294 2036 densi
2322 1980 2493 2051 (240),
2526 1980 2744 2034 nomine
2783 1979 3068 2033 Walthero
3118 1980 3287 2048 (250),
3322 1987 3585 2048 quatenus
3635 1978 3729 2045 ju-

2137 2084 2329 2123 venem
2353 2069 2498 2137 satis,
2531 2077 2588 2123 ut
2618 2068 2919 2133 videbatur,
2968 2067 3241 2132 idoneum,
3276 2076 3569 2137 notumque
3628 2066 3734 2136 ipsi

2134 2158 2395 2227 episcOpo
2416 2165 2467 2211 et
2486 2157 2725 2223 charum,
2760 2156 2975 2210 familiae
3004 2155 3173 2226 ipsius
3218 2154 3547 2210 archilevitaz
3583 2171 3730 2223 prae—

2133 2244 2389 2315 positum,
2410 2245 2851 2315 prazsentandum
2881 2245 2951 2298 ad
2974 2244 3204 2316 gradum
3232 2251 3579 2314 promoveret
3600 2243 3730 2296 sub-

2134 2334 2474 2401 diaconatus,
2507 2334 2657 2388 nulla
2686 2333 2895 2388 ratione
2925 2332 3212 2404 acquievit,
3238 2332 3336 2387 sed
3391 2347 3491 2402 pro
3530 2347 3597 2386 eo
3637 2331 3728 2383 in-

2134 2423 2475 2478 tercedentes
2497 2438 2606 2477 non
2648 2422 2765 2477 sine
2810 2429 2962 2476 motu
3035 2422 3269 2491 quodam
3342 2420 3729 2492 indignationis

2133 2511 2486 2581 compescuit.
2514 2510 2669 2578 Quod
2702 2519 2827 2565 tunc
2858 2510 3075 2581 quidem
3105 2509 3280 2563 mirati
3310 2518 3433 2563 sunt
3489 2508 3729 2562 universi

2133 2600 2225 2670 qui
2256 2600 2483 2654 aderant
2509 2618 2522 2665 ;
2548 2599 2645 2653 sed
2674 2599 2835 2669 paulo
2874 2607 3017 2669 post,
3051 2599 3239 2653 eodem
3285 2598 3481 2653 clerico
3502 2641 3518 2664 ,
3550 2596 3725 2666 culpis

2133 2688 2244 2741 suis
2275 2687 2636 2758 exigentibus,
2673 2687 2836 2757 lepra)
2881 2686 3204 2758 contagione
3234 2687 3546 2739 terribiliter
3604 2702 3726 2755 per-

2128 2774 2267 2839 fuso,
2304 2776 2381 2829 rei
2410 2785 2663 2830 eventum
2706 2776 3177 2830 considerantibus
3222 2775 3355 2829 satis
3401 2774 3590 2829 claruit
3648 2774 3725 2827 vi-

2130 2880 2252 2917 rum
2273 2863 2390 2929 Dei,
2417 2864 2561 2935 quod
2591 2864 2641 2918 ei
2689 2864 2918 2920 futurum
2964 2872 3127 2927 esset,
3177 2864 3231 2917 in
3280 2862 3471 2933 spiritu
3517 2862 3725 2931 praevi-

2130 2952 2295 3018 disse,
2322 2952 2375 3005 in
2405 2968 2512 3023 quo
2543 2951 2711 3007 noluit
2741 2951 3175 3007 benedictionem
3208 2966 3373 3007 sacrae
3413 2951 3722 3006 ordinatio-

2130 3040 2214 3094 nis
2247 3040 2513 3110 deperire.

2198 3146 2447 3201 Manente
2476 3153 2651 3200 autem
2691 3147 2946 3217 episcopo
2974 3146 3029 3200 in
3059 3146 3181 3202 loco
3211 3153 3513 3216 praenotato
3548 3148 3721 3213 (251),

2126 3234 2447 3289 audiebatur
2502 3234 2708 3304 passim
2776 3251 2965 3306 regem
3022 3235 3077 3288 in
3134 3243 3535 3304 contemptores
3596 3250 3723 3288 suos

2124 3322 2321 3376 minari
2362 3322 2610 3393 grandia,
2644 3331 2695 3376 et
2728 3338 2875 3377 saeva
2926 3324 3119 3385 moliri,
3160 3322 3302 3377 unde
3361 3331 3411 3376 et
3465 3323 3721 3377 comitem

2123 3411 2444 3481 praedictum
2475 3412 2623 3479 (252)
2654 3419 2899 3465 evertere
2920 3411 3134 3481 penitus
3173 3411 3481 3465 festinabat.
3528 3412 3718 3465 Perhi-

2125 3498 2324 3553 bebant
2348 3498 2505 3552 etiam
2538 3499 2784 3552 nonnulli
2829 3499 3265 3553 Lincolniensem
3310 3499 3627 3569 episcopum
3651 3500 3726 3552 si-

2124 3587 2233 3641 mul
2265 3594 2315 3640 et
2345 3586 2547 3641 clerum
2579 3587 2721 3641 inter
2760 3587 2881 3642 illos
2913 3588 3233 3657 computari,
3286 3587 3483 3659 quibus
3513 3588 3583 3641 ob
3638 3588 3720 3641 sui

2123 3681 2491 3743 contemptum
2549 3676 2738 3746 gravia
2782 3692 3006 3747 quaeque
3046 3676 3367 3745 rependere
3396 3676 3720 3745 quantocius

2122 3770 2435 3817 maturaret.
2470 3763 2614 3816 Talia
2644 3764 2711 3817 de
2728 3764 2945 3818 homine
2962 3763 3300 3819 ferocissimo
3312 3764 3588 3818 audientes
3602 3764 3720 3817 cle-

2120 3850 2220 3905 rici
2242 3867 2352 3905 non
2368 3851 2715 3906 mediocriter
2737 3851 2997 3906 timebant
3013 3852 3135 3906 sibi.
3148 3852 3319 3905 Erant
3340 3851 3440 3905 sub
3455 3852 3572 3921 ipso
3588 3860 3716 3905 tem-

2122 3955 2251 4009 pore
2282 3939 2425 4009 apud
2454 3939 2646 3993 urbem
2703 3940 3207 4011 Andegaviensium
3238 3956 3302 3993 ex
3334 3940 3546 3995 clericis
3602 3941 3715 3994 lle-

2121 4027 2449 4082 refordensis
2478 4028 2739 4083 Ecclesiae
2768 4028 3230 4099 praeminentiores
3278 4029 3522 4099 quaedam
3570 4044 3703 4097 per-

2120 4205 2396 4255 Trivettum
2417 4205 2613 4266 dicitur,
2647 4204 2787 4266 juxta
2829 4206 3114 4257 Lemovicas
3155 4205 3439 4257 vulneratus
3466 4207 3561 4257 telo
3604 4214 3715 4270 post

2120 4284 2297 4333 paucos
2318 4271 2423 4322 dies
2447 4272 2692 4322 occubuit.

2187 4354 2329 4419 (246)
2359 4356 2486 4406 Ordo
2510 4356 2962 4406 Grandimontensis
3004 4371 3031 4407 a
3078 4360 3130 4407 S.
3158 4358 3403 4419 Stephano
3443 4360 3708 4408 Muertensi

489 4422 633 4488 (239)
668 4423 1010 4497 Huj_us_c_ausa_,
1038 4424 1260 4497 inventus
1283 4426 1559 4497 thesaurus,
1583 4426 1644 4476 de
1671 4437 1764 4486 quo
1790 4424 1849 4475 ad
1887 4425 2015 4475 hunc
2036 4437 2088 4497 D
2117 4422 2247 4497 circa
2270 4435 2450 4497 annum
2484 4424 2608 4473 1076
2632 4424 2859 4497 fundatur
2883 4424 2972 4497 sub
2991 4437 3162 4497 magna
3189 4424 3502 4497 districtione
3520 4426 3567 4473 in
3588 4438 3710 4497 quo-

422 4502 601 4541 annum
624 4494 774 4552 agunt
797 4492 1045 4541 Trivettus
1069 4496 1118 4541 et
1141 4492 1432 4553 Beynaldus.

492 4574 632 4638 (240)
671 4574 801 4625 Petri
828 4575 1049 4625 videlicet
1090 4576 1367 4637 cardinalis,
1396 4577 1495 4638 qui,
1534 4578 1585 4625 ut
1610 4576 1806 4637 legitur,
1849 4589 1898 4638 p.
1928 4575 2012 4635 33,

423 4641 551 4705 apud
575 4640 875 4703 Raynaldum
893 4679 907 4702 ,
938 4642 1064 4691 inter
1088 4646 1346 4705 utrumque
1371 4642 1539 4691 Gallia:
1565 4646 1613 4692 et
1640 4642 1824 4703 Anglia:
1850 4655 2010 4703 regem

420 4711 511 4826 pec
540 4720 666 4759 anno
692 4707 913 4758 inducias
955 4708 1070 4759 fecit
1096 4709 1497 4771 quinquennales,
1526 4722 1555 4758 a
1591 4720 1713 4770 papa
1760 4709 2012 4760 conﬁrma-

442 4788 515 4826 as.

484 4857 627 4923 (241)
668 4862 707 4909 Α
733 4860 1099 4922 Septuagesima
1125 4872 1276 4921 usque
1308 4859 1369 4910 ad
1393 4859 1844 4921 Quadragesimam.

486 4944 620 5008 (242)
649 4944 801 5005 Vulgo
853 4944 1009 5004 Am'ou
1054 4945 1103 4992 et
1146 4946 1353 5005 Ληρεῖς,
1400 4944 1516 4994 olim
1559 4944 1838 5003 comitatus,
1884 4956 2013 4994 nunc

417 5010 620 5061 ducatus
650 5011 1015 5071 Andegavensis
1044 5013 1208 5071 caput,
1236 5012 1284 5058 in
1311 5024 1403 5072 qua
1436 5014 1483 5060 et
1523 5010 1663 5060 sedes
1702 5011 2011 5074 episcopalis.

480 5092 623 5157 (245)
662 5094 867 5144 Abbatia
910 5094 1014 5143 0rd.
1056 5096 1108 5143 S.
1158 5094 1339 5143 Bened.
1390 5095 1440 5143 in
1486 5095 1737 5153 suburbio,
1785 5095 1908 5157 sive,
1958 5099 2011 5145 ut

412 5160 720 5211 Mabillonius
744 5160 932 5216 scribit,
960 5160 1053 5208 sita
1080 5160 1138 5210 ad
1162 5162 1466 5221 prospectum
1491 5162 1624 5211 urbis
1651 5161 2009 5223 Andegavensis

412 5227 785 5288 occidentalem,
805 5226 991 5277 fundari
1008 5230 1168 5289 empta
1188 5240 1215 5275 a
1232 5227 1444 5277 Fulconc
1464 5228 1630 5290 Nigro,
1656 5230 1704 5277 et
1726 5240 1752 5276 a
1771 5228 2005 5288 Goﬂ‘rido,

411 5293 518 5355 ejus
543 5292 662 5356 filio,
690 5305 815 5343 anno
843 5292 990 5353 1060,
1018 5298 1373 5344 consummata.

478 5378 621 5443 (244)
662 5379 763 5427 lmo
789 5376 1007 5439 majoris,
1038 5377 1220 5428 inclusa
1246 5390 1401 5440 mora,
1429 5389 1573 5441 quam
1618 5379 1742 5441 apud
1794 5378 2009 5429 Grandi-

412 5448 689 5495 montenses
714 5445 849 5494 fecit.

475 5526 612 5593 (245)
652 5529 705 5579 In
733 5526 905 5591 quibus
928 5540 1017 5580 rex
1041 5527 1223 5591 Anglia:
1243 5540 1300 5579 ex
1326 5531 1504 5591 castro,
1528 5528 1652 5591 quod
1679 5528 1854 5581 Caluca
1881 5529 2007 5593 apud

2115 4489 2490 4563 damemnobio,
2531 4489 2657 4551 quod
2682 4493 2831 4551 caput
2866 4494 2940 4540 est
2982 4490 3183 4552 ordinis,
3223 4492 3448 4541 dicacesis
3482 4493 3702 4541 Lemovi-

2114 4567 2295 4605 CCDSIS.

2110 4639 2321 4756 is???
2370 4642 2473 4692 Non
2522 4642 2705 4703 procul,
2748 4644 2801 4692 ut
2833 4642 3043 4703 videtur,
3094 4643 3154 4691 ab
3203 4642 3320 4692 urbe
3366 4642 3709 4705 Andegavensi

2146 4720 2157 4755 ι
2216 4720 2228 4755 ι
2292 4743 2303 4754 .

2146 4720 2303 4755 ιδειῐο.

2177 4796 2313 4861 (248)
2351 4797 2564 4849 Sabbato
2590 4802 2703 4849 ante
2729 4800 3026 4851 Domiuicam
3064 4800 3335 4851 Passionis.

2176 4880 2312 4949 (240)
2340 4882 2470 4932 Unus
2494 4896 2553 4933 ex
2589 4886 2777 4944 septem
2818 4890 2900 4934 aut
2925 4889 3032 4934 octo
3059 4885 3551 4949 archidiaconatibus,
3597 4889 3703 4938 sedi

2109 4946 2437 4998 Lincolniensi
2463 4948 2714 5013 subjectis,
2741 4955 2790 5001 et
2825 4964 2852 5001 a
2878 4951 3097 5011 Remigio
3127 4952 3241 5001 olim
3264 4952 3516 5002 institutis.

2179 5030 2315 5089 (250)
2359 5034 2428 5081 De
2466 5045 2560 5093 quo
2585 5034 2645 5082 ad
2672 5046 2851 5083 annum
2882 5035 3028 5095 H97,
3054 5035 3104 5083 in
3129 5036 3373 5085 Chronico
3401 5038 3609 5087 Trivetti
3640 5040 3705 5089 ita

2108 5096 2326 5165 legitur:
2364 5116 2382 5144 σί
2410 5100 2657 5149 Walterus
2706 5102 2836 5163 Map,
2882 5102 2942 5150 de
2983 5114 3075 5163 quo
3118 5102 3269 5151 multa
3308 5103 3581 5153 referuntur
3625 5105 3710 5165 ju-

2108 5164 2285 5278 eunti?ti
2307 5177 2364 5279 (ἓξ
2389 5170 2687 5226 ρῐεεεειιιοτο
2715 5166 3041 5217 Lincolniensi
3066 5168 3435 5218 archidiaconus
3466 5164 3711 5221 Oxonien-

2108 5242 2179 5279 sus
2203 5242 2228 5279 e
2290 5242 2330 5278 Cl
2362 5244 2438 5279 ur.
2471 5249 2490 5277 ι»

2108 5242 2179 5279 SIS
2203 5242 2438 5280 ειηοιῐυτ.
2471 5249 2490 5277 ιδ

2177 5312 2317 5375 (251)
2370 5316 2422 5364 In
2459 5318 2673 5366 manerio
2713 5317 2902 5368 abbatis
2943 5320 2997 5368 S.
3042 5320 3243 5380 Nicolai,
3282 5324 3364 5369 aut
3391 5322 3441 5370 in
3484 5322 3708 5371 coenobio

2105 5380 2550 5443 Grandimontensi,
2580 5396 2641 5433 ex
2664 5384 2833 5446 quibus
2860 5386 3068 5447 primum
3094 5386 3283 5436 videtur
3318 5388 3502 5438 verius.

2177 5463 2317 5530 (252)
2366 5468 2892 5542 Lemovicenscm,__uti
2934 5470 3151 5542 plerique
3183 5470 3339 5535 aiunt,
3365 5474 3450 5523 aut
3490 5472 3717 5535 Engolis-

2110 5542 2349 5597 mensem,
2377 5536 2515 5595 cujus
2551 5538 2719 5587 auctor
2755 5536 2867 5588 vita:
2896 5538 3132 5589 meminit.
