3960 6062
183 286 319 338 1065

1560 286 1735 339 VITA.
1770 315 1837 326 —
1868 287 1995 342 LIB.
2039 287 2101 340 V.

3342 292 3477 343 I066

176 424 325 461 some
356 415 655 477 praesentes
685 408 853 475 (253),
890 421 989 477 pro
1018 406 1271 479 eligendo
1300 407 1558 477 episcopo
1588 408 1655 462 ad
1685 424 1769 463 re-
1793 414 1843 471 Α
1872 417 2037 463 tatem
2093 409 2294 479 pariter
2348 410 2614 465 bonorum
2671 426 2892 465 suorum
2913 456 2926 477 ,
2988 411 3193 481 rapinis
3243 412 3477 468 cessisse

178 513 306 567 gem
330 497 513 549 venire
546 496 914 566 disponentes.
948 496 1077 549 Erat
1122 513 1261 549 unus
1292 514 1355 549 ex
1387 496 1469 549 his
1500 513 1777 551 memora-

172 592 263 637 tus
294 584 632 649 Waltherus,
685 583 775 655 qui
825 591 877 637 et
924 582 1339 639 archidiaconus
1389 592 1441 638 et
1486 584 1779 640 canonicus

176 679 289 725 erat
330 671 718 725 Lincolniensis
768 671 1028 741 episcopi,
1079 680 1130 725 et
1178 672 1567 742 praebendatus
1616 673 1779 727 etiam

175 760 232 812 in
262 759 511 814 Ecclesia
568 758 977 814 Herefordensi.
1037 759 1207 827 Quem
1239 761 1366 813 dum
1403 760 1456 813 in
1504 760 1608 815 loci
1639 761 1780 829 ejus-

176 847 301 901 dem
334 847 647 917 episcopum
703 847 922 917 quidam
971 847 1171 918 praeﬁci
1229 856 1547 919 exoptarent
1604 850 1774 918 (254),

176 936 506 1004 metuebant,
566 951 635 989 ne
688 935 960 990 simultate
1032 936 1308 1006 praesenti,
1361 953 1464 1008 qua
1513 937 1778 991 adversus

178 1022 583 1078 Lincolnienses
610 1023 796 1095 regius
846 1024 1171 1078 intumuerat
1228 1024 1457 1090 animus,
1492 1024 1574 1078 sui
1624 1023 1776 1079 desi-

179 1111 316 1165 derii
348 1111 744 1181 praepediretur
774 1109 1018 1166 effectus.
1051 1112 1333 1166 Communi
1357 1111 1521 1183 igitur
1549 1112 1776 1167 consilio

181 1198 612 1254 Herefordenses
652 1214 774 1253 cum
833 1198 1319 1265 Lincolniensibus,
1379 1199 1668 1270 assumptis
1698 1215 1778 1255 se-

178 1302 301 1342 cum
332 1287 540 1341 decano
573 1295 625 1341 et
655 1294 995 1357 praecentore
1017 1286 1421 1359 Andegavensi,
1453 1303 1554 1342 nec
1583 1302 1690 1341 non
1724 1294 1777 1342 et

178 1374 300 1428 aliis
332 1374 654 1445 quibusdam
685 1374 858 1445 ipsius
898 1374 1163 1430 Ecclesiae
1207 1374 1485 1430 canonicis
1508 1417 1521 1441 ,
1555 1374 1623 1429 ad
1653 1374 1773 1444 epi-

178 1462 459 1533 piscopum
488 1462 692 1531 pariter
720 1462 1123 1528 convenientes,
1174 1462 1398 1517 summis
1446 1462 1496 1517 ei
1542 1462 1771 1529 nisibus,

178 1550 360 1605 conati
393 1558 515 1604 sunt
557 1551 893 1620 persuadere
943 1558 1210 1620 quatenus
1240 1567 1351 1620 pra:
1396 1550 1601 1605 malitia
1628 1566 1773 1621 prae-

179 1638 409 1691 sentium
462 1637 673 1691 dierum
731 1639 811 1705 (ut
868 1654 998 1691 suus
1054 1638 1496 1708 archiepiscopus
1576 1638 1773 1693 crebro

175 1727 597 1797 praemonuerat)
629 1734 840 1796 tempus
868 1726 1188 1781 redimendo
1236 1726 1452 1780 nuntios
1484 1726 1553 1780 ad
1584 1742 1772 1798 regem

175 1814 493 1880 destinaret,
528 1814 685 1884 eique
716 1813 770 1867 in
810 1814 1026 1880 auxilia,
1069 1822 1379 1884 sumptuum
1424 1822 1624 1869 certam
1671 1831 1773 1886 pe-

172 1902 345 1957 cunia:
373 1918 642 1957 summam
672 1918 731 1957 se
759 1901 1010 1956 daturum
1056 1902 1368 1972 sponderet,
1403 1917 1468 1958 ac
1496 1902 1590 1957 tali
1618 1918 1773 1959 com-

176 1990 374 2060 pendio
406 1990 646 2060 seipsum
677 2005 709 2044 a
751 1989 942 2045 labore
992 1988 1345 2060 dispendioso
1400 1998 1453 2045 et
1510 1989 1773 2046 sollicitu-

172 2077 299 2132 dine
327 2077 483 2131 anxia
515 2077 824 2132 absolutum
878 2078 947 2132 ad
1002 2093 1153 2131 suam
1210 2078 1529 2149 quantocius
1586 2079 1774 2133 sedem

176 2174 455 2221 revocaret
490 2182 502 2219 :
538 2190 559 2214 α
591 2166 734 2231 Jam,
759 2165 1026 2236 inquiunt,
1050 2181 1158 2220 non
1183 2165 1347 2221 modo
1370 2182 1562 2239 regna,
1597 2166 1693 2221 sed
1723 2168 1776 2221 et

172 2252 426 2325 regiones
457 2252 699 2323 singulas
729 2252 953 2309 bellicus
983 2253 1111 2309 hinc
1139 2252 1266 2309 inde
1296 2253 1484 2325 fragor
1516 2254 1772 2321 concutit,

173 2341 465 2395 turbantur
521 2340 745 2412 pOpuli,
805 2341 971 2396 urbes
1022 2349 1076 2395 et
1128 2341 1280 2397 vicos
1336 2350 1511 2397 metus
1550 2343 1771 2397 invadit.

172 2428 317 2486 Nihil
342 2429 455 2497 jam
488 2437 679 2493 tutum,
710 2445 821 2483 non
852 2430 1039 2484 civitas
1089 2430 1159 2484 ad
1206 2429 1631 2495 inhabitandum,
1666 2446 1778 2485 non

172 2533 303 2589 ager
331 2517 578 2587 publicus
607 2516 674 2571 ad
706 2517 1072 2583 manendum;
1108 2517 1161 2571 in
1209 2517 1362 2571 brevi
1407 2533 1508 2573 nec
1555 2533 1776 2573 manere

170 2606 224 2658 in
258 2604 339 2658 his
369 2605 503 2660 locis
536 2621 786 2659 securum
818 2604 938 2671 erit,
989 2620 1092 2659 nec
1121 2604 1421 2659 abscedere
1467 2605 1719 2659 liberum.
1751 2630 1771 2653 η

242 2694 300 2746 In
332 2693 521 2746 talibus
555 2709 693 2763 pene
742 2700 908 2747 totum
942 2692 1085 2747 diem
1135 2709 1309 2764 usque
1369 2694 1439 2747 ad
1486 2710 1777 2763 vesperum

170 2780 466 2836 consiliarii
496 2782 549 2834 in
574 2789 758 2835 nostro
785 2781 886 2835 Job
935 2796 1043 2835 non
1074 2797 1263 2851 parum
1312 2782 1530 2836 onerosi
1579 2782 1776 2837 decre-

167 2877 379 2923 verunt.
416 2870 550 2922 Nam
583 2876 631 2923 et
681 2868 769 2925 isti
800 2883 833 2923 a
890 2869 1059 2922 tribus
1108 2869 1242 2925 locis
1301 2877 1684 2934 convenerant,
1720 2876 1779 2924 ut

167 2958 283 3012 haec
313 2957 389 3010 illi
419 2956 791 3021 consulerent,
827 2965 878 3011 et
908 2956 993 3010 his
1042 2973 1167 3010 eum
1211 2956 1367 3028 quasi
1417 2957 1777 3012 consularen-

167 3053 277 3100 tur.
308 3045 405 3100 Hic
432 3060 565 3100 vero
599 3043 768 3112 solus,
828 3061 937 3099 non
992 3053 1181 3101 contra
1206 3053 1318 3099 tres
1375 3044 1643 3111 homines,
1678 3045 1773 3099 sed

167 3141 352 3189 contra
409 3133 632 3188 totidem
688 3132 969 3187 hominum
1015 3140 1238 3198 turmas,
1291 3132 1564 3186 indefessa
1608 3148 1769 3202 repu-

167 3238 362 3293 gnans,
397 3220 632 3276 rationes
667 3236 858 3276 eorum
898 3221 1102 3275 ratione
1158 3235 1359 3276 vacuas
1416 3220 1759 3275 ostendebat.

167 3311 283 3364 Hoc
313 3309 456 3365 enim
484 3324 592 3363 non
624 3325 765 3375 esse,
800 3317 855 3363 ut
886 3309 963 3363 illi
1010 3308 1333 3374 sentiebant,
1384 3316 1593 3378 tempus
1623 3307 1769 3361 redi-

166 3413 338 3461 mere,
369 3398 466 3451 sed
494 3405 707 3467 tempus
762 3397 1016 3466 perdere,
1050 3404 1103 3451 et
1160 3396 1377 3468 quidem
1435 3395 1763 3466 turpissime,

166 3486 457 3549 astruebat,
491 3485 582 3538 ubi
612 3485 847 3556 dignitas
901 3493 954 3539 et
1004 3484 1225 3539 libertas
1278 3484 1537 3540 Ecclesiae
1590 3482 1769 3537 laicali

160 3573 299 3627 adeo
356 3573 720 3627 substernitur
767 3572 1035 3638 satellitio,
1098 3580 1155 3627 ut
1202 3589 1302 3627 nec
1358 3572 1609 3641 personis
1666 3586 1767 3626 nec

158 3660 601 3731 possessionibus
653 3660 1035 3715 ecclesiasticis
1084 3659 1455 3715 ecclesiastica
1512 3659 1666 3729 quies
1715 3666 1767 3714 et

162 3748 521 3819 tranquillitas
551 3748 901 3814 concedatur,
944 3747 1047 3801 nisi
1089 3748 1262 3818 pretio
1306 3746 1634 3817 importabili
1662 3763 1764 3817 pro

162 3837 425 3891 laicorum
456 3836 679 3891 arbitrio
708 3836 869 3890 hodie
901 3851 1004 3906 pax
1034 3834 1345 3902 redimatur,
1380 3851 1502 3905 qua:
1531 3835 1618 3889 die
1647 3850 1765 3889 cra-

166 3924 307 3978 stino
338 3924 700 3979 rescindatur.
735 3926 800 3977 Et
855 3923 944 3978 ille
1001 3923 1219 3993 quidem
1278 3923 1406 3977 talia
1435 3923 1502 3977 de
1542 3922 1763 3978 redem-

164 4012 348 4082 ptione
380 4012 473 4065 tali
504 4012 769 4066 sentiebat
803 4019 855 4065 et
902 4009 1231 4081 proferebat.
1263 4010 1435 4066 Nobis
1482 4026 1611 4066 vero
1652 4012 1761 4079 jam

163 4099 362 4154 factum
396 4098 527 4153 satis
555 4106 635 4153 est
666 4098 1051 4168 conspicabile,
1116 4099 1247 4169 quid
1297 4114 1397 4168 per
1451 4097 1763 4166 hujusmodi

163 4187 476 4242 exactiones
506 4186 593 4241 ille
627 4186 824 4257 Spiritu
857 4186 955 4240 Dei
984 4185 1180 4257 plenus
1234 4186 1547 4256 praeviderit
1573 4186 1629 4239 in
1658 4187 1762 4241 Ec-

162 4274 330 4329 clesia
370 4274 672 4345 Anglicana
729 4273 889 4344 paulo
921 4281 1041 4343 post
1093 4282 1409 4328 eventurum
1455 4276 1638 4343 (255);
1672 4273 1764 4343 qui

162 4363 217 4416 in
268 4362 681 4432 praesentiarum
735 4362 1003 4426 videmus,
1054 4360 1292 4431 expulsis
1322 4368 1375 4416 et
1405 4361 1457 4414 in
1515 4361 1761 4415 exsilium

1880 497 2165 552 laicorum.

1952 585 2087 638 Cum
2117 585 2279 655 igitur
2307 586 2679 641 vehementius
2725 587 3065 641 imminerent
3097 588 3475 643 consiliatores

1880 670 2178 735 memorati,
2214 677 2288 734 ut,
2332 670 2813 739 procrastinatione
2870 680 3096 738 remota,
3149 672 3329 726 statim
3359 672 3475 741 ipse

1878 758 2249 827 acquiesceret
2278 758 2506 812 consilio
2531 759 2643 827 jam
2683 759 2983 813 diutissime
3039 760 3349 830 reprobato,
3383 760 3475 815 ille

1878 845 2044 899 nimio
2075 844 2300 899 affectus
2332 845 2507 910 tmdio,
2544 846 2669 917 quia
2700 847 2959 901 cernebat
2987 863 3103 912 eos,
3136 855 3395 918 quantum
3420 846 3475 901 in

1876 932 2154 1002 proposito
2184 948 2281 987 suo
2310 933 2637 1003 pertinaces,
2689 942 2913 998 tantum,
2965 934 3069 989 nisi
3126 935 3204 989 eis
3260 951 3472 989 morem

1878 1027 2112 1089 gereret,
2146 1020 2324 1075 animo
2354 1020 2750 1092 implacabiles,
2782 1022 3014 1078 invisum
3046 1023 3265 1079 tandem
3296 1023 3471 1078 collo-

1878 1107 2062 1178 quium
2083 1107 2153 1161 ita
2183 1108 2449 1164 conclusit
2483 1123 2495 1162 :
2536 1131 2555 1158 ιι
2599 1110 2694 1175 Ita,
2728 1109 2917 1180 inquit,
2949 1109 3159 1177 fratres,
3212 1111 3357 1183 quod
3406 1110 3475 1167 ad

1877 1210 2116 1264 praesens
2147 1195 2247 1249 ista
2275 1195 2562 1264 sufficiant,
2596 1212 2757 1252 mane
2812 1197 3042 1253 Domino
3072 1199 3385 1269 inSpirante,
3419 1198 3473 1255 in

1876 1297 2035 1336 unam
2065 1290 2117 1337 et
2146 1282 2345 1337 bonam
2375 1285 2762 1339 conveniemus
2784 1286 3125 1354 sententiam,
3161 1301 3326 1357 quam
3355 1287 3474 1358 ipse

1877 1366 1945 1424 ad
1976 1369 2206 1440 gloriam
2237 1370 2473 1425 nominis
2503 1372 2587 1427 sui
2617 1373 2828 1428 noverit
2857 1373 3076 1429 uberius
3106 1374 3465 1445 profuturam.

1874 1457 1994 1511 Nox
2032 1455 2177 1511 enim
2222 1458 2386 1513 habet
2430 1459 2737 1526 consilium,
2782 1468 2840 1515 ut
2882 1461 3215 1532 frequentius
3260 1463 3473 1533 experi-

1874 1552 2056 1599 mento
2086 1544 2230 1601 docti
2258 1562 2465 1601 sumus.
2506 1572 2527 1595 η
2581 1547 2693 1601 Illis
2740 1556 2863 1619 post
2907 1550 3025 1605 haec
3071 1550 3471 1618 recedentibus,

1876 1630 2101 1687 afﬂictus
2130 1633 2247 1703 ipse
2280 1641 2332 1688 et
2362 1634 2550 1704 spiritu
2600 1636 2829 1690 anhelus
2870 1636 3232 1692 confitebatur
3280 1654 3338 1691 se
3387 1636 3475 1692 vix

1875 1735 2115 1791 unquam
2154 1721 2209 1775 in
2240 1729 2349 1775 tam
2381 1722 2534 1777 brevi
2564 1738 2714 1777 mora
2750 1732 2961 1779 tantum
2990 1725 3132 1779 taedii
3162 1724 3473 1796 pertulisse.

1875 1806 2025 1863 Sedit
2054 1825 2186 1863 vero
2218 1809 2634 1865 meditabundus
2660 1811 2990 1883 aliquandiu,
3036 1813 3476 1885 Omnipotentem

1873 1894 2063 1951 intimo
2110 1897 2289 1953 cordis
2338 1897 2535 1954 affectu
2582 1915 2832 1967 exorans,
2880 1908 2935 1955 ut
2979 1901 3059 1957 sic
3104 1901 3478 1973 perplexitatis

1874 1989 2039 2040 tantae
2088 1986 2292 2041 nodum
2339 1985 2623 2059 effugeret,
2659 1996 2923 2059 quatenus
2978 1997 3029 2045 et
3076 1989 3223 2045 illum
3253 1989 3478 2046 minime

1875 2071 2195 2139 offenderet,
2245 2082 2296 2129 et
2341 2076 2550 2131 amicos
2607 2084 2660 2131 et
2706 2075 2845 2132 filios
2914 2094 3275 2150 nequaquam,
3333 2078 3480 2134 velut

1875 2162 2223 2231 aspernando
2252 2178 2442 2218 eorum
2472 2164 2815 2231 sententiam,
2862 2165 3276 2221 scandalizaret.
3308 2165 3480 2221 Laxa-

1875 2247 1943 2302 tis
1975 2255 2155 2303 autem
2183 2251 2445 2305 membris
2474 2251 2692 2308 demum
2722 2253 2774 2306 in
2805 2269 3077 2324 soporem,
3126 2253 3309 2309 cordis
3356 2254 3474 2323 ejus

1874 2335 2061 2390 intima
2111 2338 2403 2393 Dominum
2453 2340 2724 2395 somniare
2784 2349 3085 2413 coeperunt.
3145 2341 3296 2397 Tunc
3352 2348 3478 2413 post

1875 2424 2067 2494 longas
2097 2424 2322 2480 visionis
2353 2426 2603 2482 almifluae
2624 2428 2870 2497 delicias,
2904 2429 3045 2485 hanc
3074 2429 3287 2485 cmlitus
3317 2429 3480 2485 emis-

1878 2527 1993 2565 sam
2023 2528 2214 2567 vocem
2245 2514 2446 2569 audivit
2479 2533 2492 2569 :
2529 2516 2798 2571 Mirabilis
2828 2518 2971 2572 Deus
3000 2519 3064 2572 in
3091 2520 3307 2573 sanctis
3338 2521 3477 2585 suis,

1878 2600 2025 2655 Deus
2054 2600 2230 2656 Israel
2249 2603 2365 2672 ipse
2387 2603 2542 2658 dabit
2560 2605 2827 2659 virtutem
2841 2606 3311 2674 etfortitudinem
3330 2608 3480 2679 plebi

1878 2704 2014 2741 sum.
2046 2689 2381 2744 Benedictus
2411 2692 2555 2746 Deus
2581 2697 2600 2745 !
2623 2692 2797 2759 (Psal.
2822 2706 2987 2757 van,
3014 2694 3203 2764 36.)In
3221 2695 3323 2750 hac
3344 2710 3479 2750 voce

1879 2774 1969 2830 ille
2003 2791 2194 2831 somno
2234 2785 2425 2832 exutus
2456 2786 2683 2832 stratum
2715 2778 2973 2846 deseruit,
3022 2780 3289 2853 solitoque
3319 2782 3479 2837 citius

1878 2863 1945 2916 ad
1976 2864 2395 2932 confessionem,
2429 2881 2591 2937 quam
2621 2866 2709 2921 die
2756 2867 2997 2939 qualibet
3051 2868 3274 2924 Sabbati
3327 2871 3477 2941 (256)

1880 2949 2124 3017 faciebat,
2147 2953 2391 3019 accessit,
2417 2953 2469 3006 in
2486 2970 2589 3025 qua
2602 2970 2661 3009 se
2682 2955 3033 3011 vehementer
3043 2956 3477 3027 reprehendebat

1880 3054 2043 3108 super
2071 3040 2544 3112 quantulacunque
2571 3041 2890 3097 titubatione
2936 3043 3210 3109 hesterna,
3253 3060 3360 3115 qua
3390 3045 3476 3100 vel

1871 3126 2111 3196 speciem
2132 3128 2527 3183 convenientiae
2548 3128 2618 3201 [Ῑ.
2634 3170 2648 3197 ,
2665 3130 3166 3202 conniventiae]sute
3186 3131 3477 3187 consulen-

1868 3213 2011 3268 tibus
2050 3215 2211 3269 noxia
2262 3224 2643 3288 praerogasset.
2682 3241 2702 3264 u
2739 3217 2913 3288 Spero
2961 3226 3162 3288 tamen,
3192 3218 3385 3290 inquit,
3416 3227 3475 3274 ut

1869 3299 2144 3357 conﬁtenti
2175 3302 2277 3357 sibi
2318 3312 2370 3359 et
2418 3304 2635 3359 deflenti
2682 3304 3016 3376 iniquitatem
3064 3322 3237 3362 meam
3281 3306 3472 3378 propi-

1865 3388 2029 3443 tietur
2076 3390 2206 3444 mihi
2265 3391 2526 3446 Dominus
2580 3400 2763 3448 noster
2818 3393 3060 3449 clemens
3115 3402 3169 3449 et
3222 3394 3364 3465 pius,
3418 3403 3470 3450 et

1855 3478 2009 3545 juxta
2038 3478 2218 3533 omnia
2249 3479 2511 3535 mirabilia
2541 3497 2637 3535 sua
2684 3489 2837 3536 eruat
2867 3498 2967 3537 nos
2994 3498 3024 3536 a
3052 3482 3310 3553 praesenti
3355 3499 3460 3537 an-

1863 3566 2060 3636 gustia.
2100 3587 2122 3616 ι

1939 3656 2081 3710 Ecce
2111 3663 2288 3710 autem
2319 3654 2373 3709 in
2404 3655 2557 3711 brevi
2586 3663 2706 3727 post
2736 3657 2853 3712 haec
2901 3657 3048 3712 venit
3093 3656 3164 3711 ad
3211 3674 3333 3712 eum
3364 3674 3464 3714 ve-
3544 3682 3547 3685 η

1863 3743 2122 3799 nerabilis
2153 3743 2424 3797 abbatissa
2454 3744 2522 3798 de
2552 3744 2717 3799 Fonte
2747 3744 2993 3799 Ebrandi
3014 3744 3184 3816 (257),
3220 3745 3464 3800 indicans

1862 3832 1911 3887 ei
1942 3831 2202 3887 secretius
2232 3847 2416 3904 regem
2449 3832 2555 3887 telo
2585 3831 2790 3887 balistae
2848 3847 3190 3903 percussum,
3239 3831 3465 3903 ancipiti

1863 3929 2006 3975 sorte
2060 3919 2200 3974 inter
2255 3917 2546 3974 confinium
2599 3919 2722 3975 vitae
2777 3928 2830 3975 et
2899 3920 3029 3975 lethi
3084 3921 3455 3988 ﬂuctuantem,

1862 4006 1980 4062 dies
1996 4008 2105 4075 jam
2136 4007 2339 4078 aliquot
2370 4009 2518 4078 (258)
2565 4007 2847 4064 doloribus
2900 4009 2956 4063 in
3009 4009 3188 4065 nimiis
3245 4017 3459 4080 pertra-

1863 4094 2027 4149 xisse.
2062 4095 2326 4162 Quantum
2382 4111 2511 4152 vero
2554 4097 2797 4153 recolere
2844 4113 3155 4168 possumus,
3199 4114 3295 4153 rex
3340 4097 3458 4169 ipsa

1861 4183 1950 4237 die
1980 4182 2242 4250 iaculatus
2289 4191 2371 4237 est
2417 4184 2527 4239 ictu
2573 4184 2778 4251 lethali,
2826 4201 2935 4256 qua
2982 4185 3271 4255 episcopus
3317 4184 3456 4240 adeo

1863 4269 2133 4325 cruciatus
2164 4270 2261 4324 fuit
2307 4270 2797 4341 importunitatibus
2843 4272 3048 4328 sinistri
3092 4271 3322 4328 consilii.
3374 4273 3456 4327 Eo

1862 4365 2043 4412 autem
2072 4356 2357 4412 interstitio
2387 4359 2665 4429 temporis,
2717 4360 2864 4431 quod
2906 4360 3070 4415 ictum
3117 4368 3171 4415 et
3210 4360 3456 4415 nuntium

158 4450 321 4504 trusis
352 4449 630 4505 monachis
678 4456 730 4504 et
776 4448 1004 4515 clericis,
1062 4448 1333 4518 episcOpis
1389 4448 1549 4503 etiam
1580 4456 1631 4503 et
1673 4446 1827 4507 ar-D
1852 4443 2157 4500 intercessit
2186 4445 2335 4517 regis
2364 4445 2619 4514 vulneris,
2662 4463 2823 4503 nemo
2865 4447 3025 4502 etiam
3069 4448 3235 4519 (unde
3285 4447 3453 4504 mira-

158 4537 542 4608 chiepiscopis,
577 4552 685 4592 non
717 4545 929 4608 partem
985 4537 1297 4608 quamlibet,
1330 4536 1428 4592 sed
1484 4538 1752 4593 universi-

231 4716 374 4782 (253)
411 4717 464 4768 In
507 4716 681 4768 Annal.
726 4716 1084 4776 Wigorniensis
1124 4714 1355 4766 Ecclesiae
1401 4728 1511 4778 pag.
1537 4716 1656 4776 477,
1700 4716 1750 4766 in

161 4781 304 4845 Angl.
331 4788 512 4835 Sacra:
550 4800 569 4829 α
590 4786 727 4834 Anno
750 4783 897 4842 1186,
926 4783 1296 4832 obiitBobertus
1323 4781 1473 4832 Foliot
1496 4783 1751 4844 episcopus

157 4850 552 4911 Herefordensis,
580 4851 655 4899 cui
693 4849 924 4899 successit
964 4849 1233 4898 Willelmus
1258 4849 1325 4898 Le
1348 4849 1460 4897 Ver.
1492 4864 1510 4895 ι
1553 4849 1751 4898 Trivet-

161 4921 260 4974 tus,
289 4917 350 4966 ad
376 4917 596 4965 eumdem
624 4927 825 4977 annum,
857 4915 992 4965 addit
1024 4915 1322 4965 Willelmum
1350 4914 1396 4963 in
1420 4915 1497 4964 die
1529 4915 1580 4963 S.
1628 4916 1751 4964 Lau-

158 4984 302 5033 rentii
330 4986 684 5033 consecratum.
713 4982 898 5031 Obiissc
939 4985 1099 5031 autem
1144 4981 1276 5029 illum
1319 4981 1369 5030 in
1404 4982 1597 5030 theatro
1639 4981 1749 5031 vitae

153 5051 398 5105 humanae,
428 5062 555 5098 anno
586 5049 732 5107 1199,
763 5049 915 5097 refert
952 5049 1167 5096 Laurent
1207 5046 1513 5107 Beyerlinck.
1559 5048 1611 5098 Si
1659 5047 1746 5107 ita,

153 5116 332 5165 obiisse
356 5116 521 5165 debuit
543 5116 593 5164 in
617 5114 845 5163 Januario
881 5118 964 5163 aut
989 5113 1254 5163 Februario
1288 5114 1405 5163 dicti
1432 5115 1563 5175 anni,
1594 5113 1661 5163 uti
1687 5126 1745 5163 ex

157 5183 249 5231 hoc
274 5182 378 5231 loco
402 5182 557 5243 colligi
584 5181 745 5230 datur.

230 5265 365 5327 (254)
392 5266 508 5315 Sine
534 5268 698 5328 optato
731 5276 979 5313 successu.
1024 5264 1129 5312 Non
1170 5264 1301 5313 enim
1345 5263 1611 5323 Walterus,
1661 5263 1745 5314 sed

155 5331 378 5394 lEgidius
418 5332 479 5381 de
541 5332 733 5381 Brevtes
784 5328 875 5391 (uti
923 5330 1130 5379 habetur
1183 5330 1232 5378 in
1283 5329 1459 5381 Annal.
1509 5329 1740 5390 Wigorn.

156 5412 208 5461 p.
235 5397 354 5460 479)
382 5398 575 5459 eligitur
598 5409 723 5446 anno
754 5396 899 5459 1199,
927 5395 976 5447 in
1001 5397 1279 5458 episcopum
1316 5394 1741 5446 Heretordensem.

294 5595 536 5649 ΡΑτιιοι..
578 5592 755 5649 CLIII.

1852 4533 2086 4602 bamur),
2123 4532 2173 4588 ei
2208 4533 2501 4605 quidquam
2546 4533 2872 4606 loquebatur
2917 4552 3084 4608 super
3131 4535 3454 4594 difﬁnitione

1918 4712 2060 4772 (255)
2090 4713 2497 4776 Archiepiseopis,
2516 4714 2760 4777 episc0pis
2775 4716 2825 4765 et
2844 4716 3114 4777 monachis,
3143 4727 3270 4767 anno
3293 4714 3446 4777 t207,

1850 4778 1899 4828 in
1924 4780 2147 4829 exsilium
2170 4780 2351 4843 missis,
2376 4781 2426 4830 in
2452 4793 2545 4843 quo
2570 4780 2712 4831 annis
2736 4781 2899 4832 multis
2924 4785 3283 4833 remanserunt.

1919 4878 2060 4941 (256)
2088 4882 2173 4930 Die
2198 4882 2360 4942 itaque
2385 4881 2604 4945 Veneris,
2632 4883 2737 4933 sive
2757 4883 2877 4933 feria
2917 4887 3075 4937 sexta.
3103 4897 3197 4946 qua
3220 4896 3307 4934 rex
3343 4886 3447 4936 vul-

1848 4951 2066 5007 neratur,
2094 4949 2230 5009 Hugo
2254 4960 2280 4996 a
2316 4948 2620 5008 consiliariis,
2666 4950 2791 4999 sicut
2838 4950 2918 4999 hic
2959 4950 3210 5012 scribitur,
3255 4964 3446 5003 summe

1848 5012 2108 5075 afﬂigitur;
2136 5026 2233 5063 non
2283 5026 2395 5063 vero
2437 5014 2519 5064 illa
2556 5018 2698 5065 nocte
2724 5028 2817 5078 qua
2864 5029 2952 5065 rex
2993 5018 3229 5077 mortuus,
3275 5018 3345 5068 uti
3384 5030 3446 5069 ex

1848 5080 1988 5129 Surio
2014 5080 2166 5129 refert
2192 5080 2471 5141 Raynaldus
2488 5081 2537 5129 in
2564 5082 2741 5131 Annal.
2770 5083 2831 5131 ad
2854 5082 2981 5132 hunc
3007 5095 3186 5133 annum
3213 5096 3325 5148 pag.
3354 5086 3441 5136 35.

1916 5177 2059 5248 (237)
2088 5180 2348 5248 Mathildis,
2376 5180 2521 5241 hujus
2546 5182 2757 5232 nominis
2780 5183 2866 5245 Ill,
2886 5194 2991 5245 quae
3008 5195 3065 5234 eo
3086 5196 3214 5236 anno
3233 5190 3447 5248 praerat

1846 5246 1959 5296 huic
1984 5249 2083 5296 tam
2110 5246 2292 5297 celebri
2330 5249 2639 5299 monasterio.

1916 5346 2055 5412 (258)
2081 5346 2281 5400 Scilicet
2306 5362 2332 5399 a
2351 5348 2429 5400 die
2453 5349 2518 5399 28
2540 5350 2719 5415 Martii,
2745 5363 2839 5413 qua
2862 5364 2945 5403 rex
2971 5352 3141 5404 vulnus
3166 5353 3372 5418 accepit.

3212 5606 3278 5659 3L
