3960 6062
476 215 613 268 1067

1353 214 1409 269 8.
1454 213 1766 270 HUGONIS
1803 211 2019 267 EPlSC.
2062 208 2383 267 LINCOLN.
2426 212 2589 268 0RD.
2632 213 2881 270 CARTH.

3629 214 3770 265 1068

478 340 591 388 tam
622 335 780 391 ardui
821 335 1026 406 negotii
1082 342 1295 407 tamque
1341 335 1614 407 urgentis;
1646 335 1761 406 ipse
1799 350 1926 390 vero
1971 332 2145 391 subA
2172 334 2340 403 gessi.
2374 335 2429 390 Si
2459 336 2587 407 quid
2628 337 2683 390 in
2727 336 3008 392 absentem
3053 334 3296 406 defiquit,
3346 336 3772 391 obtrectantium

479 421 695 477 silentio
726 422 1135 492 praestolabatur
1165 424 1400 477 salutare
1428 423 1546 477 Dei.

546 511 799 565 Decanus
828 510 1038 565 interea
1068 518 1121 564 et
1149 510 1394 564 canonici
1434 509 1849 581 Andegavensis
1875 509 2071 564 Eccle-

478 596 574 653 sia:
604 598 874 669 rogabant
905 614 1046 665 eum,
1081 606 1344 669 quatenus
1391 597 1611 651 instanti
1656 598 1744 653 die
1792 596 2073 652 Dominica

474 684 772 740 Palmarum
801 685 1044 741 divinum
1072 686 1215 757 apud
1254 701 1347 741 eos
1397 694 1785 755 exsequeretur
1812 684 2067 753 ofﬁcium,

478 772 605 844 quia
667 790 799 827 suus
847 773 1085 843 pontifex
1125 788 1157 828 a
1202 773 1354 828 curia
1398 774 1627 829 necdum
1675 774 1911 828 redierat
1957 774 2070 828 Ro-

472 876 655 927 mana,
687 860 741 915 in
773 876 879 932 qua
899 877 1072 933 nuper
1106 860 1470 933 episcopalem
1518 870 1834 932 perceperat
1880 876 2073 916 conse-

476 949 791 1004 crationem.
827 947 1034 1017 Quibus
1064 949 1154 1004 ille
1184 949 1560 1020 acquiescens,
1608 965 1731 1005 cum
1774 950 1884 1019 jam
1930 965 2073 1021 pras-

475 1036 688 1092 cedenti
718 1036 954 1092 Sabbato
984 1037 1053 1091 ad
1084 1037 1277 1091 urbem
1326 1038 1571 1092 tenderet
1609 1046 1983 1107 memoratam,
2015 1036 2070 1091 in

475 1124 656 1179 medio
687 1123 876 1179 itinere
908 1125 1140 1179 occurrit
1172 1124 1216 1177 si
1248 1124 1494 1189 clericus,
1546 1126 1763 1180 nomine
1796 1125 2071 1179 Gilbertus

471 1208 540 1266 de
571 1211 746 1277 Lasci,
779 1212 958 1266 verbis
988 1212 1306 1267 certissimis
1354 1213 1681 1267 annuntians
1730 1229 1919 1285 regem
1961 1214 2071 1281 jam

474 1299 716 1353 debitum
746 1300 937 1354 mortis
969 1300 1267 1355 exsolvisse
1322 1301 1493 1370 (259).
1548 1300 1722 1367 Quem
1753 1308 1806 1355 et
1859 1300 1948 1355 die
1978 1316 2070 1355 se-

475 1387 660 1458 quenti
728 1387 797 1441 ad
854 1386 1086 1457 vestigia
1144 1387 1316 1457 patris
1364 1386 1447 1441 sui
1493 1387 1638 1457 apud
1686 1388 2071 1442 monasterium

473 1474 659 1529 Fontis
687 1474 932 1528 Ebrandi
962 1474 1285 1528 tradendum
1312 1474 1545 1529 innotuit
1574 1475 1869 1544 sepultura:
1899 1476 2069 1546 (260).

475 1562 572 1616 His
602 1561 691 1616 ille
720 1560 916 1615 auditis
946 1561 1104 1615 altius
1134 1562 1417 1633 ingemuit,
1462 1578 1630 1633 seque
1660 1563 1728 1617 ad
1759 1561 1937 1617 locum
1969 1563 2070 1618 de-

2170 420 2367 488 livori,
2415 440 2523 477 non
2589 441 2701 479 suae
2748 424 2803 478 id
2854 424 3035 478 debuit
3095 423 3343 494 pravitati
3392 440 3487 478 seu
3542 422 3772 476 malitia:

2171 510 2390 565 ascribi.
2424 511 2670 565 Reddam
2698 512 2862 584 igitur
2891 512 3064 567 vicem
3112 527 3209 582 pro
3256 511 3463 567 viribus
3492 511 3632 566 meis
3663 526 3775 564 sae-

2170 598 2291 669 pius
2320 598 2451 652 mihi
2496 598 2565 653 ab
2602 615 2668 654 eo
2709 598 2971 669 impensis
3017 600 3329 665 honoribus,
3389 615 3489 654 nec
3530 615 3630 669 per
3676 612 3777 652 me

2170 685 2333 740 stabit
2363 685 2494 757 quin
2523 688 2639 755 ejus
2678 687 2950 761 exsequiis
2992 686 3219 742 devotus
3244 686 3515 741 assistam.
3548 686 3604 741 Si
3634 702 3773 755 per-

2169 773 2318 845 genti
2349 774 2637 845 przedones
2656 786 2959 844 occurrant,
2993 775 3037 829 si
3060 792 3231 847 equos
3260 775 3469 843 tollant,
3508 776 3553 828 si
3584 783 3777 829 vestes

2170 861 2432 928 auferant,
2466 879 2532 918 eo
2581 864 2881 934 expeditius
2927 863 3243 919 incedemus
3291 879 3399 935 quo
3446 863 3645 917 fuerint
3674 880 3777 917 ve-

2171 957 2341 1004 strum
2372 951 2604 1006 sarcina:
2656 951 2907 1008 leviores.
2960 952 3014 1007 Si
3060 960 3113 1007 et
3160 951 3329 1023 pedes
3375 950 3773 1020 constringan-

2170 1044 2277 1103 tur,
2309 1046 2361 1092 et
2391 1038 2662 1094 incedenti
2692 1039 2921 1095 facultas
2959 1039 3279 1110 denegetur,
3305 1047 3430 1095 tunc
3464 1038 3643 1110 primo
3682 1038 3772 1092 le—

2170 1124 2356 1197 gitime
2406 1126 2753 1181 excusabitur
2802 1127 3047 1182 absentia
3103 1127 3436 1197 corporalis,
3489 1142 3610 1181 cum
3661 1142 3777 1179 non

2172 1228 2271 1268 suo
2315 1214 2460 1281 vitio,
2509 1214 2604 1268 sed
2654 1214 2846 1269 alienis
2886 1215 3045 1270 fuerit
3089 1224 3292 1270 remota
3339 1214 3429 1287 [f.,
3477 1212 3775 1283 remorata]

2169 1301 2486 1358 obstaculis.
2527 1326 2547 1350 ιι

2244 1390 2370 1446 Haec
2414 1389 2621 1459 dicens,
2669 1390 2871 1446 relictis
2929 1390 2983 1444 in
3028 1390 3244 1446 civitate
3292 1391 3441 1461 (261)
3484 1390 3670 1449 sociis.
3720 1397 3773 1443 et

2171 1476 2426 1532 universa
2456 1494 2595 1547 pene
2626 1477 2948 1547 supellectili
2978 1494 3092 1545 sua,
3129 1494 3235 1533 uno
3258 1486 3466 1533 tantum
3495 1495 3561 1533 ex
3589 1478 3761 1531 mino-

2172 1565 2323 1619 ribus
2353 1564 2676 1621 clericorum
2708 1581 2955 1631 suorum,
2987 1574 3040 1621 et
3086 1582 3195 1620 uno
3242 1582 3365 1621 cum
3394 1566 3579 1637 paucis
3600 1565 3765 1619 clien-

474 1649 749 1722 signatum
779 1665 904 1704 mox
934 1649 989 1703 in
1020 1649 1341 1721 obsequium
1373 1650 1484 1704 suis
1514 1650 1780 1705 intimavit
1811 1667 1934 1706 esse
1962 1651 2066 1706 itu—
2093 1674 2146 1735 Β
2176 1653 2320 1708 tibus
2351 1654 2639 1720 monacho,
2660 1669 2843 1709 secum
2866 1652 3219 1725 pergentibus
3240 1653 3515 1724 irecmpit.
3534 1653 3769 1707 Audiens

475 1753 618 1793 rum.
670 1736 828 1805 Quod
875 1754 943 1792 ne
996 1736 1221 1803 faceret,
1254 1753 1441 1792 eorum
1472 1754 1611 1809 pene
1653 1739 1977 1794 universitas
2024 1740 2075 1794 ei

477 1824 798 1881 dissuadere
829 1826 1069 1880 tentavit.
1103 1825 1205 1881 Ubi
1236 1833 1416 1881 autem
1470 1826 1718 1897 pervenit
1740 1827 1808 1882 ad
1858 1827 2071 1897 urbem,

478 1913 703 1986 agnovit
724 1914 838 1983 jam
869 1914 1289 1986 circumquaque
1338 1914 1438 1969 hos
1481 1914 1858 1985 percrebuisse
1886 1931 2074 1970 rumo-

479 2018 585 2071 res,
618 2002 929 2074 passimque
962 2001 1233 2057 viantibus
1280 2002 1565 2057 violentias
1612 2002 1818 2069 inferri,
1851 2011 1904 2057 et
1932 2003 2073 2074 rapi-

478 2106 578 2145 nas
609 2089 848 2162 undique
881 2089 1146 2145 exerceri.
1178 2090 1320 2144 Nam
1351 2098 1401 2144 et
1439 2106 1661 2145 suorum
1711 2091 1951 2162 quidam,
1984 2090 2076 2162 qui

479 2177 550 2231 ab
581 2176 779 2248 Anglia
807 2176 857 2232 ei
887 2185 1134 2247 sumptus
1163 2175 1484 2244 aﬂ‘erebant,
1517 2178 1572 2232 in
1602 2193 1795 2232 manus
1823 2179 2075 2249 prmdan-

482 2264 611 2320 tium
649 2264 975 2331 inciderunt,
1009 2264 1098 2335 qui
1119 2265 1199 2320 eis
1229 2265 1593 2337 quadraginta
1629 2265 1838 2338 argenti
1867 2281 2076 2322 marcas

486 2352 844 2408 abstulerunt.
896 2353 1204 2408 Suadebant
1248 2353 1413 2424 igitur
1443 2353 1602 2409 amici
1651 2370 1754 2408 una
1803 2370 1925 2409 cum
1972 2355 2077 2409 do-

486 2440 719 2497 mesticis
748 2441 860 2496 suis
898 2458 968 2495 ne
1015 2442 1254 2512 seipsum
1285 2450 1337 2496 et
1365 2457 1491 2496 suos
1540 2441 1737 2496 talibus
1786 2450 2079 2513 exponeret

483 2529 818 2595 tumultibus,
853 2528 982 2600 quin
1012 2530 1191 2600 potius
1219 2529 1272 2583 in
1304 2530 1517 2585 civitate
1547 2529 1834 2597 resideret,
1869 2546 2076 2602 quous-

482 2633 588 2689 que
626 2617 743 2689 regi
798 2616 1054 2672 defuncto
1109 2617 1362 2687 princeps
1410 2617 1684 2690 legitimus
1741 2618 2073 2683 succederet,

480 2720 582 2775 per
610 2720 773 2775 quem
818 2704 1179 2759 violentorum
1226 2705 1518 2776 nequitiam
1566 2705 1847 2775 comprimi
1896 2704 2081 2761 eveni-

481 2798 584 2848 ret.
613 2791 949 2846 Asserebant
978 2807 1209 2862 namque
1238 2791 1457 2862 plurimi
1504 2800 1706 2846 tantam
1736 2808 1926 2847 eorum
1955 2808 2080 2848 esse

482 2878 916 2950 perversitatem,
968 2878 1113 2949 quod
1142 2894 1251 2934 non
1294 2879 1469 2952 magis
1515 2879 1794 2935 deferrent
1841 2878 2080 2950 pontifici

483 2982 646 3038 quam
675 2982 921 3038 personae
950 2966 1168 3023 cuilibet
1196 2966 1392 3023 laicali.
1417 2990 1438 3014 α
1475 2965 1616 3037 Quid
1645 2967 1805 3036 enim,
1840 2967 2075 3034 aiebant,

483 3054 641 3111 vobis
671 3062 979 3127 suppeteret
1036 3054 1266 3123 consilii,
1321 3054 1368 3109 si
1412 3055 1579 3127 (quod
1625 3056 1773 3111 Deus
1802 3064 2011 3111 avertat
2035 3055 2075 3128 l)

482 3142 539 3197 in
567 3150 779 3198 remota
827 3142 1114 3197 solitudine
1171 3141 1409 3197 vecturis
1450 3150 1504 3197 et
1559 3142 1803 3198 vestibus
1852 3158 1951 3198 vos
1980 3160 2077 3214 per

483 3230 619 3285 istos
649 3229 870 3301 spoliari
899 3229 1280 3301 contingeret?
1307 3250 1329 3280 ι
1356 3230 1438 3284 Ad
1480 3230 1596 3286 haec
1634 3230 1743 3299 ille,
1768 3239 1822 3285 ut
1852 3247 1983 3287 vere
1998 3232 2076 3300 ju-

482 3324 619 3383 stus,
652 3316 764 3388 qui,
790 3316 929 3372 sicut
958 3316 1044 3372 leo
1076 3315 1358 3373 conﬁdens
1388 3317 1597 3388 absque
1618 3325 1823 3373 terrore
1853 3318 1907 3373 in
1930 3319 2080 3373 omni

482 3412 692 3461 terrore
720 3404 836 3472 fuit,
868 3404 977 3460 imo
1017 3413 1069 3459 et
1115 3404 1265 3460 illato
1308 3414 1521 3461 terrore
1566 3422 1782 3477 semper
1824 3415 2077 3463 constan-

482 3491 609 3562 tior,
643 3492 815 3565 inquit
848 3507 860 3546 :
895 3514 917 3539 α
953 3492 1096 3547 Satis
1126 3492 1311 3563 utique
1340 3501 1486 3563 patet
1532 3503 1733 3565 quanta
1778 3494 1833 3548 in
1862 3495 1967 3550 hoc
1995 3494 2080 3549 iti-

479 3595 613 3635 nere
641 3580 895 3646 timenda,
931 3580 1030 3636 sed
1060 3580 1279 3645 timidis,
1310 3596 1601 3635 occurrere
1625 3582 1854 3652 possint.
1876 3583 2079 3637 Verum

479 3667 612 3721 mihi
641 3668 883 3722 moribus
915 3668 1091 3740 magis
1120 3668 1417 3722 timendum
1447 3668 1714 3738 existimo,
1749 3686 1817 3724 ne
1847 3670 2079 3725 Domino

480 3754 751 3828 quondam
781 3763 834 3810 et
862 3756 980 3826 regi
1010 3771 1133 3810 meo
1165 3770 1344 3810 meam
1382 3755 1653 3828 ignaviter
1701 3757 1875 3812 videat
1906 3756 1959 3811 in
1990 3757 2080 3811 tali

478 3841 704 3898 articulo
734 3842 1050 3898 subtrahere
1094 3844 1459 3913 praesentiam,
1508 3860 1610 3900 nec
1650 3843 1811 3899 fidem
1841 3845 1929 3900 vel
1957 3862 2082 3916 gra-

478 3928 610 3984 tiam
638 3918 854 3984 mortuo
883 3945 1179 3997 resumere,
1226 3945 1385 4002 quam
1431 3931 1549 3985 viro
1588 3947 1807 4001 semper
1852 3932 2082 3987 devotus

478 4015 717 4071 exhibui.
751 4015 894 4084 Quid
926 4016 1071 4071 enim
1099 4016 1314 4083 mirum,
1346 4017 1391 4071 si
1422 4017 1725 4072 molestiam
1754 4020 1912 4074 nobis
1934 4019 2080 4074 intu-

476 4103 620 4170 lerit,
654 4103 785 4158 dum
817 4103 920 4158 sibi
956 4104 1257 4176 amalignis
1278 4103 1613 4159 adulantium
1644 4106 1885 4161 consiliis
1905 4107 2082 4162 minus

477 4190 661 4248 cavit?
690 4198 839 4248 certe
869 4192 1211 4263 praesentiam
1236 4208 1408 4246 meam
1431 4209 1704 4264 nunquam
1723 4194 1839 4250 sine
1871 4210 2083 4249 summo

478 4278 681 4350 recepit
709 4280 940 4345 honore,
989 4295 1268 4351 nunquam
1315 4297 1400 4335 me
1447 4280 1816 4337 inexauditum
1856 4283 2080 4350 dimisit,

2174 1757 2305 1796 vero
2337 1741 2582 1811 reginam
2613 1740 2995 1812 Berengariam
3040 1741 3096 1795 in
3136 1749 3317 1796 castro
3366 1742 3587 1808 morari,
3623 1740 3768 1811 quod

2174 1823 2572 1880 Beaufordense
2604 1823 2753 1895 (262)
2783 1823 3105 1894 appellatur,
3158 1823 3377 1878 divertit
3409 1838 3441 1877 a
3470 1824 3558 1877 via
3597 1823 3770 1893 publi-

2176 1928 2259 1979 ca,
2289 1920 2342 1969 et
2372 1929 2471 1984 per
2499 1912 2771 1967 horrenda
2798 1912 3053 1966 silvarum
3075 1912 3213 1978 loca,
3247 1919 3305 1965 ut
3332 1926 3455 1965 eam
3484 1927 3647 1981 super
3671 1911 3769 1964 viri

2175 2001 2257 2055 sui
2286 2000 2664 2056 consolaretur
2722 1999 2957 2066 interitu,
3003 1999 3073 2054 ad
3116 2007 3471 2054 memoratum
3512 1998 3769 2069 Oppidum

2173 2089 2437 2160 pervenit.
2484 2089 2823 2159 Locutusque
2872 2087 2941 2142 ad
2985 2103 3082 2143 cor
3127 2087 3321 2153 viduae,
3372 2086 3675 2152 maerentis,
3721 2094 3770 2140 et

2174 2192 2348 2249 usque
2394 2177 2746 2241 adanimam
2802 2192 2942 2246 pene
2994 2182 3373 2240 consternata},
3425 2175 3565 2228 miro
3605 2174 3767 2229 modo

2176 2264 2419 2335 spiritum
2468 2264 2581 2332 ejus
2628 2263 2890 2319 delinivit.
2944 2262 3119 2331 Quam
3171 2261 3387 2333 optimis
3430 2262 3769 2316 sermonibus

2177 2352 2245 2406 ad
2274 2352 2583 2407 habendam
2604 2352 2657 2406 in
2678 2352 2920 2407 adversis
2948 2351 3310 2418 tolerantiam,
3336 2358 3388 2405 et
3408 2350 3461 2403 in
3491 2351 3768 2421 prosperis

2175 2441 2444 2494 cautelam
2473 2440 2792 2505 informans,
2826 2438 3101 2495 celebrata
3140 2438 3337 2493 ibidem
3388 2438 3552 2492 missa
3580 2453 3643 2492 ac
3677 2438 3767 2491 be-

2177 2529 2485 2583 nedictione
2505 2528 2735 2583 solemni
2751 2527 2958 2600 reginae
2983 2534 3037 2581 et
3063 2526 3203 2596 aliis,
3228 2526 3318 2597 qui
3339 2526 3583 2593 aderant,
3602 2526 3768 2579 multa

2178 2632 2243 2671 ex
2274 2616 2561 2671 devotione
2590 2614 2876 2687 impertita,
2928 2614 3183 2671 continuo
3230 2614 3478 2670 recessit.
3522 2614 3766 2669 Pervenit

2176 2712 2355 2759 autem
2387 2704 2506 2774 ipsa
2534 2702 2623 2758 die
2649 2703 2797 2775 (263)
2829 2702 2897 2758 ad
2929 2702 3187 2773 oppidum
3217 2702 3362 2774 quod
3406 2702 3603 2758 Samur
3630 2702 3765 2757 dici-

2177 2800 2281 2859 tur,
2315 2799 2689 2863 exceptusque
2720 2807 2842 2847 cum
2873 2790 3053 2845 litania
3083 2790 3137 2845 in
3184 2805 3418 2846 occursu
3467 2789 3659 2845 festino
3702 2789 3765 2843 ab

2178 2879 2462 2951 oppidanis
2486 2878 2609 2945 illis,
2644 2879 2790 2951 apud
2830 2879 3143 2950 prmdictum
3189 2878 3489 2933 Gilbertum
3517 2878 3588 2933 de
3615 2876 3765 2933 Lasci

2178 2967 2349 3040 (264),
2380 2974 2508 3023 tunc
2534 2967 2609 3022 ibi
2628 2967 2830 3023 scholis
2849 2974 3153 3032 vacantem,
3189 2965 3349 3020 nimis
3381 2966 3497 3035 ejus
3524 2964 3762 3021 devictus

2172 3056 2428 3129 precibus
2456 3055 2674 3110 mansit.
2708 3057 2753 3110 Α
2802 3071 2910 3127 quo
2950 3053 3328 3111 liberalissime
3374 3062 3650 3125 exceptus,
3685 3070 3765 3108 se-

2174 3144 2356 3217 quenti
2420 3160 2579 3198 mane
2611 3186 2623 3210 ,
2675 3142 2959 3199 Dominica
3018 3142 3269 3198 videlicet
3332 3142 3641 3197 Palmarum
3685 3140 3767 3195 die

2175 3234 2344 3303 (265),
2375 3232 2523 3287 venit
2540 3231 2611 3287 ad
2638 3230 3028 3287 monasterium
3051 3230 3235 3285 Fontis
3263 3229 3524 3294 Ebrandi,
3548 3229 3765 3284 obvios-

2176 3337 2282 3392 que
2310 3320 2494 3375 habuit
2521 3320 2575 3374 in
2604 3319 2735 3392 ipsis
2764 3319 2970 3374 foribus
2994 3317 3240 3375 ecclesias
3268 3317 3404 3391 regii
3421 3316 3629 3372 funeris
3647 3332 3769 3387 por-

2176 3410 2387 3465 titores.
2421 3408 2543 3477 Quo
2571 3409 2789 3463 demum
2820 3406 3362 3465 honoriﬁcentissime
3384 3407 3534 3475 juxta
3564 3406 3768 3476 magni-

2176 3496 2447 3553 ficentiam
2476 3496 2690 3569 regiam
2719 3496 2914 3551 tradito
2948 3495 3258 3566 sepulturae,
3282 3494 3441 3551 rediit
3484 3493 3769 3564 episcopus

2178 3585 2357 3640 denuo
2387 3585 2456 3639 ad
2485 3584 2779 3655 hospitium
2808 3591 3183 3655 prmtaxatum.
3236 3582 3367 3638 Inde
3412 3598 3511 3654 per
3536 3582 3771 3636 triduum

2180 3673 2550 3729 continuatum
2595 3673 2744 3743 (266)
2784 3672 2855 3727 ad
2900 3670 3291 3727 monasterium
3334 3670 3467 3725 illud
3512 3686 3769 3743 pergens,

2180 3762 2527 3832 superstitum
2575 3760 2862 3816 missarum
2909 3768 2961 3815 et
3006 3758 3343 3830 psalmorum
3399 3758 3768 3830 replicatione.

2180 3856 2290 3904 tam
2320 3849 2540 3920 regibus
2578 3848 2780 3904 ibidem
2827 3846 3053 3919 sepultis
3088 3862 3251 3918 quam
3290 3845 3541 3901 ﬁdelibus
3568 3846 3772 3902 cunctis

2179 3937 2234 3991 in
2264 3938 2476 3992 Christo
2506 3936 2929 4008 quiescentibus,
2962 3934 3177 3991 veniam
3214 3934 3562 4005 implorabat,
3606 3942 3658 3990 et
3685 3933 3769 3989 lu-

2182 4025 2260 4081 cis
2289 4033 2562 4095 perpetua
2591 4023 2922 4080 felicitatem.

2819 4128 3042 4184 CAPUT
3070 4127 3218 4183 XVI.

2189 4227 2441 4297 Qualiter
2496 4228 2758 4297 Joannes,
2800 4241 2906 4280 rex
2932 4226 3208 4297 futurus,
3251 4228 3385 4297 post,
3423 4224 3771 4297 sepulturam

2253 4299 2477 4368 fratris,
2504 4296 2652 4368 apud
2673 4297 2907 4368 Fontem
2924 4295 3170 4349 Ebrandi
3181 4296 3415 4368 accessit
3438 4295 3493 4349 et
3510 4296 3698 4366 qualia
3718 4309 3770 4347 se

478 4381 599 4422 cum
629 4365 679 4421 ei
709 4382 803 4422 ore
831 4366 1051 4438 proprio
1089 4384 1254 4439 super
1287 4368 1520 4441 negotiis
1550 4370 1686 4424 meis
1712 4370 1889 4442 aliqua
1940 4387 2073 4442 sug-
2101 4362 2154 4422 D
2245 4362 2549 4439 facturum'
2567 4363 2906 4421 monialibus
2925 4380 3029 4436 per
3048 4369 3305 4420 nostrum
3342 4362 3628 4436 Hugonem
3655 4379 3769 4435 pro-

553 4542 695 4608 (259)
719 4544 789 4595 De
814 4544 926 4595 hoc.
959 4549 1008 4600 in
1032 4545 1209 4596 Annal.
1227 4546 1452 4595 Winton.
1472 4545 1599 4608 apud
1622 4547 1827 4597 Warth.
1861 4548 1909 4596 in
1929 4548 2073 4608 Angl.

480 4612 650 4671 Sacra,
672 4622 783 4673 pag.
811 4610 911 4660 304
937 4628 949 4659 :
987 4630 1008 4651 ε
1038 4611 1309 4662 Richardus
1334 4624 1421 4661 rex
1446 4613 1573 4674 apud
1598 4613 1826 4675 oppidum
1848 4614 2076 4664 Chaulew

482 4678 581 4729 telo
604 4678 854 4740 perfossus
880 4679 957 4726 est
993 4690 1059 4725 vn
1084 4678 1192 4727 Kal.
1220 4676 1418 4739 Aprilis,
1445 4678 1659 4740 obiitque
1684 4692 1770 4728 viii
1798 4679 1908 4729 ldus
1942 4680 2076 4741 ejus-

480 4744 594 4796 dem
621 4743 821 4805 mensis,
847 4743 926 4794 die
954 4743 1180 4793 videlicet
1202 4744 1391 4795 Martis.

552 4827 696 4893 (260)
748 4844 769 4875 ι
806 4827 1149 4891 Sepultumque
1184 4830 1258 4877 est
1295 4838 1470 4889 corpus
1508 4824 1786 4891 (Richardi)
1829 4829 1889 4879 ad
1931 4829 2077 4893 pedes

483 4895 643 4956 patris
657 4894 732 4944 sui
760 4893 955 4944 Henrici
991 4895 1119 4954 regis
1161 4894 1284 4955 apud
1310 4894 1511 4942 Fontem
1538 4896 1789 4945 Everardi.
1820 4915 1841 4939 ι
1874 4897 1944 4946 Ita
1980 4899 2077 4946 An-

483 4960 623 5010 nales
648 4961 869 5022 Winton,
896 4960 1001 5009 loco
1027 4960 1245 5021 proxime
1271 4960 1439 5009 citato.

484 5121 515 5159 η
556 5042 697 5158 (261)
726 5043 1079 5106 Andegavensi,
1107 5044 1166 5093 ad
1192 5054 1336 5105 quam
1360 5043 1498 5106 Hugo
1520 5056 1709 5095 summo
1738 5057 1877 5096 mane
1916 5058 2082 5107 perve-

519 5122 604 5159 era
634 5144 647 5157 .

519 5122 647 5159 erat.

552 5191 699 5259 (262)
720 5193 871 5254 νωεο
891 5192 1145 5259 Βςαιιίονι,
1172 5194 1223 5243 in
1249 5205 1342 5255 quo
1375 5193 1668 5256 Berengaria
1692 5194 1926 5246 Richardi
1946 5196 2075 5259 regis

486 5263 602 5310 tunc
625 5258 769 5309 vidua
806 5258 1105 5309 morabatur.
1150 5306 1153 5313 .

559 5341 695 5405 (265)
733 5342 785 5393 ld
809 5345 903 5403 est,
931 5340 1010 5408 die
1046 5343 1106 5391 10
1144 5344 1341 5407 Aprilis,
1387 5358 1477 5408 qua
1513 5343 1696 5395 relictis
1735 5344 1784 5394 in
1806 5344 2084 5406 Andegavia

483 5408 653 5475 sociis,
667 5411 717 5458 et
730 5408 973 5475 celebrata
999 5407 1049 5459 in
1070 5409 1299 5461 Beaut‘ort
1320 5407 1485 5473 miSsa,
1503 5411 1725 5475 pervenit
1744 5410 1805 5462 ad
1830 5422 2082 5474 vesperum

489 5475 544 5525 in
580 5474 893 5538 Salmurium,
923 5474 1173 5529 civitatein
1202 5477 1263 5529 ad
1287 5474 1686 5541 Ligerimsitam.

2243 4544 2385 4610 (264)
2413 4543 2721 4606 Progenitum
2746 4557 2805 4596 ex
2828 4542 3000 4606 nobili,
3026 4542 3085 4594 de
3109 4541 3463 4594 Northmannia
3485 4542 3536 4591 in
3552 4541 3769 4604 Angliam

2176 4612 2435 4674 translato,
2462 4614 2739 4662 stemmate.

2243 4730 2383 4793 (265)
2411 4730 2524 4791 Qum
2550 4742 2607 4780 eo
2624 4741 2749 4780 anno
2770 4726 2940 4779 incidit
2965 4728 3013 4778 in
3036 4726 3165 4778 diem
3193 4727 3249 4778 11
3272 4724 3470 4790 Aprilis,
3490 4723 3772 4789 Radulphus

2174 4798 2493 4859 Goggeshale,
2521 4800 2641 4846 tom.
2671 4795 2730 4857 V,
2769 4796 2972 4845 Collect.
3012 4796 3248 4856 Martene,
3288 4806 3399 4855 pag.
3428 4794 3576 4859 7857,
3608 4793 3774 4843 scribit

2178 4858 2356 4925 corpus
2382 4862 2615 4913 Richardi
2666 4860 2795 4924 regis
2837 4862 3090 4912 Dominica
3128 4861 3177 4910 in
3218 4860 3401 4911 Palmis
3416 4858 3557 4921 juxta
3591 4863 3771 4921 patrem

2177 4942 2317 4979 suum
2352 4929 2484 4990 regio
2509 4930 2697 4978 honore
2720 4926 2847 4988 apud
2884 4926 3278 4978 sanctimoniales
3305 4927 3365 4977 ab
3397 4927 3623 4989 episcopo
3665 4926 3770 4975 Lin-

2180 4995 2414 5045 eolniensi
2456 4996 2707 5044 humatum
2745 5005 2869 5043 esse.

2254 5114 2385 5173 (266)
2413 5115 2485 5163 Ex
2526 5112 2771 5163 Salmurio
2807 5112 2869 5162 ad
2911 5113 3112 5161 Fontem
3157 5112 3354 5162 Ebraldi
3403 5111 3508 5172 ivit,
3542 5115 3591 5159 et
3632 5110 3775 5160 rediit

2183 5181 2322 5241 llugo
2343 5180 2515 5229 diebus
2539 5179 2725 5228 scilicet
2752 5180 2833 5236 ll,
2864 5178 2923 5227 12
2946 5183 2994 5227 et
3015 5179 3077 5226 l5
3100 5178 3301 5239 Aprilis,
3332 5178 3392 5228 ad
3424 5189 3564 5240 quem
3605 5176 3773 5234 etiam,

2179 5246 2256 5295 die
2278 5247 2337 5295 14
2362 5258 2453 5295 una
2481 5258 2590 5295 cum
2614 5246 2796 5295 Joanne
2821 5244 2982 5293 futuro
3007 5256 3121 5306 rege
3144 5244 3378 5307 perrexit,
3404 5246 3581 5295 etcum
3605 5242 3776 5294 eodem

2183 5312 2329 5364 rediit
2352 5311 2666 5376 Salmurium,
2695 5309 2764 5362 uti
2788 5322 2848 5361 ex
2865 5322 2971 5373 seq.
2999 5322 3107 5373 cap.
3132 5314 3285 5374 patet.
