3960 6062
230 246 364 295 1069

1577 235 1759 289 VlTA.
1801 262 1869 273 —
1906 233 2037 286 LIB.
2088 232 2151 284 V.

3380 227 3515 278 1070

306 364 551 429 miserit,
587 366 641 416 et
682 363 748 416 de
785 362 1041 431 pluribus
1086 360 1254 427 gestis
1290 359 1536 427 ejusdem
1567 356 1821 422 Joannis,
1854 355 2027 416 Allis
2060 353 2235 417 dictis,
2272 358 2323 403 et
2367 350 2437 403 ita
2488 348 2727 418 prolatis,
2777 347 3017 417 virgines
3065 348 3168 400 illm
3225 347 3519 415 prudentes

306 450 467 489 suam
490 430 913 486 insinuantibus
932 430 1379 501 reprobationem
1400 432 1682 497 futuram.

301 555 616 634 Feria.vero
639 561 833 624 quarta
857 554 967 621 jam
1004 552 1375 606 dilucescente
1426 550 1596 618 (267),
1660 547 1829 601 frater

236 644 405 712 regis,
426 643 681 706 Joannes,
707 640 1030 695 Sine-Terra
1065 640 1213 705 (268)
1244 636 1678 709 cognominatus,
1713 650 1833 687 sus-

239 738 430 799 ceptus
461 737 544 783 est
573 729 717 799 apud
767 728 1066 782 Chinonem
1107 727 1256 795 (269)
1288 742 1319 779 a
1363 724 1680 794 proceribus
1710 721 1834 792 qui-

238 817 471 871 busdam
493 817 814 888 Anglorum,
856 822 1097 869 castrum
1152 814 1331 883 ipsum
1374 811 1740 878 servantibus,
1780 815 1838 861 ut

243 913 509 976 prasesset
537 904 788 959 omnibus
818 903 939 958 loco
974 901 1157 957 fratris
1189 901 1290 955 sui.
1348 899 1574 953 Familia
1622 912 1839 969 quoque

246 993 396 1063 regis
425 992 663 1047 defuncti
683 990 885 1046 ibidem
915 989 1207 1046 constituta
1228 1004 1288 1043 se
1318 988 1388 1042 ad
1417 987 1593 1057 ipsum
1618 983 1842 1040 contulit

246 1082 439 1135 eadem
473 1081 580 1135 die.
616 1080 941 1133 Praestiterat
970 1077 1115 1132 enim
1158 1075 1401 1131 solemne
1452 1075 1839 1142 juramentum,

250 1168 391 1238 quod
426 1175 806 1222 testamentum
836 1166 985 1237 regis
1013 1163 1252 1220 defuncti
1300 1162 1533 1217 fideliter
1582 1175 1844 1232 exseque-

252 1263 422 1309 retur.
454 1255 614 1323 Quod
643 1262 910 1325 prasterea
939 1253 1212 1325 legitimas
1252 1251 1495 1322 priorum
1551 1255 1846 1305 consuetu-

251 1342 429 1411 dines,
475 1343 756 1413 justasque
820 1350 1087 1397 terrarum
1126 1340 1241 1395 sive
1290 1338 1617 1409 populorum
1673 1336 1845 1406 leges,

254 1431 449 1501 quibus
472 1440 589 1485 erat
619 1429 1013 1500 praeﬁciendus,
1052 1427 1433 1483 inviolabiliter
1478 1430 1848 1480 conservaret.

259 1521 373 1575 Rex
404 1519 622 1590 quidem
662 1518 948 1571 defunctus
1003 1516 1217 1571 modico
1261 1522 1383 1569 ante
1431 1513 1639 1568 obitum
1696 1528 1849 1566 suum

257 1614 499 1676 tempore
520 1605 674 1659 terris
708 1604 959 1659 omnibus
990 1619 1126 1674 quas
1157 1603 1421 1657 habuerat
1451 1602 1628 1671 ipsum
1688 1598 1853 1653 desti-

1931 441 2239 511 pulsantem
2314 438 2613 507 principem
2671 442 3019 505 compescunt
3077 443 3129 488 et
3203 435 3516 499 excludunt,

1934 529 2243 598 clausisque
2270 526 2565 597 diligenter
2586 524 2793 579 foribus
2824 524 2893 577 ad
2920 523 3098 578 socias
3154 530 3519 576 revertuntur.

2006 617 2057 669 Is
2090 630 2221 669 vero
2250 615 2315 668 ad
2366 613 2679 683 episc0pum
2736 627 3053 677 conversus,
3104 610 3331 680 rogabat
3379 626 3520 675 eum,

1939 713 2203 774 quatenus
2233 702 2543 771 petitionem
2604 715 2779 765 suam,
2838 714 2935 769 pro
2984 698 3256 769 suffragiis
3314 698 3525 753 illarum

1937 792 2081 862 apud
2103 792 2277 845 Deum
2306 789 2634 855 obtinendis,
2670 788 2868 843 Christi
2907 788 3120 843 ancillis
3183 788 3526 858 exprimeret,

1939 880 2173 951 plurima
2200 879 2365 933 etiam
2395 878 2557 941 bona,
2591 893 2713 948 quae
2749 876 2827 931 eis
2884 876 3130 932 conferre
3187 876 3529 947 disponebat,

1943 968 2149 1023 eisdem
2178 967 2500 1037 propalaret.
2534 966 2631 1021 Cui
2663 964 2752 1018 ille
2787 980 2799 1017 :
2832 984 2853 1014 ι
2891 965 3100 1033 Nostis,
3159 964 3350 1035 inquit,
3411 964 3534 1035 quia

1945 1056 2077 1111 satis
2107 1070 2334 1111 aversor
2359 1068 2519 1109 omne
2540 1052 2899 1107 mendacium.
2933 1052 3153 1108 Cavebo
3182 1052 3348 1123 igitur
3405 1052 3538 1106 mihi

1945 1160 2014 1199 ne
2044 1144 2199 1197 labiis
2229 1143 2366 1197 meis
2394 1141 2663 1212 promissa
2702 1148 2883 1195 vestra
2936 1140 3231 1206 enuntiem,
3289 1139 3395 1194 nisi
3420 1141 3539 1195 haec

1947 1230 2246 1287 certissime
2277 1245 2310 1283 a
2338 1230 2492 1285 vobis
2522 1228 2794 1298 implenda
2822 1244 3171 1298 praesumam.
3208 1248 3231 1277 ι
3264 1228 3413 1283 Jurat
3448 1227 3541 1281 ille

1950 1335 2029 1384 se,
2054 1334 2162 1373 non
2192 1317 2355 1372 modo
2405 1332 2523 1386 quae
2574 1323 2703 1371 tunc
2750 1316 3115 1386 promittebat,
3166 1315 3535 1386 impleturum,

1950 1407 2046 1462 sed
2079 1422 2177 1476 pro
2206 1413 2450 1475 tempore
2480 1412 2532 1458 et
2562 1403 2682 1459 loco
2714 1420 2773 1458 se
2804 1420 2866 1458 ea
2915 1404 3312 1459 cumulaturum
3364 1404 3541 1457 abun-

1952 1494 2186 1549 dantius.
2217 1493 2376 1562 Quod
2404 1492 2626 1547 tandem
2682 1492 2970 1562 episcopus
3016 1491 3539 1554 sanctimonialibus,

1952 1583 2072 1653 ipso
2104 1589 2332 1649 astante,
2395 1580 2660 1651 exposuit,
2720 1582 2945 1651 ejusque
2992 1580 3234 1651 auspicia
3291 1580 3543 1651 precibus

257 1667 453 1759 tuerat,
488 1708 553 1747 eo
582 1692 726 1765 quod
758 1691 1057 1761 accepisset
1104 1707 1225 1745 eum
1273 1706 1397 1744 cum
1425 1705 1555 1761 rege
1609 1687 1851 1743 Franco-
1875 1705 1927 1765 Β
1956 1671 2174 1765 illa???
2203 1668 2516 1740 meritisque
2544 1669 3105 1765 cofnmwdans_,_dala
3126 1667 3401 1765 ,υηίῩ-θιξείε
3439 1668 3547 1765 ,δε-

262 1798 383 1837 rum
416 1782 470 1837 in
501 1781 584 1835 sui
631 1779 995 1851 perditionem
1051 1778 1417 1848 conspirasse.
1478 1776 1582 1844 Qui
1639 1776 1740 1829 sub
1788 1790 1854 1829 ea

262 1877 577 1939 tempestate
609 1883 720 1939 qua
770 1883 866 1921 rex
900 1866 1170 1931 occubuit,
1216 1865 1360 1936 apud
1406 1871 1661 1935 nepotem
1700 1879 1854 1918 suum

264 1959 559 2012 Arthurum
592 1956 647 2010 in
670 1955 946 2010 Britannia
977 1954 1094 2009 fuit.
1125 1954 1323 2008 Fratris
1353 1968 1481 2009 vero
1500 1968 1632 2008 nece
1654 1950 1853 2018 audita,

268 2046 568 2100 Chinonem
596 2044 743 2099 venit
774 2059 893 2098 cum
924 2042 1133 2112 paucis.
1170 2041 1420 2112 Misitque
1451 2040 1629 2094 statim
1657 2039 1725 2093 ad
1746 2036 1860 2108 epi-

270 2149 497 2203 scopum
518 2140 785 2197 nostrum,
819 2132 876 2185 in
907 2131 1081 2203 burgo
1111 2128 1422 2199 supradicto
1469 2127 1619 2197 (270)
1675 2124 1860 2181 consi-

273 2229 525 2286 stentem,
560 2229 613 2275 et
658 2219 987 2290 repatriandi
1035 2225 1395 2274 commeatum
1434 2215 1859 2287 prmstolantem,

274 2310 593 2380 suppliciter
635 2324 867 2363 exorans
950 2314 1213 2378 quatenus
1270 2321 1425 2360 suam
1482 2302 1714 2360 celerius
1762 2301 1866 2356 sibi

274 2398 533 2452 exhibere
565 2396 884 2466 dignaretur
912 2394 1277 2465 praesentiam.
1331 2393 1414 2448 Ad
1453 2392 1606 2461 cujus
1653 2390 1758 2444 sibi
1812 2389 1866 2442 in

276 2486 361 2540 via
392 2484 728 2540 occurrentis
757 2491 1054 2553 aspectum,
1098 2482 1189 2536 ille
1247 2480 1445 2551 gaudio
1494 2479 1715 2549 gavisus
1760 2477 1867 2531 im-

291 2589 502 2639 menso,
537 2573 775 2627 admisso
806 2587 948 2642 equo
976 2579 1030 2624 et
1059 2570 1250 2625 relicto
1280 2568 1537 2624 comitatu
1593 2567 1870 2630 universo,

283 2662 477 2718 obvius
509 2661 557 2715 ei
589 2659 878 2731 processit,
928 2673 1160 2729 eumque
1218 2664 1500 2712 veneratus
1555 2655 1784 2725 rogavit,
1814 2662 1873 2708 ut

284 2751 353 2805 ab
385 2765 452 2805 eo
481 2749 700 2803 minime
731 2746 1053 2811 discederet,
1088 2745 1185 2800 sed
1214 2744 1416 2815 pariter
1462 2758 1648 2798 secum
1686 2758 1872 2798 rever-

283 2854 443 2893 surus
472 2837 527 2890 in
556 2836 829 2907 Angliam,
858 2835 915 2889 in
952 2834 1196 2904 partibus
1253 2831 1631 2886 transmarinis
1678 2838 1873 2885 contu-

282 2926 533 2981 bernium
563 2924 665 2977 sibi
691 2923 1031 2978 individuum
1108 2921 1411 2976 exhiberet.
1473 2919 1630 2988 Quod
1669 2918 1759 2973 ille
1817 2934 1876 2972 se

285 3016 630 3085 nequaquam
662 3011 933 3067 facturum
962 3010 1190 3081 prolatis
1220 3008 1520 3063 rationibus
1576 3007 1874 3071 insinuans,

284 3102 433 3157 venit
462 3117 587 3156 cum
613 3116 678 3155 eo
707 3116 877 3170 usque
908 3098 963 3152 in
1005 3099 1221 3162 Samur,
1273 3112 1394 3151 cum
1453 3095 1603 3167 prius
1660 3093 1879 3149 visitas-

289 3199 410 3245 sent
439 3189 584 3259 apud
614 3188 839 3243 Fontem
868 3186 1106 3241 Ebrandi
1136 3186 1290 3239 busta
1319 3184 1547 3255 regalia,
1580 3182 1747 3254 patris
1778 3182 1881 3237 sci-

288 3278 418 3333 licet
445 3284 497 3332 et
544 3276 725 3331 fratris
768 3275 929 3330 illius.
989 3274 1111 3338 Ubi,
1162 3290 1282 3345 quae
1337 3280 1490 3345 gesta
1537 3279 1659 3327 sunt
1732 3280 1879 3336 tunc,

293 3381 419 3421 cum
442 3366 548 3419 sint
577 3364 766 3419 notitia
796 3370 849 3418 et
889 3362 1191 3417 imitatione
1235 3362 1421 3433 digna,
1469 3376 1577 3417 non
1635 3360 1886 3415 videntur

293 3453 568 3508 desidioso
596 3452 810 3505 silentio
842 3450 1244 3520 supprimenda.

369 3542 503 3595 Cum
534 3540 676 3593 enim
710 3539 800 3593 ille
831 3554 1003 3593 novus
1033 3546 1303 3593 tantarum
1333 3536 1573 3607 gentium
1614 3535 1883 3596 dominus,

306 3630 543 3700 plurima
564 3627 790 3697 stipatus
823 3626 1083 3681 nobilium
1114 3634 1307 3689 turma,
1363 3625 1432 3679 ad
1490 3625 1686 3679 ostium
1743 3622 1893 3678 chori

301 3733 463 3771 manu
493 3715 710 3786 propria
741 3714 967 3785 pulsans
994 3714 1211 3785 ingredi
1240 3712 1403 3768 vellet
1430 3712 1599 3782 (271),
1634 3720 1690 3766 ut
1720 3710 1894 3782 sepul-

303 3821 455 3861 crum
487 3804 695 3859 videret
730 3803 1129 3873 praedictorum,
1164 3816 1330 3871 seque
1384 3800 1720 3855 orationibus
1767 3814 1893 3853 san-

306 3901 407 3947 ctae
436 3892 580 3945 illius
602 3889 1047 3962 congregationis
1082 3888 1510 3952 commendaret,
1571 3902 1893 3958 responsum

301 3980 509 4049 accepit
544 3994 575 4031 a
610 3978 819 4033 duabus
848 3977 1165 4032 reverendae
1192 3975 1474 4048 gravitatis
1503 3974 1895 4030 sanctimonia-

302 4067 447 4121 libus
478 4067 606 4137 quia
651 4065 955 4120 mortalium
1005 4065 1139 4119 nulli
1177 4064 1368 4120 liceret
1424 4072 1515 4117 aut
1573 4071 1897 4119 conventum

305 4154 594 4223 inspicere,
619 4161 709 4207 aut
741 4161 896 4223 septa
931 4153 1187 4207 interiora
1234 4152 1403 4220 adire,
1455 4151 1560 4205 nisi
1606 4151 1704 4206 sub
1750 4167 1897 4221 prae-

310 4242 483 4297 sentia
532 4241 821 4295 abbatissa:
865 4255 996 4294 suae.
1048 4261 1070 4290 ι
1123 4240 1293 4305 Illius,
1342 4240 1607 4311 inquiunt,
1669 4240 1899 4294 reditum

307 4330 475 4401 igitur
502 4346 601 4383 vos
632 4335 950 4398 exspectare
986 4335 1218 4398 oportet,
1252 4343 1373 4398 quae
1428 4343 1552 4381 mox
1586 4325 1653 4380 de
1708 4326 1901 4381 itinere

1958 1758 2284 1826 nedictione,
2316 1773 2421 1811 una
2452 1773 2576 1811 eum
2607 1756 2727 1827 ipso
2749 1772 2880 1829 rege
2912 1756 3181 1812 discessit.
3233 1756 3332 1811 Cui
3384 1755 3543 1811 etiam

1951 1848 2059 1916 jam
2090 1846 2324 1916 plurima
2354 1845 2422 1900 de
2459 1845 2658 1915 pietate
2705 1845 2759 1898 in
2806 1845 2999 1911 Deum,
3046 1845 3115 1899 de
3170 1843 3454 1901 clementia
3491 1844 3546 1898 in

1958 1933 2224 1998 subditos,
2255 1933 2325 1988 de
2338 1933 2544 2002 justitia
2572 1933 2625 1988 in
2652 1933 2937 1989 universos
2958 1933 3308 1988 disseruerat.
3353 1932 3455 2001 Qui
3479 1932 3547 1987 ad

1959 2022 2138 2077 omnia
2168 2037 2228 2075 se
2264 2028 2510 2091 paratum
2567 2021 2857 2092 animoque
2900 2037 3129 2092 pronum
3174 2037 3238 2077 ac
3292 2021 3548 2077 devotum

1962 2117 2295 2175 contestans,
2319 2109 2369 2163 ei
2398 2117 2650 2180 tanquam
2679 2110 2819 2180 patri
2845 2117 2897 2164 et
2926 2110 3249 2180 praeceptori
3280 2125 3340 2164 se
3369 2125 3433 2165 ex
3464 2110 3547 2163 in-

1962 2205 2121 2268 tegro
2139 2212 2355 2267 semper
2373 2198 2673 2267 pariturum
2717 2196 3014 2263 afﬁrmans,
3038 2197 3201 2253 totius
3247 2197 3331 2252 sui
3359 2198 3550 2253 mode-

1963 2286 2232 2340 rationem
2279 2284 2423 2338 illius
2480 2285 2744 2340 sanctitati
2798 2286 3051 2340 attentius
3107 2285 3543 2341 commendabat.

1967 2373 2065 2428 Cui
2094 2374 2256 2428 etiam
2278 2374 2420 2427 inter
2447 2373 2637 2428 amicae
2667 2373 3119 2429 confabulationis
3149 2374 3319 2429 verba
3343 2373 3551 2444 produ-

1968 2470 2114 2517 ctum
2147 2477 2175 2515 e
2206 2462 2325 2515 sinu
2354 2460 2591 2530 lapidem
2644 2476 2777 2516 auro
2824 2461 3110 2526 inclusum,
3171 2470 3223 2517 et
3268 2461 3407 2517 collo
3454 2476 3554 2516 suo

1969 2564 2272 2620 appensum
2300 2549 2630 2615 ostenderat,
2664 2565 2917 2605 asserens
2938 2551 3081 2606 hunc
3098 2550 3311 2605 cuidam
3335 2565 3559 2604 suorum

1969 2638 2381 2709 progenitorum
2410 2652 2530 2692 cum
2561 2638 2654 2691 tali
2685 2637 2852 2693 fuisse
2899 2638 3109 2693 ccelitus
3165 2637 3555 2709 pollicitatione

1972 2726 2249 2790 donatum,
2284 2724 2430 2795 quod
2459 2740 2735 2796 nunquam
2763 2725 3069 2796 privaretur
3112 2725 3268 2781 avita:
3314 2724 3561 2780 domina-

1972 2812 2134 2868 tionis
2163 2812 2536 2883 amplitudine,
2593 2814 2839 2884 quisquis
2895 2828 3279 2870 successorum
3337 2828 3560 2868 suorum

1974 2901 2151 2971 ipsum
2180 2901 2467 2956 meruisset
2488 2901 2797 2971 possidere.
2838 2902 2918 2957 Ad
2947 2904 3064 2958 haec
3093 2918 3226 2958 vero
3271 2900 3561 2972 episcopus

1975 2988 2261 3044 confestim
2290 2989 2650 3060 responderat
2683 3004 2696 3042 :
2735 3011 2756 3036 «ι
2791 2990 2933 3055 Non,
2969 2987 3565 3061 inquiens,insensibili

1902 3058 1949 3117 Ο
1978 3076 2161 3147 lapide
2190 3058 2439 3131 ﬁduciam
2456 3076 2686 3146 ponatis,
2724 3077 2821 3131 sed
2862 3058 3071 3131 tantum
3116 3078 3171 3132 in
3209 3076 3389 3149 lapide
3446 3076 3569 3132 vivo

1982 3172 2035 3219 et
2061 3180 2191 3220 vere
2221 3164 2448 3232 caelesti,
2483 3164 2714 3220 Domino
2743 3173 2930 3220 nostro
2957 3166 3087 3220 Jesu
3144 3166 3381 3221 Christo.
3434 3164 3571 3218 Huic

1982 3252 2393 3308 fundamentum
2424 3252 2605 3308 cordis
2634 3253 2816 3320 vestri,
2842 3253 2965 3309 huic
2996 3253 3112 3325 spei
3130 3262 3323 3309 vestrae
3361 3253 3569 3308 ancho-

1985 3356 2103 3395 ram
2161 3340 2467 3394 ﬁrmissime
2510 3340 2851 3411 imprimatis.
2913 3342 3010 3397 Hic
3067 3342 3210 3397 enim
3267 3342 3474 3398 solidus
3519 3346 3573 3394 et

1985 3429 2141 3483 vivus
2170 3428 2327 3498 lapis,
2359 3437 2413 3482 ut
2455 3444 2645 3483 omnes
2701 3430 3013 3485 resistentes
3065 3431 3167 3485 sibi
3214 3429 3462 3495 conterit,
3496 3428 3568 3483 ita

1987 3517 2090 3572 sibi
2120 3516 2410 3571 innitentes
2440 3517 2679 3571 deﬂuere
2723 3534 2832 3572 non
2874 3519 2998 3573 sinit
3032 3538 3045 3584 ;
3107 3519 3205 3574 sed
3247 3519 3315 3573 ad
3375 3516 3571 3572 altiora

1989 3621 2209 3676 semper
2237 3605 2506 3672 attollens,
2530 3605 2681 3674 ipsos
2709 3606 2873 3661 etiam
2932 3607 3001 3662 ad
3036 3607 3305 3678 ampliora
3360 3622 3579 3678 prome-

1991 3694 2164 3749 renda
2192 3693 2469 3749 dilatando
2511 3694 2771 3749 extendit.
2819 3719 2839 3743 η

2064 3800 2196 3854 Cum
2228 3814 2358 3855 vero
2388 3800 2456 3852 ad
2473 3799 2738 3870 porticum
2763 3800 2876 3869 jam
2896 3800 3272 3872 pervenissent
3311 3802 3577 3871 ecclesize,

1994 3886 2084 3941 ubi
2117 3887 2328 3957 species
2356 3904 2449 3942 seu
2472 3887 2653 3958 imago
2685 3890 2985 3960 regressuri
3015 3891 3242 3945 extremi
3278 3892 3577 3961 examinis,

1998 3992 2102 4047 quo
2134 3976 2290 4031 electi
2345 3992 2377 4031 a
2424 3976 2675 4047 reprobis
2733 3985 3102 4045 secernuntur,
3165 3979 3444 4051 eleganter
3484 3998 3585 4052 pro

1996 4064 2217 4119 modulo
2246 4064 2466 4118 humani
2485 4063 2695 4120 artificii
2724 4065 3044 4137 exprimitur
3064 4082 3232 4137 Opere
3278 4068 3585 4139 sculptoris,

2000 4152 2290 4223 episcopus
2319 4153 2592 4221 comitem,
2628 4153 2862 4207 futurum
2893 4154 2947 4206 in
2978 4154 3222 4223 proximo
3254 4171 3459 4225 regem,
3486 4172 3596 4212 ma-

2000 4256 2069 4293 nu
2100 4240 2360 4309 protraxit
2389 4240 2458 4293 ad
2487 4241 2679 4295 laevam
2700 4240 2916 4309 judicis,
2948 4241 3039 4294 ubi
3083 4257 3242 4313 reges
3301 4257 3424 4297 cum
3472 4245 3585 4299 suis

2002 4326 2309 4398 insignibus
2364 4328 2501 4382 inter
2555 4328 2838 4382 damnatos
2890 4328 3164 4383 audituri:
3204 4349 3225 4379 ι
3277 4330 3375 4397 Ite,
3421 4330 3593 4388 male-

310 4424 563 4488 speratur
591 4431 900 4471 reversura.
943 4417 1058 4471 Nec
1094 4416 1282 4469 duram
1319 4422 1534 4485 reputet
1580 4414 1901 4469 excellentia
1930 4402 2149 4481 Ddicti,
2208 4414 2261 4468 in
2312 4415 2497 4485 ignem
2551 4423 2810 4471 mternum
2865 4416 3084 4486 (Matth.
3138 4432 3270 4484 xxv,
3319 4420 3410 4491 Η)
3446 4438 3510 4487 ς»
3559 4436 3593 4476 a

304 4513 488 4561 vestra
509 4505 652 4575 quod
682 4519 783 4559 nec
813 4504 955 4557 illius
981 4504 1171 4557 intuitu
1202 4502 1410 4558 ordinis
1456 4510 1655 4557 statuta
1703 4502 1901 4556 infrin-

310 4594 509 4663 gimus.
548 4594 606 4645 In
639 4593 743 4646 hoc
774 4590 952 4661 potius
981 4591 1145 4647 clarae
1175 4590 1453 4646 memoriae
1481 4590 1697 4662 genitor
1725 4597 1903 4645 vester

311 4680 469 4735 vobis
499 4680 787 4733 imitandus
816 4687 1123 4747 censeatur,
1158 4680 1249 4750 qui
1270 4679 1325 4733 in
1354 4678 1486 4734 viris
1542 4677 1816 4748 religiosis
1848 4677 1901 4731 id

312 4784 474 4839 quam
502 4768 732 4822 maxime
762 4767 1143 4833 venerabatur,
1174 4767 1219 4820 si
1265 4767 1455 4820 tradita
1488 4765 1588 4819 sibi
1636 4765 1903 4834 majorum

312 4857 555 4910 instituta
586 4856 756 4926 rigida
782 4862 834 4909 et
862 4854 1159 4909 inviolabili
1177 4854 1463 4910 devotione
1480 4854 1851 4909 observarent.
1879 4880 1897 4902 ιι

380 5033 515 5097 (267)
544 5035 657 5095 Qua:
686 5037 794 5084 erat
818 5033 924 5084 dies
956 5034 1015 5082 H
1044 5034 1238 5095 Aprilis.

383 5117 518 5180 (268)
546 5119 627 5167 Sic
664 5118 840 5177 dictus,
882 5118 957 5167 vel
1004 5117 1133 5178 quia,
1181 5117 1408 5165 fratribus
1455 5117 1559 5178 ejus
1596 5117 1655 5166 ad
1696 5118 1904 5166 honores

318 5186 639 5247 amplissimos
672 5186 733 5233 ab
756 5182 964 5232 Henrico
988 5186 1127 5244 patre
1148 5184 1437 5243 sublimatis,
1466 5184 1567 5244 ipse
1590 5184 1721 5231 velut
1743 5182 1907 5242 junior

321 5252 443 5300 nihil
470 5251 702 5310 habebat,
727 5254 781 5299 ut
802 5248 976 5298 scribit
1017 5250 1282 5307 Trivettus,
1310 5250 1403 5309 vel,
1449 5249 1558 5311 quia
1597 5262 1623 5297 a
1666 5249 1909 5299 Richardo

316 5318 468 5367 fratre
494 5317 644 5366 etiam
670 5316 863 5365 tandem
892 5316 1105 5363 obtentis
1130 5316 1275 5364 terris
1295 5315 1528 5376 spoliatus
1556 5315 1665 5363 fuit.

390 5397 532 5460 (269)
567 5420 587 5439 α
615 5398 790 5448 Statim
837 5397 1027 5452 (scribit
1060 5397 1330 5459 Coggehale
1368 5398 1490 5460 apud
1535 5398 1772 5459 Martene,
1816 5397 1905 5446 col.

321 5464 439 5526 859)
467 5465 675 5514 Chinum
702 5464 951 5514 castellum
978 5464 1112 5525 adiit,
1142 5464 1220 5513 ubi
1246 5465 1501 5514 thesaurus
1534 5464 1696 5526 regius
1737 5475 1910 5513 serva-

2001 4502 2394 4573 gehennalibus
2422 4500 2716 4559 tortoribus
2744 4504 3024 4575 rapiuntur
3052 4505 3107 4559 in
3137 4513 3417 4575 tartarum,
3462 4516 3590 4565 tunc

2001 4592 2071 4645 ait
2093 4590 2379 4661 episcopus
2422 4607 2485 4644 εκ
2530 4592 2737 4646 Horum
2792 4593 3016 4661 ejulatus
3071 4602 3123 4649 et
3172 4594 3600 4652 interminabiles

2002 4678 2273 4732 cruciatus
2332 4678 2483 4733 vobis
2532 4679 2901 4735 indesinenter
2957 4681 3165 4737 animus
3227 4692 3599 4753 repraesentet.

2004 4766 2129 4821 Hmc
2167 4775 2424 4837 perpetua
2490 4766 2760 4839 supplicia
2813 4770 2969 4824 vobis
3017 4779 3137 4825 ante
3178 4771 3364 4826 cordis
3415 4772 3602 4828 oculos

2002 4854 2218 4909 assidue
2249 4862 2545 4910 versentur.
2594 4856 2799 4911 Horum
2838 4858 3103 4912 malorum
3158 4858 3348 4913 sedula
3406 4874 3597 4915 recor-

2008 5034 2170 5096 batur,
2199 5036 2471 5098 traditoque
2495 5037 2587 5085 sibi
2630 5039 2825 5087 castello
2860 5042 2909 5087 et
2950 5038 3181 5087 thesauro
3218 5048 3245 5085 a
3270 5036 3481 5088 Boberto
3538 5040 3600 5090 de

2008 5102 2306 5164 Turncham,
2335 5116 2445 5151 mox
2469 5103 2561 5152 alia
2589 5106 2807 5166 castella,
2830 5107 2951 5167 etc.,
2991 5102 3264 5165 occupavit.
3302 5119 3320 5150 ν

2008 5203 2211 5317 nmero)
2255 5204 2490 5254 Videlicet
2534 5204 2583 5254 in
2628 5206 2892 5269 Salmurio,
2938 5207 3080 5268 vulgo
3121 5204 3333 5267 Samur,
3383 5210 3433 5257 et
3478 5207 3605 5258 Sau-

2079 5361 2216 5425 (271)
2243 5364 2501 5425 Egregium
2525 5364 2719 5413 omnino
2747 5364 2806 5414 de
2830 5364 2960 5414 illius
2977 5366 3210 5428 temporis
3235 5368 3602 5421 accuratissima

2012 5429 2451 5481 sanctimonialium
2477 5432 2643 5480 Fontis
2664 5431 2857 5481 Ebraldi
2882 5432 3101 5482 clausura
3129 5435 3462 5486 testimonium
3486 5436 3496 5484 ε
