3960 6062
306 191 323 241 1
339 189 440 241 073
1660 190 1838 242 VITA.

2034 188 2112 241 lB.
2158 188 2218 241 V.
3464 188 3598 239 1074

308 310 613 383 exquireret
657 317 1038 367 commeatum.
1099 310 1424 367 Valedicens
1469 312 1651 383 itaque
1688 327 1901 367 memo-
1931 310 2139 371 Asatis
2172 318 2224 365 et
2245 310 2408 365 anxie
2439 310 2487 364 ei
2545 309 2767 373 studuit,
2820 325 2940 379 quae
2989 308 3270 371 didicerat,
3330 306 3597 372 nuntiare,

305 405 424 452 rato
452 398 705 469 principi,
740 398 964 454 recessit
994 399 1062 452 ab
1093 414 1158 453 eo
1214 399 1455 454 secunda
1511 399 1640 453 feria
1674 401 1895 453 Paschse
1998 414 2158 453 orans
2198 398 2506 463 instantius,
2565 406 2622 451 ut
2678 396 2931 464 oﬂ‘icium,
2964 396 3108 466 quod
3154 395 3372 466 agebat,
3409 394 3596 448 brevi-

304 488 475 556 (275).
511 487 755 557 Cumque
785 486 1121 556 pervenisset
1150 487 1220 541 ad
1268 487 1449 541 villam
1502 488 1816 559 quamdam,
1841 487 1894 539 in
1997 488 2117 539 tatis
2165 487 2488 541 lectionibus
2519 493 2896 555 percantaret;
2950 492 3215 554 quatenus
3271 482 3593 536 discursan-

304 590 411 644 qua
468 575 731 644 hospitari
787 574 1137 640 decreverat,
1171 582 1220 629 et
1253 590 1414 646 quam
1451 575 1641 629 incolae
1699 577 1893 629 Flt‘che
1994 575 2126 627 tium
2156 582 2488 628 armatorum
2520 590 2714 627 manus
2744 574 2910 626 dubia
2941 573 3116 625 adhuc
3157 571 3258 625 sub
3306 570 3425 624 luce
3456 569 3592 623 faci-

301 662 449 733 [276)
481 670 693 730 vocant,
727 662 1011 734 ingressus
1050 662 1337 718 ecclesiam
1384 664 1581 717 missas
1612 663 1893 718 celebrare
1995 663 2098 715 lius
2121 663 2461 730 declinando,
2495 678 2615 716 cum
2657 662 2837 725 sociis,
2873 661 2964 731 qui
3002 662 3112 728 jam
3172 666 3588 729 praecesserant,

298 750 545 819 parabat.
571 752 638 804 Et
659 764 807 818 ecce,
832 750 925 804 illo
948 750 1177 804 necdum
1209 751 1381 805 sacris
1410 752 1651 805 vestibus
1682 751 1890 813 induto,
1997 750 2293 804 instantem
2325 750 2486 803 tutius
2521 756 2816 821 perageret
2857 749 3092 802 diaetam.
3154 748 3353 800 Verum
3383 746 3491 811 ille,
3534 752 3591 798 ut

300 837 500 890 turbati
533 838 599 891 ad
660 853 781 891 eum
840 846 1060 893 currunt
1107 838 1342 891 ministri
1398 839 1499 903 sui,
1562 839 1889 905 nuntiantes,
1995 839 2140 892 hunc
2172 853 2390 908 quoque
2419 838 2692 891 turbinem
2726 836 3029 906 impavidus
3062 835 3291 904 excepit,
3324 834 3404 888 sic
3432 841 3593 887 tran-

298 940 471 995 equos
501 932 554 979 et
596 925 797 979 rhedas
836 925 1006 995 ipsius
1037 926 1102 978 ab
1132 926 1273 979 illius
1319 926 1425 981 loci
1454 927 1769 980 custodibus
1800 942 1891 980 re-
1994 926 2160 995 quille
2213 941 2336 981 cum
2399 926 2543 979 omni
2587 925 2867 993 diligentia
2922 924 3134 977 debitos
3192 924 3307 977 Deo
3356 923 3589 991 hymnos

299 1012 474 1080 tineri,
511 1012 779 1084 quosdam
809 1012 968 1067 etiam
1002 1028 1064 1068 ex
1099 1013 1389 1085 sagmariis
1434 1029 1657 1068 suorum
1685 1028 1716 1068 a
1746 1030 1892 1084 prze-
1994 1013 2242 1068 exsolvit.
2268 1015 2383 1068 Nec
2415 1013 2573 1083 plane
2605 1013 2674 1067 ad
2706 1012 3070 1082 insipientiam
3110 1012 3235 1064 sibi.
3268 1011 3425 1075 Nam,
3460 1010 3587 1064 dum

297 1098 533 1153 donibus
575 1100 791 1155 abduci.
1995 1110 2252 1167 moratur,
2287 1102 2457 1156 adfuit
2485 1102 2728 1170 ejusdem
2759 1101 2864 1155 loci
2894 1101 3061 1153 abbas
3092 1100 3262 1170 (282),
3316 1099 3406 1169 qui
3434 1099 3586 1152 illum

368 1189 501 1242 Erat
532 1203 663 1243 vero
692 1187 744 1241 in
776 1188 1032 1243 comitatu
1055 1188 1223 1259 ipsius
1247 1188 1544 1244 Gilibertus
1578 1190 1891 1245 Revescen-
1993 1206 2162 1261 eques
2192 1190 2490 1259 praecessit,
2518 1198 2569 1244 et
2601 1206 2698 1259 per
2738 1189 3049 1242 semilarum
3079 1186 3404 1257 compendia
3449 1186 3588 1241 illae-

297 1274 373 1328 sis
404 1275 554 1345 (277)
585 1275 896 1345 episcopus,
957 1284 1006 1330 et
1054 1276 1236 1332 clerici
1275 1276 1616 1333 diversorum
1645 1277 1891 1332 locorum
1997 1294 2113 1331 sum
2135 1277 2357 1331 deduxit
2387 1277 2529 1331 ultra
2560 1277 2793 1331 civitatis
2826 1276 3104 1329 suburbia.
3130 1277 3209 1328 Ex
3240 1274 3323 1328 his
3345 1289 3475 1329 vero
3496 1275 3587 1345 qui

297 1377 460 1432 quam
490 1362 724 1433 plurimi.
759 1361 862 1430 Qui
892 1379 1083 1419 omnes
1111 1364 1438 1419 unanimiter
1462 1365 1888 1435 rogabanteum,
1991 1366 2167 1436 ipsum
2188 1372 2603 1434 przecesserant,
2634 1365 2821 1434 plures
2861 1363 3143 1433 intercepti
3172 1370 3334 1433 atque
3384 1362 3587 1417 detenti

293 1458 564 1520 quatenus
588 1492 600 1512 ,
674 1451 1044 1521 praetermissa
1102 1452 1173 1506 ob
1243 1459 1407 1507 tanta:
1469 1452 1809 1507 necessitatis
1840 1461 1892 1507 et
1992 1460 2115 1507 sunt
2145 1453 2326 1507 hostili
2356 1452 2630 1507 violentia.
2686 1451 2921 1521 Reliquit
2953 1458 3135 1505 autem
3166 1451 3365 1505 ibidem
3396 1450 3451 1503 in
3486 1466 3584 1504 cu-

296 1538 722 1606 perturbationis
808 1546 1061 1593 eventum
1143 1539 1432 1594 missarum
1503 1540 1886 1605 celebratione,
1990 1541 2164 1595 stodia
2193 1541 2438 1611 praedicti
2469 1540 2685 1594 abbatis
2715 1540 2914 1593 rbedas
2958 1540 3093 1593 duas
3132 1554 3255 1593 cum
3315 1538 3585 1609 aliquibus

294 1625 658 1697 Evangelium
689 1626 791 1680 sibi
845 1626 953 1698 legi
1000 1634 1285 1682 contentus
1342 1627 1501 1693 foret,
1537 1637 1587 1682 et
1645 1636 1701 1682 ut
1732 1644 1791 1683 se
1839 1636 1890 1683 et
1912 1658 1961 1715 Β
1991 1630 2147 1698 equis
2178 1638 2230 1683 et
2247 1629 2398 1683 varia
2418 1627 2774 1697 supellectili;
2809 1644 2932 1697 quae
2957 1627 3141 1681 omnia
3162 1625 3383 1695 praefata
3414 1626 3585 1680 comi-

294 1728 425 1766 suos
476 1714 729 1783 expedire
788 1730 817 1767 a
872 1714 1032 1769 tantis
1104 1715 1362 1785 periculis
1408 1716 1728 1770 intenderet.
1781 1715 1886 1783 Qui
1915 1714 1947 1715 ί
1994 1718 2122 1770 tissa
2154 1718 2225 1771 ad
2256 1716 2524 1771 civitatem
2548 1716 2725 1785 ipsam
2745 1716 2994 1785 sequenti
3041 1715 3129 1769 die
3160 1715 3476 1779 adveniens,
3514 1714 3583 1767 ad

295 1800 430 1854 nihil
485 1801 729 1855 turbatus
770 1818 835 1856 ex
882 1803 967 1856 his
1007 1820 1128 1873 qua:
1186 1803 1495 1873 raptoribus
1534 1804 1884 1876 gerebantur,
1989 1805 2168 1874 ipsum
2197 1804 2391 1859 deduci
2441 1804 2586 1869 fecit,
2646 1803 2985 1858 orationibus
3046 1803 3157 1857 suis
3218 1802 3457 1872 seipsam
3532 1809 3585 1857 et

296 1889 392 1943 sed
425 1904 528 1944 nec
556 1897 734 1943 motus
756 1906 821 1945 ex
852 1891 936 1944 his
965 1907 1087 1961 qua:
1116 1907 1146 1944 a
1178 1892 1461 1946 comitibus
1512 1892 1887 1963 suggereban-
1987 1891 2156 1946 ﬁlium
2204 1908 2359 1946 suum
2393 1892 2635 1946 studiose
2692 1891 3103 1946 commendans.
3138 1891 3261 1962 Ipse
3317 1906 3449 1945 vero
3482 1891 3579 1946 Sa-

296 1985 405 2043 tur,
436 1984 494 2031 ut
525 1978 725 2031 surdus
773 1986 827 2034 et
882 1986 1060 2033 mutus
1106 1980 1172 2033 ad
1227 1980 1407 2034 audita
1454 1981 1645 2050 emptis
1682 1988 1888 2033 tantum
1988 1980 2235 2052 giensem
2266 1980 2521 2035 tendebat
2550 1980 2617 2034 ad
2647 1980 2840 2033 urbem
2871 1981 3041 2049 (283).

298 2065 604 2119 insistebat.
632 2067 747 2121 Nec
778 2067 1093 2136 simpliciter
1121 2075 1172 2122 et
1201 2068 1361 2138 plane
1394 2084 1607 2124 sacrum
1657 2076 1885 2123 conten-
2058 2071 2355 2137 Acceperat
2373 2083 2589 2139 quoque
2618 2068 2881 2122 relatione
2912 2066 3287 2136 plurimorum,
3321 2065 3572 2121 abbatem

293 2162 380 2207 tus
410 2152 647 2209 officium
677 2170 962 2225 peragere,
1022 2155 1130 2210 imo
1175 2156 1455 2222 sandaliis,
1517 2157 1718 2222 tunica,
1770 2156 1885 2210 dal-
1986 2156 2204 2225 optimis
2227 2172 2347 2211 esse
2396 2156 2533 2227 [cod.
2595 2156 2845 2209 abbatem
2903 2156 2971 2209 de
3002 2155 3221 2225 optimis
3276 2170 3417 2221 esse,
3452 2154 3580 2225 etc.]

291 2241 490 2295 matica
518 2257 640 2296 cum
672 2244 879 2297 caeteris
908 2243 1214 2314 insignibus
1259 2252 1437 2313 utens,
1489 2252 1546 2298 ut
1600 2244 1884 2299 universos
1987 2244 2179 2297 studiis
2233 2244 2574 2314 praedictum,
2596 2243 2892 2314 probisque
2948 2243 3192 2297 moribus
3244 2242 3402 2297 valde
3459 2242 3582 2296 insi-

294 2329 477 2383 divino
505 2330 762 2399 prmsidio
822 2331 1020 2385 melius
1094 2333 1471 2397 communiret,
1518 2332 1884 2403 pontiﬁcalem
1990 2332 2222 2403 gnitum.
2257 2332 2501 2386 Audiens
2529 2348 2746 2402 quoque
2776 2331 2922 2385 illius
2952 2330 3260 2386 coenobium
3289 2345 3399 2385 non
3445 2346 3580 2400 pro-

292 2416 347 2470 in
409 2418 638 2488 agendis
722 2419 1153 2475 benedictionem
1229 2420 1593 2485 interserens,
1661 2420 1881 2475 missam
1983 2420 2070 2475 cul
2104 2435 2135 2473 a
2183 2420 2288 2484 via,
2342 2436 2446 2490 qua
2494 2419 2781 2489 pergebat,
2842 2419 3209 2486 constitutum,
3243 2418 3580 2489 cupiensque

291 2520 445 2559 more
477 2504 708 2559 solemni
752 2522 915 2576 quam
944 2507 1139 2562 devote
1169 2508 1400 2579 peregit.
1453 2507 1721 2562 Omnibus
1746 2524 1881 2580 ergo
1983 2508 2080 2561 viri
2133 2508 2231 2562 Dei
2252 2508 2497 2561 notitiam
2520 2508 2624 2560 sibi
2656 2523 2995 2577 comparare,
3020 2516 3073 2562 et
3099 2508 3213 2575 ejus
3243 2506 3578 2562 orationibus

289 2594 389 2647 rite
419 2594 722 2663 completis,
786 2595 911 2648 dum
972 2597 1143 2650 sacris
1199 2613 1259 2650 se
1316 2597 1461 2650 exuit
1532 2597 1877 2662 indumentis,
1982 2596 2221 2665 seipsum
2265 2596 2673 2659 commendare,
2725 2611 2827 2649 nec
2886 2595 3145 2665 temporis
3183 2594 3574 2665 inquietudine,

231 2702 234 2706 ’
291 2689 575 2735 accurrunt
607 2682 777 2750 ipsius
806 2682 909 2737 loci
940 2684 1289 2753 magistratus
1322 2684 1374 2736 in
1397 2684 1705 2749 ecclesiam,
1742 2702 1877 2754 sup-
1981 2700 2081 2738 nec
2111 2684 2316 2738 itineris
2348 2684 2703 2753 longitudine,
2748 2684 2922 2753 potuit
2952 2683 3191 2738 revocari
3221 2683 3349 2753 quin
3391 2682 3458 2735 ad
3489 2682 3575 2752 ip-

288 2768 503 2839 pliciter
545 2777 596 2822 et
626 2769 823 2823 obnixe
853 2771 1066 2825 veniam
1097 2780 1365 2841 petentes,
1412 2773 1556 2842 quod
1602 2773 1869 2842 impedire
1980 2787 2097 2825 sum
2121 2772 2501 2842 inquirendum
2533 2772 2701 2826 alacri
2742 2772 3031 2826 devotione
3085 2778 3430 2841 preperaret.
3471 2771 3574 2824 Per

288 2872 419 2910 suos
451 2856 535 2910 vel
566 2858 886 2927 perturbare
919 2860 1413 2930 prmsumpsissent.
1439 2861 1719 2930 Spondent
1750 2876 1879 2930 quo-
1979 2860 2169 2914 devios
2200 2859 2382 2930 itaque
2413 2860 2635 2930 suisque
2683 2860 2936 2913 omnibus
2973 2859 3190 2930 ignotos
3236 2858 3421 2921 calles,
3450 2873 3571 2913 cum

289 2960 393 3014 que
414 2944 701 3014 obsequia,
735 2946 780 2998 si
828 2946 1149 3017 dignaretur
1206 2956 1530 3017 pernoctare
1562 2948 1614 3001 in
1644 2949 1785 3003 loco.
1819 2948 1873 3002 Si
1908 3003 1948 3017 Α
1978 2948 2162 3017 paucis
2200 2963 2423 3002 suorum
2448 2947 2517 3001 ad
2539 2948 2628 3001 diu
2654 2948 2935 3017 quaesitum
2955 2948 3175 3001 demum
3195 2946 3440 3015 pervenit
3464 2961 3555 3000 mo

286 3039 464 3085 autem
500 3032 711 3086 duxerit
740 3034 963 3088 ulterius
992 3035 1431 3104 procedendum,
1456 3037 1781 3090 conductum
1814 3052 1877 3090 ex
1905 3003 1950 3062 Ο
1979 3035 2308 3100 nasterium;
2342 3035 2554 3104 reliqui,
2619 3034 2984 3089 servientibus
3008 3043 3061 3088 et
3091 3034 3253 3088 sociis
3308 3041 3455 3089 recto
3486 3034 3572 3087 iti-

287 3120 400 3173 suis
437 3120 505 3173 ad
535 3120 649 3174 loca
683 3137 856 3191 usque
886 3122 1081 3176 tutiora
1124 3123 1464 3192 pollicentur.
1500 3122 1649 3191 Quos
1680 3124 1768 3177 ille
1792 3140 1877 3177 sa-
1985 3139 2117 3177 nere
2147 3122 2217 3176 ad
2244 3123 2433 3177 urbem
2464 3122 2782 3192 prmmissis,
2837 3138 2942 3192 qua
2971 3130 3081 3176 erat
3116 3122 3231 3192 ipse
3278 3120 3570 3192 hospitium

284 3208 352 3261 tis
382 3207 623 3261 hilariter
657 3208 941 3275 allocutus,
966 3218 1024 3263 ut
1072 3219 1189 3263 erat
1233 3211 1494 3280 spirituali
1544 3212 1878 3279 jucunditate
1978 3210 2280 3263 subiturus.
2313 3210 2444 3262 Cum
2477 3209 2826 3280 cognovisset
2854 3225 2986 3263 vero
3015 3210 3270 3263 abbatem
3291 3216 3420 3264 tunc
3450 3225 3573 3264 esse

286 3311 350 3350 ac
380 3295 587 3350 ccclesti
617 3296 853 3365 repletus
885 3298 1150 3363 convivio,
1178 3299 1505 3354 conductum
1527 3299 1736 3354 illorum
1769 3316 1877 3354 non
1976 3298 2275 3362 absentem,
2302 3297 2579 3352 celebrata
2598 3297 2769 3351 missa
2797 3297 3070 3364 discessit,
3115 3304 3288 3351 totum
3318 3296 3569 3352 videlicet

284 3399 571 3453 respuens,
608 3384 863 3439 continuo
894 3386 961 3439 ab
982 3386 1062 3440 eis
1095 3388 1340 3441 recessit.
1379 3388 1604 3458 Ipsaque
1636 3388 1721 3441 die
1754 3405 1875 3442 cum
1977 3386 2292 3455 expendens
2314 3385 2616 3441 devotionis
2646 3385 2749 3455 pia:
2786 3392 3120 3457 unguentum
3151 3385 3204 3438 in
3234 3385 3355 3455 ipso
3404 3385 3569 3452 justo-

283 3472 541 3526 universo
596 3473 851 3527 comitatu
904 3473 973 3527 ad
1034 3475 1420 3529 monasterium
1472 3476 1655 3530 Sancti
1731 3477 1875 3531 Petri
1976 3489 2098 3527 rum
2128 3473 2305 3542 capite
2336 3482 2387 3528 et
2436 3474 2670 3527 Domino
2728 3481 2916 3527 nostro
2967 3474 3097 3527 Jesu
3153 3473 3387 3538 Christo,
3422 3473 3566 3543 quod

285 3560 434 3627 (278)
493 3559 546 3613 in
579 3560 841 3616 suburbio
898 3562 1243 3617 constitutum
1291 3564 1688 3618 Cenomanensi
1747 3581 1873 3634 per-
1974 3559 2296 3631 participare
2326 3561 2644 3616 decreverat
2674 3576 2796 3615 cum
2846 3562 3063 3629 abbate,
3117 3560 3366 3614 membro
3396 3560 3565 3630 ipsius

282 3648 450 3702 venit.
1976 3658 2027 3704 et
2057 3664 2217 3703 servo
2246 3648 2389 3703 ﬁdeli
2422 3648 2712 3703 admodum
2758 3657 2811 3703 et
2839 3651 3093 3703 honesto.

346 3736 603 3807 Sequenti
657 3737 910 3805 diluculo,
946 3739 1070 3791 dum
1114 3740 1427 3795 matutinale
1486 3742 1600 3796 Deo
1648 3742 1874 3797 exsolvit
2045 3738 2163 3791 Iam
2182 3752 2315 3792 vero
2342 3745 2464 3807 post
2495 3737 2782 3805 haemomni
2806 3736 3018 3791 sublato
3046 3737 3419 3806 Cujuscunque
3438 3735 3566 3790 ditii-

277 3822 530 3889 oﬁicium,
566 3832 618 3878 et
646 3825 841 3896 longas
888 3842 1038 3881 more
1070 3826 1226 3881 solito
1260 3829 1476 3883 recitari
1522 3828 1641 3883 facit
1690 3831 1873 3884 lectio-
1975 3824 2187 3880 cultatis
2216 3824 2516 3887 obstaculo,
2556 3825 2817 3879 Ecclesiae
2864 3841 2977 3878 suae
3025 3825 3232 3896 gremio
3277 3824 3559 3895 excipitur,

278 3922 399 3972 nes,
432 3906 687 3961 tumultus
716 3909 913 3980 ingens
958 3924 989 3963 a
1020 3911 1291 3965 mmnibus
1322 3912 1555 3966 civitatis
1576 3914 1863 3982 increpuit.
1973 3930 2159 3983 pacem
2217 3921 2520 3984 exoptatam
2578 3911 2702 3966 filiis
2754 3922 3059 3983 reportans,
3108 3913 3276 3968 multo
3335 3914 3556 3985 quidem

279 3993 475 4048 Milites
497 4010 866 4065 namquecum
906 4012 1066 4051 manu
1088 4007 1293 4052 armata
1315 4000 1504 4054 directi
1535 4017 1566 4054 a
1597 4001 1873 4055 comitissa
1973 4002 2189 4068 sudore,
2237 4002 2334 4055 sed
2376 4009 2428 4056 et
2474 4000 2757 4071 multiplici
2815 4002 3020 4056 honore
3068 4010 3300 4072 partam,
3351 4010 3403 4056 et
3451 4009 3563 4057 toto

278 4081 566 4136 Britanniae
598 4085 764 4153 (279),
800 4092 851 4138 et
882 4086 999 4152 ejus
1031 4085 1140 4140 filio
1171 4088 1405 4142 Arlhuro
1437 4089 1584 4157 (280)
1616 4088 1870 4142 insultum
1970 4089 2138 4159 ipsius
2186 4090 2310 4144 vita:
2340 4089 2511 4159 spatio
2543 4089 2874 4143 duraturam.
2911 4089 3285 4144 Occurrebant
3329 4105 3458 4144 vero
3486 4089 3564 4143 illi

276 4168 549 4235 fecerunt,
585 4178 639 4223 ut
670 4172 935 4227 Joannem
972 4175 1418 4243 praenominatum
1457 4184 1733 4244 caperent.
1769 4176 1870 4242 Qui
1973 4178 2211 4246 undique
2240 4178 2403 4230 modo
2442 4193 2507 4230 ex
2539 4176 2774 4243 civitate,
2811 4184 2861 4229 et
2903 4176 2952 4229 in
2989 4177 3222 4239 civitate,
3252 4185 3305 4231 et
3333 4176 3387 4229 in
3417 4178 3561 4231 dite-

276 4265 434 4312 nocte
456 4258 676 4327 quidem
724 4258 812 4312 illa
841 4260 967 4315 illuc
1028 4262 1343 4327 advenerat,
1377 4264 1475 4316 sed
1512 4264 1868 4332 prazsentiens
1972 4264 2083 4318 cesi
2114 4279 2209 4317 sua
2240 4264 2414 4317 turbzn
2449 4264 2742 4317 laetantium
2765 4271 2817 4317 et
2837 4264 3277 4333 applaudentium
3303 4272 3561 4336 tanquam

275 4343 502 4397 insidias
534 4345 636 4399 sibi
694 4355 936 4415 paratas,
997 4356 1121 4402 ante
1187 4348 1323 4404 lucis
1384 4359 1559 4404 ortum
1620 4351 1865 4406 clanculo
1900 4351 1951 4409 D
1974 4351 2098 4406 duci
2128 4351 2324 4405 eximio
2355 4351 2658 4405 sublimiter
2688 4352 3061 4421 triumphanti.
3094 4352 3315 4407 Plurimi
3345 4371 3562 4425 quoque

274 4432 468 4485 urbem
513 4436 909 4501 pertransierat
940 4440 1107 4503 (281).
1146 4439 1271 4492 Haec
1300 4446 1355 4490 ut
1383 4439 1612 4507 primum
1644 4440 1865 4506 agnovit
1966 4440 2066 4495 viri
2097 4439 2151 4493 in
2188 4439 2600 4505 Northmannia,
2634 4440 2686 4492 in
2719 4440 2916 4510 Anglia
2946 4457 3077 4496 vero
3107 4458 3171 4495 ex
3200 4443 3401 4512 populo
3456 4459 3561 4498 no-

276 4519 538 4573 Girardus
581 4522 796 4591 quidam
826 4539 889 4577 ex
947 4524 1161 4579 clericis
1208 4526 1467 4595 episcOpi,
1530 4527 1865 4583 turbulenter
1966 4528 2201 4583 manicae
2228 4528 2378 4582 urbis
2426 4528 2604 4582 situm.
2647 4552 2666 4573 υ

342 4696 482 4761 (275)
511 4699 559 4748 Id
586 4704 678 4754 est.
713 4701 772 4749 19
810 4702 1016 4763 Aprilis.
1118 4726 1123 4731 μ
2034 4702 2172 4765 (279)
2197 4704 2479 4752 Constantia
2510 4704 2723 4763 nomine,
2751 4704 2847 4753 tilia
2873 4706 3054 4754 Conani
3100 4706 3236 4754 ducis
3276 4706 3556 4766 Britannia,

345 4781 486 4844 (276)
515 4784 649 4832 Nunc
684 4785 754 4833 La
794 4786 992 4847 Fleche,
1036 4787 1185 4835 latine
1228 4788 1414 4849 Flexia,
1449 4790 1620 4838 civitas
1646 4792 1720 4837 est
1756 4801 1863 4838 cum
1965 4769 2174 4849 ςιγίιξμςι
2199 4769 2418 4849 εἶξίξιτνίάί
2450 4770 2763 4849 βιρᾒυθηνίεί
2791 4772 2851 4831 Η»
2880 4772 3006 4833 regis
3032 4772 3235 4831 Anglic.
3274 4785 3378 4833 qua:
3404 4772 3555 4821 duca-

272 4836 408 4907 arce,
431 4836 596 4898 decem
623 4850 725 4899 fere
752 4836 1036 4901 milliaribus
1061 4853 1249 4902 distans
1283 4836 1613 4914 Andrcgavof‘
1766 4836 1797 4838 ἡ
1965 4841 2065 4883 mm
2093 4836 2327 4884 Gaumdo
2355 4836 2578 4885 conmm-

342 4929 485 5001 (277)
516 4932 646 5001 Alias
669 4935 1065 4984 Rovecestrensis
1098 4937 1201 4986 sive
1229 4937 1461 4988 lloft‘ensis
1501 4940 1771 5001 episcopus.
1800 4942 1867 4988 De

2034 4917 2178 4981 (280)
2206 4920 2500 5001 ponstantize
2528 4923 2576 4969 et
2601 4920 2816 4969 Gaurridi
2860 4921 2975 4979 tilio,
3022 4930 3135 4969 tunc
3179 4920 3428 4971 duodecim
3476 4936 3560 4973 an-

272 4986 440 5066 quoin
467 4986 641 5066 Annal.
672 5000 889 5049 Winton.
919 5005 1050 5063 part.
1086 5017 1119 5062 ι,
1148 4986 1769 5066 Ληειίεεέτὶὲὴιέξρζ5112)
1798 4986 1831 5054 ἧ

925 5005 1050 5063 part.
1086 5017 1119 5062 ι,
1148 4986 1769 5066 Ληειίεεέτὶὲὴιέξρζὄῖὶὲς
1966 4996 2138 5033 η⁰¹Ὶ¹η¹
2165 4986 2489 5035 δίῖθιθδεθηίθί

271 5063 502 5139 scribitur
528 5065 586 5113 ad
619 5078 700 5139 an.
729 5068 858 5139 1185
884 5082 904 5139 ;Δ
936 5084 954 5113 ‹‹
981 5069 1256 5139 G_ileliertus
1281 5071 1339 5139 de
1360 5063 1629 5139 iGlanvvilla
1673 5063 1867 5139 Rotl‘en-
1970 5137 1987 5139 _
2034 5066 2178 5133 (-281)
2207 5072 2640 5139 Cenomaneusem,
2664 5074 2721 5139 _et_
2740 5070 3090 5139 Rotbomagum
3124 5078 3441 5133 perrexerat;
3482 5075 3561 5124 ubi

274 5131 343 5203 sis
366 5131 619 5203 episcopus
646 5131 801 5203 factus
828 5137 930 5203 est.
962 5154 983 5175 ι
1012 5135 1093 5203 lgt,
1130 5147 1241 5203 pag.
1281 5137 1380 5185 3t6
1407 5150 1418 5185 :
1477 5154 1495 5181 ι
1543 5140 1680 5187 Anno
1720 5138 1865 5198 12H,
1964 5131 2191 5196 Joannes,
2215 5140 2336 5185 teste
2351 5138 2587 5197 Trivotto,
2616 5135 2810 5203 triginta
2834 5137 3035 5185 duorum
3064 5131 3299 5190 annorum
3338 5142 3564 5203 princeps

270 5195 486 5266 durante
504 5196 662 5266 adhuc
687 5198 964 5266 interdicto,
1003 5195 1391 5252 obiit’Gilbertus
1414 5204 1652 5253 Rotl‘ensis
1680 5195 1867 5266 episco-
1966 5203 2013 5250 in
2042 5208 2211 5251 octava
2238 5205 2457 5257 Paschze.
2483 5195 2651 5251 die'lS
2676 5202 2852 5263 Aprilis
2875 5204 2985 5251 anni
3014 5195 3372 5265 1199,<lticattis
3389 5195 3562 5257 North-

271 5273 380 5323 pus,
411 5262 489 5321 qui
517 5264 581 5311 50
600 5264 741 5312 annis
765 5266 1093 5328 episcopatum
1133 5269 1304 5317 tenuit.
1336 5285 1354 5314 »
1711 5262 1721 5266 ”
1970 5269 2179 5317 mannici
2208 5270 2365 5329 gladio
2393 5270 2578 5317 cinctus
2610 5268 2719 5316 fuit.

338 5342 473 5414 (278)
503 5347 569 5395 De
593 5346 789 5414 cultura
814 5348 1017 5410 dictum,
1043 5350 1101 5400 de
1128 5364 1221 5412 quo
1248 5353 1551 5403 Mabillonius
1579 5358 1613 5402 t.
1646 5355 1660 5402 l
1689 5356 1863 5405 Annal.
2038 5352 2171 5414 (282)
2198 5354 2250 5402 8.
2281 5354 2408 5403 Petri
2434 5354 2491 5402 de
2514 5353 2712 5402 Cultura
2739 5352 2823 5401 Dei
2851 5353 3020 5404 abbas.

270 5424 326 5494 εἰ
333 5412 436 5494 ι181
456 5413 703 5494 itzl'l‘uic‘,
732 5414 888 5494 inquit
911 5417 970 5466 de
994 5417 1366 5494 Be.rti_chramno
1384 5420 1609 5494 loquens,
1631 5422 1867 5494 originem
2038 5412 2178 5487 (283⁷)
2208 5431 2358 5492 Vulgo
2384 5433 2520 5494 Seez,
2548 5433 2595 5479 in
2634 5429 2772 5489 cujus
2798 5432 3027 5486 Stlbllt'hio
3068 5438 3338 5487 cmnobium
3375 5437 3463 5487 sub
3502 5439 3567 5486 ti-

269 5476 617 5566 dne‘b'entﬂnobile
947 5482 1080 5566 (prqu
1092 5484 1421 5566 defrutare
1447 5476 1532 5566 Dei
1576 5476 1865 5551 appellatur,
1971 5476 2150 5547 talo—SI
2168 5476 3461 5566 imi-iiii;fiiii’ié‘et’iiiinéfif

271 5546 613 5595 monasterium
637 5546 684 5596 in
708 5546 933 5599 suburbio
955 5550 1292 5601 Cenomanieae
1317 5553 1451 5602 urbis
1474 5546 1654 5604 situm.‘
1673 5576 1692 5597 ι
1856 5546 1862 5551 ’
1972 5546 2366 5614 commendatur.
