3960 6062
394 164 530 217 1075

1233 166 1293 219 S.
1342 164 1659 221 HUGONIS
1696 162 1909 219 EPISC.
1952 160 2273 218 LINCOLN.
2318 161 2481 219 0RD.
2524 162 2769 219 CARTH.

3545 170 3689 223 1076

395 294 447 342 et
476 303 542 341 ex
574 286 723 343 clero
769 304 992 358 prorsus
1047 289 1345 354 innumeri,
1395 289 1723 343 unanimiter
1751 296 1907 344 erant
1936 287 1985 343 ei
2006 288 2060 347 A
2159 286 2407 341 Vidimus
2438 287 2725 359 quemdam
2757 287 2811 341 in
2840 288 3265 346 Londinensium
3294 292 3510 349 civitate
3533 311 3690 365 prae-

400 375 802 431 conclamantes
828 394 841 429 :
875 378 1226 441 Benedictus,
1253 378 1347 448 qui
1366 379 1520 431 venit
1542 378 1602 431 in
1621 378 1849 432 nomine
1879 378 1987 431 Do-

399 464 546 518 mini
575 464 793 533 (Matth.
820 479 984 528 xxtu,
1016 466 1125 533 39).
1161 466 1283 534 Ipse
1300 480 1430 519 vero
1461 472 1627 518 totum
1658 465 1792 529 Deo,
1826 472 1878 518 et
1902 463 1987 517 ni-

398 550 475 604 hil
503 551 627 617 sibi,
660 552 906 606 tribuens
936 552 1292 607 benedicebat
1324 552 1630 617 Dominum,
1652 552 1743 624 qui
1771 568 1988 621 semper

399 638 454 692 in
477 639 728 693 omnibus
759 640 1065 711 triumphat.

952 783 1175 838 CAPUT
1202 784 1396 837 XVIII.

398 906 549 976 (284)
587 908 839 975 Qualiter
862 906 1069 961 habens
1087 908 1150 962 in
1178 907 1319 962 votis
1344 906 1702 962 Carthusiam
1732 908 1983 971 visitare,

468 978 699 1032 cedendi
727 980 965 1048 petitam
989 978 1277 1032 licentiam
1300 994 1415 1031 non
1437 977 1701 1049 obtinuit,
1735 982 1790 1032 et
1820 994 1988 1049 quam

469 1051 697 1102 strenue
719 1064 776 1103 se
795 1050 1027 1118 gesserit
1048 1050 1109 1102 in
1138 1048 1321 1119 causis
1351 1049 1456 1102 sibi
1471 1048 1760 1118 delegatis,
1793 1048 1849 1103 et
1869 1064 1987 1119 spe-

470 1118 703 1173 cialiter
728 1118 1249 1187 contraquemdam
1314 1118 1624 1173 Jordanum
1674 1119 1740 1173 de
1801 1120 1982 1183 Turri,

469 1192 525 1243 et
555 1204 723 1259 quam
762 1204 928 1257 grave
958 1189 1135 1258 fuerit
1168 1189 1275 1243 sibi
1304 1204 1360 1243 se
1381 1188 1446 1243 de
1483 1190 1724 1258 negotiis
1745 1190 1988 1242 saecula-

470 1259 624 1313 ribus
641 1260 1023 1329 personaliter
1059 1260 1463 1322 intromittere,
1499 1275 1619 1329 qua:
1646 1260 1776 1313 aliis
1805 1260 1987 1329 impo-

468 1330 659 1384 nenda
681 1331 927 1394 censuit,
961 1329 1217 1396 ﬁdelibus
1247 1333 1300 1383 et
1330 1330 1606 1383 discretis.

468 1434 742 1489 Habuerat
768 1450 898 1488 sane
923 1449 1033 1501 jam
1066 1434 1155 1487 diu
1187 1433 1241 1486 in
1268 1433 1427 1501 votis,
1485 1440 1609 1488 ante
1665 1434 1787 1488 vita:
1841 1450 1987 1504 prae-

398 1522 567 1577 sentis
597 1537 904 1587 excursum,
940 1522 1227 1591 episcopus
1276 1521 1457 1576 locum
1508 1521 1808 1575 Carthusiae
1838 1537 1986 1576 sem-

398 1626 498 1680 per
523 1618 755 1663 amatum
789 1609 961 1673 adire,
988 1616 1294 1680 statumque
1325 1609 1533 1663 ordinis
1580 1608 1990 1680 praesentialiter
2018 1636 2070 1696 B

398 1697 611 1763 intueri,
645 1704 698 1752 et
727 1698 915 1769 gregis
945 1697 1107 1763 illius,
1142 1713 1300 1768 quam
1322 1698 1521 1768 pusilli,
1542 1704 1653 1751 tam
1685 1705 1736 1753 et
1760 1698 1989 1753 sanctis-

400 1785 541 1849 simi,
568 1793 786 1855 aspectu
819 1793 871 1839 et
919 1785 1085 1840 affatu
1117 1784 1329 1840 interna
1383 1801 1477 1839 sua
1509 1786 1777 1840 desideria
1808 1786 1876 1840 ab
1898 1802 1992 1840 ex-

398 1873 569 1928 ternis
614 1873 928 1928 tumultibus
985 1873 1371 1943 aliqbantulum
1420 1874 1740 1944 respirando
1770 1874 1990 1928 uberius

398 1961 666 2017 refovere.
699 1962 990 2032 Optaverat
1016 1961 1260 2033 profecto
1283 1962 1443 2017 etiam
1477 1962 1704 2018 sarcinas
1733 1970 1989 2032 pastora-

400 2049 467 2104 lis
498 2067 644 2105 curaa
673 2066 737 2105 ex
772 2050 1004 2123 integro,
1037 2049 1083 2104 si
1106 2050 1326 2105 daretur
1355 2050 1604 2118 facultas,
1656 2051 1990 2116 renuntiare,

401 2153 522 2194 cum
575 2138 864 2193 mundanis
920 2139 1103 2193 litibus
1159 2138 1478 2194 decidendis
1556 2138 1653 2193 sub
1728 2146 1992 2210 praetextu

400 2226 698 2297 spiritualis
742 2226 936 2293 oﬂicii,
986 2226 1177 2282 ordine
1204 2269 1217 2293 ,
1274 2233 1331 2281 ut
1376 2226 1729 2292 memorabat,
1777 2243 1993 2298 praepo-

400 2321 568 2381 stero,
593 2314 719 2370 totis
741 2315 913 2370 ferme
943 2314 1136 2369 diebus
1167 2322 1453 2387 cogeretur
1470 2314 1756 2371 inservire.
1793 2339 1813 2363 α
1849 2317 1987 2386 Jam,

403 2402 596 2474 inquit,
630 2402 841 2458 urbium
892 2410 1158 2473 praetores
1186 2402 1275 2459 vel
1326 2403 1610 2473 praesides,
1653 2412 1706 2457 et
1751 2404 1993 2460 Ecclesi-

401 2505 556 2547 arum
585 2492 869 2562 presules,
902 2507 968 2548 eo
1001 2491 1116 2547 fere
1145 2491 1264 2547 solo
1292 2492 1496 2548 distare
1532 2500 1826 2547 cernuntur
1846 2493 1993 2564 quod

401 2579 491 2634 isti
520 2580 809 2645 continuis,
843 2579 919 2634 illi
947 2579 1142 2635 diebus
1170 2579 1503 2650 interpolatis
1552 2588 1750 2636 vacant
1804 2580 1991 2635 foren-

402 2667 553 2722 sibus
583 2667 790 2738 litigiis.
823 2667 935 2723 Illis
982 2667 1257 2723 interdum
1312 2667 1435 2723 licet
1460 2667 1538 2723 rei
1569 2667 1849 2723 familiaris
1881 2684 1993 2722 sum

401 2754 716 2810 utilitatibus
745 2754 1027 2811 consulere
1052 2774 1067 2821 -,
1097 2754 1217 2808 istis
1247 2755 1366 2823 ipsa
1389 2754 1549 2809 etiam
1574 2754 1877 2810 animarum
1904 2772 1993 2809 su-

404 2858 558 2898 arum
616 2843 839 2914 negotia
885 2842 973 2897 vix
1023 2842 1354 2915 quandoque
1396 2843 1720 2913 permittitur
1741 2850 1989 2899 tractare.

477 2930 873 2987 Sollicitaverat
928 2932 1089 2985 etiam
1144 2931 1383 2986 secundo
1436 2930 1523 2985 vel
1599 2932 1755 2986 tertio
1830 2946 1995 2987 aures

405 3020 601 3075 summi
628 3019 901 3091 pontificis
922 3036 1019 3090 per
1038 3019 1395 3074 internuntios
1428 3035 1592 3090 super
1620 3020 1996 3089 hujuscemodi

405 3109 588 3165 cordis
618 3109 702 3163 sui
729 3107 1049 3179 proposito;
1083 3108 1181 3162 sed
1212 3115 1264 3163 et
1309 3108 1401 3162 ille
1434 3108 1742 3163 nullatenus
1802 3108 1996 3179 acqui-

406 3213 620 3263 escens,
655 3212 764 3251 non
787 3196 951 3251 modo
1006 3196 1321 3267 petitionem
1379 3198 1495 3267 ejus
1548 3196 1862 3266 repellebat,
1899 3197 1996 3251 sed

408 3294 462 3340 et
490 3285 764 3356 petitionis
793 3284 1123 3340 mediatorcs
1154 3285 1344 3339 durius
1362 3284 1712 3357 objurgabat.
1742 3284 1999 3341 Omnium

408 3373 552 3429 enim
583 3387 715 3428 sane
755 3372 1087 3428 diﬂiciliores
1128 3381 1180 3427 et
1209 3373 1383 3444 magis
1430 3374 1630 3428 arduas
1656 3374 2000 3444 negotiorum

408 3462 735 3530 decisiones,
760 3476 897 3533 quas
927 3461 1065 3516 inter
1091 3459 1226 3515 fines
1258 3460 1421 3515 totius
1452 3461 1661 3533 Angliae
1682 3461 2001 3517 auctoritate

411 3549 663 3607 ventilari
693 3550 1085 3622 contingebant
1117 3549 1436 3620 apostolica,
1478 3549 1734 3620 episcopo
1773 3549 2000 3621 delega-

412 3639 499 3693 bat
551 3638 915 3694 Lincolniensi
974 3639 1143 3709 (285),
1197 3647 1436 3709 quoquot
1496 3638 1609 3693 suis
1668 3638 2001 3708 temporibus

409 3726 677 3783 Ecclesia:
706 3727 1079 3797 prasederunt
1124 3726 1354 3782 Romani
1386 3726 1580 3780 summi
1625 3726 1926 3797 pontifices.

484 3817 739 3871 Personae
796 3830 1012 3885 quoque
1094 3813 1443 3868 nihilominus
1475 3854 1488 3879 ,
1524 3822 1576 3868 et
1611 3813 1913 3869 mediocres
1951 3822 2004 3869 et

413 3902 633 3971 intimae,
687 3910 941 3973 quantum
997 3903 1066 3957 de
1106 3902 1313 3956 meritis
1378 3903 1777 3971 praesumebant
1824 3916 2003 3957 causa:

416 4007 548 4057 suae,
583 3998 789 4045 tantum
820 4005 1006 4045 coram
1034 4004 1099 4044 eo
1129 3996 1317 4044 contra
1367 4004 1493 4044 suos
1523 3989 1870 4044 adversarios
1900 4005 2003 4059 op-

414 4080 603 4135 tabant
629 4078 860 4149 litigare.
894 4078 1021 4133 Illos
1053 4077 1216 4142 enim,
1270 4077 1392 4132 sive
1434 4077 1637 4132 viribus
1683 4077 2002 4143 niterentur,

415 4168 531 4224 sive
547 4174 885 4223 armarentur
905 4166 1065 4231 dolis,
1086 4166 1187 4219 sub
1209 4165 1456 4221 examine
1466 4166 1666 4234 judicis
1678 4166 2002 4235 justissimo,

415 4264 469 4312 et
512 4256 707 4312 veritas
752 4254 962 4310 facilius
1019 4254 1396 4321 convincebat,
1456 4262 1509 4308 et
1566 4255 1795 4326 (equitas
1849 4254 2006 4310 citius

2089 383 2384 445 potentem,
2443 376 2742 430 Jordanum
2800 376 2867 431 de
2928 378 3086 431 Turri
3143 380 3455 449 vocitatum,
3515 398 3688 452 quem

2090 464 2407 518 auctoritate
2437 464 2644 517 domini
2675 480 2830 534 papa:
2860 465 3157 520 litterarum
3196 468 3251 521 in
3272 468 3364 537 jus
3407 478 3689 524 traxerant

2088 567 2360 621 pauperes
2393 558 2445 605 et
2473 551 2655 621 pusilli
2684 552 2792 607 duo
2823 552 2922 606 sub
2953 554 3223 609 tutoribus
3252 557 3423 611 adhuc
3453 567 3689 629 agentes

2089 639 2319 709 orphani
2350 655 2515 710 super
2534 638 2716 710 iniqua
2757 640 3068 697 detentione
3098 645 3452 713 quarumdam
3484 647 3687 701 domo-

2091 743 2232 795 rum,
2281 728 2630 782 hmreditaria
2678 728 3026 784 successione
3073 730 3206 799 ipsis
3238 735 3684 803 competentium.

2091 817 2324 869 Causam
2345 816 2519 885 ipsam
2576 815 2629 868 in
2687 816 2864 870 forum
2897 817 3325 875 ecclesiasticum
3358 821 3559 887 titulus,
3592 823 3685 877 cui

2089 903 2370 957 dicebatur
2398 902 2570 968 inniti,
2606 903 2903 959 adduxerat
2933 920 3240 961 usurarum.
3274 908 3371 963 Hic
3416 909 3505 963 die
3534 926 3683 979 pra:—

2089 990 2213 1055 fixa,
2246 1006 2355 1044 non
2380 990 2536 1061 quasi
2564 990 2892 1063 litigaturus,
2927 993 3024 1048 sed
3054 994 3206 1065 quasi
3262 995 3370 1050 litis
3425 1013 3685 1069 progres-

2090 1094 2208 1132 sum
2266 1078 2612 1145 discissurus,
2675 1080 2740 1133 ad
2786 1080 3135 1151 episcopum,
3190 1082 3419 1153 plurimo
3454 1085 3684 1155 stipatus

2090 1166 2337 1236 agmine,
2384 1174 2843 1238 propugnatorum
2870 1168 3049 1238 potius
3078 1186 3240 1241 quam
3271 1172 3678 1239 advocatorum,

2089 1254 2334 1309 accessit.
2356 1254 2454 1309 Cui
2476 1254 2605 1309 dum
2624 1254 2957 1322 litteratoria,
2980 1256 3141 1312 simul
3158 1266 3210 1314 et
3230 1259 3353 1315 viva
3382 1276 3514 1315 voce
3536 1261 3683 1314 inhi-

2091 1342 2323 1398 bitiones
2352 1358 2656 1414 precesque
2690 1343 3014 1400 obtulissent
3033 1346 3321 1416 stipatores
3351 1348 3452 1412 sui,
3474 1356 3580 1402 tam
3616 1365 3682 1403 ex

2090 1437 2239 1500 parte
2261 1430 2464 1484 domini
2494 1431 2642 1502 regis
2674 1447 2835 1502 quam
2858 1438 2909 1486 et
2937 1432 3163 1487 aliarum
3210 1434 3521 1490 sublimium
3579 1452 3683 1507 po-

2090 1525 2361 1585 testatum,
2395 1534 2624 1574 necnon
2654 1526 2708 1574 et
2738 1519 2939 1574 civium
2970 1522 3328 1577 communiter
3356 1524 3685 1579 Londonen-

2092 1607 2248 1670 sium,
2283 1623 2351 1661 ne
2381 1606 2436 1660 in
2466 1622 2634 1671 causa
2689 1608 2809 1677 ipsa
2864 1610 3203 1678 procederet,
3253 1611 3377 1682 quia
3406 1612 3451 1666 si
3482 1612 3685 1667 faceret

2091 1696 2214 1759 hoc,
2248 1702 2304 1748 ut
2334 1696 2672 1761 asserebant,
2704 1696 2758 1749 in
2812 1712 2925 1751 suae
2981 1698 3131 1752 urbis
3186 1700 3558 1770 praejudicium
3590 1718 3681 1756 re-

2091 1783 2377 1838 dundaret.
2447 1783 2579 1837 Cum
2638 1800 2769 1856 ergo
2809 1799 3126 1841 assessores
3153 1795 3207 1841 et
3265 1788 3549 1844 domestici
3600 1790 3685 1843 sui

2092 1871 2499 1926 subsistendum
2520 1888 2642 1927 esse
2674 1873 2727 1926 in
2759 1888 2927 1929 causa
2954 1873 3047 1929 illa
3067 1876 3394 1931 unanimiter
3414 1877 3684 1932 decerne-

2090 1967 2230 2025 rent,
2266 1960 2353 2014 ille
2397 1960 2532 2014 intra
2592 1960 2833 2031 seipsum
2889 1962 3167 2031 paululum
3224 1964 3548 2033 deliberans,
3582 1967 3684 2022 hac

2092 2048 2311 2103 demum
2367 2064 2501 2104 voce
2560 2065 2945 2119 oppressorem
3019 2051 3277 2122 opprimit
3334 2053 3681 2124 pupillorum.

2092 2137 2411 2192 Meminerat
2440 2137 2583 2191 enim
2641 2137 2731 2192 ille
2786 2139 3153 2209 orphanorum
3207 2148 3361 2211 pater
3390 2141 3685 2212 Scriptura:

2093 2226 2322 2281 dicentis
2355 2242 2369 2279 :
2408 2247 2429 2275 ι
2465 2224 2676 2296 Pupillo
2706 2233 2759 2280 tu
2805 2227 2915 2281 eris
2944 2228 3158 2296 adjutor
3186 2229 3367 2298 (Psal.
3414 2244 3472 2294 χ,
3510 2232 3618 2297 14).
3660 2254 3680 2277 ι

2093 2313 2182 2368 Ait
2226 2314 2455 2385 itaque:
2495 2335 2517 2363 α
2570 2315 2810 2381 Revera,
2870 2315 3124 2384 Iordane,
3176 2332 3478 2388 quanquam
3523 2318 3684 2372 nobis

2095 2402 2364 2457 exstiteris
2394 2402 2614 2469 cbarus,
2647 2403 2954 2459 nullatenus
2976 2413 3156 2459 tamen
3177 2414 3364 2460 contra
3395 2407 3567 2461 Deum
3589 2407 3687 2460 tibi

2094 2489 2307 2546 deferre
2338 2490 2602 2545 valemus.
2636 2491 2855 2559 Verum,
2891 2492 3017 2562 quia
3072 2501 3263 2548 contra
3292 2502 3371 2548 tot
3422 2502 3474 2548 et
3501 2502 3682 2549 tantos

2095 2578 2334 2633 fautores
2365 2588 2485 2633 tuos
2523 2579 2637 2647 niti,
2682 2596 2792 2635 non
2838 2581 3001 2635 modo
3030 2581 3270 2651 parvulis
3322 2582 3460 2647 istis,
3492 2583 3602 2638 imo
3634 2593 3687 2639 et

2094 2667 2408 2738 nobisipsis,
2442 2668 2748 2739 nostrisque
2787 2669 3162 2738 conjudicibus
3192 2677 3404 2726 constat
3433 2688 3555 2726 esse
3602 2672 3687 2725 in-

2095 2756 2246 2823 utile,
2282 2756 2409 2826 quid
2445 2755 2612 2810 simus
2642 2758 2833 2822 acturi,
2866 2758 3118 2813 nolumus
3150 2766 3201 2813 te
3230 2758 3411 2813 latere.
3446 2760 3553 2813 Pro
3571 2777 3687 2816 me-

2095 2844 2214 2914 ipso
2244 2852 2424 2898 tamen
2442 2844 2639 2914 loquor
2671 2862 2683 2898 :
2718 2845 2981 2900 Liberabo
3012 2847 3249 2901 animam
3301 2862 3499 2902 meam.
3535 2849 3688 2903 Scri-

2095 2932 2216 2986 bam
2247 2948 2377 3003 ergo
2405 2932 2625 2987 domino
2655 2948 2807 3003 papae
2840 2933 2967 3005 quia
2998 2942 3053 2987 tu
3108 2935 3256 2990 solus
3287 2936 3340 2989 in
3383 2937 3541 2990 terris
3572 2937 3690 2991 istis

2100 3022 2214 3088 ejus
2254 3020 2615 3090 jurisdictioni
2659 3022 3002 3089 contradicis,
3053 3022 3277 3094 ejusque
3308 3025 3686 3079 auctoritatem

2098 3109 2246 3163 solus
2276 3116 2331 3177 tu
2363 3123 2627 3164 evacuare
2685 3110 2985 3165 contendis.
3028 3134 3049 3157 η
3085 3112 3196 3166 Hac
3250 3111 3341 3167 ille
3397 3114 3685 3181 sententia,

2099 3211 2164 3252 ac
2196 3197 2241 3251 si
2288 3197 2488 3268 sagitta
2522 3196 2788 3267 feriretur,
2848 3197 3331 3268 praedicordialiter
3374 3208 3550 3254 tactus
3579 3202 3690 3270 (ni-

2098 3284 2291 3339 mirum
2322 3284 2651 3357 intelligens,
2689 3286 2874 3358 quanti
2893 3285 3032 3341 foret
3072 3287 3334 3356 ponderis
3368 3288 3559 3343 relatio
3588 3290 3691 3344 ista

2099 3373 2153 3428 in
2201 3374 2422 3428 auribus
2472 3373 2668 3427 summi
2699 3374 2988 3444 pontificis,
3044 3375 3344 3445 praesertim
3390 3376 3591 3431 emissa
3621 3378 3692 3431 ab

2101 3477 2195 3517 ore
2226 3461 2324 3515 viri
2355 3461 2488 3515 tanti
2519 3462 2775 3533 nominis)
2806 3470 3037 3518 tractare
3067 3464 3231 3533 coepit
3287 3465 3340 3517 in
3395 3464 3693 3519 continenti

2102 3565 2223 3605 cum
2255 3550 2367 3605 suis
2397 3566 2559 3621 super
2606 3550 2939 3607 restitutione
2969 3551 3211 3606 facienda
3250 3552 3542 3608 destitutis.
3577 3554 3694 3609 Nec

2102 3639 2245 3693 enim
2276 3638 2442 3693 alium
2473 3639 2671 3693 exitum
2710 3640 2913 3693 invenit
2959 3640 3113 3694 alias.
3148 3641 3327 3696 Verba
3360 3642 3557 3713 quippe
3588 3642 3693 3695 viri

2096 3728 2249 3796 justi,
2274 3727 2411 3781 sicut
2439 3726 2640 3781 stimuli
2688 3727 2845 3798 quasi
2879 3728 2932 3781 in
2976 3727 3143 3781 altum
3166 3728 3351 3797 deﬁxi,
3383 3744 3492 3783 non
3546 3730 3691 3791 dico,

2104 3815 2315 3881 cedere,
2352 3816 2449 3870 sed
2478 3832 2578 3871 nec
2611 3815 2800 3886 attingi
2821 3816 3041 3887 quidem
3074 3815 3371 3871 rationibus
3403 3825 3495 3870 aut
3532 3817 3695 3871 blan-

2104 3903 2249 3957 ditiis
2280 3904 2563 3974 quiverant
2593 3904 2691 3957 viri
2720 3904 2774 3957 in
2828 3903 3176 3974 generatione
3234 3920 3331 3958 sua
3380 3904 3694 3973 prudentis—

2106 3990 2245 4045 simi.
2279 3992 2397 4044 Mox
2443 3992 2604 4061 igitur
2659 3992 3112 4062 conquerentibus
3138 3992 3206 4046 ad
3235 3992 3567 4063 condignum
3600 4006 3695 4046 sa-

2106 4078 2321 4144 tisfecit,
2360 4094 2463 4133 nec
2515 4078 2733 4149 quidem
2769 4080 2886 4133 sine
2942 4081 3170 4149 enormi,
3222 4089 3279 4133 ut
3318 4081 3567 4143 asseruit,
3603 4080 3689 4134 di-

2107 4168 2334 4238 spendio
2364 4175 2696 4237 sumptuum,
2733 4184 2869 4238 quos
2891 4168 2943 4221 in
2966 4168 3132 4223 fundo
3178 4168 3294 4237 ipse
3325 4168 3682 4237 expenderet.

2108 4255 2196 4310 Sic
2238 4271 2346 4310 una
2400 4256 2691 4326 brevisque
2748 4255 2848 4309 viri
2874 4255 3002 4324 justi
3063 4256 3290 4309 obtinuit
3321 4256 3575 4325 allegatio
3616 4256 3693 4321 id,

413 4344 762 4415 percellebat.
795 4344 933 4398 Nam
962 4351 1015 4398 et
1042 4343 1146 4397 hoc
1182 4358 1400 4413 quoque
1438 4343 1640 4397 donum
1662 4350 1947 4413 acceperat
1975 4340 2075 4398 aD
2106 4345 2251 4415 quod
2280 4345 2366 4399 vix
2402 4360 2635 4415 unquam
2669 4343 2981 4398 crederetur
3022 4343 3265 4399 obtinere
3298 4343 3696 4398 causidicorum

416 4434 552 4500 Deo,
584 4440 661 4501 ut,
694 4432 829 4486 sicut
878 4446 943 4486 eo
1001 4446 1162 4485 nemo
1208 4431 1347 4501 aequi
1389 4439 1441 4485 et
1479 4432 1608 4485 recti
1640 4432 1899 4498 tenacior,
1932 4431 2005 4485 ita

416 4536 577 4576 nemo
607 4520 939 4576 inveniretur
960 4520 1028 4574 de
1052 4519 1219 4585 facili,
1245 4519 1335 4589 qui
1368 4535 1433 4574 eo
1464 4519 1743 4574 videretur
1763 4520 2005 4574 volocior

416 4610 530 4664 sive
561 4608 770 4664 acutior
797 4607 851 4661 in
880 4607 1220 4663 discussione
1242 4607 1353 4661 veri
1386 4615 1435 4661 et
1459 4606 1601 4661 falsi.
1666 4606 1823 4673 Quod
1856 4607 1909 4660 in
1941 4623 2004 4660 eo

415 4698 757 4753 attendentes
784 4697 858 4761 hi,
889 4695 979 4767 qui
1007 4695 1291 4765 peritiores
1329 4695 1383 4748 in
1437 4695 1555 4762 jure
1606 4701 1655 4747 et
1696 4694 1748 4747 in
1782 4695 2006 4748 ventila-

409 4787 647 4842 tionibus
687 4784 983 4840 forensium
1016 4783 1130 4837 sive
1173 4783 1665 4838 ecclesiasticarum
1722 4798 2004 4837 causarum

412 4873 845 4930 exercitatissimi
904 4871 1261 4937 habebantur,
1327 4870 1605 4925 miraculis
1637 4871 1999 4937 ascribebant,

412 4964 538 5018 dum
569 4962 659 5017 ille
704 4961 887 5015 taliu'n
922 4961 1163 5014 insuetus
1223 4967 1273 5013 et
1330 4960 1485 5029 quasi
1537 4960 1721 5030 legum
1766 4960 2001 5023 nescius,

410 5051 653 5106 omnium
682 5049 1015 5119 praecederet
1034 5046 1304 5111 acumina,
1356 5055 1409 5100 et
1438 5046 1658 5115 ingenia
1686 5047 2005 5117 praevolaret

408 5139 873 5210 jurisperitorum.

484 5317 627 5396 (28$)
687 5318 855 5369 Relata
916 5317 965 5364 in
1026 5315 1116 5365 hoc
1178 5318 1335 5380 capite
1423 5315 1630 5367 diversis
1701 5316 2007 5377 contigerunt

423 5398 590 5436 annis.

484 5469 625 5534 (285)
651 5471 763 5531 Qua?
788 5471 974 5533 Hugoni
1001 5473 1165 5521 nostro
1190 5471 1239 5521 in
1264 5469 1420 5521 causis
1444 5466 1799 5529 archiepisc0pi
1822 5465 2006 5517 Ebora-

2108 4432 2440 4503 quantalibet
2479 4431 2785 4486 multitudo.

2178 4521 2323 4576 Licet
2354 4536 2503 4587 vero,
2540 4521 2591 4572 in
2615 4519 2879 4573 similibus
2910 4535 3157 4589 persaepe
3202 4518 3439 4585 casibus,
3475 4519 3695 4574 naufra—

2106 4610 2256 4682 ganti
2290 4608 2589 4662 subsidium
2619 4616 2901 4678 praestaret
2949 4607 3270 4662 innocentiae
3320 4624 3415 4661 seu
3462 4607 3692 4671 veritati,

2106 4698 2389 4769 indignum
2421 4706 2599 4751 tamen
2632 4695 2900 4766 pontiﬁcis
2949 4710 3114 4765 opera
3172 4694 3455 4763 reputabat
3486 4694 3694 4748 sollici-

2106 4786 2366 4851 tudinem,
2411 4802 2515 4854 qua
2580 4784 2725 4840 circa
2782 4792 2993 4839 terrena
3024 4791 3076 4838 et
3142 4783 3447 4836 transitoria
3501 4783 3697 4851 saepius

2107 4888 2267 4944 quam
2301 4890 2428 4943 erga
2461 4873 2703 4928 cmlestia
2734 4880 2785 4926 et
2842 4880 3043 4926 (eterna
3086 4879 3413 4925 versaretur.
3446 4871 3699 4924 Porlabat

2107 4978 2258 5025 vero,
2282 4963 2378 5015 sed
2401 4962 2451 5015 in
2484 4962 2736 5031 angaria,
2771 4976 2985 5016 crucem
3030 4959 3339 5027 hujusmodi
3397 4959 3687 5021 actionum,

2106 5051 2175 5105 de
2216 5050 2384 5104 solius
2424 5049 2748 5104 obedientiae
2804 5049 3017 5116 merito,
3077 5046 3436 5102 excusationis
3507 5046 3691 5115 potius

2104 5137 2420 5210 suffragium
2453 5154 2613 5208 quam
2641 5136 2922 5207 prcemium
2964 5136 3039 5190 rei
3097 5133 3560 5200 commendabilis,
3596 5149 3693 5187 ex-

2107 5317 2264 5367 censis
2290 5331 2315 5366 a
2342 5317 2605 5366 lecstino
2625 5328 2744 5378 papa
2774 5316 3032 5365 commissa
3048 5315 3263 5371 fuerunt,
3291 5313 3443 5362 refert
3474 5311 3706 5361 Baronius

2108 5386 2167 5433 ad
2195 5396 2346 5499 annos
2379 5385 2523 5443 tt9t,
2554 5382 2681 5432 1199
2706 5387 2753 5432 et
2786 5384 2940 5445 1195,
2988 5383 3117 5444 ipsas
3160 5393 3295 5443 [νίψω
3330 5380 3519 5430 litteras
3556 5378 3707 5427 addu-

2108 5462 2195 5500 cen
2234 5464 2279 5500 υ.
