  <div class='ocr_page' id='page_1' title='image "/cluster/home/n/w/nwhite01/storage/ocr_20150623/153/hvd.32044054760111/544.png"; bbox 0 0 3960 6062; ppageno 0'>
   <div class='ocr_carea' id='block_1_1' title="bbox 251 112 395 165">
    <p class='ocr_par' dir='ltr' id='par_1_1' title="bbox 251 112 395 165">
     <span class='ocr_line' id='line_1_1' title="bbox 251 112 395 165; baseline 0.007 -1"><span class='ocrx_word' id='word_1_1' title='bbox 251 112 395 165; x_wconf 82' lang='grc'><strong>1077</strong></span> 
     </span>
    </p>
   </div>
   <div class='ocr_carea' id='block_1_2' title="bbox 1617 107 2163 165">
    <p class='ocr_par' dir='ltr' id='par_1_2' title="bbox 1617 107 2163 165">
     <span class='ocr_line' id='line_1_2' title="bbox 1617 107 2163 165; baseline -0.002 0"><span class='ocrx_word' id='word_1_2' title='bbox 1617 110 1796 165; x_wconf 78' lang='grc' dir='ltr'>νιΤΑ.</span> <span class='ocrx_word' id='word_1_3' title='bbox 1832 136 1897 147; x_wconf 95' lang='grc'><strong>-</strong></span> <span class='ocrx_word' id='word_1_4' title='bbox 1930 107 2055 162; x_wconf 89' lang='lat' dir='ltr'>LIB.</span> <span class='ocrx_word' id='word_1_5' title='bbox 2101 111 2163 164; x_wconf 91' lang='lat' dir='ltr'>V.</span> 
     </span>
    </p>
   </div>
   <div class='ocr_carea' id='block_1_3' title="bbox 3416 104 3550 161">
    <p class='ocr_par' dir='ltr' id='par_1_3' title="bbox 3416 104 3550 161">
     <span class='ocr_line' id='line_1_3' title="bbox 3416 104 3550 161; baseline -0.03 0"><span class='ocrx_word' id='word_1_6' title='bbox 3416 104 3550 161; x_wconf 70' lang='lat'>1078</span> 
     </span>
    </p>
   </div>
   <div class='ocr_carea' id='block_1_4' title="bbox 250 232 3545 307">
    <p class='ocr_par' dir='ltr' id='par_1_4' title="bbox 250 232 3545 307">
     <span class='ocr_line' id='line_1_4' title="bbox 250 232 3545 307; baseline -0 -19"><span class='ocrx_word' id='word_1_7' title='bbox 250 242 532 306; x_wconf 89' lang='lat' dir='ltr'>spectans.</span> <span class='ocrx_word' id='word_1_8' title='bbox 560 236 753 291; x_wconf 79' lang='lat' dir='ltr'>Verum</span> <span class='ocrx_word' id='word_1_9' title='bbox 784 236 901 292; x_wconf 68' lang='lat' dir='ltr'>haec</span> <span class='ocrx_word' id='word_1_10' title='bbox 943 236 1240 291; x_wconf 84' lang='lat' dir='ltr'>innumeris</span> <span class='ocrx_word' id='word_1_11' title='bbox 1282 235 1586 301; x_wconf 80' lang='lat' dir='ltr'>verborum,</span> <span class='ocrx_word' id='word_1_12' title='bbox 1623 249 1725 289; x_wconf 90' lang='lat' dir='ltr'>nec</span> <span class='ocrx_word' id='word_1_13' title='bbox 1746 247 1852 287; x_wconf 89' lang='lat' dir='ltr'>non</span> <span class='ocrx_word' id='word_1_14' title='bbox 1875 232 1928 291; x_wconf 85' lang='lat' dir='ltr'><strong>A</strong></span> <span class='ocrx_word' id='word_1_15' title='bbox 1954 247 2083 288; x_wconf 90' lang='lat' dir='ltr'>nere</span> <span class='ocrx_word' id='word_1_16' title='bbox 2100 232 2511 306; x_wconf 87' lang='lat' dir='ltr'>cupiebant,per</span> <span class='ocrx_word' id='word_1_17' title='bbox 2522 252 2681 307; x_wconf 88' lang='lat' dir='ltr'>quem</span> <span class='ocrx_word' id='word_1_18' title='bbox 2694 244 2817 307; x_wconf 90' lang='lat' dir='ltr'>post</span> <span class='ocrx_word' id='word_1_19' title='bbox 2828 242 3077 292; x_wconf 89' lang='lat' dir='ltr'>sanctum</span> <span class='ocrx_word' id='word_1_20' title='bbox 3088 233 3331 291; x_wconf 88' lang='lat' dir='ltr'>Nicolam</span> <span class='ocrx_word' id='word_1_21' title='bbox 3345 232 3545 289; x_wconf 86' lang='lat' dir='ltr'>incom-</span> 
     </span>
    </p>
   </div>
   <div class='ocr_carea' id='block_1_5' title="bbox 250 320 1847 393">
    <p class='ocr_par' dir='ltr' id='par_1_5' title="bbox 250 320 1847 393">
     <span class='ocr_line' id='line_1_5' title="bbox 250 320 1847 393; baseline -0.003 -16"><span class='ocrx_word' id='word_1_22' title='bbox 250 331 309 377; x_wconf 89' lang='lat' dir='ltr'>et</span> <span class='ocrx_word' id='word_1_23' title='bbox 341 332 621 393; x_wconf 76' lang='lat' dir='ltr'>gestorum</span> <span class='ocrx_word' id='word_1_24' title='bbox 651 324 768 392; x_wconf 85' lang='lat' dir='ltr'>ejus</span> <span class='ocrx_word' id='word_1_25' title='bbox 800 340 906 378; x_wconf 90' lang='lat' dir='ltr'>non</span> <span class='ocrx_word' id='word_1_26' title='bbox 940 332 1021 378; x_wconf 91' lang='lat' dir='ltr'>est</span> <span class='ocrx_word' id='word_1_27' title='bbox 1042 339 1268 380; x_wconf 88' lang='lat' dir='ltr'>necesse</span> <span class='ocrx_word' id='word_1_28' title='bbox 1298 324 1468 378; x_wconf 90' lang='lat' dir='ltr'>astrui</span> <span class='ocrx_word' id='word_1_29' title='bbox 1488 320 1847 384; x_wconf 81' lang='lat' dir='ltr'>documentis,</span> 
     </span>
    </p>
   </div>
   <div class='ocr_carea' id='block_1_6' title="bbox 251 412 1847 481">
    <p class='ocr_par' dir='ltr' id='par_1_6' title="bbox 251 412 1847 481">
     <span class='ocr_line' id='line_1_6' title="bbox 251 412 1847 481; baseline -0.002 -17"><span class='ocrx_word' id='word_1_30' title='bbox 251 428 381 481; x_wconf 68' lang='lat' dir='ltr'>qua:</span> <span class='ocrx_word' id='word_1_31' title='bbox 412 412 671 465; x_wconf 81' lang='lat' dir='ltr'>scribenti</span> <span class='ocrx_word' id='word_1_32' title='bbox 702 412 770 465; x_wconf 92' lang='lat' dir='ltr'>ad</span> <span class='ocrx_word' id='word_1_33' title='bbox 802 427 1022 466; x_wconf 89' lang='lat' dir='ltr'>manum</span> <span class='ocrx_word' id='word_1_34' title='bbox 1044 412 1175 466; x_wconf 90' lang='lat' dir='ltr'>satis</span> <span class='ocrx_word' id='word_1_35' title='bbox 1208 418 1577 476; x_wconf 81' lang='lat' dir='ltr'>occurrerent,</span> <span class='ocrx_word' id='word_1_36' title='bbox 1611 426 1731 465; x_wconf 93' lang='lat' dir='ltr'>cum</span> <span class='ocrx_word' id='word_1_37' title='bbox 1764 417 1847 461; x_wconf 90' lang='lat' dir='ltr'>ta-</span> 
     </span>
    </p>
   </div>
   <div class='ocr_carea' id='block_1_7' title="bbox 252 492 1850 568">
    <p class='ocr_par' dir='ltr' id='par_1_7' title="bbox 252 492 1850 568">
     <span class='ocr_line' id='line_1_7' title="bbox 252 492 1850 568; baseline -0.001 -21"><span class='ocrx_word' id='word_1_38' title='bbox 252 496 327 548; x_wconf 91' lang='lat' dir='ltr'>lis</span> <span class='ocrx_word' id='word_1_39' title='bbox 357 494 519 548; x_wconf 89' lang='lat' dir='ltr'>animi</span> <span class='ocrx_word' id='word_1_40' title='bbox 549 494 615 548; x_wconf 89' lang='lat' dir='ltr'>sit</span> <span class='ocrx_word' id='word_1_41' title='bbox 646 494 699 548; x_wconf 93' lang='lat' dir='ltr'>in</span> <span class='ocrx_word' id='word_1_42' title='bbox 730 511 794 549; x_wconf 91' lang='lat' dir='ltr'>eo</span> <span class='ocrx_word' id='word_1_43' title='bbox 827 512 889 550; x_wconf 92' lang='lat' dir='ltr'>ea</span> <span class='ocrx_word' id='word_1_44' title='bbox 918 495 1307 568; x_wconf 88' lang='lat' dir='ltr'>irrefragabilis</span> <span class='ocrx_word' id='word_1_45' title='bbox 1335 494 1671 565; x_wconf 86' lang='lat' dir='ltr'>approbatio,</span> <span class='ocrx_word' id='word_1_46' title='bbox 1707 492 1850 564; x_wconf 91' lang='lat' dir='ltr'>quod</span> 
     </span>
    </p>
   </div>
   <div class='ocr_carea' id='block_1_8' title="bbox 251 582 1848 654">
    <p class='ocr_par' dir='ltr' id='par_1_8' title="bbox 251 582 1848 654">
     <span class='ocr_line' id='line_1_8' title="bbox 251 582 1848 654; baseline -0.001 -19"><span class='ocrx_word' id='word_1_47' title='bbox 251 583 327 636; x_wconf 90' lang='lat' dir='ltr'>ad</span> <span class='ocrx_word' id='word_1_48' title='bbox 356 582 634 653; x_wconf 88' lang='lat' dir='ltr'>proprium</span> <span class='ocrx_word' id='word_1_49' title='bbox 670 583 973 638; x_wconf 87' lang='lat' dir='ltr'>scacarium</span> <span class='ocrx_word' id='word_1_50' title='bbox 1007 583 1121 638; x_wconf 88' lang='lat' dir='ltr'>sive</span> <span class='ocrx_word' id='word_1_51' title='bbox 1182 591 1492 654; x_wconf 80' lang='lat' dir='ltr'>computum</span> <span class='ocrx_word' id='word_1_52' title='bbox 1542 582 1848 637; x_wconf 87' lang='lat' dir='ltr'>reddituum</span> 
     </span>
    </p>
   </div>
   <div class='ocr_carea' id='block_1_9' title="bbox 254 670 1849 743">
    <p class='ocr_par' dir='ltr' id='par_1_9' title="bbox 254 670 1849 743">
     <span class='ocr_line' id='line_1_9' title="bbox 254 670 1849 743; baseline -0.001 -20"><span class='ocrx_word' id='word_1_53' title='bbox 254 670 347 724; x_wconf 90' lang='lat' dir='ltr'>vel</span> <span class='ocrx_word' id='word_1_54' title='bbox 377 686 737 741; x_wconf 71' lang='lat' dir='ltr'>expensorum</span> <span class='ocrx_word' id='word_1_55' title='bbox 769 688 983 725; x_wconf 89' lang='lat' dir='ltr'>suarum</span> <span class='ocrx_word' id='word_1_56' title='bbox 1014 686 1286 743; x_wconf 86' lang='lat' dir='ltr'>nunquam</span> <span class='ocrx_word' id='word_1_57' title='bbox 1327 671 1591 734; x_wconf 86' lang='lat' dir='ltr'>residere,</span> <span class='ocrx_word' id='word_1_58' title='bbox 1625 678 1674 723; x_wconf 91' lang='lat' dir='ltr'>et</span> <span class='ocrx_word' id='word_1_59' title='bbox 1707 685 1849 722; x_wconf 91' lang='lat' dir='ltr'>nun-</span> 
     </span>
    </p>
   </div>
   <div class='ocr_carea' id='block_1_10' title="bbox 255 756 1850 829">
    <p class='ocr_par' dir='ltr' id='par_1_10' title="bbox 255 756 1850 829">
     <span class='ocr_line' id='line_1_10' title="bbox 255 756 1850 829; baseline -0.001 -18"><span class='ocrx_word' id='word_1_60' title='bbox 255 773 421 828; x_wconf 85' lang='lat' dir='ltr'>quam</span> <span class='ocrx_word' id='word_1_61' title='bbox 465 759 837 825; x_wconf 83' lang='lat' dir='ltr'>hujuscemodi</span> <span class='ocrx_word' id='word_1_62' title='bbox 886 759 1081 814; x_wconf 91' lang='lat' dir='ltr'>domus</span> <span class='ocrx_word' id='word_1_63' title='bbox 1137 758 1375 829; x_wconf 68' lang='lat' dir='ltr'>propria)</span> <span class='ocrx_word' id='word_1_64' title='bbox 1423 757 1713 812; x_wconf 88' lang='lat' dir='ltr'>ratiociniis</span> <span class='ocrx_word' id='word_1_65' title='bbox 1762 756 1850 809; x_wconf 93' lang='lat' dir='ltr'>di—</span> 
     </span>
    </p>
   </div>
   <div class='ocr_carea' id='block_1_11' title="bbox 254 845 1849 917">
    <p class='ocr_par' dir='ltr' id='par_1_11' title="bbox 254 845 1849 917">
     <span class='ocr_line' id='line_1_11' title="bbox 254 845 1849 917; baseline -0.001 -17"><span class='ocrx_word' id='word_1_66' title='bbox 254 855 458 915; x_wconf 82' lang='lat' dir='ltr'>gnatus</span> <span class='ocrx_word' id='word_1_67' title='bbox 498 848 564 900; x_wconf 89' lang='lat' dir='ltr'>sit</span> <span class='ocrx_word' id='word_1_68' title='bbox 606 848 905 903; x_wconf 87' lang='lat' dir='ltr'>intendere.</span> <span class='ocrx_word' id='word_1_69' title='bbox 971 847 1127 915; x_wconf 87' lang='lat' dir='ltr'>Quod</span> <span class='ocrx_word' id='word_1_70' title='bbox 1157 863 1289 902; x_wconf 86' lang='lat' dir='ltr'>vero</span> <span class='ocrx_word' id='word_1_71' title='bbox 1321 846 1635 917; x_wconf 88' lang='lat' dir='ltr'>episcopum</span> <span class='ocrx_word' id='word_1_72' title='bbox 1669 845 1849 900; x_wconf 89' lang='lat' dir='ltr'>domui</span> 
     </span>
    </p>
   </div>
   <div class='ocr_carea' id='block_1_12' title="bbox 255 934 1846 1007">
    <p class='ocr_par' dir='ltr' id='par_1_12' title="bbox 255 934 1846 1007">
     <span class='ocr_line' id='line_1_12' title="bbox 255 934 1846 1007; baseline 0 -20"><span class='ocrx_word' id='word_1_73' title='bbox 255 951 373 989; x_wconf 79' lang='lat' dir='ltr'>suae</span> <span class='ocrx_word' id='word_1_74' title='bbox 404 936 541 989; x_wconf 89' lang='lat' dir='ltr'>bene</span> <span class='ocrx_word' id='word_1_75' title='bbox 573 952 694 990; x_wconf 92' lang='lat' dir='ltr'>esse</span> <span class='ocrx_word' id='word_1_76' title='bbox 724 936 1064 1007; x_wconf 86' lang='lat' dir='ltr'>prOpositum</span> <span class='ocrx_word' id='word_1_77' title='bbox 1101 944 1285 990; x_wconf 91' lang='lat' dir='ltr'>monet</span> <span class='ocrx_word' id='word_1_78' title='bbox 1314 934 1604 1005; x_wconf 84' lang='lat' dir='ltr'>Apostolus</span> <span class='ocrx_word' id='word_1_79' title='bbox 1628 934 1676 1003; x_wconf 86' lang='grc'>(1</span> <span class='ocrx_word' id='word_1_80' title='bbox 1711 935 1846 988; x_wconf 88' lang='lat' dir='ltr'>Tim.</span> 
     </span>
    </p>
   </div>
   <div class='ocr_carea' id='block_1_13' title="bbox 255 1021 1850 1094">
    <p class='ocr_par' dir='ltr' id='par_1_13' title="bbox 255 1021 1850 1094">
     <span class='ocr_line' id='line_1_13' title="bbox 255 1021 1850 1094; baseline -0.001 -17"><span class='ocrx_word' id='word_1_81' title='bbox 255 1037 339 1087; x_wconf 90' lang='grc' dir='ltr'>ιιι,</span> <span class='ocrx_word' id='word_1_82' title='bbox 372 1023 445 1092; x_wconf 75' lang='grc'>4),</span> <span class='ocrx_word' id='word_1_83' title='bbox 484 1023 553 1077; x_wconf 89' lang='lat' dir='ltr'>ita</span> <span class='ocrx_word' id='word_1_84' title='bbox 584 1024 914 1094; x_wconf 90' lang='lat' dir='ltr'>implendum</span> <span class='ocrx_word' id='word_1_85' title='bbox 938 1024 1187 1087; x_wconf 85' lang='lat' dir='ltr'>docebat,</span> <span class='ocrx_word' id='word_1_86' title='bbox 1221 1030 1270 1078; x_wconf 91' lang='lat' dir='ltr'>et</span> <span class='ocrx_word' id='word_1_87' title='bbox 1300 1021 1373 1079; x_wconf 91' lang='lat' dir='ltr'>ita</span> <span class='ocrx_word' id='word_1_88' title='bbox 1395 1022 1655 1092; x_wconf 84' lang='lat' dir='ltr'>implebat</span> <span class='ocrx_word' id='word_1_89' title='bbox 1680 1030 1736 1075; x_wconf 91' lang='lat' dir='ltr'>ut</span> <span class='ocrx_word' id='word_1_90' title='bbox 1765 1022 1850 1076; x_wconf 88' lang='lat' dir='ltr'>vi-</span> 
     </span>
    </p>
   </div>
   <div class='ocr_carea' id='block_1_14' title="bbox 254 1110 1849 1181">
    <p class='ocr_par' dir='ltr' id='par_1_14' title="bbox 254 1110 1849 1181">
     <span class='ocr_line' id='line_1_14' title="bbox 254 1110 1849 1181; baseline -0.001 -17"><span class='ocrx_word' id='word_1_91' title='bbox 254 1111 336 1165; x_wconf 91' lang='lat' dir='ltr'>ris</span> <span class='ocrx_word' id='word_1_92' title='bbox 365 1110 470 1166; x_wconf 84' lang='lat' dir='ltr'>ﬁde</span> <span class='ocrx_word' id='word_1_93' title='bbox 500 1120 551 1165; x_wconf 90' lang='lat' dir='ltr'>et</span> <span class='ocrx_word' id='word_1_94' title='bbox 602 1112 930 1167; x_wconf 87' lang='lat' dir='ltr'>discretione</span> <span class='ocrx_word' id='word_1_95' title='bbox 980 1110 1367 1181; x_wconf 88' lang='lat' dir='ltr'>opinatissimis</span> <span class='ocrx_word' id='word_1_96' title='bbox 1400 1126 1569 1181; x_wconf 86' lang='lat' dir='ltr'>opera</span> <span class='ocrx_word' id='word_1_97' title='bbox 1599 1111 1716 1165; x_wconf 75' lang='lat' dir='ltr'>haec</span> <span class='ocrx_word' id='word_1_98' title='bbox 1744 1110 1849 1164; x_wconf 91' lang='lat' dir='ltr'>im-</span> 
     </span>
    </p>
   </div>
   <div class='ocr_carea' id='block_1_15' title="bbox 256 1197 1843 1270">
    <p class='ocr_par' dir='ltr' id='par_1_15' title="bbox 256 1197 1843 1270">
     <span class='ocr_line' id='line_1_15' title="bbox 256 1197 1843 1270; baseline -0.002 -17"><span class='ocrx_word' id='word_1_99' title='bbox 256 1206 610 1269; x_wconf 83' lang='lat' dir='ltr'>ponerentur,</span> <span class='ocrx_word' id='word_1_100' title='bbox 645 1199 713 1254; x_wconf 93' lang='lat' dir='ltr'>de</span> <span class='ocrx_word' id='word_1_101' title='bbox 745 1199 941 1270; x_wconf 89' lang='lat' dir='ltr'>quibus</span> <span class='ocrx_word' id='word_1_102' title='bbox 991 1207 1247 1270; x_wconf 87' lang='lat' dir='ltr'>tanquam</span> <span class='ocrx_word' id='word_1_103' title='bbox 1293 1198 1360 1253; x_wconf 90' lang='lat' dir='ltr'>de</span> <span class='ocrx_word' id='word_1_104' title='bbox 1401 1198 1581 1268; x_wconf 91' lang='lat' dir='ltr'>seipso</span> <span class='ocrx_word' id='word_1_105' title='bbox 1612 1197 1843 1253; x_wconf 83' lang='lat' dir='ltr'>conﬁde-</span> 
     </span>
    </p>
   </div>
   <div class='ocr_carea' id='block_1_16' title="bbox 255 1287 1849 1358">
    <p class='ocr_par' dir='ltr' id='par_1_16' title="bbox 255 1287 1849 1358">
     <span class='ocr_line' id='line_1_16' title="bbox 255 1287 1849 1358; baseline -0.001 -18"><span class='ocrx_word' id='word_1_106' title='bbox 255 1294 361 1353; x_wconf 86' lang='lat' dir='ltr'>ret,</span> <span class='ocrx_word' id='word_1_107' title='bbox 393 1287 520 1341; x_wconf 92' lang='lat' dir='ltr'>dum</span> <span class='ocrx_word' id='word_1_108' title='bbox 551 1303 610 1342; x_wconf 91' lang='lat' dir='ltr'>se</span> <span class='ocrx_word' id='word_1_109' title='bbox 639 1287 1199 1358; x_wconf 87' lang='lat' dir='ltr'>irreprehensibiliter</span> <span class='ocrx_word' id='word_1_110' title='bbox 1220 1287 1503 1355; x_wconf 89' lang='lat' dir='ltr'>haberent,</span> <span class='ocrx_word' id='word_1_111' title='bbox 1529 1302 1687 1341; x_wconf 91' lang='lat' dir='ltr'>secus</span> <span class='ocrx_word' id='word_1_112' title='bbox 1716 1301 1849 1339; x_wconf 89' lang='lat' dir='ltr'>vero</span> 
     </span>
    </p>
   </div>
   <div class='ocr_carea' id='block_1_17' title="bbox 256 1374 1851 1447">
    <p class='ocr_par' dir='ltr' id='par_1_17' title="bbox 256 1374 1851 1447">
     <span class='ocr_line' id='line_1_17' title="bbox 256 1374 1851 1447; baseline -0.002 -18"><span class='ocrx_word' id='word_1_113' title='bbox 256 1383 487 1447; x_wconf 76' lang='lat' dir='ltr'>agentes</span> <span class='ocrx_word' id='word_1_114' title='bbox 520 1376 686 1446; x_wconf 90' lang='lat' dir='ltr'>(quod</span> <span class='ocrx_word' id='word_1_115' title='bbox 719 1376 937 1446; x_wconf 90' lang='lat' dir='ltr'>quidem</span> <span class='ocrx_word' id='word_1_116' title='bbox 967 1375 1057 1429; x_wconf 90' lang='lat' dir='ltr'>diu</span> <span class='ocrx_word' id='word_1_117' title='bbox 1087 1375 1253 1430; x_wconf 90' lang='lat' dir='ltr'>latere</span> <span class='ocrx_word' id='word_1_118' title='bbox 1282 1390 1390 1429; x_wconf 93' lang='lat' dir='ltr'>non</span> <span class='ocrx_word' id='word_1_119' title='bbox 1413 1374 1607 1445; x_wconf 88' lang='lat' dir='ltr'>potuit)</span> <span class='ocrx_word' id='word_1_120' title='bbox 1633 1374 1687 1427; x_wconf 91' lang='lat' dir='ltr'>in</span> <span class='ocrx_word' id='word_1_121' title='bbox 1719 1388 1851 1429; x_wconf 88' lang='lat' dir='ltr'>con-</span> 
     </span>
    </p>
   </div>
   <div class='ocr_carea' id='block_1_18' title="bbox 256 1461 1851 1534">
    <p class='ocr_par' dir='ltr' id='par_1_18' title="bbox 256 1461 1851 1534">
     <span class='ocr_line' id='line_1_18' title="bbox 256 1461 1851 1534; baseline 0 -20"><span class='ocrx_word' id='word_1_122' title='bbox 256 1462 775 1518; x_wconf 87' lang='lat' dir='ltr'>tinentiamoveret.</span> <span class='ocrx_word' id='word_1_123' title='bbox 799 1464 913 1517; x_wconf 91' lang='lat' dir='ltr'>Nec</span> <span class='ocrx_word' id='word_1_124' title='bbox 944 1463 1085 1517; x_wconf 90' lang='lat' dir='ltr'>enim</span> <span class='ocrx_word' id='word_1_125' title='bbox 1106 1463 1323 1533; x_wconf 89' lang='lat' dir='ltr'>privato</span> <span class='ocrx_word' id='word_1_126' title='bbox 1370 1478 1502 1534; x_wconf 88' lang='lat' dir='ltr'>erga</span> <span class='ocrx_word' id='word_1_127' title='bbox 1555 1461 1851 1533; x_wconf 88' lang='lat' dir='ltr'>quemlibet</span> 
     </span>
    </p>
   </div>
   <div class='ocr_carea' id='block_1_19' title="bbox 256 1549 1922 1637">
    <p class='ocr_par' dir='ltr' id='par_1_19' title="bbox 256 1549 1922 1637">
     <span class='ocr_line' id='line_1_19' title="bbox 256 1549 1922 1637; baseline -0.001 -33"><span class='ocrx_word' id='word_1_128' title='bbox 256 1565 464 1616; x_wconf 89' lang='lat' dir='ltr'>eorum,</span> <span class='ocrx_word' id='word_1_129' title='bbox 521 1551 717 1622; x_wconf 91' lang='lat' dir='ltr'>quibus</span> <span class='ocrx_word' id='word_1_130' title='bbox 782 1550 1221 1621; x_wconf 89' lang='lat' dir='ltr'>dispensationes</span> <span class='ocrx_word' id='word_1_131' title='bbox 1277 1566 1455 1605; x_wconf 80' lang='lat' dir='ltr'>rerum</span> <span class='ocrx_word' id='word_1_132' title='bbox 1519 1549 1922 1637; x_wconf 79' lang='lat' dir='ltr'>crediderat,B</span> 
     </span>
    </p>
   </div>
   <div class='ocr_carea' id='block_1_20' title="bbox 258 1637 1850 1709">
    <p class='ocr_par' dir='ltr' id='par_1_20' title="bbox 258 1637 1850 1709">
     <span class='ocr_line' id='line_1_20' title="bbox 258 1637 1850 1709; baseline 0 -19"><span class='ocrx_word' id='word_1_133' title='bbox 258 1646 449 1692; x_wconf 88' lang='lat' dir='ltr'>amore</span> <span class='ocrx_word' id='word_1_134' title='bbox 495 1639 814 1704; x_wconf 86' lang='lat' dir='ltr'>tenebatur;</span> <span class='ocrx_word' id='word_1_135' title='bbox 865 1654 1004 1709; x_wconf 90' lang='lat' dir='ltr'>quos</span> <span class='ocrx_word' id='word_1_136' title='bbox 1053 1637 1189 1693; x_wconf 81' lang='lat' dir='ltr'>fides</span> <span class='ocrx_word' id='word_1_137' title='bbox 1233 1646 1284 1693; x_wconf 91' lang='lat' dir='ltr'>et</span> <span class='ocrx_word' id='word_1_138' title='bbox 1334 1637 1597 1693; x_wconf 86' lang='lat' dir='ltr'>industria</span> <span class='ocrx_word' id='word_1_139' title='bbox 1640 1644 1850 1707; x_wconf 89' lang='lat' dir='ltr'>poterat</span> 
     </span>
    </p>
   </div>
   <div class='ocr_carea' id='block_1_21' title="bbox 256 1725 1850 1797">
    <p class='ocr_par' dir='ltr' id='par_1_21' title="bbox 256 1725 1850 1797">
     <span class='ocr_line' id='line_1_21' title="bbox 256 1725 1850 1797; baseline -0.001 -17"><span class='ocrx_word' id='word_1_140' title='bbox 256 1726 662 1790; x_wconf 85' lang='lat' dir='ltr'>commendare,</span> <span class='ocrx_word' id='word_1_141' title='bbox 695 1727 1023 1791; x_wconf 87' lang='lat' dir='ltr'>assumebat,</span> <span class='ocrx_word' id='word_1_142' title='bbox 1082 1742 1191 1780; x_wconf 91' lang='lat' dir='ltr'>non</span> <span class='ocrx_word' id='word_1_143' title='bbox 1220 1741 1356 1797; x_wconf 92' lang='lat' dir='ltr'>quos</span> <span class='ocrx_word' id='word_1_144' title='bbox 1387 1726 1593 1797; x_wconf 63' lang='lat' dir='ltr'>quaevis</span> <span class='ocrx_word' id='word_1_145' title='bbox 1651 1725 1850 1780; x_wconf 88' lang='lat' dir='ltr'>arctior</span> 
     </span>
    </p>
   </div>
   <div class='ocr_carea' id='block_1_22' title="bbox 255 1812 1500 1884">
    <p class='ocr_par' dir='ltr' id='par_1_22' title="bbox 255 1812 1500 1884">
     <span class='ocr_line' id='line_1_22' title="bbox 255 1812 1500 1884; baseline 0 -17"><span class='ocrx_word' id='word_1_146' title='bbox 255 1812 621 1880; x_wconf 85' lang='lat' dir='ltr'>necessitudo,</span> <span class='ocrx_word' id='word_1_147' title='bbox 655 1822 711 1868; x_wconf 93' lang='lat' dir='ltr'>ut</span> <span class='ocrx_word' id='word_1_148' title='bbox 741 1814 962 1882; x_wconf 88' lang='lat' dir='ltr'>assolet,</span> <span class='ocrx_word' id='word_1_149' title='bbox 995 1821 1208 1884; x_wconf 85' lang='lat' dir='ltr'>poterat</span> <span class='ocrx_word' id='word_1_150' title='bbox 1238 1814 1500 1867; x_wconf 86' lang='lat' dir='ltr'>animare.</span> 
     </span>
    </p>
   </div>
   <div class='ocr_carea' id='block_1_23' title="bbox 826 1956 1251 2012">
    <p class='ocr_par' dir='ltr' id='par_1_23' title="bbox 826 1956 1251 2012">
     <span class='ocr_line' id='line_1_23' title="bbox 826 1956 1251 2012; baseline -0.005 -1"><span class='ocrx_word' id='word_1_151' title='bbox 826 1956 1048 2012; x_wconf 79' lang='lat' dir='ltr'>CAPUT</span> <span class='ocrx_word' id='word_1_152' title='bbox 1102 1956 1251 2010; x_wconf 80' lang='lat' dir='ltr'>XIX.</span> 
     </span>
    </p>
   </div>
   <div class='ocr_carea' id='block_1_24' title="bbox 261 2062 1846 2133">
    <p class='ocr_par' dir='ltr' id='par_1_24' title="bbox 261 2062 1846 2133">
     <span class='ocr_line' id='line_1_24' title="bbox 261 2062 1846 2133; baseline -0.001 -17"><span class='ocrx_word' id='word_1_153' title='bbox 261 2062 517 2128; x_wconf 81' lang='lat' dir='ltr'>Qualiter</span> <span class='ocrx_word' id='word_1_154' title='bbox 531 2078 669 2133; x_wconf 80' lang='lat' dir='ltr'>pace</span> <span class='ocrx_word' id='word_1_155' title='bbox 688 2064 844 2117; x_wconf 83' lang='lat' dir='ltr'>inter</span> <span class='ocrx_word' id='word_1_156' title='bbox 864 2078 1014 2133; x_wconf 82' lang='lat' dir='ltr'>rcges</span> <span class='ocrx_word' id='word_1_157' title='bbox 1038 2064 1290 2117; x_wconf 81' lang='lat' dir='ltr'>Franch</span> <span class='ocrx_word' id='word_1_158' title='bbox 1322 2065 1376 2116; x_wconf 88' lang='lat' dir='ltr'>et</span> <span class='ocrx_word' id='word_1_159' title='bbox 1402 2062 1618 2130; x_wconf 69' lang='lat' dir='ltr'>Anglice</span> <span class='ocrx_word' id='word_1_160' title='bbox 1661 2064 1846 2131; x_wconf 77' lang='lat' dir='ltr'>refor-</span> 
     </span>
    </p>
   </div>
   <div class='ocr_carea' id='block_1_25' title="bbox 330 2134 1846 2203">
    <p class='ocr_par' dir='ltr' id='par_1_25' title="bbox 330 2134 1846 2203">
     <span class='ocr_line' id='line_1_25' title="bbox 330 2134 1846 2203; baseline -0.001 -18"><span class='ocrx_word' id='word_1_161' title='bbox 330 2137 506 2203; x_wconf 82' lang='lat' dir='ltr'>mata,</span> <span class='ocrx_word' id='word_1_162' title='bbox 530 2134 624 2187; x_wconf 84' lang='lat' dir='ltr'>cui</span> <span class='ocrx_word' id='word_1_163' title='bbox 651 2136 705 2186; x_wconf 84' lang='lat' dir='ltr'>et</span> <span class='ocrx_word' id='word_1_164' title='bbox 738 2136 932 2187; x_wconf 79' lang='lat' dir='ltr'>noster</span> <span class='ocrx_word' id='word_1_165' title='bbox 962 2134 1111 2203; x_wconf 79' lang='lat' dir='ltr'>[Iugo</span> <span class='ocrx_word' id='word_1_166' title='bbox 1132 2135 1432 2203; x_wconf 82' lang='lat' dir='ltr'>intererat,</span> <span class='ocrx_word' id='word_1_167' title='bbox 1466 2150 1499 2186; x_wconf 80' lang='grc' dir='ltr'>τι</span> <span class='ocrx_word' id='word_1_168' title='bbox 1528 2147 1653 2202; x_wconf 85' lang='lat' dir='ltr'>rege</span> <span class='ocrx_word' id='word_1_169' title='bbox 1674 2137 1730 2186; x_wconf 87' lang='lat' dir='ltr'>et</span> <span class='ocrx_word' id='word_1_170' title='bbox 1747 2149 1846 2186; x_wconf 88' lang='lat' dir='ltr'>ar-</span> 
     </span>
    </p>
   </div>
   <div class='ocr_carea' id='block_1_26' title="bbox 328 2201 1847 2274">
    <p class='ocr_par' dir='ltr' id='par_1_26' title="bbox 328 2201 1847 2274">
     <span class='ocr_line' id='line_1_26' title="bbox 328 2201 1847 2274; baseline 0.001 -19"><span class='ocrx_word' id='word_1_171' title='bbox 328 2202 675 2274; x_wconf 73' lang='lat' dir='ltr'>chiepisc0po</span> <span class='ocrx_word' id='word_1_172' title='bbox 706 2207 935 2274; x_wconf 85' lang='lat' dir='ltr'>accepta</span> <span class='ocrx_word' id='word_1_173' title='bbox 964 2201 1215 2274; x_wconf 68' lang='lat' dir='ltr'>licentia,</span> <span class='ocrx_word' id='word_1_174' title='bbox 1249 2201 1718 2274; x_wconf 9' lang='lat' dir='ltr'>utgrcarthusiam</span> <span class='ocrx_word' id='word_1_175' title='bbox 1747 2203 1847 2256; x_wconf 87' lang='lat' dir='ltr'>de-</span> 
     </span>
    </p>
   </div>
   <div class='ocr_carea' id='block_1_27' title="bbox 329 2272 1846 2337">
    <p class='ocr_par' dir='ltr' id='par_1_27' title="bbox 329 2272 1846 2337">
     <span class='ocr_line' id='line_1_27' title="bbox 329 2272 1846 2337; baseline -0.001 -10"><span class='ocrx_word' id='word_1_176' title='bbox 329 2272 620 2337; x_wconf 39' lang='lat' dir='ltr'>clinaret;</span> <span class='ocrx_word' id='word_1_177' title='bbox 658 2272 913 2327; x_wconf 71' lang='lat' dir='ltr'>Parisius</span> <span class='ocrx_word' id='word_1_178' title='bbox 962 2272 1267 2337; x_wconf 84' lang='lat' dir='ltr'>veniendo,</span> <span class='ocrx_word' id='word_1_179' title='bbox 1312 2272 1513 2327; x_wconf 81' lang='lat' dir='ltr'>ibidem</span> <span class='ocrx_word' id='word_1_180' title='bbox 1571 2273 1846 2327; x_wconf 78' lang='lat' dir='ltr'>Ludovico</span> 
     </span>
    </p>
   </div>
   <div class='ocr_carea' id='block_1_28' title="bbox 330 2343 1848 2414">
    <p class='ocr_par' dir='ltr' id='par_1_28' title="bbox 330 2343 1848 2414">
     <span class='ocr_line' id='line_1_28' title="bbox 330 2343 1848 2414; baseline 0 -18"><span class='ocrx_word' id='word_1_181' title='bbox 330 2344 475 2412; x_wconf 80' lang='lat' dir='ltr'>regis</span> <span class='ocrx_word' id='word_1_182' title='bbox 497 2343 751 2397; x_wconf 59' lang='lat' dir='ltr'>Francia;</span> <span class='ocrx_word' id='word_1_183' title='bbox 779 2343 915 2410; x_wconf 84' lang='lat' dir='ltr'>ﬁlio,</span> <span class='ocrx_word' id='word_1_184' title='bbox 974 2346 1028 2398; x_wconf 88' lang='lat' dir='ltr'>et</span> <span class='ocrx_word' id='word_1_185' title='bbox 1073 2344 1320 2414; x_wconf 75' lang='lat' dir='ltr'>Arthuro</span> <span class='ocrx_word' id='word_1_186' title='bbox 1361 2343 1596 2398; x_wconf 72' lang='lat' dir='ltr'>Joannis</span> <span class='ocrx_word' id='word_1_187' title='bbox 1654 2344 1848 2414; x_wconf 83' lang='lat' dir='ltr'>nepoti</span> 
     </span>
    </p>
   </div>
   <div class='ocr_carea' id='block_1_29' title="bbox 262 2413 1845 2483">
    <p class='ocr_par' dir='ltr' id='par_1_29' title="bbox 262 2413 1845 2483">
     <span class='ocr_line' id='line_1_29' title="bbox 262 2413 1845 2483; baseline 0 -16"><span class='ocrx_word' id='word_1_188' title='bbox 262 2476 273 2483; x_wconf 25' lang='grc' dir='ltr'>κ</span> <span class='ocrx_word' id='word_1_189' title='bbox 332 2414 703 2467; x_wconf 78' lang='lat' dir='ltr'>saluberrima</span> <span class='ocrx_word' id='word_1_190' title='bbox 736 2418 819 2467; x_wconf 77' lang='lat' dir='ltr'>est</span> <span class='ocrx_word' id='word_1_191' title='bbox 854 2415 1073 2468; x_wconf 80' lang='lat' dir='ltr'>locutus</span> <span class='ocrx_word' id='word_1_192' title='bbox 1106 2430 1118 2465; x_wconf 90' lang='lat'>:</span> <span class='ocrx_word' id='word_1_193' title='bbox 1152 2416 1205 2467; x_wconf 86' lang='lat' dir='ltr'>et</span> <span class='ocrx_word' id='word_1_194' title='bbox 1245 2413 1309 2466; x_wconf 83' lang='lat' dir='ltr'>de</span> <span class='ocrx_word' id='word_1_195' title='bbox 1350 2413 1587 2482; x_wconf 86' lang='lat' dir='ltr'>quodam</span> <span class='ocrx_word' id='word_1_196' title='bbox 1617 2413 1845 2467; x_wconf 75' lang='lat' dir='ltr'>:ibioc-</span> 
     </span>
    </p>
   </div>
   <div class='ocr_carea' id='block_1_30' title="bbox 330 2485 1847 2553">
    <p class='ocr_par' dir='ltr' id='par_1_30' title="bbox 330 2485 1847 2553">
     <span class='ocr_line' id='line_1_30' title="bbox 330 2485 1847 2553; baseline 0.001 -17"><span class='ocrx_word' id='word_1_197' title='bbox 330 2487 597 2538; x_wconf 87' lang='lat' dir='ltr'>currente</span> <span class='ocrx_word' id='word_1_198' title='bbox 626 2488 682 2538; x_wconf 85' lang='lat' dir='ltr'>et</span> <span class='ocrx_word' id='word_1_199' title='bbox 708 2485 1114 2539; x_wconf 83' lang='lat' dir='ltr'>absolutionem</span> <span class='ocrx_word' id='word_1_200' title='bbox 1142 2486 1402 2552; x_wconf 83' lang='lat' dir='ltr'>petente,</span> <span class='ocrx_word' id='word_1_201' title='bbox 1437 2499 1601 2553; x_wconf 86' lang='lat' dir='ltr'>quem</span> <span class='ocrx_word' id='word_1_202' title='bbox 1630 2486 1695 2537; x_wconf 80' lang='lat' dir='ltr'>in</span> <span class='ocrx_word' id='word_1_203' title='bbox 1731 2485 1847 2537; x_wconf 80' lang='lat' dir='ltr'>An-</span> 
     </span>
    </p>
   </div>
   <div class='ocr_carea' id='block_1_31' title="bbox 330 2554 1845 2624">
    <p class='ocr_par' dir='ltr' id='par_1_31' title="bbox 330 2554 1845 2624">
     <span class='ocr_line' id='line_1_31' title="bbox 330 2554 1845 2624; baseline 0 -17"><span class='ocrx_word' id='word_1_204' title='bbox 330 2554 447 2624; x_wconf 86' lang='lat' dir='ltr'>glia</span> <span class='ocrx_word' id='word_1_205' title='bbox 502 2554 1094 2608; x_wconf 74' lang='lat' dir='ltr'>excommunicaverat</span> <span class='ocrx_word' id='word_1_206' title='bbox 1152 2554 1332 2624; x_wconf 85' lang='lat' dir='ltr'>multo</span> <span class='ocrx_word' id='word_1_207' title='bbox 1403 2558 1651 2623; x_wconf 84' lang='lat' dir='ltr'>tempore</span> <span class='ocrx_word' id='word_1_208' title='bbox 1708 2558 1845 2608; x_wconf 78' lang='lat' dir='ltr'>tunc</span> 
     </span>
    </p>
   </div>
   <div class='ocr_carea' id='block_1_32' title="bbox 333 2623 1847 2694">
    <p class='ocr_par' dir='ltr' id='par_1_32' title="bbox 333 2623 1847 2694">
     <span class='ocr_line' id='line_1_32' title="bbox 333 2623 1847 2694; baseline 0.001 -18"><span class='ocrx_word' id='word_1_209' title='bbox 333 2624 539 2694; x_wconf 80' lang='lat' dir='ltr'>elapso.</span> <span class='ocrx_word' id='word_1_210' title='bbox 564 2655 633 2663; x_wconf 90' lang='lat'><em>—</em></span> <span class='ocrx_word' id='word_1_211' title='bbox 654 2627 722 2679; x_wconf 83' lang='lat' dir='ltr'>Et</span> <span class='ocrx_word' id='word_1_212' title='bbox 752 2624 851 2678; x_wconf 83' lang='lat' dir='ltr'>hoc</span> <span class='ocrx_word' id='word_1_213' title='bbox 870 2627 954 2678; x_wconf 79' lang='lat' dir='ltr'>est</span> <span class='ocrx_word' id='word_1_214' title='bbox 980 2625 1153 2693; x_wconf 83' lang='lat' dir='ltr'>capit.</span> <span class='ocrx_word' id='word_1_215' title='bbox 1218 2626 1281 2675; x_wconf 83' lang='grc'>13</span> <span class='ocrx_word' id='word_1_216' title='bbox 1313 2623 1375 2676; x_wconf 85' lang='lat' dir='ltr'>in</span> <span class='ocrx_word' id='word_1_217' title='bbox 1434 2626 1576 2678; x_wconf 81' lang='lat' dir='ltr'>serie</span> <span class='ocrx_word' id='word_1_218' title='bbox 1627 2640 1847 2692; x_wconf 73' lang='lat' dir='ltr'>magnw</span> 
     </span>
    </p>
   </div>
   <div class='ocr_carea' id='block_1_33' title="bbox 340 2695 1847 2817">
    <p class='ocr_par' dir='ltr' id='par_1_33' title="bbox 340 2695 1847 2817">
     <span class='ocr_line' id='line_1_33' title="bbox 340 2695 1847 2817; baseline 0 -70"><span class='ocrx_word' id='word_1_219' title='bbox 340 2696 489 2817; x_wconf 42' lang='lat' dir='ltr'>Villius,</span> <span class='ocrx_word' id='word_1_220' title='bbox 513 2695 614 2749; x_wconf 72' lang='lat' dir='ltr'>sub</span> <span class='ocrx_word' id='word_1_221' title='bbox 643 2709 746 2766; x_wconf 88' lang='lat' dir='ltr'>quo</span> <span class='ocrx_word' id='word_1_222' title='bbox 773 2696 946 2749; x_wconf 81' lang='lat' dir='ltr'>etiam</span> <span class='ocrx_word' id='word_1_223' title='bbox 987 2695 1315 2748; x_wconf 81' lang='lat' dir='ltr'>continetur</span> <span class='ocrx_word' id='word_1_224' title='bbox 1352 2695 1671 2764; x_wconf 81' lang='lat' dir='ltr'>capitulum</span> <span class='ocrx_word' id='word_1_225' title='bbox 1701 2710 1847 2763; x_wconf 67' lang='lat' dir='ltr'>prm-</span> 
     </span>
     <span class='ocr_line' id='line_1_34' title="bbox 340 2779 550 2817; baseline 0 0"><span class='ocrx_word' id='word_1_226' title='bbox 340 2779 389 2817; x_wconf 69' lang='lat' dir='ltr'>ze</span> <span class='ocrx_word' id='word_1_227' title='bbox 432 2780 550 2817; x_wconf 82' lang='lat' dir='ltr'>ens.</span> 
     </span>
    </p>
   </div>
   <div class='ocr_carea' id='block_1_34' title="bbox 328 2779 550 2819">
    <p class='ocr_par' dir='ltr' id='par_1_34' title="bbox 328 2779 550 2819">
     <span class='ocr_line' id='line_1_35' title="bbox 328 2779 550 2819; baseline -0.005 -1"><span class='ocrx_word' id='word_1_228' title='bbox 328 2779 550 2819; x_wconf 79' lang='lat' dir='ltr'>cedens.</span> 
     </span>
    </p>
   </div>
   <div class='ocr_carea' id='block_1_35' title="bbox 1950 320 3542 395">
    <p class='ocr_par' dir='ltr' id='par_1_35' title="bbox 1950 320 3542 395">
     <span class='ocr_line' id='line_1_36' title="bbox 1950 320 3542 395; baseline 0.001 -21"><span class='ocrx_word' id='word_1_229' title='bbox 1950 321 2214 389; x_wconf 86' lang='lat' dir='ltr'>parabilia</span> <span class='ocrx_word' id='word_1_230' title='bbox 2245 338 2381 395; x_wconf 89' lang='lat' dir='ltr'>erga</span> <span class='ocrx_word' id='word_1_231' title='bbox 2428 323 2656 379; x_wconf 90' lang='lat' dir='ltr'>clericos</span> <span class='ocrx_word' id='word_1_232' title='bbox 2707 330 3042 395; x_wconf 80' lang='lat' dir='ltr'>agnoverant</span> <span class='ocrx_word' id='word_1_233' title='bbox 3096 321 3339 378; x_wconf 85' lang='lat' dir='ltr'>exerceri</span> <span class='ocrx_word' id='word_1_234' title='bbox 3369 320 3542 375; x_wconf 88' lang='lat' dir='ltr'>bene-</span> 
     </span>
    </p>
   </div>
   <div class='ocr_carea' id='block_1_36' title="bbox 1949 406 3546 483">
    <p class='ocr_par' dir='ltr' id='par_1_36' title="bbox 1949 406 3546 483">
     <span class='ocr_line' id='line_1_37' title="bbox 1949 406 3546 483; baseline 0.001 -23"><span class='ocrx_word' id='word_1_235' title='bbox 1949 406 2091 462; x_wconf 79' lang='lat' dir='ltr'>ficia.</span> <span class='ocrx_word' id='word_1_236' title='bbox 2151 409 2370 465; x_wconf 89' lang='lat' dir='ltr'>Cunctis</span> <span class='ocrx_word' id='word_1_237' title='bbox 2416 410 2597 483; x_wconf 87' lang='lat' dir='ltr'>itaque</span> <span class='ocrx_word' id='word_1_238' title='bbox 2648 410 2956 467; x_wconf 87' lang='lat' dir='ltr'>advenienti</span> <span class='ocrx_word' id='word_1_239' title='bbox 2987 410 3040 464; x_wconf 89' lang='lat' dir='ltr'>in</span> <span class='ocrx_word' id='word_1_240' title='bbox 3084 409 3302 465; x_wconf 89' lang='lat' dir='ltr'>nomine</span> <span class='ocrx_word' id='word_1_241' title='bbox 3328 406 3546 462; x_wconf 87' lang='lat' dir='ltr'>Domini</span> 
     </span>
    </p>
   </div>
   <div class='ocr_carea' id='block_1_37' title="bbox 1949 496 3548 570">
    <p class='ocr_par' dir='ltr' id='par_1_37' title="bbox 1949 496 3548 570">
     <span class='ocr_line' id='line_1_38' title="bbox 1949 496 3548 570; baseline 0.001 -22"><span class='ocrx_word' id='word_1_242' title='bbox 1949 496 2417 566; x_wconf 90' lang='lat' dir='ltr'>applaudentibus,</span> <span class='ocrx_word' id='word_1_243' title='bbox 2451 499 2536 552; x_wconf 90' lang='lat' dir='ltr'>his</span> <span class='ocrx_word' id='word_1_244' title='bbox 2561 500 2749 555; x_wconf 92' lang='lat' dir='ltr'>osculo</span> <span class='ocrx_word' id='word_1_245' title='bbox 2780 506 2832 554; x_wconf 91' lang='lat' dir='ltr'>et</span> <span class='ocrx_word' id='word_1_246' title='bbox 2861 498 3097 570; x_wconf 87' lang='lat' dir='ltr'>alloquio</span> <span class='ocrx_word' id='word_1_247' title='bbox 3122 540 3133 562; x_wconf 92' lang='lat'>,</span> <span class='ocrx_word' id='word_1_248' title='bbox 3189 496 3295 551; x_wconf 89' lang='lat' dir='ltr'>illis</span> <span class='ocrx_word' id='word_1_249' title='bbox 3325 502 3548 566; x_wconf 91' lang='lat' dir='ltr'>aspectu</span> 
     </span>
    </p>
   </div>
   <div class='ocr_carea' id='block_1_38' title="bbox 1952 582 3548 658">
    <p class='ocr_par' dir='ltr' id='par_1_38' title="bbox 1952 582 3548 658">
     <span class='ocr_line' id='line_1_39' title="bbox 1952 582 3548 658; baseline -0.001 -22"><span class='ocrx_word' id='word_1_250' title='bbox 1952 584 2068 637; x_wconf 93' lang='lat' dir='ltr'>solo</span> <span class='ocrx_word' id='word_1_251' title='bbox 2101 600 2223 639; x_wconf 91' lang='lat' dir='ltr'>cum</span> <span class='ocrx_word' id='word_1_252' title='bbox 2254 585 2631 642; x_wconf 87' lang='lat' dir='ltr'>benedictione</span> <span class='ocrx_word' id='word_1_253' title='bbox 2685 587 2829 641; x_wconf 91' lang='lat' dir='ltr'>illius</span> <span class='ocrx_word' id='word_1_254' title='bbox 2867 586 3167 658; x_wconf 87' lang='lat' dir='ltr'>glorianter</span> <span class='ocrx_word' id='word_1_255' title='bbox 3221 582 3548 655; x_wconf 88' lang='lat' dir='ltr'>perfruenti-</span> 
     </span>
    </p>
   </div>
   <div class='ocr_carea' id='block_1_39' title="bbox 1952 669 3547 747">
    <p class='ocr_par' dir='ltr' id='par_1_39' title="bbox 1952 669 3547 747">
     <span class='ocr_line' id='line_1_40' title="bbox 1952 669 3547 747; baseline 0 -23"><span class='ocrx_word' id='word_1_256' title='bbox 1952 672 2070 737; x_wconf 89' lang='lat' dir='ltr'>bus,</span> <span class='ocrx_word' id='word_1_257' title='bbox 2101 687 2133 726; x_wconf 91' lang='lat' dir='ltr'>a</span> <span class='ocrx_word' id='word_1_258' title='bbox 2160 674 2434 727; x_wconf 90' lang='lat' dir='ltr'>nonnullis</span> <span class='ocrx_word' id='word_1_259' title='bbox 2485 675 2554 729; x_wconf 86' lang='lat' dir='ltr'>ad</span> <span class='ocrx_word' id='word_1_260' title='bbox 2602 676 2894 746; x_wconf 90' lang='lat' dir='ltr'>hospitium</span> <span class='ocrx_word' id='word_1_261' title='bbox 2924 672 3311 747; x_wconf 90' lang='lat' dir='ltr'>urgentissime</span> <span class='ocrx_word' id='word_1_262' title='bbox 3355 669 3547 725; x_wconf 82' lang='lat' dir='ltr'>invita-</span> 
     </span>
    </p>
   </div>
   <div class='ocr_carea' id='block_1_40' title="bbox 1942 759 3547 830">
    <p class='ocr_par' dir='ltr' id='par_1_40' title="bbox 1942 759 3547 830">
     <span class='ocr_line' id='line_1_41' title="bbox 1942 759 3547 830; baseline -0.004 -12"><span class='ocrx_word' id='word_1_263' title='bbox 1942 760 2129 818; x_wconf 89' lang='lat' dir='ltr'>.batur.</span> <span class='ocrx_word' id='word_1_264' title='bbox 2167 760 2275 816; x_wconf 90' lang='lat' dir='ltr'>Sed</span> <span class='ocrx_word' id='word_1_265' title='bbox 2321 761 2448 816; x_wconf 92' lang='lat' dir='ltr'>dum</span> <span class='ocrx_word' id='word_1_266' title='bbox 2495 763 2749 817; x_wconf 91' lang='lat' dir='ltr'>omnibus</span> <span class='ocrx_word' id='word_1_267' title='bbox 2784 764 2837 817; x_wconf 91' lang='lat' dir='ltr'>in</span> <span class='ocrx_word' id='word_1_268' title='bbox 2867 764 2970 818; x_wconf 91' lang='lat' dir='ltr'>hoc</span> <span class='ocrx_word' id='word_1_269' title='bbox 3000 759 3247 817; x_wconf 77' lang='lat' dir='ltr'>satisfieri</span> <span class='ocrx_word' id='word_1_270' title='bbox 3275 775 3384 815; x_wconf 91' lang='lat' dir='ltr'>non</span> <span class='ocrx_word' id='word_1_271' title='bbox 3412 774 3547 830; x_wconf 91' lang='lat' dir='ltr'>pos-</span> 
     </span>
    </p>
   </div>
   <div class='ocr_carea' id='block_1_41' title="bbox 1951 846 3545 921">
    <p class='ocr_par' dir='ltr' id='par_1_41' title="bbox 1951 846 3545 921">
     <span class='ocr_line' id='line_1_42' title="bbox 1951 846 3545 921; baseline -0.001 -21"><span class='ocrx_word' id='word_1_272' title='bbox 1951 855 2050 915; x_wconf 91' lang='lat' dir='ltr'>set,</span> <span class='ocrx_word' id='word_1_273' title='bbox 2086 849 2176 901; x_wconf 91' lang='lat' dir='ltr'>uni</span> <span class='ocrx_word' id='word_1_274' title='bbox 2206 856 2435 916; x_wconf 89' lang='lat' dir='ltr'>tantum,</span> <span class='ocrx_word' id='word_1_275' title='bbox 2470 850 2558 921; x_wconf 90' lang='lat' dir='ltr'>qui</span> <span class='ocrx_word' id='word_1_276' title='bbox 2592 850 2802 920; x_wconf 89' lang='lat' dir='ltr'>pridem</span> <span class='ocrx_word' id='word_1_277' title='bbox 2836 866 2996 921; x_wconf 90' lang='lat' dir='ltr'>prece</span> <span class='ocrx_word' id='word_1_278' title='bbox 3027 849 3259 905; x_wconf 91' lang='lat' dir='ltr'>sollicita</span> <span class='ocrx_word' id='word_1_279' title='bbox 3289 849 3392 903; x_wconf 91' lang='lat' dir='ltr'>hoc</span> <span class='ocrx_word' id='word_1_280' title='bbox 3440 846 3545 899; x_wconf 90' lang='lat' dir='ltr'>im—</span> 
     </span>
    </p>
   </div>
   <div class='ocr_carea' id='block_1_42' title="bbox 1949 934 3550 1008">
    <p class='ocr_par' dir='ltr' id='par_1_42' title="bbox 1949 934 3550 1008">
     <span class='ocr_line' id='line_1_43' title="bbox 1949 934 3550 1008; baseline -0.002 -18"><span class='ocrx_word' id='word_1_281' title='bbox 1949 942 2162 1005; x_wconf 89' lang='lat' dir='ltr'>petrare</span> <span class='ocrx_word' id='word_1_282' title='bbox 2192 944 2487 1007; x_wconf 84' lang='lat' dir='ltr'>satagerat,</span> <span class='ocrx_word' id='word_1_283' title='bbox 2514 953 2636 993; x_wconf 89' lang='lat' dir='ltr'>sese</span> <span class='ocrx_word' id='word_1_284' title='bbox 2666 938 2722 992; x_wconf 90' lang='lat' dir='ltr'>in</span> <span class='ocrx_word' id='word_1_285' title='bbox 2750 938 2983 1008; x_wconf 91' lang='lat' dir='ltr'>hospitio</span> <span class='ocrx_word' id='word_1_286' title='bbox 3014 952 3122 993; x_wconf 90' lang='lat' dir='ltr'>non</span> <span class='ocrx_word' id='word_1_287' title='bbox 3153 934 3394 1008; x_wconf 75' lang='lat' dir='ltr'>negavit.</span> <span class='ocrx_word' id='word_1_288' title='bbox 3412 934 3550 988; x_wconf 84' lang='lat' dir='ltr'>Erat</span> 
     </span>
    </p>
   </div>
   <div class='ocr_carea' id='block_1_43' title="bbox 1951 1023 3548 1096">
    <p class='ocr_par' dir='ltr' id='par_1_43' title="bbox 1951 1023 3548 1096">
     <span class='ocr_line' id='line_1_44' title="bbox 1951 1023 3548 1096; baseline -0.001 -21"><span class='ocrx_word' id='word_1_289' title='bbox 1951 1023 2041 1078; x_wconf 88' lang='lat' dir='ltr'>hic</span> <span class='ocrx_word' id='word_1_290' title='bbox 2070 1024 2261 1093; x_wconf 91' lang='lat' dir='ltr'>ipsius,</span> <span class='ocrx_word' id='word_1_291' title='bbox 2294 1031 2352 1078; x_wconf 92' lang='lat' dir='ltr'>ut</span> <span class='ocrx_word' id='word_1_292' title='bbox 2381 1024 2666 1079; x_wconf 88' lang='lat' dir='ltr'>dicebatur</span> <span class='ocrx_word' id='word_1_293' title='bbox 2710 1033 2993 1096; x_wconf 89' lang='lat' dir='ltr'>cognatus,</span> <span class='ocrx_word' id='word_1_294' title='bbox 3028 1023 3246 1079; x_wconf 87' lang='lat' dir='ltr'>nomine</span> <span class='ocrx_word' id='word_1_295' title='bbox 3275 1024 3548 1094; x_wconf 86' lang='lat' dir='ltr'>Raymun-</span> 
     </span>
    </p>
   </div>
   <div class='ocr_carea' id='block_1_44' title="bbox 1949 1108 3547 1184">
    <p class='ocr_par' dir='ltr' id='par_1_44' title="bbox 1949 1108 3547 1184">
     <span class='ocr_line' id='line_1_45' title="bbox 1949 1108 3547 1184; baseline -0.001 -20"><span class='ocrx_word' id='word_1_296' title='bbox 1949 1110 2085 1176; x_wconf 91' lang='lat' dir='ltr'>dus,</span> <span class='ocrx_word' id='word_1_297' title='bbox 2137 1110 2220 1165; x_wconf 89' lang='lat' dir='ltr'>vir</span> <span class='ocrx_word' id='word_1_298' title='bbox 2277 1112 2443 1166; x_wconf 88' lang='lat' dir='ltr'>multa</span> <span class='ocrx_word' id='word_1_299' title='bbox 2492 1113 2773 1168; x_wconf 85' lang='lat' dir='ltr'>honestate</span> <span class='ocrx_word' id='word_1_300' title='bbox 2818 1113 3178 1184; x_wconf 79' lang='lat' dir='ltr'>conSpicuus,</span> <span class='ocrx_word' id='word_1_301' title='bbox 3227 1109 3463 1180; x_wconf 86' lang='lat' dir='ltr'>ab‘ipso</span> <span class='ocrx_word' id='word_1_302' title='bbox 3491 1108 3547 1162; x_wconf 87' lang='lat' dir='ltr'>in</span> 
     </span>
    </p>
   </div>
   <div class='ocr_carea' id='block_1_45' title="bbox 1950 1195 3547 1270">
    <p class='ocr_par' dir='ltr' id='par_1_45' title="bbox 1950 1195 3547 1270">
     <span class='ocr_line' id='line_1_46' title="bbox 1950 1195 3547 1270; baseline -0.001 -18"><span class='ocrx_word' id='word_1_303' title='bbox 1950 1199 2270 1255; x_wconf 89' lang='lat' dir='ltr'>canonicum</span> <span class='ocrx_word' id='word_1_304' title='bbox 2292 1200 2743 1270; x_wconf 90' lang='lat' dir='ltr'>Lincolniensem,</span> <span class='ocrx_word' id='word_1_305' title='bbox 2769 1216 2835 1258; x_wconf 90' lang='lat' dir='ltr'>ac</span> <span class='ocrx_word' id='word_1_306' title='bbox 2854 1201 3072 1256; x_wconf 90' lang='lat' dir='ltr'>demum</span> <span class='ocrx_word' id='word_1_307' title='bbox 3096 1199 3149 1256; x_wconf 92' lang='lat' dir='ltr'>in</span> <span class='ocrx_word' id='word_1_308' title='bbox 3179 1195 3547 1255; x_wconf 87' lang='lat' dir='ltr'>archilevitam</span> 
     </span>
    </p>
   </div>
   <div class='ocr_carea' id='block_1_46' title="bbox 1950 1286 2735 1358">
    <p class='ocr_par' dir='ltr' id='par_1_46' title="bbox 1950 1286 2735 1358">
     <span class='ocr_line' id='line_1_47' title="bbox 1950 1286 2735 1358; baseline 0.006 -19"><span class='ocrx_word' id='word_1_309' title='bbox 1950 1286 2396 1357; x_wconf 89' lang='lat' dir='ltr'>Leycestrensem</span> <span class='ocrx_word' id='word_1_310' title='bbox 2434 1296 2735 1358; x_wconf 89' lang='lat' dir='ltr'>promotus.</span> 
     </span>
    </p>
   </div>
   <div class='ocr_carea' id='block_1_47' title="bbox 2021 1374 3549 1447">
    <p class='ocr_par' dir='ltr' id='par_1_47' title="bbox 2021 1374 3549 1447">
     <span class='ocr_line' id='line_1_48' title="bbox 2021 1374 3549 1447; baseline -0.001 -19"><span class='ocrx_word' id='word_1_311' title='bbox 2021 1375 2371 1430; x_wconf 85' lang='lat' dir='ltr'>Venitautem</span> <span class='ocrx_word' id='word_1_312' title='bbox 2400 1376 2455 1430; x_wconf 93' lang='lat' dir='ltr'>in</span> <span class='ocrx_word' id='word_1_313' title='bbox 2475 1377 2767 1447; x_wconf 90' lang='lat' dir='ltr'>hospitium</span> <span class='ocrx_word' id='word_1_314' title='bbox 2796 1376 2940 1431; x_wconf 90' lang='lat' dir='ltr'>illius</span> <span class='ocrx_word' id='word_1_315' title='bbox 2962 1376 3199 1432; x_wconf 89' lang='lat' dir='ltr'>invisere</span> <span class='ocrx_word' id='word_1_316' title='bbox 3230 1374 3549 1446; x_wconf 90' lang='lat' dir='ltr'>episcopum</span> 
     </span>
    </p>
   </div>
   <div class='ocr_carea' id='block_1_48' title="bbox 1949 1461 3548 1535">
    <p class='ocr_par' dir='ltr' id='par_1_48' title="bbox 1949 1461 3548 1535">
     <span class='ocr_line' id='line_1_49' title="bbox 1949 1461 3548 1535; baseline 0 -20"><span class='ocrx_word' id='word_1_317' title='bbox 1949 1461 2330 1517; x_wconf 60' lang='lat' dir='ltr'>illustrissimus</span> <span class='ocrx_word' id='word_1_318' title='bbox 2379 1462 2577 1518; x_wconf 91' lang='lat' dir='ltr'>indolis</span> <span class='ocrx_word' id='word_1_319' title='bbox 2622 1463 2980 1529; x_wconf 88' lang='lat' dir='ltr'>adolescens,</span> <span class='ocrx_word' id='word_1_320' title='bbox 3036 1463 3185 1535; x_wconf 92' lang='lat' dir='ltr'>regis</span> <span class='ocrx_word' id='word_1_321' title='bbox 3215 1463 3548 1517; x_wconf 85' lang='lat' dir='ltr'>Francorum</span> 
     </span>
    </p>
   </div>
   <div class='ocr_carea' id='block_1_49' title="bbox 1951 1548 3546 1623">
    <p class='ocr_par' dir='ltr' id='par_1_49' title="bbox 1951 1548 3546 1623">
     <span class='ocr_line' id='line_1_50' title="bbox 1951 1548 3546 1623; baseline 0.001 -21"><span class='ocrx_word' id='word_1_322' title='bbox 1951 1548 2094 1604; x_wconf 82' lang='lat' dir='ltr'>filius</span> <span class='ocrx_word' id='word_1_323' title='bbox 2139 1557 2192 1605; x_wconf 92' lang='lat' dir='ltr'>et</span> <span class='ocrx_word' id='word_1_324' title='bbox 2238 1550 2417 1605; x_wconf 65' lang='lat' dir='ltr'>haeres</span> <span class='ocrx_word' id='word_1_325' title='bbox 2449 1551 2782 1617; x_wconf 90' lang='lat' dir='ltr'>Ludovicus,</span> <span class='ocrx_word' id='word_1_326' title='bbox 2824 1550 2917 1623; x_wconf 90' lang='lat' dir='ltr'>qui</span> <span class='ocrx_word' id='word_1_327' title='bbox 2946 1550 3190 1621; x_wconf 82' lang='lat' dir='ltr'>proxime</span> <span class='ocrx_word' id='word_1_328' title='bbox 3219 1549 3369 1620; x_wconf 76' lang='lat'>(291)</span> <span class='ocrx_word' id='word_1_329' title='bbox 3399 1564 3546 1603; x_wconf 86' lang='lat' dir='ltr'>sum-</span> 
     </span>
    </p>
   </div>
   <div class='ocr_carea' id='block_1_50' title="bbox 1950 1637 3547 1711">
    <p class='ocr_par' dir='ltr' id='par_1_50' title="bbox 1950 1637 3547 1711">
     <span class='ocr_line' id='line_1_51' title="bbox 1950 1637 3547 1711; baseline -0.001 -20"><span class='ocrx_word' id='word_1_330' title='bbox 1950 1644 2136 1708; x_wconf 90' lang='lat' dir='ltr'>pserat</span> <span class='ocrx_word' id='word_1_331' title='bbox 2193 1637 2249 1690; x_wconf 90' lang='lat' dir='ltr'>in</span> <span class='ocrx_word' id='word_1_332' title='bbox 2304 1638 2619 1711; x_wconf 86' lang='lat' dir='ltr'>conjugium</span> <span class='ocrx_word' id='word_1_333' title='bbox 2675 1637 2977 1711; x_wconf 80' lang='lat' dir='ltr'>Anglorum</span> <span class='ocrx_word' id='word_1_334' title='bbox 3034 1637 3180 1709; x_wconf 86' lang='lat' dir='ltr'>regis</span> <span class='ocrx_word' id='word_1_335' title='bbox 3233 1644 3450 1707; x_wconf 87' lang='lat' dir='ltr'>neptem</span> <span class='ocrx_word' id='word_1_336' title='bbox 3481 1651 3547 1690; x_wconf 87' lang='lat' dir='ltr'>ex</span> 
     </span>
    </p>
   </div>
   <div class='ocr_carea' id='block_1_51' title="bbox 1950 1724 3548 1798">
    <p class='ocr_par' dir='ltr' id='par_1_51' title="bbox 1950 1724 3548 1798">
     <span class='ocr_line' id='line_1_52' title="bbox 1950 1724 3548 1798; baseline -0.002 -19"><span class='ocrx_word' id='word_1_337' title='bbox 1950 1740 2157 1793; x_wconf 82' lang='lat' dir='ltr'>sorore,</span> <span class='ocrx_word' id='word_1_338' title='bbox 2191 1725 2573 1796; x_wconf 89' lang='lat' dir='ltr'>Hispaniarum</span> <span class='ocrx_word' id='word_1_339' title='bbox 2601 1726 2853 1782; x_wconf 89' lang='lat' dir='ltr'>videlicet</span> <span class='ocrx_word' id='word_1_340' title='bbox 2882 1725 3073 1798; x_wconf 82' lang='lat' dir='ltr'>regina</span> <span class='ocrx_word' id='word_1_341' title='bbox 3091 1768 3107 1791; x_wconf 92' lang='lat'>,</span> <span class='ocrx_word' id='word_1_342' title='bbox 3162 1724 3381 1779; x_wconf 89' lang='lat' dir='ltr'>nomine</span> <span class='ocrx_word' id='word_1_343' title='bbox 3409 1724 3548 1779; x_wconf 87' lang='lat' dir='ltr'>Can-</span> 
     </span>
    </p>
   </div>
   <div class='ocr_carea' id='block_1_52' title="bbox 1949 1810 3541 1887">
    <p class='ocr_par' dir='ltr' id='par_1_52' title="bbox 1949 1810 3541 1887">
     <span class='ocr_line' id='line_1_53' title="bbox 1949 1810 3541 1887; baseline -0.001 -21"><span class='ocrx_word' id='word_1_344' title='bbox 1949 1812 2131 1866; x_wconf 89' lang='lat' dir='ltr'>didam</span> <span class='ocrx_word' id='word_1_345' title='bbox 2164 1813 2335 1884; x_wconf 77' lang='grc'>(292).</span> <span class='ocrx_word' id='word_1_346' title='bbox 2372 1814 2526 1868; x_wconf 89' lang='lat' dir='ltr'>Venit</span> <span class='ocrx_word' id='word_1_347' title='bbox 2551 1822 2729 1868; x_wconf 88' lang='lat' dir='ltr'>autem</span> <span class='ocrx_word' id='word_1_348' title='bbox 2752 1830 2939 1887; x_wconf 76' lang='lat' dir='ltr'>secum</span> <span class='ocrx_word' id='word_1_349' title='bbox 2959 1829 3130 1884; x_wconf 90' lang='lat' dir='ltr'>nepos</span> <span class='ocrx_word' id='word_1_350' title='bbox 3150 1812 3344 1884; x_wconf 86' lang='lat' dir='ltr'>privati</span> <span class='ocrx_word' id='word_1_351' title='bbox 3376 1810 3541 1882; x_wconf 87' lang='lat' dir='ltr'>regis,</span> 
     </span>
    </p>
   </div>
   <div class='ocr_carea' id='block_1_53' title="bbox 1948 1898 3541 1973">
    <p class='ocr_par' dir='ltr' id='par_1_53' title="bbox 1948 1898 3541 1973">
     <span class='ocr_line' id='line_1_54' title="bbox 1948 1898 3541 1973; baseline -0.002 -18"><span class='ocrx_word' id='word_1_352' title='bbox 1948 1902 2234 1966; x_wconf 79' lang='lat' dir='ltr'>Arthurus,</span> <span class='ocrx_word' id='word_1_353' title='bbox 2259 1901 2490 1956; x_wconf 85' lang='lat' dir='ltr'>Galfridi</span> <span class='ocrx_word' id='word_1_354' title='bbox 2521 1901 2734 1957; x_wconf 91' lang='lat' dir='ltr'>comitis</span> <span class='ocrx_word' id='word_1_355' title='bbox 2764 1902 3043 1957; x_wconf 91' lang='lat' dir='ltr'>Britonum</span> <span class='ocrx_word' id='word_1_356' title='bbox 3074 1901 3347 1973; x_wconf 90' lang='lat' dir='ltr'>quondam</span> <span class='ocrx_word' id='word_1_357' title='bbox 3378 1898 3541 1965; x_wconf 78' lang='lat' dir='ltr'>filius,</span> 
     </span>
    </p>
   </div>
   <div class='ocr_carea' id='block_1_54' title="bbox 1947 1987 3545 2060">
    <p class='ocr_par' dir='ltr' id='par_1_54' title="bbox 1947 1987 3545 2060">
     <span class='ocr_line' id='line_1_55' title="bbox 1947 1987 3545 2060; baseline -0.001 -19"><span class='ocrx_word' id='word_1_358' title='bbox 1947 1995 2075 2043; x_wconf 90' lang='lat' dir='ltr'>tunc</span> <span class='ocrx_word' id='word_1_359' title='bbox 2105 2004 2278 2043; x_wconf 92' lang='lat' dir='ltr'>annos</span> <span class='ocrx_word' id='word_1_360' title='bbox 2308 1989 2525 2045; x_wconf 89' lang='lat' dir='ltr'>circiter</span> <span class='ocrx_word' id='word_1_361' title='bbox 2554 1989 2963 2060; x_wconf 90' lang='lat' dir='ltr'>quatuordecim</span> <span class='ocrx_word' id='word_1_362' title='bbox 2994 1996 3169 2044; x_wconf 90' lang='lat' dir='ltr'>natus.</span> <span class='ocrx_word' id='word_1_363' title='bbox 3201 1989 3314 2043; x_wconf 90' lang='lat' dir='ltr'>Hos</span> <span class='ocrx_word' id='word_1_364' title='bbox 3344 1987 3545 2059; x_wconf 87' lang='lat' dir='ltr'>pariter</span> 
     </span>
    </p>
   </div>
   <div class='ocr_carea' id='block_1_55' title="bbox 1949 2074 3547 2149">
    <p class='ocr_par' dir='ltr' id='par_1_55' title="bbox 1949 2074 3547 2149">
     <span class='ocr_line' id='line_1_56' title="bbox 1949 2074 3547 2149; baseline -0.001 -19"><span class='ocrx_word' id='word_1_365' title='bbox 1949 2076 2260 2147; x_wconf 88' lang='lat' dir='ltr'>complexus</span> <span class='ocrx_word' id='word_1_366' title='bbox 2307 2078 2466 2148; x_wconf 86' lang='lat' dir='ltr'>Hugo</span> <span class='ocrx_word' id='word_1_367' title='bbox 2513 2078 2635 2148; x_wconf 91' lang='lat' dir='ltr'>pius</span> <span class='ocrx_word' id='word_1_368' title='bbox 2681 2077 2875 2149; x_wconf 90' lang='lat' dir='ltr'>cuique</span> <span class='ocrx_word' id='word_1_369' title='bbox 2929 2077 3139 2132; x_wconf 91' lang='lat' dir='ltr'>illorum</span> <span class='ocrx_word' id='word_1_370' title='bbox 3171 2091 3413 2148; x_wconf 88' lang='lat' dir='ltr'>congrua</span> <span class='ocrx_word' id='word_1_371' title='bbox 3440 2074 3547 2129; x_wconf 91' lang='lat' dir='ltr'>sibi</span> 
     </span>
    </p>
   </div>
   <div class='ocr_carea' id='block_1_56' title="bbox 1946 2161 3543 2221">
    <p class='ocr_par' dir='ltr' id='par_1_56' title="bbox 1946 2161 3543 2221">
     <span class='ocr_line' id='line_1_57' title="bbox 1946 2161 3543 2221; baseline 0 -4"><span class='ocrx_word' id='word_1_372' title='bbox 1946 2163 2154 2218; x_wconf 89' lang='lat' dir='ltr'>monita</span> <span class='ocrx_word' id='word_1_373' title='bbox 2202 2164 2566 2220; x_wconf 88' lang='lat' dir='ltr'>saluberrima</span> <span class='ocrx_word' id='word_1_374' title='bbox 2611 2165 2843 2221; x_wconf 91' lang='lat' dir='ltr'>dulciter</span> <span class='ocrx_word' id='word_1_375' title='bbox 2889 2165 3200 2220; x_wconf 89' lang='lat' dir='ltr'>instillabat.</span> <span class='ocrx_word' id='word_1_376' title='bbox 3234 2161 3543 2219; x_wconf 83' lang='lat' dir='ltr'>Ludovicus</span> 
     </span>
    </p>
   </div>
   <div class='ocr_carea' id='block_1_57' title="bbox 1948 2250 3539 2324">
    <p class='ocr_par' dir='ltr' id='par_1_57' title="bbox 1948 2250 3539 2324">
     <span class='ocr_line' id='line_1_58' title="bbox 1948 2250 3539 2324; baseline -0.001 -18"><span class='ocrx_word' id='word_1_377' title='bbox 1948 2251 2096 2306; x_wconf 85' lang='lat' dir='ltr'>vultu</span> <span class='ocrx_word' id='word_1_378' title='bbox 2153 2252 2398 2323; x_wconf 89' lang='lat' dir='ltr'>placido,</span> <span class='ocrx_word' id='word_1_379' title='bbox 2456 2270 2575 2324; x_wconf 66' lang='lat' dir='ltr'>quae</span> <span class='ocrx_word' id='word_1_380' title='bbox 2605 2253 2952 2322; x_wconf 89' lang='lat' dir='ltr'>dicebantur,</span> <span class='ocrx_word' id='word_1_381' title='bbox 3000 2253 3159 2309; x_wconf 86' lang='lat' dir='ltr'>avide</span> <span class='ocrx_word' id='word_1_382' title='bbox 3206 2250 3539 2311; x_wconf 88' lang='lat' dir='ltr'>intendebat.</span> 
     </span>
    </p>
   </div>
   <div class='ocr_carea' id='block_1_58' title="bbox 1947 2339 3542 2412">
    <p class='ocr_par' dir='ltr' id='par_1_58' title="bbox 1947 2339 3542 2412">
     <span class='ocr_line' id='line_1_59' title="bbox 1947 2339 3542 2412; baseline -0.001 -18"><span class='ocrx_word' id='word_1_383' title='bbox 1947 2341 2214 2394; x_wconf 86' lang='lat' dir='ltr'>Artburus</span> <span class='ocrx_word' id='word_1_384' title='bbox 2244 2341 2421 2412; x_wconf 79' lang='grc'>(293),</span> <span class='ocrx_word' id='word_1_385' title='bbox 2473 2350 2829 2412; x_wconf 87' lang='lat' dir='ltr'>aspernanter</span> <span class='ocrx_word' id='word_1_386' title='bbox 2856 2341 2910 2396; x_wconf 90' lang='lat' dir='ltr'>id</span> <span class='ocrx_word' id='word_1_387' title='bbox 2940 2341 3175 2396; x_wconf 86' lang='lat' dir='ltr'>maxime</span> <span class='ocrx_word' id='word_1_388' title='bbox 3204 2339 3542 2405; x_wconf 78' lang='lat' dir='ltr'>admittebat,</span> 
     </span>
    </p>
   </div>
   <div class='ocr_carea' id='block_1_59' title="bbox 1947 2428 3541 2501">
    <p class='ocr_par' dir='ltr' id='par_1_59' title="bbox 1947 2428 3541 2501">
     <span class='ocr_line' id='line_1_60' title="bbox 1947 2428 3541 2501; baseline 0 -20"><span class='ocrx_word' id='word_1_389' title='bbox 1947 2429 2090 2499; x_wconf 90' lang='lat' dir='ltr'>quod</span> <span class='ocrx_word' id='word_1_390' title='bbox 2121 2444 2241 2483; x_wconf 92' lang='lat' dir='ltr'>eum</span> <span class='ocrx_word' id='word_1_391' title='bbox 2295 2428 2363 2483; x_wconf 93' lang='lat' dir='ltr'>de</span> <span class='ocrx_word' id='word_1_392' title='bbox 2420 2428 2708 2485; x_wconf 91' lang='lat' dir='ltr'>dilectione</span> <span class='ocrx_word' id='word_1_393' title='bbox 2737 2436 2788 2484; x_wconf 90' lang='lat' dir='ltr'>et</span> <span class='ocrx_word' id='word_1_394' title='bbox 2816 2445 2948 2501; x_wconf 89' lang='lat' dir='ltr'>pace</span> <span class='ocrx_word' id='word_1_395' title='bbox 2977 2429 3048 2483; x_wconf 87' lang='lat' dir='ltr'>ad</span> <span class='ocrx_word' id='word_1_396' title='bbox 3078 2436 3331 2500; x_wconf 89' lang='lat' dir='ltr'>patruum</span> <span class='ocrx_word' id='word_1_397' title='bbox 3363 2441 3541 2493; x_wconf 89' lang='lat' dir='ltr'>suum,</span> 
     </span>
    </p>
   </div>
   <div class='ocr_carea' id='block_1_60' title="bbox 1947 2517 3545 2589">
    <p class='ocr_par' dir='ltr' id='par_1_60' title="bbox 1947 2517 3545 2589">
     <span class='ocr_line' id='line_1_61' title="bbox 1947 2517 3545 2589; baseline 0.001 -19"><span class='ocrx_word' id='word_1_398' title='bbox 1947 2532 2137 2587; x_wconf 83' lang='lat' dir='ltr'>regem</span> <span class='ocrx_word' id='word_1_399' title='bbox 2167 2517 2486 2589; x_wconf 74' lang='lat' dir='ltr'>Anglorum,</span> <span class='ocrx_word' id='word_1_400' title='bbox 2519 2518 2772 2574; x_wconf 88' lang='lat' dir='ltr'>habenda</span> <span class='ocrx_word' id='word_1_401' title='bbox 2818 2517 3164 2573; x_wconf 88' lang='lat' dir='ltr'>admonebat.</span> <span class='ocrx_word' id='word_1_402' title='bbox 3200 2517 3404 2571; x_wconf 87' lang='lat' dir='ltr'>Interea</span> <span class='ocrx_word' id='word_1_403' title='bbox 3434 2517 3545 2571; x_wconf 88' lang='lat' dir='ltr'>Lu-</span> 
     </span>
    </p>
   </div>
   <div class='ocr_carea' id='block_1_61' title="bbox 1948 2604 3541 2676">
    <p class='ocr_par' dir='ltr' id='par_1_61' title="bbox 1948 2604 3541 2676">
     <span class='ocr_line' id='line_1_62' title="bbox 1948 2604 3541 2676; baseline 0.001 -19"><span class='ocrx_word' id='word_1_404' title='bbox 1948 2604 2173 2659; x_wconf 91' lang='lat' dir='ltr'>dovicus</span> <span class='ocrx_word' id='word_1_405' title='bbox 2201 2604 2513 2675; x_wconf 84' lang='lat' dir='ltr'>pontificem</span> <span class='ocrx_word' id='word_1_406' title='bbox 2543 2612 2693 2671; x_wconf 89' lang='lat' dir='ltr'>orat,</span> <span class='ocrx_word' id='word_1_407' title='bbox 2744 2613 2802 2660; x_wconf 88' lang='lat' dir='ltr'>ut</span> <span class='ocrx_word' id='word_1_408' title='bbox 2855 2622 3054 2661; x_wconf 90' lang='lat' dir='ltr'>novam</span> <span class='ocrx_word' id='word_1_409' title='bbox 3100 2613 3343 2676; x_wconf 89' lang='lat' dir='ltr'>nuptam,</span> <span class='ocrx_word' id='word_1_410' title='bbox 3377 2619 3541 2675; x_wconf 91' lang='lat' dir='ltr'>quam</span> 
     </span>
    </p>
   </div>
   <div class='ocr_carea' id='block_1_62' title="bbox 1947 2692 3540 2766">
    <p class='ocr_par' dir='ltr' id='par_1_62' title="bbox 1947 2692 3540 2766">
     <span class='ocr_line' id='line_1_63' title="bbox 1947 2692 3540 2766; baseline 0.001 -21"><span class='ocrx_word' id='word_1_411' title='bbox 1947 2692 2210 2757; x_wconf 84' lang='lat' dir='ltr'>duxerat,</span> <span class='ocrx_word' id='word_1_412' title='bbox 2260 2692 2496 2748; x_wconf 88' lang='lat' dir='ltr'>invisere</span> <span class='ocrx_word' id='word_1_413' title='bbox 2542 2692 2878 2766; x_wconf 85' lang='lat' dir='ltr'>dignaretur.</span> <span class='ocrx_word' id='word_1_414' title='bbox 2929 2696 2998 2748; x_wconf 84' lang='lat' dir='ltr'>At</span> <span class='ocrx_word' id='word_1_415' title='bbox 3044 2693 3136 2747; x_wconf 90' lang='lat' dir='ltr'>ille</span> <span class='ocrx_word' id='word_1_416' title='bbox 3176 2692 3412 2765; x_wconf 89' lang='lat' dir='ltr'>benigne</span> <span class='ocrx_word' id='word_1_417' title='bbox 3442 2707 3540 2747; x_wconf 87' lang='lat' dir='ltr'>an-</span> 
     </span>
    </p>
   </div>
   <div class='ocr_carea' id='block_1_63' title="bbox 1946 2779 3542 2858">
    <p class='ocr_par' dir='ltr' id='par_1_63' title="bbox 1946 2779 3542 2858">
     <span class='ocr_line' id='line_1_64' title="bbox 1946 2779 3542 2858; baseline 0.001 -25"><span class='ocrx_word' id='word_1_418' title='bbox 1946 2795 2152 2845; x_wconf 91' lang='lat' dir='ltr'>nuens,</span> <span class='ocrx_word' id='word_1_419' title='bbox 2212 2780 2322 2858; x_wconf 87' lang='lat' dir='ltr'>suis</span> <span class='ocrx_word' id='word_1_420' title='bbox 2378 2781 2609 2851; x_wconf 84' lang='lat' dir='ltr'>pedibus</span> <span class='ocrx_word' id='word_1_421' title='bbox 2663 2781 2734 2836; x_wconf 88' lang='lat' dir='ltr'>ad</span> <span class='ocrx_word' id='word_1_422' title='bbox 2763 2780 3070 2851; x_wconf 89' lang='lat' dir='ltr'>proximum</span> <span class='ocrx_word' id='word_1_423' title='bbox 3100 2780 3250 2853; x_wconf 89' lang='lat' dir='ltr'>regis</span> <span class='ocrx_word' id='word_1_424' title='bbox 3281 2779 3542 2851; x_wconf 90' lang='lat' dir='ltr'>palatium</span> 
     </span>
    </p>
   </div>
   <div class='ocr_carea' id='block_1_64' title="bbox 328 2866 3541 2941">
    <p class='ocr_par' dir='ltr' id='par_1_64' title="bbox 328 2866 3541 2941">
     <span class='ocr_line' id='line_1_65' title="bbox 328 2866 3541 2941; baseline -0.001 -18"><span class='ocrx_word' id='word_1_425' title='bbox 328 2868 553 2939; x_wconf 89' lang='lat' dir='ltr'>Expleto</span> <span class='ocrx_word' id='word_1_426' title='bbox 584 2868 797 2941; x_wconf 88' lang='lat' dir='ltr'>quidem</span> <span class='ocrx_word' id='word_1_427' title='bbox 825 2870 936 2938; x_wconf 91' lang='lat' dir='ltr'>jam</span> <span class='ocrx_word' id='word_1_428' title='bbox 968 2884 1111 2924; x_wconf 89' lang='lat' dir='ltr'>anno</span> <span class='ocrx_word' id='word_1_429' title='bbox 1142 2869 1291 2939; x_wconf 74' lang='lat'>(286)</span> <span class='ocrx_word' id='word_1_430' title='bbox 1323 2877 1443 2941; x_wconf 91' lang='lat' dir='ltr'>post</span> <span class='ocrx_word' id='word_1_431' title='bbox 1498 2870 1648 2939; x_wconf 82' lang='lat' dir='ltr'>regis</span> <span class='ocrx_word' id='word_1_432' title='bbox 1676 2870 1844 2924; x_wconf 84' lang='lat' dir='ltr'>Joan—</span> <span class='ocrx_word' id='word_1_433' title='bbox 1887 2866 2058 2941; x_wconf 52' lang='lat' dir='ltr'>&quot;ivit,</span> <span class='ocrx_word' id='word_1_434' title='bbox 2089 2866 2344 2922; x_wconf 84' lang='lat' dir='ltr'>afﬂictam</span> <span class='ocrx_word' id='word_1_435' title='bbox 2374 2885 2591 2940; x_wconf 90' lang='lat' dir='ltr'>quoque</span> <span class='ocrx_word' id='word_1_436' title='bbox 2633 2885 2762 2923; x_wconf 91' lang='lat' dir='ltr'>casu</span> <span class='ocrx_word' id='word_1_437' title='bbox 2816 2869 3022 2925; x_wconf 90' lang='lat' dir='ltr'>recenti</span> <span class='ocrx_word' id='word_1_438' title='bbox 3079 2868 3541 2924; x_wconf 89' lang='lat' dir='ltr'>adolescentulam</span> 
     </span>
    </p>
   </div>
   <div class='ocr_carea' id='block_1_65' title="bbox 259 2957 1847 3028">
    <p class='ocr_par' dir='ltr' id='par_1_65' title="bbox 259 2957 1847 3028">
     <span class='ocr_line' id='line_1_66' title="bbox 259 2957 1847 3028; baseline 0.001 -18"><span class='ocrx_word' id='word_1_439' title='bbox 259 2957 344 3011; x_wconf 93' lang='lat' dir='ltr'>nis</span> <span class='ocrx_word' id='word_1_440' title='bbox 375 2958 778 3012; x_wconf 89' lang='lat' dir='ltr'>coronationem</span> <span class='ocrx_word' id='word_1_441' title='bbox 816 2958 885 3013; x_wconf 89' lang='lat' dir='ltr'>ad</span> <span class='ocrx_word' id='word_1_442' title='bbox 942 2958 1084 3012; x_wconf 92' lang='lat' dir='ltr'>illius</span> <span class='ocrx_word' id='word_1_443' title='bbox 1121 2958 1434 3028; x_wconf 90' lang='lat' dir='ltr'>petitionem</span> <span class='ocrx_word' id='word_1_444' title='bbox 1484 2958 1847 3012; x_wconf 88' lang='lat' dir='ltr'>transfretavit</span> 
     </span>
    </p>
   </div>
   <div class='ocr_carea' id='block_1_66' title="bbox 259 3045 1846 3118">
    <p class='ocr_par' dir='ltr' id='par_1_66' title="bbox 259 3045 1846 3118">
     <span class='ocr_line' id='line_1_67' title="bbox 259 3045 1846 3118; baseline 0 -19"><span class='ocrx_word' id='word_1_445' title='bbox 259 3046 450 3100; x_wconf 90' lang='lat' dir='ltr'>iterum</span> <span class='ocrx_word' id='word_1_446' title='bbox 484 3047 790 3117; x_wconf 87' lang='lat' dir='ltr'>episc0pus,</span> <span class='ocrx_word' id='word_1_447' title='bbox 825 3053 881 3100; x_wconf 89' lang='lat' dir='ltr'>ut</span> <span class='ocrx_word' id='word_1_448' title='bbox 913 3046 1200 3100; x_wconf 90' lang='lat' dir='ltr'>interesset</span> <span class='ocrx_word' id='word_1_449' title='bbox 1231 3046 1502 3118; x_wconf 90' lang='lat' dir='ltr'>colloquio</span> <span class='ocrx_word' id='word_1_450' title='bbox 1523 3045 1694 3115; x_wconf 88' lang='lat' dir='ltr'>ipsius</span> <span class='ocrx_word' id='word_1_451' title='bbox 1724 3062 1846 3101; x_wconf 91' lang='lat' dir='ltr'>cum</span> 
     </span>
    </p>
   </div>
   <div class='ocr_carea' id='block_1_67' title="bbox 261 3134 1850 3205">
    <p class='ocr_par' dir='ltr' id='par_1_67' title="bbox 261 3134 1850 3205">
     <span class='ocr_line' id='line_1_68' title="bbox 261 3134 1850 3205; baseline 0 -17"><span class='ocrx_word' id='word_1_452' title='bbox 261 3151 392 3205; x_wconf 85' lang='lat' dir='ltr'>rege</span> <span class='ocrx_word' id='word_1_453' title='bbox 423 3134 774 3199; x_wconf 85' lang='lat' dir='ltr'>Francorum,</span> <span class='ocrx_word' id='word_1_454' title='bbox 811 3134 865 3187; x_wconf 90' lang='lat' dir='ltr'>in</span> <span class='ocrx_word' id='word_1_455' title='bbox 911 3149 1018 3205; x_wconf 92' lang='lat' dir='ltr'>quo</span> <span class='ocrx_word' id='word_1_456' title='bbox 1058 3135 1274 3188; x_wconf 90' lang='lat' dir='ltr'>demum</span> <span class='ocrx_word' id='word_1_457' title='bbox 1306 3151 1411 3205; x_wconf 88' lang='lat' dir='ltr'>pax</span> <span class='ocrx_word' id='word_1_458' title='bbox 1444 3134 1735 3189; x_wconf 88' lang='lat' dir='ltr'>reformata</span> <span class='ocrx_word' id='word_1_459' title='bbox 1768 3142 1850 3189; x_wconf 91' lang='lat' dir='ltr'>est</span> 
     </span>
    </p>
   </div>
   <div class='ocr_carea' id='block_1_68' title="bbox 259 3222 1847 3294">
    <p class='ocr_par' dir='ltr' id='par_1_68' title="bbox 259 3222 1847 3294">
     <span class='ocr_line' id='line_1_69' title="bbox 259 3222 1847 3294; baseline 0.001 -20"><span class='ocrx_word' id='word_1_460' title='bbox 259 3222 400 3275; x_wconf 88' lang='lat' dir='ltr'>inter</span> <span class='ocrx_word' id='word_1_461' title='bbox 450 3237 565 3275; x_wconf 90' lang='lat' dir='ltr'>eos.</span> <span class='ocrx_word' id='word_1_462' title='bbox 618 3222 912 3277; x_wconf 82' lang='lat' dir='ltr'>Videbatur</span> <span class='ocrx_word' id='word_1_463' title='bbox 959 3222 1062 3275; x_wconf 89' lang='lat' dir='ltr'>sibi</span> <span class='ocrx_word' id='word_1_464' title='bbox 1109 3223 1266 3294; x_wconf 84' lang='lat' dir='ltr'>Hugo</span> <span class='ocrx_word' id='word_1_465' title='bbox 1305 3230 1434 3277; x_wconf 90' lang='lat' dir='ltr'>tunc</span> <span class='ocrx_word' id='word_1_466' title='bbox 1488 3230 1847 3293; x_wconf 89' lang='lat' dir='ltr'>opportunum</span> 
     </span>
    </p>
   </div>
   <div class='ocr_carea' id='block_1_69' title="bbox 258 3309 1847 3379">
    <p class='ocr_par' dir='ltr' id='par_1_69' title="bbox 258 3309 1847 3379">
     <span class='ocr_line' id='line_1_70' title="bbox 258 3309 1847 3379; baseline 0.003 -17"><span class='ocrx_word' id='word_1_467' title='bbox 258 3309 533 3364; x_wconf 90' lang='lat' dir='ltr'>invenisse</span> <span class='ocrx_word' id='word_1_468' title='bbox 581 3317 814 3379; x_wconf 90' lang='lat' dir='ltr'>tempus,</span> <span class='ocrx_word' id='word_1_469' title='bbox 846 3316 903 3363; x_wconf 91' lang='lat' dir='ltr'>ut</span> <span class='ocrx_word' id='word_1_470' title='bbox 947 3309 1167 3363; x_wconf 90' lang='lat' dir='ltr'>domum</span> <span class='ocrx_word' id='word_1_471' title='bbox 1208 3309 1463 3365; x_wconf 90' lang='lat' dir='ltr'>inviseret</span> <span class='ocrx_word' id='word_1_472' title='bbox 1492 3311 1847 3366; x_wconf 84' lang='lat' dir='ltr'>Carthasien-</span> 
     </span>
    </p>
   </div>
   <div class='ocr_carea' id='block_1_70' title="bbox 260 3397 1847 3469">
    <p class='ocr_par' dir='ltr' id='par_1_70' title="bbox 260 3397 1847 3469">
     <span class='ocr_line' id='line_1_71' title="bbox 260 3397 1847 3469; baseline 0.002 -18"><span class='ocrx_word' id='word_1_473' title='bbox 260 3413 396 3451; x_wconf 91' lang='lat' dir='ltr'>sem.</span> <span class='ocrx_word' id='word_1_474' title='bbox 430 3397 668 3452; x_wconf 89' lang='lat' dir='ltr'>Licentia</span> <span class='ocrx_word' id='word_1_475' title='bbox 719 3397 884 3469; x_wconf 88' lang='lat' dir='ltr'>igitur</span> <span class='ocrx_word' id='word_1_476' title='bbox 915 3414 943 3451; x_wconf 91' lang='lat' dir='ltr'>a</span> <span class='ocrx_word' id='word_1_477' title='bbox 991 3412 1123 3468; x_wconf 85' lang='lat' dir='ltr'>rege</span> <span class='ocrx_word' id='word_1_478' title='bbox 1156 3406 1207 3453; x_wconf 91' lang='lat' dir='ltr'>et</span> <span class='ocrx_word' id='word_1_479' title='bbox 1264 3397 1673 3469; x_wconf 87' lang='lat' dir='ltr'>archiepiscopo</span> <span class='ocrx_word' id='word_1_480' title='bbox 1703 3400 1847 3469; x_wconf 89' lang='lat' dir='ltr'>apud</span> 
     </span>
    </p>
   </div>
   <div class='ocr_carea' id='block_1_71' title="bbox 260 3485 1847 3558">
    <p class='ocr_par' dir='ltr' id='par_1_71' title="bbox 260 3485 1847 3558">
     <span class='ocr_line' id='line_1_72' title="bbox 260 3485 1847 3558; baseline 0.001 -18"><span class='ocrx_word' id='word_1_481' title='bbox 260 3493 494 3540; x_wconf 88' lang='lat' dir='ltr'>castrum</span> <span class='ocrx_word' id='word_1_482' title='bbox 525 3485 593 3540; x_wconf 93' lang='lat' dir='ltr'>de</span> <span class='ocrx_word' id='word_1_483' title='bbox 624 3485 814 3540; x_wconf 83' lang='lat' dir='ltr'>Audeli</span> <span class='ocrx_word' id='word_1_484' title='bbox 845 3486 1007 3554; x_wconf 90' lang='lat' dir='ltr'>petita</span> <span class='ocrx_word' id='word_1_485' title='bbox 1058 3494 1109 3540; x_wconf 88' lang='lat' dir='ltr'>et</span> <span class='ocrx_word' id='word_1_486' title='bbox 1166 3495 1390 3557; x_wconf 89' lang='lat' dir='ltr'>accepta</span> <span class='ocrx_word' id='word_1_487' title='bbox 1445 3489 1613 3558; x_wconf 78' lang='grc'>(287).</span> <span class='ocrx_word' id='word_1_488' title='bbox 1664 3488 1847 3542; x_wconf 89' lang='lat' dir='ltr'>ultima</span> 
     </span>
    </p>
   </div>
   <div class='ocr_carea' id='block_1_72' title="bbox 259 3573 1846 3647">
    <p class='ocr_par' dir='ltr' id='par_1_72' title="bbox 259 3573 1846 3647">
     <span class='ocr_line' id='line_1_73' title="bbox 259 3573 1846 3647; baseline 0.002 -20"><span class='ocrx_word' id='word_1_489' title='bbox 259 3573 346 3629; x_wconf 90' lang='lat' dir='ltr'>die</span> <span class='ocrx_word' id='word_1_490' title='bbox 380 3574 580 3628; x_wconf 89' lang='lat' dir='ltr'>Mensis</span> <span class='ocrx_word' id='word_1_491' title='bbox 615 3574 739 3628; x_wconf 86' lang='lat' dir='ltr'>Maii</span> <span class='ocrx_word' id='word_1_492' title='bbox 772 3574 943 3643; x_wconf 75' lang='lat'>(288),</span> <span class='ocrx_word' id='word_1_493' title='bbox 969 3589 1086 3645; x_wconf 75' lang='lat' dir='ltr'>quae</span> <span class='ocrx_word' id='word_1_494' title='bbox 1119 3573 1218 3627; x_wconf 88' lang='lat' dir='ltr'>fuit</span> <span class='ocrx_word' id='word_1_495' title='bbox 1263 3573 1393 3628; x_wconf 90' lang='lat' dir='ltr'>feria</span> <span class='ocrx_word' id='word_1_496' title='bbox 1425 3583 1616 3647; x_wconf 90' lang='lat' dir='ltr'>quarta</span> <span class='ocrx_word' id='word_1_497' title='bbox 1650 3577 1846 3630; x_wconf 87' lang='lat' dir='ltr'>Pente-</span> 
     </span>
    </p>
   </div>
   <div class='ocr_carea' id='block_1_73' title="bbox 259 3660 1841 3732">
    <p class='ocr_par' dir='ltr' id='par_1_73' title="bbox 259 3660 1841 3732">
     <span class='ocr_line' id='line_1_74' title="bbox 259 3660 1841 3732; baseline 0.003 -17"><span class='ocrx_word' id='word_1_498' title='bbox 259 3669 459 3725; x_wconf 90' lang='lat' dir='ltr'>costes,</span> <span class='ocrx_word' id='word_1_499' title='bbox 503 3660 775 3732; x_wconf 81' lang='lat' dir='ltr'>proficisci</span> <span class='ocrx_word' id='word_1_500' title='bbox 805 3662 987 3731; x_wconf 82' lang='lat' dir='ltr'>ccepit.</span> <span class='ocrx_word' id='word_1_501' title='bbox 1048 3662 1285 3716; x_wconf 89' lang='lat' dir='ltr'>Parisius</span> <span class='ocrx_word' id='word_1_502' title='bbox 1334 3679 1462 3718; x_wconf 90' lang='lat' dir='ltr'>vero</span> <span class='ocrx_word' id='word_1_503' title='bbox 1509 3664 1701 3731; x_wconf 88' lang='lat' dir='ltr'>iturus,</span> <span class='ocrx_word' id='word_1_504' title='bbox 1752 3664 1841 3719; x_wconf 91' lang='lat' dir='ltr'>di-</span> 
     </span>
    </p>
   </div>
   <div class='ocr_carea' id='block_1_74' title="bbox 258 3749 1847 3821">
    <p class='ocr_par' dir='ltr' id='par_1_74' title="bbox 258 3749 1847 3821">
     <span class='ocr_line' id='line_1_75' title="bbox 258 3749 1847 3821; baseline 0.001 -17"><span class='ocrx_word' id='word_1_505' title='bbox 258 3749 413 3804; x_wconf 81' lang='lat' dir='ltr'>vertit</span> <span class='ocrx_word' id='word_1_506' title='bbox 457 3750 524 3803; x_wconf 90' lang='lat' dir='ltr'>ad</span> <span class='ocrx_word' id='word_1_507' title='bbox 567 3750 785 3803; x_wconf 90' lang='lat' dir='ltr'>beatum</span> <span class='ocrx_word' id='word_1_508' title='bbox 848 3750 1168 3820; x_wconf 75' lang='lat' dir='ltr'>Dionysium</span> <span class='ocrx_word' id='word_1_509' title='bbox 1217 3750 1386 3821; x_wconf 85' lang='grc'>(289).</span> <span class='ocrx_word' id='word_1_510' title='bbox 1431 3752 1621 3806; x_wconf 82' lang='lat' dir='ltr'>Vicum</span> <span class='ocrx_word' id='word_1_511' title='bbox 1667 3760 1847 3807; x_wconf 91' lang='lat' dir='ltr'>autem</span> 
     </span>
    </p>
   </div>
   <div class='ocr_carea' id='block_1_75' title="bbox 258 3837 1846 3909">
    <p class='ocr_par' dir='ltr' id='par_1_75' title="bbox 258 3837 1846 3909">
     <span class='ocr_line' id='line_1_76' title="bbox 258 3837 1846 3909; baseline 0.001 -16"><span class='ocrx_word' id='word_1_512' title='bbox 258 3837 581 3893; x_wconf 90' lang='lat' dir='ltr'>clericorum</span> <span class='ocrx_word' id='word_1_513' title='bbox 630 3838 778 3891; x_wconf 91' lang='lat' dir='ltr'>illum</span> <span class='ocrx_word' id='word_1_514' title='bbox 830 3853 1108 3909; x_wconf 87' lang='lat' dir='ltr'>egressus,</span> <span class='ocrx_word' id='word_1_515' title='bbox 1144 3838 1441 3893; x_wconf 69' lang='lat' dir='ltr'>innumerae</span> <span class='ocrx_word' id='word_1_516' title='bbox 1490 3840 1539 3893; x_wconf 91' lang='lat' dir='ltr'>ei</span> <span class='ocrx_word' id='word_1_517' title='bbox 1594 3856 1846 3896; x_wconf 89' lang='lat' dir='ltr'>occurre-</span> 
     </span>
    </p>
   </div>
   <div class='ocr_carea' id='block_1_76' title="bbox 260 3925 1845 3997">
    <p class='ocr_par' dir='ltr' id='par_1_76' title="bbox 260 3925 1845 3997">
     <span class='ocr_line' id='line_1_77' title="bbox 260 3925 1845 3997; baseline 0.003 -20"><span class='ocrx_word' id='word_1_518' title='bbox 260 3925 387 3978; x_wconf 90' lang='lat' dir='ltr'>bant</span> <span class='ocrx_word' id='word_1_519' title='bbox 416 3932 632 3980; x_wconf 74' lang='lat' dir='ltr'>turmze.</span> <span class='ocrx_word' id='word_1_520' title='bbox 673 3926 997 3980; x_wconf 90' lang='lat' dir='ltr'>Catervatim</span> <span class='ocrx_word' id='word_1_521' title='bbox 1030 3940 1267 3997; x_wconf 88' lang='lat' dir='ltr'>namque</span> <span class='ocrx_word' id='word_1_522' title='bbox 1313 3927 1538 3981; x_wconf 90' lang='lat' dir='ltr'>ruebant</span> <span class='ocrx_word' id='word_1_523' title='bbox 1596 3928 1663 3982; x_wconf 91' lang='lat' dir='ltr'>de</span> <span class='ocrx_word' id='word_1_524' title='bbox 1707 3928 1845 3984; x_wconf 89' lang='lat' dir='ltr'>civi-</span> 
     </span>
    </p>
   </div>
   <div class='ocr_carea' id='block_1_77' title="bbox 260 4012 1845 4073">
    <p class='ocr_par' dir='ltr' id='par_1_77' title="bbox 260 4012 1845 4073">
     <span class='ocr_line' id='line_1_78' title="bbox 260 4012 1845 4073; baseline 0.004 -7"><span class='ocrx_word' id='word_1_525' title='bbox 260 4020 367 4067; x_wconf 88' lang='lat' dir='ltr'>tate</span> <span class='ocrx_word' id='word_1_526' title='bbox 413 4012 466 4066; x_wconf 93' lang='lat' dir='ltr'>in</span> <span class='ocrx_word' id='word_1_527' title='bbox 504 4013 719 4068; x_wconf 86' lang='lat' dir='ltr'>obviam</span> <span class='ocrx_word' id='word_1_528' title='bbox 779 4013 1074 4069; x_wconf 90' lang='lat' dir='ltr'>universali</span> <span class='ocrx_word' id='word_1_529' title='bbox 1108 4034 1130 4063; x_wconf 68' lang='grc' dir='ltr'>ι</span> <span class='ocrx_word' id='word_1_530' title='bbox 1185 4014 1492 4069; x_wconf 88' lang='lat' dir='ltr'>scholarum</span> <span class='ocrx_word' id='word_1_531' title='bbox 1547 4017 1845 4073; x_wconf 86' lang='lat' dir='ltr'>consultori</span> 
     </span>
    </p>
   </div>
   <div class='ocr_carea' id='block_1_78' title="bbox 256 4100 1847 4175">
    <p class='ocr_par' dir='ltr' id='par_1_78' title="bbox 256 4100 1847 4175">
     <span class='ocr_line' id='line_1_79' title="bbox 256 4100 1847 4175; baseline 0.003 -20"><span class='ocrx_word' id='word_1_532' title='bbox 256 4100 424 4170; x_wconf 80' lang='lat'>(290),</span> <span class='ocrx_word' id='word_1_533' title='bbox 457 4125 478 4148; x_wconf 78' lang='grc' dir='ltr'>ι»</span> <span class='ocrx_word' id='word_1_534' title='bbox 504 4108 559 4154; x_wconf 93' lang='lat' dir='ltr'>ut</span> <span class='ocrx_word' id='word_1_535' title='bbox 577 4101 644 4155; x_wconf 88' lang='lat' dir='ltr'>de</span> <span class='ocrx_word' id='word_1_536' title='bbox 666 4100 756 4155; x_wconf 90' lang='lat' dir='ltr'>illo</span> <span class='ocrx_word' id='word_1_537' title='bbox 778 4101 992 4173; x_wconf 90' lang='lat' dir='ltr'>quidam</span> <span class='ocrx_word' id='word_1_538' title='bbox 1012 4101 1584 4175; x_wconf 84' lang='lat' dir='ltr'>versiticatorinsignis</span> <span class='ocrx_word' id='word_1_539' title='bbox 1606 4104 1698 4159; x_wconf 90' lang='lat' dir='ltr'>ait.</span> <span class='ocrx_word' id='word_1_540' title='bbox 1723 4106 1847 4161; x_wconf 92' lang='lat' dir='ltr'>Uni-</span> 
     </span>
    </p>
   </div>
   <div class='ocr_carea' id='block_1_79' title="bbox 258 4190 1843 4260">
    <p class='ocr_par' dir='ltr' id='par_1_79' title="bbox 258 4190 1843 4260">
     <span class='ocr_line' id='line_1_80' title="bbox 258 4190 1843 4260; baseline 0.001 -14"><span class='ocrx_word' id='word_1_541' title='bbox 258 4204 541 4246; x_wconf 89' lang='lat' dir='ltr'>versarum</span> <span class='ocrx_word' id='word_1_542' title='bbox 569 4205 707 4260; x_wconf 90' lang='lat' dir='ltr'>pene</span> <span class='ocrx_word' id='word_1_543' title='bbox 738 4190 1014 4245; x_wconf 89' lang='lat' dir='ltr'>nationum</span> <span class='ocrx_word' id='word_1_544' title='bbox 1042 4190 1353 4246; x_wconf 88' lang='lat' dir='ltr'>scholastici</span> <span class='ocrx_word' id='word_1_545' title='bbox 1368 4207 1488 4246; x_wconf 90' lang='lat' dir='ltr'>cum</span> <span class='ocrx_word' id='word_1_546' title='bbox 1511 4207 1696 4248; x_wconf 91' lang='lat' dir='ltr'>coram</span> <span class='ocrx_word' id='word_1_547' title='bbox 1717 4208 1843 4249; x_wconf 92' lang='lat' dir='ltr'>cer-</span> 
     </span>
    </p>
   </div>
   <div class='ocr_carea' id='block_1_80' title="bbox 326 4364 1848 4432">
    <p class='ocr_par' dir='ltr' id='par_1_80' title="bbox 326 4364 1848 4432">
     <span class='ocr_line' id='line_1_81' title="bbox 326 4364 1848 4432; baseline 0.002 -16"><span class='ocrx_word' id='word_1_548' title='bbox 326 4364 466 4431; x_wconf 83' lang='grc'>(286)</span> <span class='ocrx_word' id='word_1_549' title='bbox 516 4367 858 4417; x_wconf 85' lang='lat' dir='ltr'>Ecclesiastico</span> <span class='ocrx_word' id='word_1_550' title='bbox 906 4368 1132 4429; x_wconf 83' lang='lat' dir='ltr'>forsitan,</span> <span class='ocrx_word' id='word_1_551' title='bbox 1158 4380 1255 4417; x_wconf 92' lang='lat' dir='ltr'>non</span> <span class='ocrx_word' id='word_1_552' title='bbox 1298 4368 1525 4419; x_wconf 87' lang='lat' dir='ltr'>naturali.</span> <span class='ocrx_word' id='word_1_553' title='bbox 1580 4368 1632 4418; x_wconf 82' lang='lat' dir='ltr'>In</span> <span class='ocrx_word' id='word_1_554' title='bbox 1684 4381 1848 4432; x_wconf 79' lang='lat' dir='ltr'>regem</span> 
     </span>
    </p>
   </div>
   <div class='ocr_carea' id='block_1_81' title="bbox 255 4434 1852 4493">
    <p class='ocr_par' dir='ltr' id='par_1_81' title="bbox 255 4434 1852 4493">
     <span class='ocr_line' id='line_1_82' title="bbox 255 4434 1852 4493; baseline 0.001 -9"><span class='ocrx_word' id='word_1_555' title='bbox 255 4434 384 4485; x_wconf 88' lang='lat' dir='ltr'>enim</span> <span class='ocrx_word' id='word_1_556' title='bbox 408 4435 619 4483; x_wconf 85' lang='lat' dir='ltr'>Joannes</span> <span class='ocrx_word' id='word_1_557' title='bbox 643 4434 847 4484; x_wconf 87' lang='lat' dir='ltr'>Londini</span> <span class='ocrx_word' id='word_1_558' title='bbox 898 4438 1155 4484; x_wconf 89' lang='lat' dir='ltr'>coronatus</span> <span class='ocrx_word' id='word_1_559' title='bbox 1194 4435 1284 4484; x_wconf 87' lang='lat' dir='ltr'>fuit</span> <span class='ocrx_word' id='word_1_560' title='bbox 1327 4447 1454 4484; x_wconf 90' lang='lat' dir='ltr'>anno</span> <span class='ocrx_word' id='word_1_561' title='bbox 1499 4435 1645 4493; x_wconf 81' lang='lat' dir='ltr'>H99,</span> <span class='ocrx_word' id='word_1_562' title='bbox 1685 4437 1735 4485; x_wconf 92' lang='lat' dir='ltr'>in</span> <span class='ocrx_word' id='word_1_563' title='bbox 1772 4435 1852 4485; x_wconf 90' lang='lat' dir='ltr'>die</span> 
     </span>
    </p>
   </div>
   <div class='ocr_carea' id='block_1_82' title="bbox 260 4500 1849 4562">
    <p class='ocr_par' dir='ltr' id='par_1_82' title="bbox 260 4500 1849 4562">
     <span class='ocr_line' id='line_1_83' title="bbox 260 4500 1849 4562; baseline 0.001 -12"><span class='ocrx_word' id='word_1_564' title='bbox 260 4500 568 4550; x_wconf 86' lang='lat' dir='ltr'>Ascensionis</span> <span class='ocrx_word' id='word_1_565' title='bbox 594 4500 800 4560; x_wconf 88' lang='lat' dir='ltr'>Domini,</span> <span class='ocrx_word' id='word_1_566' title='bbox 842 4513 947 4562; x_wconf 69' lang='lat' dir='ltr'>quae</span> <span class='ocrx_word' id='word_1_567' title='bbox 974 4504 1080 4550; x_wconf 88' lang='lat' dir='ltr'>erat</span> <span class='ocrx_word' id='word_1_568' title='bbox 1123 4501 1187 4549; x_wconf 86' lang='grc'>27</span> <span class='ocrx_word' id='word_1_569' title='bbox 1215 4500 1344 4557; x_wconf 70' lang='lat' dir='ltr'>ltlaii,</span> <span class='ocrx_word' id='word_1_570' title='bbox 1390 4503 1465 4551; x_wconf 87' lang='lat' dir='ltr'>vel</span> <span class='ocrx_word' id='word_1_571' title='bbox 1514 4502 1563 4551; x_wconf 91' lang='lat' dir='ltr'>in</span> <span class='ocrx_word' id='word_1_572' title='bbox 1603 4502 1849 4551; x_wconf 88' lang='lat' dir='ltr'>Dominica</span> 
     </span>
    </p>
   </div>
   <div class='ocr_carea' id='block_1_83' title="bbox 256 4566 1849 4627">
    <p class='ocr_par' dir='ltr' id='par_1_83' title="bbox 256 4566 1849 4627">
     <span class='ocr_line' id='line_1_84' title="bbox 256 4566 1849 4627; baseline 0.001 -12"><span class='ocrx_word' id='word_1_573' title='bbox 256 4567 381 4615; x_wconf 85' lang='lat' dir='ltr'>infra</span> <span class='ocrx_word' id='word_1_574' title='bbox 407 4570 603 4615; x_wconf 86' lang='lat' dir='ltr'>octavas</span> <span class='ocrx_word' id='word_1_575' title='bbox 627 4566 740 4615; x_wconf 87' lang='lat' dir='ltr'>dicti</span> <span class='ocrx_word' id='word_1_576' title='bbox 771 4566 899 4626; x_wconf 83' lang='lat' dir='ltr'>festi,</span> <span class='ocrx_word' id='word_1_577' title='bbox 927 4566 973 4615; x_wconf 88' lang='lat' dir='ltr'>id</span> <span class='ocrx_word' id='word_1_578' title='bbox 999 4569 1093 4627; x_wconf 89' lang='lat' dir='ltr'>est,</span> <span class='ocrx_word' id='word_1_579' title='bbox 1121 4567 1203 4622; x_wconf 79' lang='grc'>30,</span> <span class='ocrx_word' id='word_1_580' title='bbox 1220 4567 1336 4616; x_wconf 91' lang='lat' dir='ltr'>dicti</span> <span class='ocrx_word' id='word_1_581' title='bbox 1362 4568 1560 4617; x_wconf 88' lang='lat' dir='ltr'>mensis.</span> <span class='ocrx_word' id='word_1_582' title='bbox 1586 4570 1646 4617; x_wconf 86' lang='lat' dir='ltr'>Et</span> <span class='ocrx_word' id='word_1_583' title='bbox 1673 4583 1698 4615; x_wconf 87' lang='grc'>‹‹</span> <span class='ocrx_word' id='word_1_584' title='bbox 1724 4580 1849 4617; x_wconf 89' lang='lat' dir='ltr'>anno</span> 
     </span>
    </p>
   </div>
   <div class='ocr_carea' id='block_1_84' title="bbox 264 4631 1848 4695">
    <p class='ocr_par' dir='ltr' id='par_1_84' title="bbox 264 4631 1848 4695">
     <span class='ocr_line' id='line_1_85' title="bbox 264 4631 1848 4695; baseline 0.001 -14"><span class='ocrx_word' id='word_1_585' title='bbox 264 4632 407 4690; x_wconf 83' lang='grc'>1200,</span> <span class='ocrx_word' id='word_1_586' title='bbox 444 4631 513 4679; x_wconf 87' lang='lat' dir='ltr'>uti</span> <span class='ocrx_word' id='word_1_587' title='bbox 555 4631 726 4680; x_wconf 90' lang='lat' dir='ltr'>scribit</span> <span class='ocrx_word' id='word_1_588' title='bbox 771 4633 1040 4690; x_wconf 79' lang='lat' dir='ltr'>Trivettus,</span> <span class='ocrx_word' id='word_1_589' title='bbox 1082 4632 1130 4681; x_wconf 92' lang='lat' dir='ltr'>in</span> <span class='ocrx_word' id='word_1_590' title='bbox 1170 4633 1463 4683; x_wconf 85' lang='lat' dir='ltr'>Ascensione</span> <span class='ocrx_word' id='word_1_591' title='bbox 1506 4635 1717 4693; x_wconf 88' lang='lat' dir='ltr'>Domini,</span> <span class='ocrx_word' id='word_1_592' title='bbox 1744 4647 1848 4695; x_wconf 68' lang='lat' dir='ltr'>qua:</span> 
     </span>
    </p>
   </div>
   <div class='ocr_carea' id='block_1_85' title="bbox 261 4698 1849 4759">
    <p class='ocr_par' dir='ltr' id='par_1_85' title="bbox 261 4698 1849 4759">
     <span class='ocr_line' id='line_1_86' title="bbox 261 4698 1849 4759; baseline 0.002 -13"><span class='ocrx_word' id='word_1_593' title='bbox 261 4698 548 4747; x_wconf 86' lang='lat' dir='ltr'>occurrebat</span> <span class='ocrx_word' id='word_1_594' title='bbox 570 4698 647 4747; x_wconf 90' lang='lat' dir='ltr'>die</span> <span class='ocrx_word' id='word_1_595' title='bbox 676 4698 737 4745; x_wconf 80' lang='lat' dir='ltr'>t8</span> <span class='ocrx_word' id='word_1_596' title='bbox 760 4698 891 4759; x_wconf 86' lang='lat' dir='ltr'>Maii,</span> <span class='ocrx_word' id='word_1_597' title='bbox 920 4698 1049 4746; x_wconf 89' lang='lat' dir='ltr'>inter</span> <span class='ocrx_word' id='word_1_598' title='bbox 1072 4699 1345 4748; x_wconf 86' lang='lat' dir='ltr'>Vernonem</span> <span class='ocrx_word' id='word_1_599' title='bbox 1369 4703 1420 4748; x_wconf 85' lang='lat' dir='ltr'>et</span> <span class='ocrx_word' id='word_1_600' title='bbox 1444 4700 1647 4749; x_wconf 88' lang='lat' dir='ltr'>insulam</span> <span class='ocrx_word' id='word_1_601' title='bbox 1677 4700 1849 4749; x_wconf 86' lang='lat' dir='ltr'>Ande-</span> 
     </span>
    </p>
   </div>
   <div class='ocr_carea' id='block_1_86' title="bbox 261 4763 1849 4827">
    <p class='ocr_par' dir='ltr' id='par_1_86' title="bbox 261 4763 1849 4827">
     <span class='ocr_line' id='line_1_87' title="bbox 261 4763 1849 4827; baseline 0.003 -16"><span class='ocrx_word' id='word_1_602' title='bbox 261 4763 370 4812; x_wconf 85' lang='lat' dir='ltr'>liaci</span> <span class='ocrx_word' id='word_1_603' title='bbox 396 4764 444 4812; x_wconf 91' lang='lat' dir='ltr'>in</span> <span class='ocrx_word' id='word_1_604' title='bbox 463 4764 736 4824; x_wconf 65' lang='lat' dir='ltr'>subscripta</span> <span class='ocrx_word' id='word_1_605' title='bbox 783 4764 935 4812; x_wconf 86' lang='lat' dir='ltr'>forma</span> <span class='ocrx_word' id='word_1_606' title='bbox 964 4776 1058 4823; x_wconf 85' lang='lat' dir='ltr'>pax</span> <span class='ocrx_word' id='word_1_607' title='bbox 1084 4768 1133 4813; x_wconf 91' lang='lat' dir='ltr'>et</span> <span class='ocrx_word' id='word_1_608' title='bbox 1153 4765 1408 4813; x_wconf 87' lang='lat' dir='ltr'>concordia</span> <span class='ocrx_word' id='word_1_609' title='bbox 1436 4766 1562 4815; x_wconf 91' lang='lat' dir='ltr'>inter</span> <span class='ocrx_word' id='word_1_610' title='bbox 1595 4771 1849 4827; x_wconf 89' lang='lat' dir='ltr'>utrumque</span> 
     </span>
    </p>
   </div>
   <div class='ocr_carea' id='block_1_87' title="bbox 260 4829 1848 4891">
    <p class='ocr_par' dir='ltr' id='par_1_87' title="bbox 260 4829 1848 4891">
     <span class='ocr_line' id='line_1_88' title="bbox 260 4829 1848 4891; baseline 0.001 -14"><span class='ocrx_word' id='word_1_611' title='bbox 260 4842 421 4890; x_wconf 78' lang='lat' dir='ltr'>regem</span> <span class='ocrx_word' id='word_1_612' title='bbox 450 4830 757 4878; x_wconf 78' lang='lat' dir='ltr'>reformatur.</span> <span class='ocrx_word' id='word_1_613' title='bbox 789 4844 806 4875; x_wconf 84' lang='grc'><strong>»</strong></span> <span class='ocrx_word' id='word_1_614' title='bbox 842 4830 913 4879; x_wconf 88' lang='lat' dir='ltr'>lta</span> <span class='ocrx_word' id='word_1_615' title='bbox 938 4830 1035 4878; x_wconf 90' lang='lat' dir='ltr'>ille.</span> <span class='ocrx_word' id='word_1_616' title='bbox 1066 4829 1242 4879; x_wconf 87' lang='lat' dir='ltr'>Verum</span> <span class='ocrx_word' id='word_1_617' title='bbox 1270 4844 1441 4891; x_wconf 88' lang='lat' dir='ltr'>pacem</span> <span class='ocrx_word' id='word_1_618' title='bbox 1468 4832 1645 4881; x_wconf 88' lang='lat' dir='ltr'>factam</span> <span class='ocrx_word' id='word_1_619' title='bbox 1669 4845 1717 4879; x_wconf 82' lang='lat' dir='ltr'>xi</span> <span class='ocrx_word' id='word_1_620' title='bbox 1740 4833 1848 4881; x_wconf 85' lang='lat' dir='ltr'>Kal.</span> 
     </span>
    </p>
   </div>
   <div class='ocr_carea' id='block_1_88' title="bbox 256 4894 1847 5006">
    <p class='ocr_par' dir='ltr' id='par_1_88' title="bbox 256 4894 1847 5006">
     <span class='ocr_line' id='line_1_89' title="bbox 256 4894 1847 5006; baseline 0.001 -63"><span class='ocrx_word' id='word_1_621' title='bbox 256 4894 505 5006; x_wconf 83' lang='lat' dir='ltr'>Junii</span> <span class='ocrx_word' id='word_1_622' title='bbox 526 4895 590 4943; x_wconf 77' lang='grc'>22</span> <span class='ocrx_word' id='word_1_623' title='bbox 615 4894 744 4956; x_wconf 83' lang='lat' dir='ltr'>Maii,</span> <span class='ocrx_word' id='word_1_624' title='bbox 774 4906 833 4943; x_wconf 89' lang='lat' dir='ltr'>ex</span> <span class='ocrx_word' id='word_1_625' title='bbox 869 4894 1073 4957; x_wconf 80' lang='lat' dir='ltr'>Rogerio</span> <span class='ocrx_word' id='word_1_626' title='bbox 1098 4896 1248 4945; x_wconf 83' lang='lat' dir='ltr'>refert</span> <span class='ocrx_word' id='word_1_627' title='bbox 1271 4898 1545 4960; x_wconf 83' lang='lat' dir='ltr'>Reynaldus</span> <span class='ocrx_word' id='word_1_628' title='bbox 1563 4897 1610 4946; x_wconf 91' lang='lat' dir='ltr'>in</span> <span class='ocrx_word' id='word_1_629' title='bbox 1639 4898 1847 4959; x_wconf 82' lang='lat' dir='ltr'>Annal.,</span> 
     </span>
     <span class='ocr_line' id='line_1_90' title="bbox 258 4974 478 5006; baseline 0 0"><span class='ocrx_word' id='word_1_630' title='bbox 258 4974 367 5006; x_wconf 69' lang='lat' dir='ltr'>nae.</span> <span class='ocrx_word' id='word_1_631' title='bbox 467 4998 478 5006; x_wconf 91' lang='lat'>.</span> 
     </span>
    </p>
   </div>
   <div class='ocr_carea' id='block_1_89' title="bbox 258 4962 478 5023">
    <p class='ocr_par' dir='ltr' id='par_1_89' title="bbox 258 4962 478 5023">
     <span class='ocr_line' id='line_1_91' title="bbox 258 4962 478 5023; baseline 0 -14"><span class='ocrx_word' id='word_1_632' title='bbox 258 4974 367 5023; x_wconf 85' lang='lat' dir='ltr'>pag.</span> <span class='ocrx_word' id='word_1_633' title='bbox 396 4962 478 5009; x_wconf 70' lang='grc'>47.</span> 
     </span>
    </p>
   </div>
   <div class='ocr_carea' id='block_1_90' title="bbox 325 5061 1851 5127">
    <p class='ocr_par' dir='ltr' id='par_1_90' title="bbox 325 5061 1851 5127">
     <span class='ocr_line' id='line_1_92' title="bbox 325 5061 1851 5127; baseline 0.003 -17"><span class='ocrx_word' id='word_1_634' title='bbox 325 5061 469 5121; x_wconf 84' lang='grc'>(287)</span> <span class='ocrx_word' id='word_1_635' title='bbox 497 5063 635 5113; x_wconf 90' lang='lat' dir='ltr'>Circa</span> <span class='ocrx_word' id='word_1_636' title='bbox 662 5064 774 5121; x_wconf 87' lang='lat' dir='ltr'>hoc,</span> <span class='ocrx_word' id='word_1_637' title='bbox 800 5064 868 5112; x_wconf 87' lang='lat' dir='ltr'>uti</span> <span class='ocrx_word' id='word_1_638' title='bbox 896 5076 955 5111; x_wconf 87' lang='lat' dir='ltr'>ex</span> <span class='ocrx_word' id='word_1_639' title='bbox 974 5062 1195 5113; x_wconf 86' lang='lat' dir='ltr'>Trivetto</span> <span class='ocrx_word' id='word_1_640' title='bbox 1220 5063 1447 5123; x_wconf 87' lang='lat' dir='ltr'>vidimus,</span> <span class='ocrx_word' id='word_1_641' title='bbox 1476 5077 1588 5127; x_wconf 86' lang='lat' dir='ltr'>pax,</span> <span class='ocrx_word' id='word_1_642' title='bbox 1615 5064 1691 5114; x_wconf 90' lang='lat' dir='ltr'>cui</span> <span class='ocrx_word' id='word_1_643' title='bbox 1716 5066 1851 5123; x_wconf 81' lang='lat' dir='ltr'>Hugo</span> 
     </span>
    </p>
   </div>
   <div class='ocr_carea' id='block_1_91' title="bbox 260 5128 1848 5191">
    <p class='ocr_par' dir='ltr' id='par_1_91' title="bbox 260 5128 1848 5191">
     <span class='ocr_line' id='line_1_93' title="bbox 260 5128 1848 5191; baseline 0.003 -15"><span class='ocrx_word' id='word_1_644' title='bbox 260 5133 423 5177; x_wconf 90' lang='lat' dir='ltr'>noster</span> <span class='ocrx_word' id='word_1_645' title='bbox 469 5128 696 5178; x_wconf 83' lang='lat' dir='ltr'>interfuit</span> <span class='ocrx_word' id='word_1_646' title='bbox 726 5168 739 5186; x_wconf 85' lang='lat'>,</span> <span class='ocrx_word' id='word_1_647' title='bbox 777 5129 989 5187; x_wconf 86' lang='lat' dir='ltr'>coaluit,</span> <span class='ocrx_word' id='word_1_648' title='bbox 1038 5135 1088 5178; x_wconf 90' lang='lat' dir='ltr'>et</span> <span class='ocrx_word' id='word_1_649' title='bbox 1134 5131 1271 5191; x_wconf 78' lang='lat' dir='ltr'>Hugo</span> <span class='ocrx_word' id='word_1_650' title='bbox 1318 5130 1528 5179; x_wconf 88' lang='lat' dir='ltr'>obtinuit</span> <span class='ocrx_word' id='word_1_651' title='bbox 1572 5131 1848 5180; x_wconf 80' lang='lat' dir='ltr'>facultatem</span> 
     </span>
    </p>
   </div>
   <div class='ocr_carea' id='block_1_92' title="bbox 259 5193 1852 5258">
    <p class='ocr_par' dir='ltr' id='par_1_92' title="bbox 259 5193 1852 5258">
     <span class='ocr_line' id='line_1_94' title="bbox 259 5193 1852 5258; baseline 0.002 -15"><span class='ocrx_word' id='word_1_652' title='bbox 259 5194 461 5244; x_wconf 86' lang='lat' dir='ltr'>adeundi</span> <span class='ocrx_word' id='word_1_653' title='bbox 487 5195 793 5245; x_wconf 87' lang='lat' dir='ltr'>Carthusiam</span> <span class='ocrx_word' id='word_1_654' title='bbox 820 5200 868 5245; x_wconf 91' lang='lat' dir='ltr'>et</span> <span class='ocrx_word' id='word_1_655' title='bbox 894 5199 1072 5246; x_wconf 65' lang='lat' dir='ltr'>caetera</span> <span class='ocrx_word' id='word_1_656' title='bbox 1116 5193 1241 5257; x_wconf 91' lang='lat' dir='ltr'>loca,</span> <span class='ocrx_word' id='word_1_657' title='bbox 1269 5196 1329 5246; x_wconf 92' lang='lat' dir='ltr'>de</span> <span class='ocrx_word' id='word_1_658' title='bbox 1370 5196 1545 5258; x_wconf 85' lang='lat' dir='ltr'>quibus</span> <span class='ocrx_word' id='word_1_659' title='bbox 1572 5197 1625 5246; x_wconf 84' lang='lat' dir='ltr'>ﬁt</span> <span class='ocrx_word' id='word_1_660' title='bbox 1674 5198 1852 5246; x_wconf 90' lang='lat' dir='ltr'>mentio</span> 
     </span>
    </p>
   </div>
   <div class='ocr_carea' id='block_1_93' title="bbox 262 5260 664 5320">
    <p class='ocr_par' dir='ltr' id='par_1_93' title="bbox 262 5260 664 5320">
     <span class='ocr_line' id='line_1_95' title="bbox 262 5260 664 5320; baseline -0.002 -11"><span class='ocrx_word' id='word_1_661' title='bbox 262 5261 307 5309; x_wconf 90' lang='lat' dir='ltr'>in</span> <span class='ocrx_word' id='word_1_662' title='bbox 334 5260 664 5320; x_wconf 84' lang='lat' dir='ltr'>sequentibus.</span> 
     </span>
    </p>
   </div>
   <div class='ocr_carea' id='block_1_94' title="bbox 326 5360 1850 5424">
    <p class='ocr_par' dir='ltr' id='par_1_94' title="bbox 326 5360 1850 5424">
     <span class='ocr_line' id='line_1_96' title="bbox 326 5360 1850 5424; baseline 0.003 -15"><span class='ocrx_word' id='word_1_663' title='bbox 326 5360 468 5423; x_wconf 89' lang='grc'>(288)</span> <span class='ocrx_word' id='word_1_664' title='bbox 496 5363 808 5413; x_wconf 86' lang='lat' dir='ltr'>Pentecostes</span> <span class='ocrx_word' id='word_1_665' title='bbox 828 5375 885 5413; x_wconf 91' lang='lat' dir='ltr'>eo</span> <span class='ocrx_word' id='word_1_666' title='bbox 910 5375 1038 5412; x_wconf 89' lang='lat' dir='ltr'>anno</span> <span class='ocrx_word' id='word_1_667' title='bbox 1061 5362 1296 5414; x_wconf 88' lang='lat' dir='ltr'>inciderat</span> <span class='ocrx_word' id='word_1_668' title='bbox 1322 5363 1369 5413; x_wconf 89' lang='lat' dir='ltr'>in</span> <span class='ocrx_word' id='word_1_669' title='bbox 1395 5362 1459 5412; x_wconf 85' lang='grc'>28</span> <span class='ocrx_word' id='word_1_670' title='bbox 1480 5363 1610 5424; x_wconf 83' lang='lat' dir='ltr'>Maii,</span> <span class='ocrx_word' id='word_1_671' title='bbox 1639 5367 1687 5413; x_wconf 90' lang='lat' dir='ltr'>et</span> <span class='ocrx_word' id='word_1_672' title='bbox 1713 5364 1850 5415; x_wconf 83' lang='lat' dir='ltr'>Feria</span> 
     </span>
    </p>
   </div>
   <div class='ocr_carea' id='block_1_95' title="bbox 266 5428 1063 5488">
    <p class='ocr_par' dir='ltr' id='par_1_95' title="bbox 266 5428 1063 5488">
     <span class='ocr_line' id='line_1_97' title="bbox 266 5428 1063 5488; baseline 0.004 -13"><span class='ocrx_word' id='word_1_673' title='bbox 266 5431 436 5488; x_wconf 85' lang='lat' dir='ltr'>quarta</span> <span class='ocrx_word' id='word_1_674' title='bbox 458 5428 507 5478; x_wconf 92' lang='lat' dir='ltr'>in</span> <span class='ocrx_word' id='word_1_675' title='bbox 531 5430 588 5478; x_wconf 85' lang='lat' dir='ltr'>3t</span> <span class='ocrx_word' id='word_1_676' title='bbox 622 5428 840 5488; x_wconf 86' lang='lat' dir='ltr'>ejusdem</span> <span class='ocrx_word' id='word_1_677' title='bbox 866 5430 1063 5480; x_wconf 89' lang='lat' dir='ltr'>mensis.</span> 
     </span>
    </p>
   </div>
   <div class='ocr_carea' id='block_1_96' title="bbox 1884 2920 1931 2982">
    <p class='ocr_par' dir='ltr' id='par_1_96' title="bbox 1884 2920 1931 2982">
     <span class='ocr_line' id='line_1_98' title="bbox 1884 2920 1931 2982; baseline 0 0"><span class='ocrx_word' id='word_1_678' title='bbox 1884 2920 1931 2982; x_wconf 80' lang='grc' dir='ltr'>Ο</span> 
     </span>
    </p>
   </div>
   <div class='ocr_carea' id='block_1_97' title="bbox 1882 4273 1935 4333">
    <p class='ocr_par' dir='ltr' id='par_1_97' title="bbox 1882 4273 1935 4333">
     <span class='ocr_line' id='line_1_99' title="bbox 1882 4273 1935 4333; baseline 0 0"><span class='ocrx_word' id='word_1_679' title='bbox 1882 4273 1935 4333; x_wconf 91' lang='lat' dir='ltr'>D</span> 
     </span>
    </p>
   </div>
   <div class='ocr_carea' id='block_1_98' title="bbox 1953 2954 3542 3025">
    <p class='ocr_par' dir='ltr' id='par_1_98' title="bbox 1953 2954 3542 3025">
     <span class='ocr_line' id='line_1_100' title="bbox 1953 2954 3542 3025; baseline 0.001 -16"><span class='ocrx_word' id='word_1_680' title='bbox 1953 2954 2132 3009; x_wconf 89' lang='lat' dir='ltr'>verbis</span> <span class='ocrx_word' id='word_1_681' title='bbox 2160 2955 2351 3025; x_wconf 89' lang='lat' dir='ltr'>paucis</span> <span class='ocrx_word' id='word_1_682' title='bbox 2380 2956 2434 3010; x_wconf 91' lang='lat' dir='ltr'>in</span> <span class='ocrx_word' id='word_1_683' title='bbox 2463 2964 2667 3011; x_wconf 88' lang='lat' dir='ltr'>tantum</span> <span class='ocrx_word' id='word_1_684' title='bbox 2698 2956 3021 3013; x_wconf 85' lang='lat' dir='ltr'>exhilaravit</span> <span class='ocrx_word' id='word_1_685' title='bbox 3046 2964 3103 3010; x_wconf 90' lang='lat' dir='ltr'>ut</span> <span class='ocrx_word' id='word_1_686' title='bbox 3131 2956 3309 3010; x_wconf 88' lang='lat' dir='ltr'>statim</span> <span class='ocrx_word' id='word_1_687' title='bbox 3335 2999 3347 3022; x_wconf 91' lang='lat'>,</span> <span class='ocrx_word' id='word_1_688' title='bbox 3406 2971 3542 3010; x_wconf 78' lang='lat' dir='ltr'>moe-</span> 
     </span>
    </p>
   </div>
   <div class='ocr_carea' id='block_1_99' title="bbox 1946 3042 3539 3116">
    <p class='ocr_par' dir='ltr' id='par_1_99' title="bbox 1946 3042 3539 3116">
     <span class='ocr_line' id='line_1_101' title="bbox 1946 3042 3539 3116; baseline 0.002 -20"><span class='ocrx_word' id='word_1_689' title='bbox 1946 3058 2069 3097; x_wconf 91' lang='lat' dir='ltr'>rore</span> <span class='ocrx_word' id='word_1_690' title='bbox 2100 3044 2431 3114; x_wconf 91' lang='lat' dir='ltr'>postposito,</span> <span class='ocrx_word' id='word_1_691' title='bbox 2465 3060 2585 3115; x_wconf 72' lang='lat' dir='ltr'>quae</span> <span class='ocrx_word' id='word_1_692' title='bbox 2614 3044 2806 3100; x_wconf 90' lang='lat' dir='ltr'>diebus</span> <span class='ocrx_word' id='word_1_693' title='bbox 2852 3044 3055 3116; x_wconf 88' lang='lat' dir='ltr'>aliquot</span> <span class='ocrx_word' id='word_1_694' title='bbox 3097 3043 3346 3116; x_wconf 88' lang='lat' dir='ltr'>lugubris</span> <span class='ocrx_word' id='word_1_695' title='bbox 3395 3042 3539 3099; x_wconf 86' lang='lat' dir='ltr'>ince-</span> 
     </span>
    </p>
   </div>
   <div class='ocr_carea' id='block_1_100' title="bbox 1949 3130 3539 3203">
    <p class='ocr_par' dir='ltr' id='par_1_100' title="bbox 1949 3130 3539 3203">
     <span class='ocr_line' id='line_1_102' title="bbox 1949 3130 3539 3203; baseline 0.001 -19"><span class='ocrx_word' id='word_1_696' title='bbox 1949 3131 2131 3197; x_wconf 89' lang='lat' dir='ltr'>debat,</span> <span class='ocrx_word' id='word_1_697' title='bbox 2154 3130 2222 3185; x_wconf 90' lang='lat' dir='ltr'>de</span> <span class='ocrx_word' id='word_1_698' title='bbox 2254 3138 2453 3187; x_wconf 62' lang='lat' dir='ltr'>caetero</span> <span class='ocrx_word' id='word_1_699' title='bbox 2481 3138 2534 3186; x_wconf 91' lang='lat' dir='ltr'>et</span> <span class='ocrx_word' id='word_1_700' title='bbox 2555 3131 2758 3187; x_wconf 90' lang='lat' dir='ltr'>vultum</span> <span class='ocrx_word' id='word_1_701' title='bbox 2790 3140 2840 3187; x_wconf 90' lang='lat' dir='ltr'>et</span> <span class='ocrx_word' id='word_1_702' title='bbox 2870 3131 3109 3187; x_wconf 90' lang='lat' dir='ltr'>animum</span> <span class='ocrx_word' id='word_1_703' title='bbox 3132 3138 3347 3203; x_wconf 84' lang='lat' dir='ltr'>gereret</span> <span class='ocrx_word' id='word_1_704' title='bbox 3377 3130 3539 3187; x_wconf 76' lang='lat' dir='ltr'>laetis-</span> 
     </span>
    </p>
   </div>
   <div class='ocr_carea' id='block_1_101' title="bbox 1949 3219 2163 3273">
    <p class='ocr_par' dir='ltr' id='par_1_101' title="bbox 1949 3219 2163 3273">
     <span class='ocr_line' id='line_1_103' title="bbox 1949 3219 2163 3273; baseline 0 0"><span class='ocrx_word' id='word_1_705' title='bbox 1949 3219 2163 3273; x_wconf 91' lang='lat' dir='ltr'>simum.</span> 
     </span>
    </p>
   </div>
   <div class='ocr_carea' id='block_1_102' title="bbox 2022 3306 3540 3379">
    <p class='ocr_par' dir='ltr' id='par_1_102' title="bbox 2022 3306 3540 3379">
     <span class='ocr_line' id='line_1_104' title="bbox 2022 3306 3540 3379; baseline 0.001 -18"><span class='ocrx_word' id='word_1_706' title='bbox 2022 3308 2147 3361; x_wconf 92' lang='lat' dir='ltr'>Post</span> <span class='ocrx_word' id='word_1_707' title='bbox 2166 3307 2301 3372; x_wconf 66' lang='lat' dir='ltr'>hmo,</span> <span class='ocrx_word' id='word_1_708' title='bbox 2328 3322 2450 3363; x_wconf 92' lang='lat' dir='ltr'>cum</span> <span class='ocrx_word' id='word_1_709' title='bbox 2481 3308 2810 3364; x_wconf 88' lang='lat' dir='ltr'>Trecensem</span> <span class='ocrx_word' id='word_1_710' title='bbox 2835 3309 2947 3378; x_wconf 86' lang='lat' dir='ltr'>jam</span> <span class='ocrx_word' id='word_1_711' title='bbox 2976 3306 3326 3379; x_wconf 73' lang='lat' dir='ltr'>praeteriisset</span> <span class='ocrx_word' id='word_1_712' title='bbox 3371 3307 3540 3364; x_wconf 88' lang='lat' dir='ltr'>comi-</span> 
     </span>
    </p>
   </div>
   <div class='ocr_carea' id='block_1_103' title="bbox 1949 3395 3539 3468">
    <p class='ocr_par' dir='ltr' id='par_1_103' title="bbox 1949 3395 3539 3468">
     <span class='ocr_line' id='line_1_105' title="bbox 1949 3395 3539 3468; baseline 0.001 -20"><span class='ocrx_word' id='word_1_713' title='bbox 1949 3403 2134 3465; x_wconf 90' lang='lat' dir='ltr'>tatum,</span> <span class='ocrx_word' id='word_1_714' title='bbox 2159 3395 2305 3451; x_wconf 90' lang='lat' dir='ltr'>venit</span> <span class='ocrx_word' id='word_1_715' title='bbox 2325 3395 2396 3450; x_wconf 89' lang='lat' dir='ltr'>ad</span> <span class='ocrx_word' id='word_1_716' title='bbox 2426 3412 2549 3450; x_wconf 91' lang='lat' dir='ltr'>eum</span> <span class='ocrx_word' id='word_1_717' title='bbox 2568 3396 2650 3451; x_wconf 88' lang='lat' dir='ltr'>vir</span> <span class='ocrx_word' id='word_1_718' title='bbox 2672 3396 2893 3468; x_wconf 88' lang='lat' dir='ltr'>quidam</span> <span class='ocrx_word' id='word_1_719' title='bbox 2914 3396 3065 3468; x_wconf 74' lang='grc'>(294)</span> <span class='ocrx_word' id='word_1_720' title='bbox 3084 3411 3217 3452; x_wconf 86' lang='lat' dir='ltr'>voce</span> <span class='ocrx_word' id='word_1_721' title='bbox 3238 3396 3539 3452; x_wconf 85' lang='lat' dir='ltr'>miserabili</span> 
     </span>
    </p>
   </div>
   <div class='ocr_carea' id='block_1_104' title="bbox 1947 3483 3536 3555">
    <p class='ocr_par' dir='ltr' id='par_1_104' title="bbox 1947 3483 3536 3555">
     <span class='ocr_line' id='line_1_106' title="bbox 1947 3483 3536 3555; baseline 0.001 -18"><span class='ocrx_word' id='word_1_722' title='bbox 1947 3483 2377 3538; x_wconf 87' lang='lat' dir='ltr'>misericordiam</span> <span class='ocrx_word' id='word_1_723' title='bbox 2406 3483 2552 3539; x_wconf 92' lang='lat' dir='ltr'>illius</span> <span class='ocrx_word' id='word_1_724' title='bbox 2580 3484 2896 3555; x_wconf 86' lang='lat' dir='ltr'>implorans.</span> <span class='ocrx_word' id='word_1_725' title='bbox 2930 3484 3224 3539; x_wconf 89' lang='lat' dir='ltr'>Fatebatur</span> <span class='ocrx_word' id='word_1_726' title='bbox 3252 3483 3398 3539; x_wconf 90' lang='lat' dir='ltr'>enim</span> <span class='ocrx_word' id='word_1_727' title='bbox 3456 3500 3536 3550; x_wconf 88' lang='lat' dir='ltr'>se,</span> 
     </span>
    </p>
   </div>
   <div class='ocr_carea' id='block_1_105' title="bbox 1948 3570 3539 3643">
    <p class='ocr_par' dir='ltr' id='par_1_105' title="bbox 1948 3570 3539 3643">
     <span class='ocr_line' id='line_1_107' title="bbox 1948 3570 3539 3643; baseline 0 -17"><span class='ocrx_word' id='word_1_728' title='bbox 1948 3570 2120 3640; x_wconf 92' lang='lat' dir='ltr'>culpis</span> <span class='ocrx_word' id='word_1_729' title='bbox 2151 3571 2263 3625; x_wconf 90' lang='lat' dir='ltr'>suis</span> <span class='ocrx_word' id='word_1_730' title='bbox 2294 3572 2635 3643; x_wconf 90' lang='lat' dir='ltr'>exigentibus</span> <span class='ocrx_word' id='word_1_731' title='bbox 2657 3614 2673 3639; x_wconf 93' lang='lat'>,</span> <span class='ocrx_word' id='word_1_732' title='bbox 2707 3570 3280 3627; x_wconf 87' lang='lat' dir='ltr'>excommunicationis</span> <span class='ocrx_word' id='word_1_733' title='bbox 3321 3579 3539 3626; x_wconf 89' lang='lat' dir='ltr'>senten-</span> 
     </span>
    </p>
   </div>
   <div class='ocr_carea' id='block_1_106' title="bbox 1947 3658 3541 3730">
    <p class='ocr_par' dir='ltr' id='par_1_106' title="bbox 1947 3658 3541 3730">
     <span class='ocr_line' id='line_1_108' title="bbox 1947 3658 3541 3730; baseline 0.002 -18"><span class='ocrx_word' id='word_1_734' title='bbox 1947 3658 2075 3713; x_wconf 90' lang='lat' dir='ltr'>tiam</span> <span class='ocrx_word' id='word_1_735' title='bbox 2104 3659 2171 3712; x_wconf 90' lang='lat' dir='ltr'>ab</span> <span class='ocrx_word' id='word_1_736' title='bbox 2229 3659 2348 3729; x_wconf 92' lang='lat' dir='ltr'>ipso</span> <span class='ocrx_word' id='word_1_737' title='bbox 2405 3659 2685 3730; x_wconf 90' lang='lat' dir='ltr'>excepisse</span> <span class='ocrx_word' id='word_1_738' title='bbox 2707 3703 2719 3725; x_wconf 95' lang='lat'>,</span> <span class='ocrx_word' id='word_1_739' title='bbox 2778 3660 2921 3715; x_wconf 89' lang='lat' dir='ltr'>unde</span> <span class='ocrx_word' id='word_1_740' title='bbox 2958 3674 3080 3716; x_wconf 84' lang='lat' dir='ltr'>cum</span> <span class='ocrx_word' id='word_1_741' title='bbox 3110 3667 3258 3715; x_wconf 82' lang='lat' dir='ltr'>metu</span> <span class='ocrx_word' id='word_1_742' title='bbox 3286 3659 3541 3716; x_wconf 90' lang='lat' dir='ltr'>continuo</span> 
     </span>
    </p>
   </div>
   <div class='ocr_carea' id='block_1_107' title="bbox 1947 3744 3539 3819">
    <p class='ocr_par' dir='ltr' id='par_1_107' title="bbox 1947 3744 3539 3819">
     <span class='ocr_line' id='line_1_109' title="bbox 1947 3744 3539 3819; baseline 0 -19"><span class='ocrx_word' id='word_1_743' title='bbox 1947 3744 2126 3800; x_wconf 87' lang='lat' dir='ltr'>finalis</span> <span class='ocrx_word' id='word_1_744' title='bbox 2155 3746 2399 3802; x_wconf 90' lang='lat' dir='ltr'>interitus</span> <span class='ocrx_word' id='word_1_745' title='bbox 2428 3747 2638 3803; x_wconf 90' lang='lat' dir='ltr'>crebris</span> <span class='ocrx_word' id='word_1_746' title='bbox 2676 3747 2878 3818; x_wconf 86' lang='lat' dir='ltr'>jugiter</span> <span class='ocrx_word' id='word_1_747' title='bbox 2903 3746 3208 3802; x_wconf 81' lang='lat' dir='ltr'>infortuniis</span> <span class='ocrx_word' id='word_1_748' title='bbox 3252 3746 3539 3819; x_wconf 86' lang='lat' dir='ltr'>agebatur.</span> 
     </span>
    </p>
   </div>
   <div class='ocr_carea' id='block_1_108' title="bbox 1949 3833 3537 3906">
    <p class='ocr_par' dir='ltr' id='par_1_108' title="bbox 1949 3833 3537 3906">
     <span class='ocr_line' id='line_1_110' title="bbox 1949 3833 3537 3906; baseline 0 -18"><span class='ocrx_word' id='word_1_749' title='bbox 1949 3833 2239 3889; x_wconf 67' lang='lat' dir='ltr'>Sententiae</span> <span class='ocrx_word' id='word_1_750' title='bbox 2295 3849 2462 3890; x_wconf 87' lang='lat' dir='ltr'>causa</span> <span class='ocrx_word' id='word_1_751' title='bbox 2517 3835 2617 3889; x_wconf 90' lang='lat' dir='ltr'>ista</span> <span class='ocrx_word' id='word_1_752' title='bbox 2670 3835 3024 3891; x_wconf 81' lang='lat' dir='ltr'>fuitzFuerat</span> <span class='ocrx_word' id='word_1_753' title='bbox 3054 3842 3238 3890; x_wconf 91' lang='lat' dir='ltr'>custos</span> <span class='ocrx_word' id='word_1_754' title='bbox 3266 3834 3537 3906; x_wconf 89' lang='lat' dir='ltr'>quondam</span> 
     </span>
    </p>
   </div>
   <div class='ocr_carea' id='block_1_109' title="bbox 1945 3920 3536 3995">
    <p class='ocr_par' dir='ltr' id='par_1_109' title="bbox 1945 3920 3536 3995">
     <span class='ocr_line' id='line_1_111' title="bbox 1945 3920 3536 3995; baseline -0.001 -17"><span class='ocrx_word' id='word_1_755' title='bbox 1945 3920 2196 3978; x_wconf 89' lang='lat' dir='ltr'>villarum</span> <span class='ocrx_word' id='word_1_756' title='bbox 2247 3922 2459 3978; x_wconf 87' lang='lat' dir='ltr'>comitis</span> <span class='ocrx_word' id='word_1_757' title='bbox 2490 3923 2834 3994; x_wconf 68' lang='lat' dir='ltr'>Leycestriae,</span> <span class='ocrx_word' id='word_1_758' title='bbox 2888 3938 2996 3995; x_wconf 91' lang='lat' dir='ltr'>quo</span> <span class='ocrx_word' id='word_1_759' title='bbox 3026 3931 3270 3994; x_wconf 90' lang='lat' dir='ltr'>tempore</span> <span class='ocrx_word' id='word_1_760' title='bbox 3299 3921 3384 3979; x_wconf 89' lang='lat' dir='ltr'>fur</span> <span class='ocrx_word' id='word_1_761' title='bbox 3412 3921 3536 3994; x_wconf 88' lang='lat' dir='ltr'>qui-</span> 
     </span>
    </p>
   </div>
   <div class='ocr_carea' id='block_1_110' title="bbox 1946 4010 3536 4084">
    <p class='ocr_par' dir='ltr' id='par_1_110' title="bbox 1946 4010 3536 4084">
     <span class='ocr_line' id='line_1_112' title="bbox 1946 4010 3536 4084; baseline 0.001 -19"><span class='ocrx_word' id='word_1_762' title='bbox 1946 4010 2074 4065; x_wconf 88' lang='lat' dir='ltr'>dam</span> <span class='ocrx_word' id='word_1_763' title='bbox 2101 4010 2155 4065; x_wconf 90' lang='lat' dir='ltr'>in</span> <span class='ocrx_word' id='word_1_764' title='bbox 2183 4010 2472 4067; x_wconf 90' lang='lat' dir='ltr'>ecclesiam</span> <span class='ocrx_word' id='word_1_765' title='bbox 2502 4010 2746 4084; x_wconf 85' lang='lat' dir='ltr'>confugit</span> <span class='ocrx_word' id='word_1_766' title='bbox 2773 4012 2934 4077; x_wconf 69' lang='lat' dir='ltr'>villas,</span> <span class='ocrx_word' id='word_1_767' title='bbox 2966 4027 3088 4084; x_wconf 77' lang='lat' dir='ltr'>quae</span> <span class='ocrx_word' id='word_1_768' title='bbox 3116 4017 3339 4067; x_wconf 85' lang='lat' dir='ltr'>vocatur</span> <span class='ocrx_word' id='word_1_769' title='bbox 3366 4010 3536 4067; x_wconf 87' lang='lat' dir='ltr'>Brac-</span> 
     </span>
    </p>
   </div>
   <div class='ocr_carea' id='block_1_111' title="bbox 1946 4097 3539 4169">
    <p class='ocr_par' dir='ltr' id='par_1_111' title="bbox 1946 4097 3539 4169">
     <span class='ocr_line' id='line_1_113' title="bbox 1946 4097 3539 4169; baseline 0 -17"><span class='ocrx_word' id='word_1_770' title='bbox 1946 4098 2138 4165; x_wconf 84' lang='lat' dir='ltr'>keleia,</span> <span class='ocrx_word' id='word_1_771' title='bbox 2197 4100 2351 4168; x_wconf 87' lang='lat' dir='ltr'>cujus</span> <span class='ocrx_word' id='word_1_772' title='bbox 2410 4099 2528 4169; x_wconf 89' lang='lat' dir='ltr'>ipse</span> <span class='ocrx_word' id='word_1_773' title='bbox 2583 4100 2794 4155; x_wconf 90' lang='lat' dir='ltr'>villicus</span> <span class='ocrx_word' id='word_1_774' title='bbox 2840 4099 2962 4154; x_wconf 90' lang='lat' dir='ltr'>fuit.</span> <span class='ocrx_word' id='word_1_775' title='bbox 3004 4100 3104 4154; x_wconf 87' lang='lat' dir='ltr'>Est</span> <span class='ocrx_word' id='word_1_776' title='bbox 3132 4106 3315 4155; x_wconf 79' lang='lat' dir='ltr'>autem</span> <span class='ocrx_word' id='word_1_777' title='bbox 3342 4097 3539 4153; x_wconf 85' lang='lat' dir='ltr'>fundus</span> 
     </span>
    </p>
   </div>
   <div class='ocr_carea' id='block_1_112' title="bbox 1945 4184 3542 4257">
    <p class='ocr_par' dir='ltr' id='par_1_112' title="bbox 1945 4184 3542 4257">
     <span class='ocr_line' id='line_1_114' title="bbox 1945 4184 3542 4257; baseline 0.002 -17"><span class='ocrx_word' id='word_1_778' title='bbox 1945 4186 2063 4257; x_wconf 88' lang='lat' dir='ltr'>ipse</span> <span class='ocrx_word' id='word_1_779' title='bbox 2092 4186 2147 4239; x_wconf 91' lang='lat' dir='ltr'>in</span> <span class='ocrx_word' id='word_1_780' title='bbox 2177 4186 2493 4257; x_wconf 89' lang='lat' dir='ltr'>episcopatu</span> <span class='ocrx_word' id='word_1_781' title='bbox 2523 4186 2909 4242; x_wconf 88' lang='lat' dir='ltr'>Lincolniensi.</span> <span class='ocrx_word' id='word_1_782' title='bbox 2941 4187 3205 4243; x_wconf 87' lang='lat' dir='ltr'>Dominus</span> <span class='ocrx_word' id='word_1_783' title='bbox 3248 4184 3399 4240; x_wconf 87' lang='lat' dir='ltr'>fundi</span> <span class='ocrx_word' id='word_1_784' title='bbox 3450 4201 3483 4241; x_wconf 87' lang='lat' dir='ltr'>a</span> <span class='ocrx_word' id='word_1_785' title='bbox 3507 4203 3542 4243; x_wconf 86' lang='grc' dir='ltr'>ιι</span> 
     </span>
    </p>
   </div>
   <div class='ocr_carea' id='block_1_113' title="bbox 2018 4359 3544 4425">
    <p class='ocr_par' dir='ltr' id='par_1_113' title="bbox 2018 4359 3544 4425">
     <span class='ocr_line' id='line_1_115' title="bbox 2018 4359 3544 4425; baseline 0.001 -15"><span class='ocrx_word' id='word_1_786' title='bbox 2018 4359 2161 4425; x_wconf 86' lang='grc'>(289)</span> <span class='ocrx_word' id='word_1_787' title='bbox 2188 4363 2255 4412; x_wconf 87' lang='lat' dir='ltr'>De</span> <span class='ocrx_word' id='word_1_788' title='bbox 2279 4360 2597 4412; x_wconf 84' lang='lat' dir='ltr'>celeberrimo</span> <span class='ocrx_word' id='word_1_789' title='bbox 2618 4363 2710 4413; x_wconf 90' lang='lat' dir='ltr'>hoc</span> <span class='ocrx_word' id='word_1_790' title='bbox 2737 4362 3039 4413; x_wconf 87' lang='lat' dir='ltr'>monasterio</span> <span class='ocrx_word' id='word_1_791' title='bbox 3060 4363 3164 4415; x_wconf 90' lang='lat' dir='ltr'>ord.</span> <span class='ocrx_word' id='word_1_792' title='bbox 3193 4364 3248 4414; x_wconf 91' lang='lat' dir='ltr'>S.</span> <span class='ocrx_word' id='word_1_793' title='bbox 3292 4360 3544 4416; x_wconf 80' lang='lat' dir='ltr'>Benedicti</span> 
     </span>
    </p>
   </div>
   <div class='ocr_carea' id='block_1_114' title="bbox 1948 4427 3454 4494">
    <p class='ocr_par' dir='ltr' id='par_1_114' title="bbox 1948 4427 3454 4494">
     <span class='ocr_line' id='line_1_116' title="bbox 1948 4427 3454 4494; baseline 0.003 -16"><span class='ocrx_word' id='word_1_794' title='bbox 1948 4428 2226 4479; x_wconf 91' lang='lat' dir='ltr'>consulatur</span> <span class='ocrx_word' id='word_1_795' title='bbox 2247 4427 2569 4490; x_wconf 84' lang='lat' dir='ltr'>Mabillonius,</span> <span class='ocrx_word' id='word_1_796' title='bbox 2593 4431 2713 4478; x_wconf 90' lang='lat' dir='ltr'>tom.</span> <span class='ocrx_word' id='word_1_797' title='bbox 2736 4429 2751 4478; x_wconf 90' lang='lat' dir='ltr'>l</span> <span class='ocrx_word' id='word_1_798' title='bbox 2779 4429 2979 4491; x_wconf 86' lang='lat' dir='ltr'>Annal.,</span> <span class='ocrx_word' id='word_1_799' title='bbox 3007 4442 3120 4493; x_wconf 83' lang='lat' dir='ltr'>pag.</span> <span class='ocrx_word' id='word_1_800' title='bbox 3148 4432 3245 4481; x_wconf 71' lang='grc'>540</span> <span class='ocrx_word' id='word_1_801' title='bbox 3272 4435 3322 4482; x_wconf 89' lang='lat' dir='ltr'>et</span> <span class='ocrx_word' id='word_1_802' title='bbox 3344 4444 3454 4494; x_wconf 89' lang='lat' dir='ltr'>seq.</span> 
     </span>
    </p>
   </div>
   <div class='ocr_carea' id='block_1_115' title="bbox 2017 4529 3545 4595">
    <p class='ocr_par' dir='ltr' id='par_1_115' title="bbox 2017 4529 3545 4595">
     <span class='ocr_line' id='line_1_117' title="bbox 2017 4529 3545 4595; baseline 0.003 -16"><span class='ocrx_word' id='word_1_803' title='bbox 2017 4530 2154 4589; x_wconf 83' lang='grc'>(290)</span> <span class='ocrx_word' id='word_1_804' title='bbox 2191 4529 2309 4592; x_wconf 88' lang='lat' dir='ltr'>Cap.</span> <span class='ocrx_word' id='word_1_805' title='bbox 2338 4530 2403 4579; x_wconf 85' lang='grc'>28</span> <span class='ocrx_word' id='word_1_806' title='bbox 2428 4530 2617 4591; x_wconf 83' lang='lat' dir='ltr'>integer</span> <span class='ocrx_word' id='word_1_807' title='bbox 2658 4531 2794 4580; x_wconf 91' lang='lat' dir='ltr'>cerni</span> <span class='ocrx_word' id='word_1_808' title='bbox 2830 4531 3009 4593; x_wconf 86' lang='lat' dir='ltr'>poterit</span> <span class='ocrx_word' id='word_1_809' title='bbox 3051 4545 3239 4595; x_wconf 86' lang='lat' dir='ltr'>versus,</span> <span class='ocrx_word' id='word_1_810' title='bbox 3276 4532 3416 4594; x_wconf 89' lang='lat' dir='ltr'>cujus</span> <span class='ocrx_word' id='word_1_811' title='bbox 3466 4534 3545 4584; x_wconf 89' lang='lat' dir='ltr'>hic</span> 
     </span>
    </p>
   </div>
   <div class='ocr_carea' id='block_1_116' title="bbox 1947 4598 2423 4660">
    <p class='ocr_par' dir='ltr' id='par_1_116' title="bbox 1947 4598 2423 4660">
     <span class='ocr_line' id='line_1_118' title="bbox 1947 4598 2423 4660; baseline -0.002 -14"><span class='ocrx_word' id='word_1_812' title='bbox 1947 4608 2063 4658; x_wconf 89' lang='lat' dir='ltr'>pars</span> <span class='ocrx_word' id='word_1_813' title='bbox 2087 4609 2180 4646; x_wconf 90' lang='lat' dir='ltr'>una</span> <span class='ocrx_word' id='word_1_814' title='bbox 2207 4598 2423 4660; x_wconf 89' lang='lat' dir='ltr'>ponitur.</span> 
     </span>
    </p>
   </div>
   <div class='ocr_carea' id='block_1_117' title="bbox 2017 4696 3533 4763">
    <p class='ocr_par' dir='ltr' id='par_1_117' title="bbox 2017 4696 3533 4763">
     <span class='ocr_line' id='line_1_119' title="bbox 2017 4696 3533 4763; baseline 0.001 -15"><span class='ocrx_word' id='word_1_815' title='bbox 2017 4696 2154 4759; x_wconf 75' lang='grc'>(291)</span> <span class='ocrx_word' id='word_1_816' title='bbox 2186 4700 2421 4749; x_wconf 86' lang='lat' dir='ltr'>Postridie</span> <span class='ocrx_word' id='word_1_817' title='bbox 2445 4700 2550 4760; x_wconf 88' lang='lat' dir='ltr'>ejus</span> <span class='ocrx_word' id='word_1_818' title='bbox 2570 4699 2684 4761; x_wconf 89' lang='lat' dir='ltr'>diei,</span> <span class='ocrx_word' id='word_1_819' title='bbox 2711 4712 2802 4760; x_wconf 87' lang='lat' dir='ltr'>qua</span> <span class='ocrx_word' id='word_1_820' title='bbox 2837 4711 2931 4761; x_wconf 85' lang='lat' dir='ltr'>pax</span> <span class='ocrx_word' id='word_1_821' title='bbox 2961 4700 3087 4749; x_wconf 80' lang='lat' dir='ltr'>facta</span> <span class='ocrx_word' id='word_1_822' title='bbox 3112 4701 3238 4751; x_wconf 90' lang='lat' dir='ltr'>inter</span> <span class='ocrx_word' id='word_1_823' title='bbox 3281 4713 3438 4763; x_wconf 79' lang='lat' dir='ltr'>reges,</span> <span class='ocrx_word' id='word_1_824' title='bbox 3463 4701 3533 4750; x_wconf 89' lang='lat' dir='ltr'>uti</span> 
     </span>
    </p>
   </div>
   <div class='ocr_carea' id='block_1_118' title="bbox 1948 4763 2935 4830">
    <p class='ocr_par' dir='ltr' id='par_1_118' title="bbox 1948 4763 2935 4830">
     <span class='ocr_line' id='line_1_120' title="bbox 1948 4763 2935 4830; baseline 0.002 -19"><span class='ocrx_word' id='word_1_825' title='bbox 1948 4763 2097 4813; x_wconf 83' lang='lat' dir='ltr'>refert</span> <span class='ocrx_word' id='word_1_826' title='bbox 2120 4765 2396 4826; x_wconf 82' lang='lat' dir='ltr'>Reynaldus</span> <span class='ocrx_word' id='word_1_827' title='bbox 2422 4768 2539 4816; x_wconf 78' lang='lat' dir='ltr'>Nota</span> <span class='ocrx_word' id='word_1_828' title='bbox 2569 4765 2710 4830; x_wconf 77' lang='grc'>(286)</span> <span class='ocrx_word' id='word_1_829' title='bbox 2740 4767 2935 4816; x_wconf 88' lang='lat' dir='ltr'>citatus.</span> 
     </span>
    </p>
   </div>
   <div class='ocr_carea' id='block_1_119' title="bbox 2019 4862 3541 4927">
    <p class='ocr_par' dir='ltr' id='par_1_119' title="bbox 2019 4862 3541 4927">
     <span class='ocr_line' id='line_1_121' title="bbox 2019 4862 3541 4927; baseline 0.003 -13"><span class='ocrx_word' id='word_1_830' title='bbox 2019 4862 2158 4926; x_wconf 84' lang='grc'>(292)</span> <span class='ocrx_word' id='word_1_831' title='bbox 2181 4867 2314 4915; x_wconf 86' lang='lat' dir='ltr'>Hanc</span> <span class='ocrx_word' id='word_1_832' title='bbox 2338 4867 2418 4916; x_wconf 89' lang='lat' dir='ltr'>alii</span> <span class='ocrx_word' id='word_1_833' title='bbox 2456 4867 2701 4927; x_wconf 85' lang='lat' dir='ltr'>Btancam,</span> <span class='ocrx_word' id='word_1_834' title='bbox 2744 4867 3048 4927; x_wconf 83' lang='lat' dir='ltr'>Blanchiam,</span> <span class='ocrx_word' id='word_1_835' title='bbox 3087 4872 3135 4917; x_wconf 92' lang='lat' dir='ltr'>et</span> <span class='ocrx_word' id='word_1_836' title='bbox 3175 4867 3415 4918; x_wconf 73' lang='lat' dir='ltr'>Blandum</span> <span class='ocrx_word' id='word_1_837' title='bbox 3442 4881 3541 4918; x_wconf 80' lang='lat' dir='ltr'>vo-</span> 
     </span>
    </p>
   </div>
   <div class='ocr_carea' id='block_1_120' title="bbox 1947 4931 3544 4995">
    <p class='ocr_par' dir='ltr' id='par_1_120' title="bbox 1947 4931 3544 4995">
     <span class='ocr_line' id='line_1_122' title="bbox 1947 4931 3544 4995; baseline 0.004 -17"><span class='ocrx_word' id='word_1_838' title='bbox 1947 4934 2079 4979; x_wconf 88' lang='lat' dir='ltr'>cant.</span> <span class='ocrx_word' id='word_1_839' title='bbox 2106 4931 2225 4980; x_wconf 88' lang='lat' dir='ltr'>Filia</span> <span class='ocrx_word' id='word_1_840' title='bbox 2250 4933 2339 4981; x_wconf 84' lang='lat' dir='ltr'>fuit</span> <span class='ocrx_word' id='word_1_841' title='bbox 2364 4933 2597 4995; x_wconf 83' lang='lat' dir='ltr'>Alphonsi</span> <span class='ocrx_word' id='word_1_842' title='bbox 2636 4934 2741 4983; x_wconf 88' lang='lat' dir='ltr'>Vlll</span> <span class='ocrx_word' id='word_1_843' title='bbox 2784 4934 2912 4994; x_wconf 76' lang='lat' dir='ltr'>regis</span> <span class='ocrx_word' id='word_1_844' title='bbox 2936 4933 3159 4983; x_wconf 62' lang='lat' dir='ltr'>Castellae</span> <span class='ocrx_word' id='word_1_845' title='bbox 3197 4946 3255 4983; x_wconf 86' lang='lat' dir='ltr'>ex</span> <span class='ocrx_word' id='word_1_846' title='bbox 3282 4935 3544 4991; x_wconf 86' lang='lat' dir='ltr'>Eleonora.</span> 
     </span>
    </p>
   </div>
   <div class='ocr_carea' id='block_1_121' title="bbox 1948 4996 3550 5112">
    <p class='ocr_par' dir='ltr' id='par_1_121' title="bbox 1948 4996 3550 5112">
     <span class='ocr_line' id='line_1_123' title="bbox 1948 4996 3550 5111; baseline 0.004 -67"><span class='ocrx_word' id='word_1_847' title='bbox 1948 4996 2141 5111; x_wconf 53' lang='lat' dir='ltr'>gentici</span> <span class='ocrx_word' id='word_1_848' title='bbox 2168 4998 2205 5046; x_wconf 92' lang='lat' dir='ltr'>ll</span> <span class='ocrx_word' id='word_1_849' title='bbox 2234 5000 2365 5061; x_wconf 79' lang='lat' dir='ltr'>regis</span> <span class='ocrx_word' id='word_1_850' title='bbox 2392 5000 2575 5060; x_wconf 69' lang='lat' dir='ltr'>Anglia:</span> <span class='ocrx_word' id='word_1_851' title='bbox 2622 4999 2717 5049; x_wconf 84' lang='lat' dir='ltr'>tilia</span> <span class='ocrx_word' id='word_1_852' title='bbox 2752 5003 2802 5049; x_wconf 87' lang='lat' dir='ltr'>et</span> <span class='ocrx_word' id='word_1_853' title='bbox 2846 5004 2999 5048; x_wconf 88' lang='lat' dir='ltr'>mater</span> <span class='ocrx_word' id='word_1_854' title='bbox 3037 5000 3092 5049; x_wconf 91' lang='lat' dir='ltr'>S.</span> <span class='ocrx_word' id='word_1_855' title='bbox 3132 4999 3365 5051; x_wconf 87' lang='lat' dir='ltr'>Ludovici</span> <span class='ocrx_word' id='word_1_856' title='bbox 3414 5002 3550 5064; x_wconf 72' lang='lat' dir='ltr'>regis</span> 
     </span>
     <span class='ocr_line' id='line_1_124' title="bbox 1988 5076 2182 5112; baseline 0.005 -1"><span class='ocrx_word' id='word_1_857' title='bbox 1988 5076 2182 5112; x_wconf 67' lang='lat' dir='ltr'>rant-ue.</span> 
     </span>
    </p>
   </div>
   <div class='ocr_carea' id='block_1_122' title="bbox 1949 5164 3553 5280">
    <p class='ocr_par' dir='ltr' id='par_1_122' title="bbox 1949 5164 3553 5280">
     <span class='ocr_line' id='line_1_125' title="bbox 1949 5164 3553 5280; baseline 0.004 -67"><span class='ocrx_word' id='word_1_858' title='bbox 1949 5164 2152 5280; x_wconf 53' lang='lat' dir='ltr'>deﬁt?)</span> <span class='ocrx_word' id='word_1_859' title='bbox 2176 5166 2290 5216; x_wconf 76' lang='lat' dir='ltr'>lure</span> <span class='ocrx_word' id='word_1_860' title='bbox 2315 5167 2446 5217; x_wconf 89' lang='lat' dir='ltr'>enim</span> <span class='ocrx_word' id='word_1_861' title='bbox 2470 5170 2675 5231; x_wconf 88' lang='lat' dir='ltr'>paterno</span> <span class='ocrx_word' id='word_1_862' title='bbox 2694 5167 2775 5229; x_wconf 84' lang='lat' dir='ltr'>jus</span> <span class='ocrx_word' id='word_1_863' title='bbox 2811 5167 2859 5216; x_wconf 93' lang='lat' dir='ltr'>in</span> <span class='ocrx_word' id='word_1_864' title='bbox 2883 5168 3069 5230; x_wconf 67' lang='lat' dir='ltr'>Angliaa</span> <span class='ocrx_word' id='word_1_865' title='bbox 3095 5181 3294 5231; x_wconf 78' lang='lat' dir='ltr'>regnum</span> <span class='ocrx_word' id='word_1_866' title='bbox 3330 5172 3553 5232; x_wconf 65' lang='lat' dir='ltr'>praeten-</span> 
     </span>
    </p>
   </div>
   <div class='ocr_carea' id='block_1_123' title="bbox 2016 5332 3552 5398">
    <p class='ocr_par' dir='ltr' id='par_1_123' title="bbox 2016 5332 3552 5398">
     <span class='ocr_line' id='line_1_126' title="bbox 2016 5332 3552 5398; baseline 0.004 -16"><span class='ocrx_word' id='word_1_867' title='bbox 2016 5332 2157 5395; x_wconf 75' lang='grc'>(294)</span> <span class='ocrx_word' id='word_1_868' title='bbox 2186 5334 2385 5383; x_wconf 84' lang='lat' dir='ltr'>Roberti</span> <span class='ocrx_word' id='word_1_869' title='bbox 2435 5334 2627 5383; x_wconf 87' lang='lat' dir='ltr'>comitis</span> <span class='ocrx_word' id='word_1_870' title='bbox 2670 5335 2963 5396; x_wconf 67' lang='lat' dir='ltr'>Leycestrite</span> <span class='ocrx_word' id='word_1_871' title='bbox 3009 5336 3251 5396; x_wconf 89' lang='lat' dir='ltr'>subditus,</span> <span class='ocrx_word' id='word_1_872' title='bbox 3304 5337 3385 5398; x_wconf 86' lang='lat' dir='ltr'>qui</span> <span class='ocrx_word' id='word_1_873' title='bbox 3436 5337 3552 5388; x_wconf 91' lang='lat' dir='ltr'>olim</span> 
     </span>
    </p>
   </div>
   <div class='ocr_carea' id='block_1_124' title="bbox 1949 5398 3547 5467">
    <p class='ocr_par' dir='ltr' id='par_1_124' title="bbox 1949 5398 3547 5467">
     <span class='ocr_line' id='line_1_127' title="bbox 1949 5398 3547 5467; baseline 0.003 -20"><span class='ocrx_word' id='word_1_874' title='bbox 1949 5398 2233 5461; x_wconf 84' lang='lat' dir='ltr'>deliquerat,</span> <span class='ocrx_word' id='word_1_875' title='bbox 2259 5412 2384 5450; x_wconf 91' lang='lat' dir='ltr'>nunc</span> <span class='ocrx_word' id='word_1_876' title='bbox 2410 5400 2767 5463; x_wconf 76' lang='lat' dir='ltr'>pmnitentiam,</span> <span class='ocrx_word' id='word_1_877' title='bbox 2793 5402 2908 5452; x_wconf 92' lang='lat' dir='ltr'>olim</span> <span class='ocrx_word' id='word_1_878' title='bbox 2934 5406 3172 5465; x_wconf 84' lang='lat' dir='ltr'>spretam,</span> <span class='ocrx_word' id='word_1_879' title='bbox 3200 5403 3301 5452; x_wconf 90' lang='lat' dir='ltr'>ulto</span> <span class='ocrx_word' id='word_1_880' title='bbox 3323 5402 3547 5467; x_wconf 86' lang='lat' dir='ltr'>suscipit.</span> 
     </span>
    </p>
   </div>
  </div>
