3960 6062
425 81 561 135 10⁵79

1293 81 1354 135 S.
1403 77 1717 136 HUGONIS
1754 77 1969 134 EPISC.
2010 75 2332 133 LINCOLN.
2374 75 2537 133 0RD.
2581 74 2829 131 CARTH.

3578 76 3727 128 1080

423 210 531 259 tem
562 203 868 276 praecipuus
900 202 1115 258 habitus
1143 202 1239 258 fuit
1283 203 1339 258 in
1367 202 1577 259 bellicis
1622 202 1818 269 rebus;
1876 202 2089 263 lineaA
2119 201 2474 274 fugiendum,
2529 202 2639 270 jam
2686 199 2957 254 medicum
3015 198 3242 254 credidit
3313 198 3714 269 eXpetendum.

422 308 555 347 vero
585 292 868 364 sanguinis
896 291 1147 364 generosi
1177 291 1479 363 potioribus
1511 291 1669 364 regni
1697 291 2017 362 proceribus

417 380 768 451 jungebatur.
804 380 940 435 Hinc
969 380 1117 452 regis
1146 379 1333 434 favore
1365 379 1667 445 comitatus,
1698 394 1809 433 non
1838 379 2017 433 minus

424 468 538 522 suis
569 483 726 539 quam
776 467 879 521 sibi
922 468 1178 522 nonnulla
1207 474 1404 537 praeter
1425 467 1515 535 jus
1544 467 1843 538 usurpandi
1873 465 2014 520 fidu-

425 555 567 610 ciam
588 555 909 610 vindicabat.
936 554 1208 611 Officiales
1228 556 1408 626 itaque
1428 556 1573 609 illius
1605 564 1795 611 contra
1817 555 2017 609 monita

426 643 722 714 Scripturaa
776 643 1005 699 dicentis
1065 662 1078 697 :
1141 666 1161 693 α
1225 644 1347 697 Noli
1403 660 1524 697 esse
1582 644 1806 697 nimium
1840 644 2015 712 justus

424 733 628 802 (Eccle.
664 746 774 799 vn,
810 732 918 802 17),
948 753 969 781 ι
994 732 1050 785 in
1077 732 1370 797 hominem,
1402 739 1735 802 quaerentem
1754 731 2017 786 Ecclesiae

423 819 855 875 misericordiam
881 862 894 885 ,
948 836 1143 874 saevam
1176 828 1492 874 exercentes
1516 819 1809 888 justitiam,
1841 819 2017 890 ipsum

424 908 495 963 de
543 907 740 962 Christi
770 908 923 978 asylo
951 908 1270 978 productum
1301 907 1458 973 dolo,
1512 915 1859 978 peremerunt
1889 925 2015 961 sus-

422 995 644 1065 pendio.
704 996 852 1051 Tunc
907 1011 1038 1051 vero
1069 995 1357 1067 episcopus
1387 995 1441 1049 in
1471 995 1848 1049 transmarinis
1880 1012 2015 1067 age-

423 1083 534 1137 bat.
559 1082 713 1139 Unde
745 1099 1011 1151 reversus,
1036 1090 1107 1149 et,
1134 1083 1279 1155 quod
1302 1082 1498 1139 factum
1530 1091 1665 1149 erat,
1689 1098 2013 1156 agnoscens,

422 1171 743 1227 sententiam
765 1171 1072 1242 generalem
1102 1171 1156 1224 in
1187 1179 1437 1226 auctores
1468 1179 1519 1225 et
1537 1171 1831 1241 complices
1859 1172 2017 1240 hujus

422 1258 692 1315 malefacti
747 1258 1129 1331 promulgavit.
1188 1259 1431 1330 Reliquis
1489 1274 1657 1325 vero,
1717 1259 1807 1330 qui
1855 1275 2019 1329 super

422 1346 730 1415 hujusmodi
762 1346 1053 1419 sacrilegio
1081 1346 1427 1401 cauteriatam
1451 1346 1716 1416 gerebant
1737 1346 2019 1401 conscien-

422 1435 548 1489 tiam
576 1433 958 1490 ecclesiasticze
986 1434 1263 1488 humiliter
1307 1449 1365 1489 se
1413 1434 1821 1503 subjicientibus
1850 1433 2017 1489 disci-

422 1522 585 1593 plina
611 1565 623 1587 ,
684 1521 773 1576 hic
831 1521 1216 1576 satisfactionis
1273 1521 1575 1577 abhorrens
1606 1522 2015 1589 districtionem,
2047 1557 2099 1617 B

422 1610 739 1681 relinquens
766 1609 1036 1680 Angliam,
1069 1610 1135 1664 ad
1169 1609 1448 1664 dominum
1497 1626 1655 1665 suum
1703 1610 2021 1683 confugerat

421 1697 475 1753 in
538 1697 863 1753 Neustriam.
935 1697 1215 1768 Siquidem
1271 1698 1535 1769 compulsi
1588 1706 1740 1753 erant
1797 1698 1871 1751 illi
1930 1698 2021 1769 qui

420 1801 614 1841 necem
668 1785 958 1841 intulerant
1016 1785 1280 1856 fugitivo,
1341 1801 1443 1842 nec
1517 1802 1626 1841 non
1684 1795 1737 1841 et
1789 1786 1867 1841 illi
1929 1787 2019 1858 qui

422 1869 729 1941 proditione
775 1868 925 1925 illum
983 1870 1049 1925 de
1108 1870 1275 1941 septis
1307 1870 1554 1926 ecclesiae
1609 1878 2011 1941 protraxerant,

420 1958 693 2025 omnibus,
726 1958 965 2029 exceptis
998 1958 1369 2026 femoralibus,
1401 1958 1643 2013 vestibus
1688 1958 1852 2027 nudi,
1905 1959 2019 2028 jam

419 2045 783 2117 putrefactum
831 2046 1064 2102 cadaver
1118 2046 1353 2101 hominis
1413 2045 1672 2113 effodere,
1709 2046 2020 2118 feretroque

420 2133 730 2204 impositum
764 2149 797 2188 a
825 2133 1103 2204 suspendii
1131 2133 1285 2201 loco,
1338 2134 1579 2190 humeris
1637 2134 1707 2189 ita
1737 2134 1897 2188 nudis
1917 2175 1931 2203 ,
1965 2134 2020 2188 in

422 2221 610 2277 villam
639 2237 740 2292 per
766 2221 925 2276 unius
975 2221 1091 2277 fere
1140 2222 1375 2276 milliarii
1430 2223 1665 2294 spatium
1712 2229 2014 2293 reportare.

422 2309 507 2366 Ad
535 2309 776 2364 omnium
810 2324 1026 2381 quoque
1054 2309 1238 2365 limina
1268 2311 1623 2367 ecclesiarum
1652 2310 1825 2381 ipsius
1854 2311 1958 2367 vici
1988 2325 2020 2364 a

422 2399 631 2455 cunctis
661 2398 806 2453 illius
836 2397 1058 2470 capituli
1086 2399 1419 2471 presbyteris
1450 2399 1756 2465 verberati,
1788 2399 2019 2455 circum-

422 2487 617 2559 portati
666 2488 914 2559 corporis
943 2488 1188 2543 membra
1213 2530 1225 2554 ,
1270 2488 1383 2556 jam
1411 2487 1697 2558 putredine
1727 2486 2015 2557 tabefacta,

421 2576 660 2648 propriis
688 2576 966 2643 manibus,
998 2584 1085 2646 et,
1133 2583 1191 2631 ut
1219 2576 1420 2632 dictum
1449 2584 1551 2645 est,
1585 2576 1744 2631 nudis
1800 2592 2019 2646 semper

424 2664 750 2736 corporibus
798 2664 855 2718 in
900 2664 1268 2719 coemeterium
1314 2664 1591 2731 basilicae,
1638 2665 1781 2718 unde
1839 2664 2017 2720 vivum

425 2752 761 2818 eduxeram.
822 2752 1055 2823 sepelire
1109 2759 1232 2807 sunt
1290 2752 1483 2808 coacti.
1546 2754 1673 2807 Post
1716 2754 1832 2808 haec
1862 2753 2021 2807 nudis

424 2840 651 2912 pedibus
672 2840 1002 2896 Lincolniam
1032 2840 1206 2906 adire,
1230 2855 1294 2895 ac
1315 2857 1426 2910 pra:
1455 2839 1659 2895 foribus
1680 2840 2018 2913 singularum

2120 288 2293 358 Quem
2325 289 2486 343 etiam
2531 285 2758 343 anhelus
2807 294 2858 341 et
2911 286 3097 341 anxius
3146 287 3361 341 demum
3417 286 3649 351 invenit,
3692 300 3723 338 a

2120 393 2227 449 quo
2260 386 2313 431 et
2368 376 2637 432 medelam
2692 376 2747 429 in
2794 375 3018 430 remotis
3062 374 3240 445 posito
3297 375 3383 429 vix
3444 374 3718 444 percepit.

2118 482 2278 536 quam
2312 466 2366 519 in
2403 465 2572 520 vicino
2602 471 2792 535 sponte
2822 464 3059 517 oblatam
3089 463 3327 532 recipere
3359 462 3717 531 contempsit.

2120 553 2399 624 Subiitque
2423 553 2532 621 jam
2564 553 2718 607 laetus
2762 551 3041 622 septennis
3081 550 3350 607 sarcinam
3382 550 3723 621 pmnitcntiae

2119 642 2211 711 qui
2241 642 2542 695 breviorem
2581 640 2876 709 adimplere
2933 647 3350 709 contempserat.

2189 728 2337 800 (295)
2353 730 2452 784 Hic
2482 733 2671 783 autem
2696 730 2756 783 in
2778 729 2976 798 Magna
3013 729 3130 782 Vita
3162 729 3437 783 inseritur
3461 728 3721 799 peregri-

2117 818 2275 873 natio
2296 834 2463 888 quam
2479 819 2618 887 fecit
2637 819 2788 886 Ilugo
2809 819 3000 872 noster
3027 816 3099 871 ad
3130 817 3188 870 Β.
3223 817 3551 877 Antonium,
3579 832 3719 869 cum

2118 906 2527 961 miraculorum
2550 905 2808 976 plurium
2833 904 3080 975 ejusdem
3101 905 3158 957 Β.
3184 905 3414 959 Antonii
3437 908 3592 958 recla
3626 920 3717 957 re-

2118 994 2411 1049 citatione.
2439 993 2588 1060 Quod
2611 995 2795 1048 totum
2811 1007 2912 1064 pro
2935 992 3172 1046 vitanda
3192 992 3549 1061 digressionis
3570 1007 3713 1062 pro-

2124 1080 2293 1135 lixita
2303 1084 2353 1136 te
2381 1081 2943 1151 praetermittendum
2963 1083 3225 1135 censetur
3246 1079 3315 1134 ad
3328 1095 3597 1150 prwsens.

2717 1221 2941 1276 CAPUT
2970 1221 3095 1275 XX.

2119 1328 2191 1381 De
2226 1326 2475 1381 adventu
2501 1327 2661 1381 illius
2689 1331 2744 1381 et
2777 1330 3005 1398 receptu
3035 1327 3185 1398 apud
3237 1328 3707 1397 Gratiarwpolim,

2191 1400 2245 1451 et
2282 1398 2658 1461 Carthusiam,
2680 1401 2735 1452 et
2757 1398 3005 1468 qualiter
3023 1399 3159 1451 sein
3180 1398 3313 1452 locis
3327 1398 3444 1451 illis
3460 1398 3705 1466 gerebat.

2192 1469 2267 1522 De
2283 1469 2444 1538 pacis
2502 1469 2603 1522 eri
2644 1484 2771 1522 sum
2791 1468 3194 1537 reformatione
3215 1469 3371 1522 inter
3390 1483 3418 1521 e
3459 1468 3709 1537 iscopum

2194 1542 2250 1592 et
2270 1484 2558 1592 consulgm
2588 1485 2948 1592 generenam.
2982 1541 3036 1592 et
3067 1538 3312 1592 qualiter
3338 1554 3373 1591 α
3406 1485 3707 1591 ἕανιὴυςὶα

2194 1542 2250 1592 et
2270 1536 2558 1592 consulem
2588 1536 2948 1608 GenerenSes.
2982 1541 3036 1592 et
3067 1538 3312 1608 qualiter
3338 1554 3373 1591 α
3406 1536 3707 1591 ϐανιῆυςὶα

2188 1624 2512 1679 recessurus
2570 1607 2635 1662 de
2664 1609 2946 1679 reliquiis
2978 1607 3328 1664 ordinauerit
3365 1624 3399 1661 a
3429 1623 3486 1662 se
3516 1612 3575 1661 ct
3604 1624 3700 1661 suo

2191 1678 2464 1733 monacho
2503 1678 2828 1749 exquisitis.

2193 1783 2403 1839 Debitis
2433 1799 2568 1856 ergo
2595 1784 2735 1839 votis
2765 1791 2994 1854 patrono
3037 1790 3187 1838 tanto
3218 1784 3298 1852 (S.
3325 1784 3580 1867 Antonio)
3614 1799 3707 1838 so-

2120 1870 2265 1937 lutis,
2291 1887 2415 1927 cum
2446 1879 2499 1925 et
2529 1872 2920 1927 xenodochium
2959 1871 3128 1941 ipsius
3175 1871 3278 1926 loci
3309 1871 3457 1941 (296)
3487 1872 3707 1925 visitas-

2122 1967 2222 2028 set,
2259 1967 2310 2014 et
2339 1960 2395 2013 in
2444 1959 2635 2014 solatia
2692 1960 3000 2015 victualium
3055 1960 3345 2029 pecuniam
3390 1960 3709 2014 custodibus

2120 2047 2309 2121 largiri
2337 2047 2689 2120 praecepisset
2718 2048 2963 2120 (grandis
2990 2048 3189 2119 quippe
3219 2048 3471 2103 debilium
3517 2048 3709 2101 multi—

2120 2136 2269 2202 tudo,
2303 2152 2438 2208 quos
2467 2144 2591 2191 ante
2623 2136 2958 2192 curationem
2980 2136 3200 2191 morbus
3252 2136 3415 2191 variis
3446 2137 3709 2191 membris

2119 2224 2367 2295 privavit,
2400 2224 2601 2279 ibidem
2652 2224 2920 2295 consistit)
2953 2224 3384 2294 Gratianopolim
3406 2226 3553 2293 (297)
3586 2241 3709 2295 pro-

2120 2311 2290 2367 ficisci
2348 2311 2593 2366 instituit.
2634 2312 2773 2368 Inde.
2820 2328 3056 2384 namque
3102 2312 3173 2367 ad
3212 2313 3551 2367 Carthusiam
3608 2329 3707 2383 per

2122 2400 2287 2455 ardua
2317 2401 2580 2456 montium
2612 2408 2663 2455 et
2692 2416 2883 2471 aspera
2912 2401 3120 2471 rupium
3162 2400 3265 2455 iter
3320 2400 3623 2471 expeditius
3654 2410 3705 2455 et

2121 2489 2363 2544 locorum
2397 2496 2586 2543 natura
2616 2497 2667 2543 ct
2715 2489 3131 2544 commeantium
3192 2488 3493 2559 frequentia
3546 2497 3708 2559 pate-

2121 2577 2263 2633 fecit.
2291 2578 2454 2646 Cujus
2479 2578 2587 2646 jam
2606 2577 2892 2645 adventus,
2926 2592 3050 2631 mox
3081 2584 3138 2630 ut
3188 2576 3707 2647 Gratianopolitanis

2121 2665 2368 2730 innotuit,
2400 2665 2640 2719 universi
2656 2665 2859 2735 pariter
2879 2665 3091 2720 obviam
3126 2673 3285 2719 ruunt
3330 2664 3444 2720 viro
3485 2666 3555 2719 ad
3585 2682 3707 2719 mo-

2119 2753 2249 2807 dum
2269 2752 2568 2808 venerabili
2592 2762 2750 2807 extra
2772 2754 2923 2807 urbis
2945 2754 3165 2816 mcenia,
3194 2769 3259 2808 ac
3279 2763 3589 2823 susceptum
3610 2770 3710 2823 per

2122 2841 2313 2895 urbem
2346 2840 2580 2895 mediam
2613 2842 2835 2896 floribus
2864 2848 2914 2896 et
2942 2841 3123 2911 palliis
3155 2841 3498 2910 holosericis,
3525 2842 3710 2896 vario-

424 2910 587 2983 tantae
618 2928 848 2984 civitatis
881 2927 1230 2983 ecclesiarum
1261 2928 1434 2983 latera
1463 2929 1694 3000 ﬂagellis
1725 2910 2018 2999 exponere,
2044 2910 2090 2971 Ο
2122 2945 2226 3001 que
2260 2929 2462 2985 decore
2493 2929 2561 2983 ob
2584 2929 2701 2998 ejus
2729 2930 3093 2984 reverentiam
3127 2930 3440 3000 specialiter
3455 2939 3506 2984 et
3524 2930 3709 3000 splen-

427 3024 481 3071 et
509 3016 594 3071 bis
624 3016 838 3083 similia,
870 3016 1091 3072 hiemali
1119 3017 1422 3088 praesertim
1471 3025 1731 3087 tempore,
1779 3017 1850 3072 ad
1879 3017 2017 3072 tole-

427 3105 656 3160 randum
687 3106 819 3160 satis
852 3121 1051 3177 aspera
1076 3106 1210 3174 jussi
1238 3114 1362 3161 sunt
1398 3106 1661 3176 perferre.

500 3195 627 3249 Haec
656 3193 777 3260 iste,
808 3194 876 3249 de
925 3210 1032 3265 quo
1056 3195 1251 3265 agitur,
1284 3210 1406 3250 cum
1440 3211 1578 3250 unus
1608 3202 1753 3249 esset
1784 3209 1848 3249 ex
1892 3194 2015 3260 illis,

425 3282 572 3338 ferre
618 3297 726 3337 non
781 3282 1086 3350 sustinens,
1147 3283 1399 3355 Angliam
1454 3282 1639 3337 maluit
1668 3283 1816 3337 exire
1856 3297 2019 3354 quam

427 3369 620 3443 Anglis
677 3386 742 3425 ex
800 3370 1074 3441 condigna
1103 3370 1419 3441 pmnitentia
1447 3371 1707 3443 gaudium
1738 3370 2016 3426 exhibere.

428 3459 696 3515 Ceterum
724 3458 908 3529 (sicut)
932 3460 1081 3528 juxta
1113 3458 1433 3515 sententiam
1481 3458 1624 3513 beati
1670 3460 1772 3514 Job
1808 3474 1819 3513 :
1856 3481 1877 3506 ιι
1916 3458 2019 3527 Qui

425 3546 579 3603 timet
605 3547 877 3619 pruinam,
910 3547 1077 3602 irruet
1107 3562 1275 3618 super
1304 3563 1425 3601 eum
1459 3547 1551 3600 nix
1581 3547 1713 3615 (Job.
1740 3562 1816 3613 vr,
1853 3550 1961 3616 16),
1993 3567 2014 3595 ι

425 3643 479 3691 et
506 3651 652 3707 saepe
681 3635 1014 3706 periclitatur
1038 3636 1229 3691 morbo
1257 3678 1268 3701 ,
1322 3636 1412 3707 qui
1460 3650 1570 3689 non
1600 3634 1798 3705 patitur
1824 3650 2018 3705 aspere

424 3724 644 3779 tractari
674 3739 707 3779 a
735 3723 948 3780 medico
968 3766 982 3789 ,
1013 3723 1136 3780 huic
1156 3740 1267 3779 non
1287 3723 1622 3779 dissimiliter
1643 3738 1707 3777 ex
1729 3738 1826 3777 suo
1856 3722 2021 3778 cessit

425 3812 670 3868 consilio.
724 3812 829 3880 Qui
875 3812 1019 3867 enim
1050 3820 1232 3867 reatus
1288 3812 1373 3867 sui
1428 3812 1597 3867 noluit
1626 3810 2019 3867 correctionem

425 3900 712 3965 sustinere,
747 3901 875 3954 dum
905 3900 1082 3955 adhuc
1108 3907 1274 3955 status
1323 3900 1407 3954 sui
1452 3899 1813 3970 integritatem
1850 3899 2019 3968 potuit

424 3986 680 4052 retinere,
706 3986 1086 4058 ingruentibus
1106 3987 1233 4042 hinc
1264 3987 1388 4041 inde
1420 4003 1585 4058 super
1613 4002 1738 4041 eum
1769 3986 2019 4041 adversi-

423 4081 591 4130 tatum
611 4074 886 4145 procellis,
911 4091 977 4131 eo
1001 4091 1171 4147 usque
1193 4074 1407 4130 damnis
1428 4074 1650 4131 aﬂ'ectus
1679 4082 1763 4129 est
1782 4081 1835 4129 et
1855 4073 2018 4128 variis

420 4162 814 4231 incommodis,
852 4171 908 4218 ut
930 4207 955 4229 ,,
991 4163 1130 4219 sicut
1157 4163 1453 4228 asserebat,
1486 4164 1710 4218 taederet
1741 4179 1863 4218 eum
1896 4162 2018 4217 vita:

2118 3017 2298 3072 didius
2326 3025 2591 3083 ornatam,
2624 3033 2797 3089 usque
2854 3017 2922 3072 ad
2973 3018 3028 3073 S.
3073 3019 3295 3073 Joannis
3333 3019 3581 3088 Baptista:
3610 3035 3707 3074 ec-

2120 3107 2341 3161 clesiam
2374 3106 2744 3161 cathedralem
2768 3122 2893 3161 cum
2922 3105 3147 3161 canticis
3175 3105 3370 3161 laetitiae
3399 3115 3449 3160 et
3481 3107 3709 3161 solemni

2119 3194 2393 3250 deducunt
2448 3194 2819 3265 processione.
2867 3194 2995 3249 Erat
3038 3202 3217 3249 autem
3268 3194 3536 3248 natalitius
3591 3196 3710 3249 dies

2119 3284 2362 3352 ejusdem
2394 3282 2563 3353 (298),
2614 3290 2739 3352 post
2796 3283 3013 3338 unicam
3062 3283 3250 3337 mundi
3287 3282 3561 3337 dominam
3613 3284 3707 3337 Dei

2120 3371 2472 3437 Genitricem,
2506 3378 2617 3424 tam
2650 3370 2856 3425 ordinis
2901 3370 3299 3437 Carthusiensis
3331 3386 3489 3442 quam
3517 3381 3570 3425 et
3587 3374 3705 3441 epi-

2119 3459 2270 3529 scopi
2291 3458 2481 3528 nostri,
2516 3459 2766 3529 specialis
2797 3459 3065 3523 advocati,
3086 3460 3443 3529 praecursoris
3468 3460 3704 3513 Domini.

2120 3546 2225 3601 Ubi
2252 3546 2471 3600 missam
2500 3547 2771 3614 majorem
2801 3546 3033 3600 maxima
3064 3561 3186 3601 cum
3232 3547 3517 3602 devotione
3549 3548 3709 3619 liugo

2119 3633 2430 3699 celebravit,
2474 3642 2523 3689 et
2561 3642 2686 3705 post
2739 3634 3099 3705 Evangelium
3144 3650 3449 3689 sermonem
3482 3634 3607 3689 fecit
3635 3636 3707 3689 ad

2118 3722 2378 3792 pOpulum
2407 3722 2556 3776 mirae
2595 3722 2873 3777 suavitatis
2914 3731 3131 3778 nectare
3171 3723 3465 3777 conditum.
3510 3723 3709 3792 Sicque

2119 3810 2448 3881 geminatam
2479 3810 2741 3873 laetitiam,
2772 3818 2824 3865 et
2867 3826 3062 3866 annua:
3105 3810 3484 3875 solemnitatis,
3518 3820 3571 3864 et
3592 3812 3709 3880 pri—

2118 3914 2225 3954 mae
2249 3906 2371 3968 post
2391 3898 2753 3969 episcopatum
2784 3898 3105 3953 visitationis
3132 3914 3263 3962 sum,
3298 3898 3507 3953 civibus
3529 3914 3707 3968 quon-

2120 3987 2242 4040 dam
2273 3993 2324 4040 et
2345 3986 2601 4040 fratribus
2631 3986 2743 4040 suis
2774 3986 3011 4040 salubris
3041 3985 3263 4057 alloquii
3310 3987 3483 4058 gratia
3514 4002 3705 4040 cumu-

2118 4073 2264 4138 lavit,
2299 4082 2354 4127 ut
2382 4089 2523 4143 pane
2557 4073 2919 4144 lacrymarum
2950 4074 3157 4128 cibaret
3187 4090 3301 4138 eos,
3338 4074 3476 4128 dans
3506 4074 3584 4128 eis
3605 4090 3708 4143 po-

2120 4169 2231 4215 tum
2261 4161 2316 4215 in
2345 4162 2626 4232 lacrymis,
2676 4162 2772 4216 sed
2799 4163 2853 4215 in
2900 4177 3158 4216 mensura
3191 4163 3368 4231 (Psal.
3404 4177 3595 4219 Lxxix.
3629 4163 3702 4217 6).

421 4268 554 4306 sum.
586 4251 802 4306 Domini
832 4267 1047 4323 quoque
1079 4252 1181 4320 sui,
1208 4252 1293 4308 cui
1321 4260 1580 4322 praestare
1602 4252 1923 4322 obsequium
1953 4266 2011 4304 se
2034 4274 2085 4331 D
2118 4250 2287 4304 Tanta
2319 4250 2552 4320 denique
2583 4266 2705 4305 cum
2752 4249 3067 4311 humilitate,
3088 4250 3287 4319 talique
3327 4267 3390 4303 ex
3420 4250 3707 4304 devotione

421 4339 715 4393 arbitratus
745 4346 859 4404 est,
908 4340 1034 4393 dum
1084 4348 1266 4395 contra
1325 4339 1640 4410 episcopum
1673 4339 2010 4394 recalcitrare

420 4426 571 4480 nisus
603 4435 715 4494 est,
767 4427 903 4481 adeo
950 4428 1180 4498 gratiam
1226 4428 1329 4482 sibi
1374 4436 1618 4483 senserat
1661 4444 1726 4481 ex
1762 4428 1866 4480 hoc
1892 4425 2010 4496 ipso

420 4515 682 4569 sublatam
703 4556 715 4578 ,
749 4522 806 4569 ut
835 4531 955 4569 eum
987 4515 1038 4568 in
1071 4532 1170 4569 suo
1220 4531 1321 4571 nec
1350 4516 1615 4585 obsequio
1647 4515 1849 4568 sineret
1879 4529 2009 4583 per-

416 4618 670 4665 manere,
722 4618 823 4657 nec
878 4603 932 4656 in
980 4619 1080 4657 suo
1134 4611 1357 4675 aspectu
1420 4604 1650 4656 libenter
1697 4617 1818 4655 eum
1850 4601 2009 4655 vellet

415 4705 698 4762 apparere.
731 4690 834 4758 Qui
866 4706 1120 4746 reversus
1150 4692 1369 4747 tandem
1402 4691 1456 4744 in
1500 4707 1578 4755 se,
1607 4705 1767 4761 quem
1799 4689 2007 4743 censuit

482 4866 624 4931 (295)
647 4868 837 4919 Omittit
879 4868 1189 4919 abbreviator
1224 4869 1461 4931 quaedam,
1500 4840 1608 4928 quze
1642 4869 1683 4917 si
1720 4867 1999 4928 addidisset,

411 4934 549 4984 labor
571 4948 666 4984 non
693 4936 863 4984 fuisset
888 4936 1047 4985 inanis
1072 4936 1132 4985 ob
1173 4934 1530 4996 antiquitatem,
1578 4935 1785 4984 maxime
1821 4934 1861 4982 si
1888 4934 2001 4983 talia

410 5001 571 5051 forent
596 5001 921 5051 Bollandianis
942 5002 989 5050 in
1015 5002 1124 5051 Vita
1150 5002 1202 5051 S.
1226 5001 1420 5051 Antonii
1447 5002 1709 5063 incognita.

479 5084 615 5145 (296)
666 5099 685 5129 a
713 5086 824 5133 Haec
858 5088 931 5135 est
975 5086 1028 5135 S.
1081 5086 1277 5135 Antonii
1326 5086 1533 5135 ecclesia
1575 5085 1635 5134 de
1686 5087 1815 5134 mota
1853 5096 2000 5145 prope

408 5149 644 5200 Viennam
672 5151 841 5212 (verba
873 5154 985 5201 sunt
1008 5151 1270 5201 Mabillonii
1312 5155 1431 5200 tom.
1458 5152 1497 5199 V
1534 5152 1710 5200 anna].
1732 5152 1912 5200 Benctl.
1943 5165 1988 5212 p.

409 5216 528 5279 369)
556 5218 613 5267 ad
639 5229 782 5279 quam
808 5218 970 5280 magni
992 5218 1117 5267 illius
1150 5219 1198 5266 S.
1249 5218 1447 5268 Antonii
1485 5230 1676 5279 corpus,
1714 5217 1890 5265 seculo
1928 5231 1997 5277 xi,

408 5284 697 5335 translatum
725 5283 941 5346 tradunt,
970 5284 1049 5333 ubi
1075 5286 1237 5334 erecta
1262 5297 1287 5334 a
1314 5284 1487 5334 Montis
1522 5283 1719 5344 Majuris
1748 5284 2000 5334 monachis

2116 4337 2376 4409 suffragia
2407 4337 2715 4392 orationum
2743 4338 2811 4391 ab
2853 4338 3121 4392 universis
3170 4338 3409 4408 expetiit,
3444 4338 3709 4408 exiguita-

2112 4433 2218 4479 tem
2244 4426 2323 4479 sui
2357 4434 2408 4479 et
2447 4425 2819 4496 indignitatem
2882 4440 3243 4497 exaggerans,
3280 4442 3438 4495 quem
3471 4441 3703 4494 superna

2111 4514 2353 4585 dignatio
2385 4514 2452 4568 de
2484 4522 2719 4568 stercore
2749 4513 3011 4569 elevatum
3036 4514 3358 4568 collocasset
3380 4514 3433 4567 in
3464 4512 3697 4577 sublimi,

2110 4608 2167 4655 ut
2196 4602 2265 4655 ab
2297 4601 2468 4656 oculis
2517 4602 2757 4655 omnium
2788 4602 2962 4655 exitus
3009 4617 3272 4672 aquarum
3304 4602 3597 4656 educerent
3618 4601 3701 4654 la-

2109 4688 2311 4759 crymis
2340 4689 2662 4744 distillantes
2692 4689 2833 4745 oculi
2866 4690 2968 4744 sui.

2103 4865 2221 4933 cella
2250 4879 2355 4915 cum
2385 4867 2617 4927 adjuncto
2658 4867 2991 4928 Xenodochio,
3020 4867 3307 4931 recipiendis
3345 4868 3549 4933 Antonio
3597 4867 3704 4927 igne

2100 4932 2437 4982 laborantibus
2464 4934 2673 4982 inﬁrmis
2698 4935 2948 4997 deputato.
2979 4951 2997 4981 ι

2172 5011 2312 5073 (297)
2341 5012 2489 5072 Vulgo
2513 5013 2771 5072 Gronoble,
2796 5013 3110 5073 Delphinatus
3130 5013 3242 5062 urbs
3263 5012 3514 5074 primaria,
3543 5012 3587 5060 in
3612 5026 3702 5065 nua

2103 5079 2247 5127 sedes
2275 5077 2561 5140 episcopalis
2585 5092 2597 5137 ;
2627 5079 2677 5127 in
2705 5092 2798 5140 qua
2826 5084 2932 5140 post
2954 5083 3174 5129 sanctum
3212 5081 3459 5137 Hugoncm
3485 5092 3571 5126 sex
3619 5079 3697 5127 alii

2109 5151 2450 5194 successerunt
2477 5157 2535 5192 ex
2559 5145 2731 5194 ordine
2754 5146 3086 5195 Carthusiensi
3112 5146 3363 5208 assumpti.

2171 5222 2311 5285 (9.98)
2341 5222 2429 5283 Qui
2449 5223 2512 5271 “25
2543 5223 2670 5272 Junii
2696 5236 2853 5273 annue
2892 5225 3117 5285 recurrit,
3147 5236 3238 5284 quo
3263 5230 3310 5273 et
3336 5226 3387 5274 S.
3416 5225 3549 5285 Hugo
3572 5222 3683 5271 illuc

2102 5293 2184 5339 aut
2210 5289 2498 5350 praecedenti
2525 5290 2601 5340 die
2628 5290 2781 5351 venit,
2812 5289 3073 5340 honoriﬁce
3100 5294 3331 5351 receptus
