  <div class='ocr_page' id='page_1' title='image "/cluster/home/n/w/nwhite01/storage/ocr_20150623/153/hvd.32044054760111/546.png"; bbox 0 0 3960 6062; ppageno 0'>
   <div class='ocr_carea' id='block_1_1' title="bbox 275 190 402 241">
    <p class='ocr_par' dir='ltr' id='par_1_1' title="bbox 275 190 402 241">
     <span class='ocr_line' id='line_1_1' title="bbox 275 190 402 241; baseline 0 0"><span class='ocrx_word' id='word_1_1' title='bbox 275 190 402 241; x_wconf 86' lang='grc'><strong>1081</strong></span> 
     </span>
    </p>
   </div>
   <div class='ocr_carea' id='block_1_2' title="bbox 1648 179 2191 236">
    <p class='ocr_par' dir='ltr' id='par_1_2' title="bbox 1648 179 2191 236">
     <span class='ocr_line' id='line_1_2' title="bbox 1648 179 2191 236; baseline -0.004 0"><span class='ocrx_word' id='word_1_2' title='bbox 1648 181 1829 236; x_wconf 81' lang='lat' dir='ltr'><strong>VITA.</strong></span> <span class='ocrx_word' id='word_1_3' title='bbox 1865 209 1934 221; x_wconf 89' lang='lat'>-—</span> <span class='ocrx_word' id='word_1_4' title='bbox 1964 179 2092 236; x_wconf 89' lang='lat' dir='ltr'>LIB.</span> <span class='ocrx_word' id='word_1_5' title='bbox 2126 182 2191 236; x_wconf 87' lang='lat' dir='ltr'>V.</span> 
     </span>
    </p>
   </div>
   <div class='ocr_carea' id='block_1_3' title="bbox 3438 181 3572 235">
    <p class='ocr_par' dir='ltr' id='par_1_3' title="bbox 3438 181 3572 235">
     <span class='ocr_line' id='line_1_3' title="bbox 3438 181 3572 235; baseline 0 0"><span class='ocrx_word' id='word_1_6' title='bbox 3438 181 3572 235; x_wconf 72' lang='grc'><strong>1082</strong></span> 
     </span>
    </p>
   </div>
   <div class='ocr_carea' id='block_1_4' title="bbox 344 303 3584 381">
    <p class='ocr_par' dir='ltr' id='par_1_4' title="bbox 344 303 3584 381">
     <span class='ocr_line' id='line_1_4' title="bbox 344 303 3584 381; baseline -0.002 -16"><span class='ocrx_word' id='word_1_7' title='bbox 344 308 643 381; x_wconf 87' lang='lat' dir='ltr'>Baptizavit</span> <span class='ocrx_word' id='word_1_8' title='bbox 696 322 912 380; x_wconf 90' lang='lat' dir='ltr'>quoque</span> <span class='ocrx_word' id='word_1_9' title='bbox 942 308 1060 379; x_wconf 88' lang='lat' dir='ltr'>ipsa</span> <span class='ocrx_word' id='word_1_10' title='bbox 1089 308 1178 362; x_wconf 91' lang='lat' dir='ltr'>die</span> <span class='ocrx_word' id='word_1_11' title='bbox 1224 321 1453 378; x_wconf 89' lang='lat' dir='ltr'>puerum</span> <span class='ocrx_word' id='word_1_12' title='bbox 1496 306 1609 375; x_wconf 89' lang='lat' dir='ltr'>jam</span> <span class='ocrx_word' id='word_1_13' title='bbox 1659 312 1881 375; x_wconf 90' lang='lat' dir='ltr'>septen-</span> <span class='ocrx_word' id='word_1_14' title='bbox 1902 306 1955 366; x_wconf 80' lang='grc' dir='ltr'>Α</span> <span class='ocrx_word' id='word_1_15' title='bbox 2057 305 2356 361; x_wconf 82' lang='lat' dir='ltr'>Veniebant</span> <span class='ocrx_word' id='word_1_16' title='bbox 2383 305 2510 361; x_wconf 91' lang='lat' dir='ltr'>illuc</span> <span class='ocrx_word' id='word_1_17' title='bbox 2540 306 2717 378; x_wconf 89' lang='lat' dir='ltr'>gratia</span> <span class='ocrx_word' id='word_1_18' title='bbox 2744 304 2995 361; x_wconf 90' lang='lat' dir='ltr'>visitandi</span> <span class='ocrx_word' id='word_1_19' title='bbox 3023 319 3149 362; x_wconf 89' lang='lat' dir='ltr'>cum</span> <span class='ocrx_word' id='word_1_20' title='bbox 3175 303 3419 377; x_wconf 86' lang='lat' dir='ltr'>episcopi</span> <span class='ocrx_word' id='word_1_21' title='bbox 3448 319 3584 361; x_wconf 84' lang='lat' dir='ltr'>non-</span> 
     </span>
    </p>
   </div>
   <div class='ocr_carea' id='block_1_5' title="bbox 273 393 3585 469">
    <p class='ocr_par' dir='ltr' id='par_1_5' title="bbox 273 393 3585 469">
     <span class='ocr_line' id='line_1_5' title="bbox 273 393 3585 469; baseline -0.002 -15"><span class='ocrx_word' id='word_1_22' title='bbox 273 415 399 453; x_wconf 90' lang='lat' dir='ltr'>nem</span> <span class='ocrx_word' id='word_1_23' title='bbox 430 398 599 469; x_wconf 77' lang='lat'>(299),</span> <span class='ocrx_word' id='word_1_24' title='bbox 633 396 801 451; x_wconf 85' lang='lat' dir='ltr'>ﬁlium</span> <span class='ocrx_word' id='word_1_25' title='bbox 848 396 1033 450; x_wconf 84' lang='lat' dir='ltr'>militis</span> <span class='ocrx_word' id='word_1_26' title='bbox 1083 394 1446 450; x_wconf 79' lang='lat' dir='ltr'>strenuissimi</span> <span class='ocrx_word' id='word_1_27' title='bbox 1494 393 1759 449; x_wconf 86' lang='lat' dir='ltr'>Willelmi</span> <span class='ocrx_word' id='word_1_28' title='bbox 1808 394 1877 447; x_wconf 93' lang='lat' dir='ltr'>de</span> <span class='ocrx_word' id='word_1_29' title='bbox 1977 393 2127 459; x_wconf 85' lang='lat' dir='ltr'>nulli,</span> <span class='ocrx_word' id='word_1_30' title='bbox 2160 394 2343 450; x_wconf 84' lang='lat' dir='ltr'>clerici</span> <span class='ocrx_word' id='word_1_31' title='bbox 2375 410 2591 465; x_wconf 90' lang='lat' dir='ltr'>quoque</span> <span class='ocrx_word' id='word_1_32' title='bbox 2622 403 2674 449; x_wconf 91' lang='lat' dir='ltr'>et</span> <span class='ocrx_word' id='word_1_33' title='bbox 2703 393 2824 449; x_wconf 88' lang='lat' dir='ltr'>laici</span> <span class='ocrx_word' id='word_1_34' title='bbox 2866 410 3025 466; x_wconf 90' lang='lat' dir='ltr'>quam</span> <span class='ocrx_word' id='word_1_35' title='bbox 3072 394 3289 465; x_wconf 86' lang='lat' dir='ltr'>plurimi</span> <span class='ocrx_word' id='word_1_36' title='bbox 3318 409 3585 464; x_wconf 88' lang='lat' dir='ltr'>pauperes</span> 
     </span>
    </p>
   </div>
   <div class='ocr_carea' id='block_1_6' title="bbox 264 482 1874 555">
    <p class='ocr_par' dir='ltr' id='par_1_6' title="bbox 264 482 1874 555">
     <span class='ocr_line' id='line_1_6' title="bbox 264 482 1874 555; baseline -0.003 -15"><span class='ocrx_word' id='word_1_37' title='bbox 264 487 479 541; x_wconf 82' lang='lat' dir='ltr'>Avalim</span> <span class='ocrx_word' id='word_1_38' title='bbox 508 485 689 540; x_wconf 84' lang='lat' dir='ltr'>fratris</span> <span class='ocrx_word' id='word_1_39' title='bbox 746 485 848 551; x_wconf 89' lang='lat' dir='ltr'>sui,</span> <span class='ocrx_word' id='word_1_40' title='bbox 900 500 1062 555; x_wconf 90' lang='lat' dir='ltr'>quem</span> <span class='ocrx_word' id='word_1_41' title='bbox 1113 485 1179 539; x_wconf 91' lang='lat' dir='ltr'>de</span> <span class='ocrx_word' id='word_1_42' title='bbox 1228 484 1398 537; x_wconf 89' lang='lat' dir='ltr'>sacris</span> <span class='ocrx_word' id='word_1_43' title='bbox 1445 482 1683 537; x_wconf 87' lang='lat' dir='ltr'>fontibus</span> <span class='ocrx_word' id='word_1_44' title='bbox 1730 498 1874 552; x_wconf 76' lang='lat' dir='ltr'>prae-</span> 
     </span>
    </p>
   </div>
   <div class='ocr_carea' id='block_1_7' title="bbox 265 572 1873 643">
    <p class='ocr_par' dir='ltr' id='par_1_7' title="bbox 265 572 1873 643">
     <span class='ocr_line' id='line_1_7' title="bbox 265 572 1873 643; baseline -0.002 -14"><span class='ocrx_word' id='word_1_45' title='bbox 265 575 347 629; x_wconf 85' lang='lat' dir='ltr'>sul</span> <span class='ocrx_word' id='word_1_46' title='bbox 398 576 549 643; x_wconf 90' lang='lat'>(300)</span> <span class='ocrx_word' id='word_1_47' title='bbox 595 573 1129 643; x_wconf 89' lang='lat' dir='ltr'>Gratianopolitanus</span> <span class='ocrx_word' id='word_1_48' title='bbox 1183 572 1440 642; x_wconf 76' lang='lat' dir='ltr'>suscepit.</span> <span class='ocrx_word' id='word_1_49' title='bbox 1493 572 1739 641; x_wconf 88' lang='lat' dir='ltr'>Cumque</span> <span class='ocrx_word' id='word_1_50' title='bbox 1770 585 1873 641; x_wconf 88' lang='lat' dir='ltr'>pa-</span> 
     </span>
    </p>
   </div>
   <div class='ocr_carea' id='block_1_8' title="bbox 264 659 1874 731">
    <p class='ocr_par' dir='ltr' id='par_1_8' title="bbox 264 659 1874 731">
     <span class='ocr_line' id='line_1_8' title="bbox 264 659 1874 731; baseline -0.002 -15"><span class='ocrx_word' id='word_1_51' title='bbox 264 671 416 717; x_wconf 90' lang='lat' dir='ltr'>truus</span> <span class='ocrx_word' id='word_1_52' title='bbox 457 662 630 731; x_wconf 88' lang='lat' dir='ltr'>ipsius</span> <span class='ocrx_word' id='word_1_53' title='bbox 670 662 824 731; x_wconf 90' lang='lat' dir='ltr'>pueri</span> <span class='ocrx_word' id='word_1_54' title='bbox 866 661 1217 715; x_wconf 78' lang='lat' dir='ltr'>vehementer</span> <span class='ocrx_word' id='word_1_55' title='bbox 1258 660 1501 727; x_wconf 85' lang='lat' dir='ltr'>instaret,</span> <span class='ocrx_word' id='word_1_56' title='bbox 1555 668 1610 713; x_wconf 93' lang='lat' dir='ltr'>ut</span> <span class='ocrx_word' id='word_1_57' title='bbox 1657 659 1874 714; x_wconf 87' lang='lat' dir='ltr'>nomine</span> 
     </span>
    </p>
   </div>
   <div class='ocr_carea' id='block_1_9' title="bbox 263 748 1873 821">
    <p class='ocr_par' dir='ltr' id='par_1_9' title="bbox 263 748 1873 821">
     <span class='ocr_line' id='line_1_9' title="bbox 263 748 1873 821; baseline -0.002 -17"><span class='ocrx_word' id='word_1_58' title='bbox 263 765 383 815; x_wconf 92' lang='lat' dir='ltr'>suo,</span> <span class='ocrx_word' id='word_1_59' title='bbox 422 751 568 821; x_wconf 90' lang='lat' dir='ltr'>quod</span> <span class='ocrx_word' id='word_1_60' title='bbox 598 758 716 805; x_wconf 88' lang='lat' dir='ltr'>erat</span> <span class='ocrx_word' id='word_1_61' title='bbox 746 750 958 816; x_wconf 88' lang='lat' dir='ltr'>Petrus,</span> <span class='ocrx_word' id='word_1_62' title='bbox 995 748 1180 803; x_wconf 90' lang='lat' dir='ltr'>vocari</span> <span class='ocrx_word' id='word_1_63' title='bbox 1210 748 1504 811; x_wconf 85' lang='lat' dir='ltr'>debuisset,</span> <span class='ocrx_word' id='word_1_64' title='bbox 1541 755 1873 819; x_wconf 79' lang='lat' dir='ltr'>suggerente</span> 
     </span>
    </p>
   </div>
   <div class='ocr_carea' id='block_1_10' title="bbox 258 836 1870 908">
    <p class='ocr_par' dir='ltr' id='par_1_10' title="bbox 258 836 1870 908">
     <span class='ocr_line' id='line_1_10' title="bbox 258 836 1870 908; baseline -0.002 -17"><span class='ocrx_word' id='word_1_65' title='bbox 258 838 610 908; x_wconf 66' lang='lat' dir='ltr'>praesentium</span> <span class='ocrx_word' id='word_1_66' title='bbox 637 837 922 907; x_wconf 84' lang='lat' dir='ltr'>scriptore,</span> <span class='ocrx_word' id='word_1_67' title='bbox 957 837 1236 908; x_wconf 87' lang='lat' dir='ltr'>respondit</span> <span class='ocrx_word' id='word_1_68' title='bbox 1266 836 1315 891; x_wconf 94' lang='lat' dir='ltr'>ei</span> <span class='ocrx_word' id='word_1_69' title='bbox 1345 838 1504 908; x_wconf 85' lang='lat' dir='ltr'>Hugo</span> <span class='ocrx_word' id='word_1_70' title='bbox 1539 854 1551 890; x_wconf 88' lang='lat'><strong>:</strong></span> <span class='ocrx_word' id='word_1_71' title='bbox 1590 857 1611 885; x_wconf 69' lang='grc' dir='ltr'><em>ς</em></span> <span class='ocrx_word' id='word_1_72' title='bbox 1647 837 1870 905; x_wconf 83' lang='lat' dir='ltr'>Nequa-</span> 
     </span>
    </p>
   </div>
   <div class='ocr_carea' id='block_1_11' title="bbox 261 924 1869 997">
    <p class='ocr_par' dir='ltr' id='par_1_11' title="bbox 261 924 1869 997">
     <span class='ocr_line' id='line_1_11' title="bbox 261 924 1869 997; baseline -0.002 -18"><span class='ocrx_word' id='word_1_73' title='bbox 261 942 443 997; x_wconf 82' lang='lat' dir='ltr'>quam,</span> <span class='ocrx_word' id='word_1_74' title='bbox 480 926 573 980; x_wconf 90' lang='lat' dir='ltr'>sed</span> <span class='ocrx_word' id='word_1_75' title='bbox 604 926 887 981; x_wconf 76' lang='lat' dir='ltr'>vocabitur</span> <span class='ocrx_word' id='word_1_76' title='bbox 913 926 1191 991; x_wconf 82' lang='lat' dir='ltr'>Joannes;</span> <span class='ocrx_word' id='word_1_77' title='bbox 1224 924 1546 995; x_wconf 72' lang='lat' dir='ltr'>praejudicat</span> <span class='ocrx_word' id='word_1_78' title='bbox 1577 924 1719 979; x_wconf 91' lang='lat' dir='ltr'>enim</span> <span class='ocrx_word' id='word_1_79' title='bbox 1750 924 1869 988; x_wconf 83' lang='lat' dir='ltr'>tibi,</span> 
     </span>
    </p>
   </div>
   <div class='ocr_carea' id='block_1_12' title="bbox 264 1012 1872 1084">
    <p class='ocr_par' dir='ltr' id='par_1_12' title="bbox 264 1012 1872 1084">
     <span class='ocr_line' id='line_1_12' title="bbox 264 1012 1872 1084; baseline -0.002 -17"><span class='ocrx_word' id='word_1_80' title='bbox 264 1021 317 1067; x_wconf 91' lang='lat' dir='ltr'>et</span> <span class='ocrx_word' id='word_1_81' title='bbox 346 1013 451 1069; x_wconf 93' lang='lat' dir='ltr'>loci</span> <span class='ocrx_word' id='word_1_82' title='bbox 481 1021 532 1068; x_wconf 92' lang='lat' dir='ltr'>et</span> <span class='ocrx_word' id='word_1_83' title='bbox 562 1014 669 1067; x_wconf 91' lang='lat' dir='ltr'>diei</span> <span class='ocrx_word' id='word_1_84' title='bbox 700 1013 988 1083; x_wconf 75' lang='lat' dir='ltr'>praesentis</span> <span class='ocrx_word' id='word_1_85' title='bbox 1017 1021 1299 1084; x_wconf 88' lang='lat' dir='ltr'>patronus.</span> <span class='ocrx_word' id='word_1_86' title='bbox 1344 1012 1662 1084; x_wconf 87' lang='lat' dir='ltr'>Peregimus</span> <span class='ocrx_word' id='word_1_87' title='bbox 1692 1020 1872 1066; x_wconf 88' lang='lat' dir='ltr'>autem</span> 
     </span>
    </p>
   </div>
   <div class='ocr_carea' id='block_1_13' title="bbox 261 1100 1871 1169">
    <p class='ocr_par' dir='ltr' id='par_1_13' title="bbox 261 1100 1871 1169">
     <span class='ocr_line' id='line_1_13' title="bbox 261 1100 1871 1169; baseline -0.002 -13"><span class='ocrx_word' id='word_1_88' title='bbox 261 1109 424 1157; x_wconf 70' lang='lat' dir='ltr'>tanta:</span> <span class='ocrx_word' id='word_1_89' title='bbox 456 1101 809 1157; x_wconf 90' lang='lat' dir='ltr'>solemnitatis</span> <span class='ocrx_word' id='word_1_90' title='bbox 842 1102 989 1156; x_wconf 90' lang='lat' dir='ltr'>diem</span> <span class='ocrx_word' id='word_1_91' title='bbox 1030 1117 1151 1156; x_wconf 91' lang='lat' dir='ltr'>cum</span> <span class='ocrx_word' id='word_1_92' title='bbox 1198 1102 1443 1169; x_wconf 90' lang='lat' dir='ltr'>ejusdem</span> <span class='ocrx_word' id='word_1_93' title='bbox 1492 1100 1720 1155; x_wconf 77' lang='lat' dir='ltr'>civitatis</span> <span class='ocrx_word' id='word_1_94' title='bbox 1751 1100 1871 1169; x_wconf 86' lang='lat' dir='ltr'>epi-</span> 
     </span>
    </p>
   </div>
   <div class='ocr_carea' id='block_1_14' title="bbox 263 1187 1869 1260">
    <p class='ocr_par' dir='ltr' id='par_1_14' title="bbox 263 1187 1869 1260">
     <span class='ocr_line' id='line_1_14' title="bbox 263 1187 1869 1260; baseline -0.003 -16"><span class='ocrx_word' id='word_1_95' title='bbox 263 1204 450 1260; x_wconf 85' lang='lat' dir='ltr'>scOpo,</span> <span class='ocrx_word' id='word_1_96' title='bbox 483 1206 512 1242; x_wconf 89' lang='lat' dir='ltr'>a</span> <span class='ocrx_word' id='word_1_97' title='bbox 564 1204 671 1259; x_wconf 88' lang='lat' dir='ltr'>quo</span> <span class='ocrx_word' id='word_1_98' title='bbox 722 1196 830 1243; x_wconf 88' lang='lat' dir='ltr'>tam</span> <span class='ocrx_word' id='word_1_99' title='bbox 893 1188 1182 1259; x_wconf 90' lang='lat' dir='ltr'>splendide</span> <span class='ocrx_word' id='word_1_100' title='bbox 1234 1189 1391 1243; x_wconf 87' lang='lat' dir='ltr'>nobis</span> <span class='ocrx_word' id='word_1_101' title='bbox 1439 1187 1676 1242; x_wconf 88' lang='lat' dir='ltr'>exhibita</span> <span class='ocrx_word' id='word_1_102' title='bbox 1724 1194 1869 1256; x_wconf 88' lang='lat' dir='ltr'>sunt,</span> 
     </span>
    </p>
   </div>
   <div class='ocr_carea' id='block_1_15' title="bbox 263 1275 1871 1349">
    <p class='ocr_par' dir='ltr' id='par_1_15' title="bbox 263 1275 1871 1349">
     <span class='ocr_line' id='line_1_15' title="bbox 263 1275 1871 1349; baseline -0.002 -18"><span class='ocrx_word' id='word_1_103' title='bbox 263 1293 599 1348; x_wconf 66' lang='lat' dir='ltr'>quaecunque</span> <span class='ocrx_word' id='word_1_104' title='bbox 618 1278 741 1346; x_wconf 91' lang='lat' dir='ltr'>jura</span> <span class='ocrx_word' id='word_1_105' title='bbox 770 1277 988 1347; x_wconf 90' lang='lat' dir='ltr'>hospitii</span> <span class='ocrx_word' id='word_1_106' title='bbox 1041 1276 1352 1349; x_wconf 84' lang='lat' dir='ltr'>exigebant,</span> <span class='ocrx_word' id='word_1_107' title='bbox 1388 1282 1444 1330; x_wconf 90' lang='lat' dir='ltr'>ut</span> <span class='ocrx_word' id='word_1_108' title='bbox 1493 1275 1705 1331; x_wconf 91' lang='lat' dir='ltr'>videtur</span> <span class='ocrx_word' id='word_1_109' title='bbox 1749 1289 1871 1329; x_wconf 91' lang='lat' dir='ltr'>mo-</span> 
     </span>
    </p>
   </div>
   <div class='ocr_carea' id='block_1_16' title="bbox 260 1363 1871 1435">
    <p class='ocr_par' dir='ltr' id='par_1_16' title="bbox 260 1363 1871 1435">
     <span class='ocr_line' id='line_1_16' title="bbox 260 1363 1871 1435; baseline -0.003 -15"><span class='ocrx_word' id='word_1_110' title='bbox 260 1367 362 1420; x_wconf 92' lang='lat' dir='ltr'>dus</span> <span class='ocrx_word' id='word_1_111' title='bbox 390 1366 507 1435; x_wconf 90' lang='lat' dir='ltr'>ipse</span> <span class='ocrx_word' id='word_1_112' title='bbox 537 1365 802 1420; x_wconf 80' lang='lat' dir='ltr'>excedere</span> <span class='ocrx_word' id='word_1_113' title='bbox 834 1365 1075 1419; x_wconf 90' lang='lat' dir='ltr'>modum.</span> <span class='ocrx_word' id='word_1_114' title='bbox 1101 1365 1322 1420; x_wconf 92' lang='lat' dir='ltr'>Diceres</span> <span class='ocrx_word' id='word_1_115' title='bbox 1354 1373 1480 1419; x_wconf 92' lang='lat' dir='ltr'>tunc</span> <span class='ocrx_word' id='word_1_116' title='bbox 1508 1363 1871 1434; x_wconf 87' lang='lat' dir='ltr'>dapsilitatem</span> 
     </span>
    </p>
   </div>
   <div class='ocr_carea' id='block_1_17' title="bbox 259 1449 1872 1525">
    <p class='ocr_par' dir='ltr' id='par_1_17' title="bbox 259 1449 1872 1525">
     <span class='ocr_line' id='line_1_17' title="bbox 259 1449 1872 1525; baseline -0.001 -18"><span class='ocrx_word' id='word_1_117' title='bbox 259 1452 705 1525; x_wconf 85' lang='lat' dir='ltr'>Burgundionum</span> <span class='ocrx_word' id='word_1_118' title='bbox 737 1453 911 1523; x_wconf 89' lang='lat' dir='ltr'>ipsum</span> <span class='ocrx_word' id='word_1_119' title='bbox 959 1467 1173 1524; x_wconf 89' lang='lat' dir='ltr'>quoque</span> <span class='ocrx_word' id='word_1_120' title='bbox 1214 1452 1411 1507; x_wconf 79' lang='lat' dir='ltr'>vicisse</span> <span class='ocrx_word' id='word_1_121' title='bbox 1440 1451 1620 1505; x_wconf 79' lang='lat' dir='ltr'>luxum</span> <span class='ocrx_word' id='word_1_122' title='bbox 1654 1449 1872 1505; x_wconf 67' lang='lat' dir='ltr'>eﬂusio-</span> 
     </span>
    </p>
   </div>
   <div class='ocr_carea' id='block_1_18' title="bbox 261 1540 813 1613">
    <p class='ocr_par' dir='ltr' id='par_1_18' title="bbox 261 1540 813 1613">
     <span class='ocr_line' id='line_1_18' title="bbox 261 1540 813 1613; baseline -0.011 -18"><span class='ocrx_word' id='word_1_123' title='bbox 261 1542 345 1595; x_wconf 89' lang='lat' dir='ltr'>nis</span> <span class='ocrx_word' id='word_1_124' title='bbox 376 1540 748 1613; x_wconf 79' lang='lat' dir='ltr'>Anglicorum.</span> <span class='ocrx_word' id='word_1_125' title='bbox 793 1562 813 1589; x_wconf 72' lang='grc' dir='ltr'><strong>ι</strong></span> 
     </span>
    </p>
   </div>
   <div class='ocr_carea' id='block_1_19' title="bbox 326 1625 1937 1712">
    <p class='ocr_par' dir='ltr' id='par_1_19' title="bbox 326 1625 1937 1712">
     <span class='ocr_line' id='line_1_19' title="bbox 326 1625 1937 1712; baseline -0.002 -30"><span class='ocrx_word' id='word_1_126' title='bbox 326 1628 457 1684; x_wconf 89' lang='lat' dir='ltr'>Inde</span> <span class='ocrx_word' id='word_1_127' title='bbox 489 1644 701 1683; x_wconf 90' lang='lat' dir='ltr'>summo</span> <span class='ocrx_word' id='word_1_128' title='bbox 734 1628 1059 1697; x_wconf 82' lang='lat' dir='ltr'>(301)mane</span> <span class='ocrx_word' id='word_1_129' title='bbox 1092 1627 1371 1698; x_wconf 86' lang='lat' dir='ltr'>sequentis</span> <span class='ocrx_word' id='word_1_130' title='bbox 1407 1625 1937 1712; x_wconf 83' lang='lat' dir='ltr'>diluculitenden-B</span> 
     </span>
    </p>
   </div>
   <div class='ocr_carea' id='block_1_20' title="bbox 257 1713 1863 1786">
    <p class='ocr_par' dir='ltr' id='par_1_20' title="bbox 257 1713 1863 1786">
     <span class='ocr_line' id='line_1_20' title="bbox 257 1713 1863 1786; baseline -0.001 -18"><span class='ocrx_word' id='word_1_131' title='bbox 257 1716 399 1770; x_wconf 90' lang='lat' dir='ltr'>tibus</span> <span class='ocrx_word' id='word_1_132' title='bbox 428 1717 586 1771; x_wconf 88' lang='lat' dir='ltr'>nobis</span> <span class='ocrx_word' id='word_1_133' title='bbox 616 1716 976 1782; x_wconf 89' lang='lat' dir='ltr'>Carthusiam,</span> <span class='ocrx_word' id='word_1_134' title='bbox 1010 1716 1278 1784; x_wconf 81' lang='lat' dir='ltr'>majorem</span> <span class='ocrx_word' id='word_1_135' title='bbox 1325 1731 1466 1786; x_wconf 90' lang='lat' dir='ltr'>pene</span> <span class='ocrx_word' id='word_1_136' title='bbox 1497 1713 1701 1768; x_wconf 90' lang='lat' dir='ltr'>itineris</span> <span class='ocrx_word' id='word_1_137' title='bbox 1730 1729 1863 1785; x_wconf 90' lang='lat' dir='ltr'>par-</span> 
     </span>
    </p>
   </div>
   <div class='ocr_carea' id='block_1_21' title="bbox 255 1803 1862 1876">
    <p class='ocr_par' dir='ltr' id='par_1_21' title="bbox 255 1803 1862 1876">
     <span class='ocr_line' id='line_1_21' title="bbox 255 1803 1862 1876; baseline -0.001 -19"><span class='ocrx_word' id='word_1_138' title='bbox 255 1812 365 1859; x_wconf 91' lang='lat' dir='ltr'>tem</span> <span class='ocrx_word' id='word_1_139' title='bbox 396 1805 625 1875; x_wconf 90' lang='lat' dir='ltr'>pedibus</span> <span class='ocrx_word' id='word_1_140' title='bbox 654 1803 926 1860; x_wconf 89' lang='lat' dir='ltr'>conficere</span> <span class='ocrx_word' id='word_1_141' title='bbox 958 1804 1318 1876; x_wconf 84' lang='lat' dir='ltr'>cogebantur,</span> <span class='ocrx_word' id='word_1_142' title='bbox 1372 1819 1511 1875; x_wconf 90' lang='lat' dir='ltr'>quos</span> <span class='ocrx_word' id='word_1_143' title='bbox 1539 1803 1664 1874; x_wconf 90' lang='lat' dir='ltr'>equi</span> <span class='ocrx_word' id='word_1_144' title='bbox 1694 1804 1862 1857; x_wconf 90' lang='lat' dir='ltr'>vehe-</span> 
     </span>
    </p>
   </div>
   <div class='ocr_carea' id='block_1_22' title="bbox 252 1892 1864 1961">
    <p class='ocr_par' dir='ltr' id='par_1_22' title="bbox 252 1892 1864 1961">
     <span class='ocr_line' id='line_1_22' title="bbox 252 1892 1864 1961; baseline -0.001 -16"><span class='ocrx_word' id='word_1_145' title='bbox 252 1892 402 1946; x_wconf 88' lang='lat' dir='ltr'>bant.</span> <span class='ocrx_word' id='word_1_146' title='bbox 436 1894 711 1947; x_wconf 82' lang='lat' dir='ltr'>Ascensus</span> <span class='ocrx_word' id='word_1_147' title='bbox 744 1892 887 1946; x_wconf 91' lang='lat' dir='ltr'>enim</span> <span class='ocrx_word' id='word_1_148' title='bbox 919 1893 1204 1948; x_wconf 89' lang='lat' dir='ltr'>continuos</span> <span class='ocrx_word' id='word_1_149' title='bbox 1254 1908 1351 1961; x_wconf 91' lang='lat' dir='ltr'>per</span> <span class='ocrx_word' id='word_1_150' title='bbox 1400 1892 1572 1945; x_wconf 86' lang='lat' dir='ltr'>ardua</span> <span class='ocrx_word' id='word_1_151' title='bbox 1626 1899 1679 1945; x_wconf 92' lang='lat' dir='ltr'>et</span> <span class='ocrx_word' id='word_1_152' title='bbox 1727 1906 1864 1946; x_wconf 89' lang='lat' dir='ltr'>con-</span> 
     </span>
    </p>
   </div>
   <div class='ocr_carea' id='block_1_23' title="bbox 253 1978 1864 2052">
    <p class='ocr_par' dir='ltr' id='par_1_23' title="bbox 253 1978 1864 2052">
     <span class='ocr_line' id='line_1_23' title="bbox 253 1978 1864 2052; baseline -0.001 -19"><span class='ocrx_word' id='word_1_153' title='bbox 253 1979 477 2052; x_wconf 85' lang='lat' dir='ltr'>fragosa</span> <span class='ocrx_word' id='word_1_154' title='bbox 507 1980 704 2035; x_wconf 90' lang='lat' dir='ltr'>montis</span> <span class='ocrx_word' id='word_1_155' title='bbox 731 1981 904 2034; x_wconf 86' lang='lat' dir='ltr'>latera</span> <span class='ocrx_word' id='word_1_156' title='bbox 955 1981 1079 2051; x_wconf 91' lang='lat' dir='ltr'>equi</span> <span class='ocrx_word' id='word_1_157' title='bbox 1126 1996 1343 2034; x_wconf 91' lang='lat' dir='ltr'>sessore</span> <span class='ocrx_word' id='word_1_158' title='bbox 1395 1978 1546 2035; x_wconf 83' lang='lat' dir='ltr'>vacui</span> <span class='ocrx_word' id='word_1_159' title='bbox 1576 1979 1663 2033; x_wconf 87' lang='lat' dir='ltr'>vix</span> <span class='ocrx_word' id='word_1_160' title='bbox 1696 1978 1864 2049; x_wconf 88' lang='lat' dir='ltr'>expli-</span> 
     </span>
    </p>
   </div>
   <div class='ocr_carea' id='block_1_24' title="bbox 254 2066 1864 2135">
    <p class='ocr_par' dir='ltr' id='par_1_24' title="bbox 254 2066 1864 2135">
     <span class='ocr_line' id='line_1_24' title="bbox 254 2066 1864 2135; baseline -0.001 -12"><span class='ocrx_word' id='word_1_161' title='bbox 254 2069 490 2135; x_wconf 85' lang='lat' dir='ltr'>cabant;</span> <span class='ocrx_word' id='word_1_162' title='bbox 542 2069 817 2123; x_wconf 88' lang='lat' dir='ltr'>burdones</span> <span class='ocrx_word' id='word_1_163' title='bbox 881 2077 1060 2123; x_wconf 90' lang='lat' dir='ltr'>autem</span> <span class='ocrx_word' id='word_1_164' title='bbox 1121 2067 1195 2122; x_wconf 62' lang='lat' dir='ltr'>rel</span> <span class='ocrx_word' id='word_1_165' title='bbox 1244 2067 1384 2122; x_wconf 90' lang='lat' dir='ltr'>asini</span> <span class='ocrx_word' id='word_1_166' title='bbox 1451 2068 1595 2122; x_wconf 91' lang='lat' dir='ltr'>hunc</span> <span class='ocrx_word' id='word_1_167' title='bbox 1641 2066 1864 2121; x_wconf 89' lang='lat' dir='ltr'>liberius</span> 
     </span>
    </p>
   </div>
   <div class='ocr_carea' id='block_1_25' title="bbox 251 2155 1864 2227">
    <p class='ocr_par' dir='ltr' id='par_1_25' title="bbox 251 2155 1864 2227">
     <span class='ocr_line' id='line_1_25' title="bbox 251 2155 1864 2227; baseline -0.001 -17"><span class='ocrx_word' id='word_1_168' title='bbox 251 2164 536 2227; x_wconf 90' lang='lat' dir='ltr'>permeant</span> <span class='ocrx_word' id='word_1_169' title='bbox 566 2156 780 2211; x_wconf 88' lang='lat' dir='ltr'>callem.</span> <span class='ocrx_word' id='word_1_170' title='bbox 813 2156 1120 2227; x_wconf 88' lang='lat' dir='ltr'>Episc0pus</span> <span class='ocrx_word' id='word_1_171' title='bbox 1160 2157 1344 2221; x_wconf 90' lang='lat' dir='ltr'>etiam,</span> <span class='ocrx_word' id='word_1_172' title='bbox 1400 2155 1735 2210; x_wconf 86' lang='lat' dir='ltr'>neccesitate</span> <span class='ocrx_word' id='word_1_173' title='bbox 1766 2170 1864 2209; x_wconf 89' lang='lat' dir='ltr'>co-</span> 
     </span>
    </p>
   </div>
   <div class='ocr_carea' id='block_1_26' title="bbox 251 2242 1864 2316">
    <p class='ocr_par' dir='ltr' id='par_1_26' title="bbox 251 2242 1864 2316">
     <span class='ocr_line' id='line_1_26' title="bbox 251 2242 1864 2316; baseline -0.001 -17"><span class='ocrx_word' id='word_1_174' title='bbox 251 2251 433 2316; x_wconf 84' lang='lat' dir='ltr'>gente,</span> <span class='ocrx_word' id='word_1_175' title='bbox 482 2260 781 2300; x_wconf 89' lang='lat' dir='ltr'>conversus</span> <span class='ocrx_word' id='word_1_176' title='bbox 828 2244 884 2298; x_wconf 91' lang='lat' dir='ltr'>in</span> <span class='ocrx_word' id='word_1_177' title='bbox 949 2244 1213 2315; x_wconf 87' lang='lat' dir='ltr'>peditem,</span> <span class='ocrx_word' id='word_1_178' title='bbox 1274 2243 1441 2297; x_wconf 90' lang='lat' dir='ltr'>nimio</span> <span class='ocrx_word' id='word_1_179' title='bbox 1488 2242 1615 2298; x_wconf 90' lang='lat' dir='ltr'>licet</span> <span class='ocrx_word' id='word_1_180' title='bbox 1664 2242 1864 2298; x_wconf 91' lang='lat' dir='ltr'>sudore</span> 
     </span>
    </p>
   </div>
   <div class='ocr_carea' id='block_1_27' title="bbox 254 2331 1865 2404">
    <p class='ocr_par' dir='ltr' id='par_1_27' title="bbox 254 2331 1865 2404">
     <span class='ocr_line' id='line_1_27' title="bbox 254 2331 1865 2404; baseline -0.002 -17"><span class='ocrx_word' id='word_1_181' title='bbox 254 2332 550 2387; x_wconf 89' lang='lat' dir='ltr'>lacesceret</span> <span class='ocrx_word' id='word_1_182' title='bbox 580 2332 701 2403; x_wconf 86' lang='lat' dir='ltr'>[pro</span> <span class='ocrx_word' id='word_1_183' title='bbox 730 2332 1098 2404; x_wconf 86' lang='lat' dir='ltr'>lassesceret],</span> <span class='ocrx_word' id='word_1_184' title='bbox 1152 2331 1343 2402; x_wconf 89' lang='lat' dir='ltr'>spiritu</span> <span class='ocrx_word' id='word_1_185' title='bbox 1369 2338 1550 2385; x_wconf 89' lang='lat' dir='ltr'>tamen</span> <span class='ocrx_word' id='word_1_186' title='bbox 1579 2338 1865 2401; x_wconf 89' lang='lat' dir='ltr'>promptus</span> 
     </span>
    </p>
   </div>
   <div class='ocr_carea' id='block_1_28' title="bbox 257 2418 1863 2483">
    <p class='ocr_par' dir='ltr' id='par_1_28' title="bbox 257 2418 1863 2483">
     <span class='ocr_line' id='line_1_28' title="bbox 257 2418 1863 2483; baseline -0.001 -9"><span class='ocrx_word' id='word_1_187' title='bbox 257 2427 309 2474; x_wconf 91' lang='lat' dir='ltr'>et</span> <span class='ocrx_word' id='word_1_188' title='bbox 336 2420 533 2483; x_wconf 86' lang='lat' dir='ltr'>alacer,</span> <span class='ocrx_word' id='word_1_189' title='bbox 568 2420 747 2475; x_wconf 91' lang='lat' dir='ltr'>socios</span> <span class='ocrx_word' id='word_1_190' title='bbox 790 2421 1025 2475; x_wconf 89' lang='lat' dir='ltr'>meando</span> <span class='ocrx_word' id='word_1_191' title='bbox 1071 2420 1325 2475; x_wconf 85' lang='lat' dir='ltr'>lassabat.</span> <span class='ocrx_word' id='word_1_192' title='bbox 1378 2420 1436 2473; x_wconf 90' lang='lat' dir='ltr'>ld</span> <span class='ocrx_word' id='word_1_193' title='bbox 1479 2427 1661 2474; x_wconf 90' lang='lat' dir='ltr'>tamen</span> <span class='ocrx_word' id='word_1_194' title='bbox 1709 2418 1863 2473; x_wconf 91' lang='lat' dir='ltr'>solli-</span> 
     </span>
    </p>
   </div>
   <div class='ocr_carea' id='block_1_29' title="bbox 259 2506 1863 2577">
    <p class='ocr_par' dir='ltr' id='par_1_29' title="bbox 259 2506 1863 2577">
     <span class='ocr_line' id='line_1_29' title="bbox 259 2506 1863 2577; baseline -0.002 -15"><span class='ocrx_word' id='word_1_195' title='bbox 259 2508 399 2562; x_wconf 89' lang='lat' dir='ltr'>citus</span> <span class='ocrx_word' id='word_1_196' title='bbox 446 2507 787 2577; x_wconf 89' lang='lat' dir='ltr'>providebat,</span> <span class='ocrx_word' id='word_1_197' title='bbox 856 2515 911 2561; x_wconf 90' lang='lat' dir='ltr'>ut</span> <span class='ocrx_word' id='word_1_198' title='bbox 958 2507 1355 2562; x_wconf 88' lang='lat' dir='ltr'>dormientibus</span> <span class='ocrx_word' id='word_1_199' title='bbox 1416 2514 1659 2576; x_wconf 90' lang='lat' dir='ltr'>tempore</span> <span class='ocrx_word' id='word_1_200' title='bbox 1702 2506 1863 2561; x_wconf 90' lang='lat' dir='ltr'>meri-</span> 
     </span>
    </p>
   </div>
   <div class='ocr_carea' id='block_1_30' title="bbox 255 2594 1863 2666">
    <p class='ocr_par' dir='ltr' id='par_1_30' title="bbox 255 2594 1863 2666">
     <span class='ocr_line' id='line_1_30' title="bbox 255 2594 1863 2666; baseline 0.001 -18"><span class='ocrx_word' id='word_1_201' title='bbox 255 2595 419 2649; x_wconf 85' lang='lat' dir='ltr'>diano</span> <span class='ocrx_word' id='word_1_202' title='bbox 485 2597 633 2664; x_wconf 75' lang='lat'>(302)</span> <span class='ocrx_word' id='word_1_203' title='bbox 684 2595 942 2649; x_wconf 82' lang='lat' dir='ltr'>fratribus</span> <span class='ocrx_word' id='word_1_204' title='bbox 988 2596 1053 2649; x_wconf 89' lang='lat' dir='ltr'>ad</span> <span class='ocrx_word' id='word_1_205' title='bbox 1116 2596 1266 2666; x_wconf 91' lang='lat' dir='ltr'>ipsos</span> <span class='ocrx_word' id='word_1_206' title='bbox 1314 2594 1638 2664; x_wconf 87' lang='lat' dir='ltr'>perveniret.</span> <span class='ocrx_word' id='word_1_207' title='bbox 1686 2595 1863 2649; x_wconf 89' lang='lat' dir='ltr'>Cave-</span> 
     </span>
    </p>
   </div>
   <div class='ocr_carea' id='block_1_31' title="bbox 257 2682 1860 2754">
    <p class='ocr_par' dir='ltr' id='par_1_31' title="bbox 257 2682 1860 2754">
     <span class='ocr_line' id='line_1_31' title="bbox 257 2682 1860 2754; baseline 0 -18"><span class='ocrx_word' id='word_1_208' title='bbox 257 2684 346 2736; x_wconf 91' lang='lat' dir='ltr'>bat</span> <span class='ocrx_word' id='word_1_209' title='bbox 408 2683 551 2737; x_wconf 90' lang='lat' dir='ltr'>enim</span> <span class='ocrx_word' id='word_1_210' title='bbox 619 2699 988 2754; x_wconf 88' lang='lat' dir='ltr'>summopere,</span> <span class='ocrx_word' id='word_1_211' title='bbox 1048 2700 1116 2737; x_wconf 90' lang='lat' dir='ltr'>ne</span> <span class='ocrx_word' id='word_1_212' title='bbox 1190 2700 1320 2737; x_wconf 85' lang='lat' dir='ltr'>suus</span> <span class='ocrx_word' id='word_1_213' title='bbox 1376 2683 1638 2738; x_wconf 85' lang='lat' dir='ltr'>adventus</span> <span class='ocrx_word' id='word_1_214' title='bbox 1702 2682 1860 2753; x_wconf 89' lang='lat' dir='ltr'>quie-</span> 
     </span>
    </p>
   </div>
   <div class='ocr_carea' id='block_1_32' title="bbox 256 2770 1851 2827">
    <p class='ocr_par' dir='ltr' id='par_1_32' title="bbox 256 2770 1851 2827">
     <span class='ocr_line' id='line_1_32' title="bbox 256 2770 1851 2827; baseline 0.001 -4"><span class='ocrx_word' id='word_1_215' title='bbox 256 2778 365 2824; x_wconf 85' lang='lat' dir='ltr'>tem</span> <span class='ocrx_word' id='word_1_216' title='bbox 442 2770 654 2825; x_wconf 90' lang='lat' dir='ltr'>illorum</span> <span class='ocrx_word' id='word_1_217' title='bbox 729 2772 918 2826; x_wconf 86' lang='lat' dir='ltr'>saltem</span> <span class='ocrx_word' id='word_1_218' title='bbox 989 2771 1203 2827; x_wconf 90' lang='lat' dir='ltr'>modice</span> <span class='ocrx_word' id='word_1_219' title='bbox 1284 2771 1581 2826; x_wconf 88' lang='lat' dir='ltr'>infestaret.</span> <span class='ocrx_word' id='word_1_220' title='bbox 1654 2771 1851 2825; x_wconf 81' lang='lat' dir='ltr'>Mansit</span> 
     </span>
    </p>
   </div>
   <div class='ocr_carea' id='block_1_33' title="bbox 252 2859 1852 2930">
    <p class='ocr_par' dir='ltr' id='par_1_33' title="bbox 252 2859 1852 2930">
     <span class='ocr_line' id='line_1_33' title="bbox 252 2859 1852 2930; baseline 0.001 -19"><span class='ocrx_word' id='word_1_221' title='bbox 252 2859 397 2929; x_wconf 88' lang='lat' dir='ltr'>apud</span> <span class='ocrx_word' id='word_1_222' title='bbox 442 2874 556 2927; x_wconf 91' lang='lat' dir='ltr'>eos,</span> <span class='ocrx_word' id='word_1_223' title='bbox 609 2860 783 2913; x_wconf 90' lang='lat' dir='ltr'>tribus</span> <span class='ocrx_word' id='word_1_224' title='bbox 829 2859 1141 2930; x_wconf 89' lang='lat' dir='ltr'>septimanis</span> <span class='ocrx_word' id='word_1_225' title='bbox 1189 2860 1339 2929; x_wconf 89' lang='lat'>(303)</span> <span class='ocrx_word' id='word_1_226' title='bbox 1393 2860 1646 2913; x_wconf 89' lang='lat' dir='ltr'>continue</span> <span class='ocrx_word' id='word_1_227' title='bbox 1695 2859 1852 2928; x_wconf 88' lang='lat' dir='ltr'>quasi</span> 
     </span>
    </p>
   </div>
   <div class='ocr_carea' id='block_1_34' title="bbox 250 2946 1862 3016">
    <p class='ocr_par' dir='ltr' id='par_1_34' title="bbox 250 2946 1862 3016">
     <span class='ocr_line' id='line_1_34' title="bbox 250 2946 1862 3016; baseline 0.001 -16"><span class='ocrx_word' id='word_1_228' title='bbox 250 2963 391 3000; x_wconf 90' lang='lat' dir='ltr'>unus</span> <span class='ocrx_word' id='word_1_229' title='bbox 450 2963 516 3001; x_wconf 88' lang='lat' dir='ltr'>ex</span> <span class='ocrx_word' id='word_1_230' title='bbox 547 2946 671 3001; x_wconf 83' lang='lat' dir='ltr'>eis?</span> <span class='ocrx_word' id='word_1_231' title='bbox 712 2948 863 3002; x_wconf 88' lang='lat' dir='ltr'>horis</span> <span class='ocrx_word' id='word_1_232' title='bbox 906 2948 1142 3001; x_wconf 84' lang='lat' dir='ltr'>maxime</span> <span class='ocrx_word' id='word_1_233' title='bbox 1186 2946 1469 3002; x_wconf 88' lang='lat' dir='ltr'>nocturnis</span> <span class='ocrx_word' id='word_1_234' title='bbox 1516 2946 1862 3016; x_wconf 88' lang='lat' dir='ltr'>psallentium</span> 
     </span>
    </p>
   </div>
   <div class='ocr_carea' id='block_1_35' title="bbox 262 3033 1858 3105">
    <p class='ocr_par' dir='ltr' id='par_1_35' title="bbox 262 3033 1858 3105">
     <span class='ocr_line' id='line_1_35' title="bbox 262 3033 1858 3105; baseline 0 -17"><span class='ocrx_word' id='word_1_235' title='bbox 262 3049 541 3105; x_wconf 89' lang='lat' dir='ltr'>nunquam</span> <span class='ocrx_word' id='word_1_236' title='bbox 618 3036 785 3090; x_wconf 92' lang='lat' dir='ltr'>choro</span> <span class='ocrx_word' id='word_1_237' title='bbox 863 3034 1093 3089; x_wconf 85' lang='lat' dir='ltr'>fratrum</span> <span class='ocrx_word' id='word_1_238' title='bbox 1155 3034 1374 3102; x_wconf 86' lang='lat' dir='ltr'>absens,</span> <span class='ocrx_word' id='word_1_239' title='bbox 1450 3033 1753 3088; x_wconf 89' lang='lat' dir='ltr'>dormiebat</span> <span class='ocrx_word' id='word_1_240' title='bbox 1805 3034 1858 3088; x_wconf 90' lang='lat' dir='ltr'>in</span> 
     </span>
    </p>
   </div>
   <div class='ocr_carea' id='block_1_36' title="bbox 247 3121 1848 3193">
    <p class='ocr_par' dir='ltr' id='par_1_36' title="bbox 247 3121 1848 3193">
     <span class='ocr_line' id='line_1_36' title="bbox 247 3121 1848 3193; baseline -0.001 -16"><span class='ocrx_word' id='word_1_241' title='bbox 247 3123 387 3177; x_wconf 90' lang='lat' dir='ltr'>cella</span> <span class='ocrx_word' id='word_1_242' title='bbox 408 3123 644 3177; x_wconf 91' lang='lat' dir='ltr'>solitaria</span> <span class='ocrx_word' id='word_1_243' title='bbox 700 3139 917 3193; x_wconf 89' lang='lat' dir='ltr'>semper</span> <span class='ocrx_word' id='word_1_244' title='bbox 976 3123 1143 3177; x_wconf 90' lang='lat' dir='ltr'>solus.</span> <span class='ocrx_word' id='word_1_245' title='bbox 1204 3121 1323 3190; x_wconf 87' lang='lat' dir='ltr'>Quo</span> <span class='ocrx_word' id='word_1_246' title='bbox 1371 3121 1533 3176; x_wconf 90' lang='lat' dir='ltr'>etiam</span> <span class='ocrx_word' id='word_1_247' title='bbox 1584 3130 1848 3192; x_wconf 88' lang='lat' dir='ltr'>tempore,</span> 
     </span>
    </p>
   </div>
   <div class='ocr_carea' id='block_1_37' title="bbox 249 3209 1857 3281">
    <p class='ocr_par' dir='ltr' id='par_1_37' title="bbox 249 3209 1857 3281">
     <span class='ocr_line' id='line_1_37' title="bbox 249 3209 1857 3281; baseline -0.002 -17"><span class='ocrx_word' id='word_1_248' title='bbox 249 3210 323 3263; x_wconf 88' lang='lat' dir='ltr'>ibi</span> <span class='ocrx_word' id='word_1_249' title='bbox 356 3218 615 3281; x_wconf 89' lang='lat' dir='ltr'>quantum</span> <span class='ocrx_word' id='word_1_250' title='bbox 662 3211 924 3276; x_wconf 84' lang='lat' dir='ltr'>hauserit,</span> <span class='ocrx_word' id='word_1_251' title='bbox 976 3218 1304 3281; x_wconf 89' lang='lat' dir='ltr'>quantumve</span> <span class='ocrx_word' id='word_1_252' title='bbox 1340 3209 1633 3277; x_wconf 89' lang='lat' dir='ltr'>sumpserit</span> <span class='ocrx_word' id='word_1_253' title='bbox 1678 3226 1742 3264; x_wconf 84' lang='lat' dir='ltr'>ex</span> <span class='ocrx_word' id='word_1_254' title='bbox 1773 3210 1857 3263; x_wconf 90' lang='lat' dir='ltr'>vi—</span> 
     </span>
    </p>
   </div>
   <div class='ocr_carea' id='block_1_38' title="bbox 246 3296 1856 3366">
    <p class='ocr_par' dir='ltr' id='par_1_38' title="bbox 246 3296 1856 3366">
     <span class='ocr_line' id='line_1_38' title="bbox 246 3296 1856 3366; baseline -0.002 -13"><span class='ocrx_word' id='word_1_255' title='bbox 246 3298 392 3353; x_wconf 90' lang='lat' dir='ltr'>caria</span> <span class='ocrx_word' id='word_1_256' title='bbox 417 3298 702 3354; x_wconf 89' lang='lat' dir='ltr'>collatione</span> <span class='ocrx_word' id='word_1_257' title='bbox 751 3298 995 3353; x_wconf 89' lang='lat' dir='ltr'>virorum</span> <span class='ocrx_word' id='word_1_258' title='bbox 1038 3306 1341 3353; x_wconf 90' lang='lat' dir='ltr'>sanctorum</span> <span class='ocrx_word' id='word_1_259' title='bbox 1391 3296 1694 3351; x_wconf 82' lang='lat' dir='ltr'>dulcedinis</span> <span class='ocrx_word' id='word_1_260' title='bbox 1740 3296 1856 3366; x_wconf 89' lang='lat' dir='ltr'>spi-</span> 
     </span>
    </p>
   </div>
   <div class='ocr_carea' id='block_1_39' title="bbox 252 3384 1855 3455">
    <p class='ocr_par' dir='ltr' id='par_1_39' title="bbox 252 3384 1855 3455">
     <span class='ocr_line' id='line_1_39' title="bbox 252 3384 1855 3455; baseline -0.001 -16"><span class='ocrx_word' id='word_1_261' title='bbox 252 3386 483 3453; x_wconf 90' lang='lat' dir='ltr'>ritualis,</span> <span class='ocrx_word' id='word_1_262' title='bbox 518 3387 718 3441; x_wconf 87' lang='lat' dir='ltr'>nostris</span> <span class='ocrx_word' id='word_1_263' title='bbox 748 3402 908 3441; x_wconf 91' lang='lat' dir='ltr'>nemo</span> <span class='ocrx_word' id='word_1_264' title='bbox 937 3402 969 3439; x_wconf 90' lang='lat' dir='ltr'>a</span> <span class='ocrx_word' id='word_1_265' title='bbox 1016 3386 1174 3440; x_wconf 87' lang='lat' dir='ltr'>nobis</span> <span class='ocrx_word' id='word_1_266' title='bbox 1216 3392 1489 3455; x_wconf 87' lang='lat' dir='ltr'>exspectat</span> <span class='ocrx_word' id='word_1_267' title='bbox 1539 3384 1733 3438; x_wconf 90' lang='lat' dir='ltr'>litteris</span> <span class='ocrx_word' id='word_1_268' title='bbox 1763 3400 1855 3439; x_wconf 89' lang='lat' dir='ltr'>ex-</span> 
     </span>
    </p>
   </div>
   <div class='ocr_carea' id='block_1_40' title="bbox 247 3472 1855 3545">
    <p class='ocr_par' dir='ltr' id='par_1_40' title="bbox 247 3472 1855 3545">
     <span class='ocr_line' id='line_1_40' title="bbox 247 3472 1855 3545; baseline -0.001 -18"><span class='ocrx_word' id='word_1_269' title='bbox 247 3474 479 3544; x_wconf 83' lang='lat' dir='ltr'>plicari;</span> <span class='ocrx_word' id='word_1_270' title='bbox 514 3474 568 3528; x_wconf 92' lang='lat' dir='ltr'>id</span> <span class='ocrx_word' id='word_1_271' title='bbox 594 3490 829 3545; x_wconf 90' lang='lat' dir='ltr'>namque</span> <span class='ocrx_word' id='word_1_272' title='bbox 873 3490 972 3528; x_wconf 92' lang='lat' dir='ltr'>nec</span> <span class='ocrx_word' id='word_1_273' title='bbox 1019 3475 1136 3544; x_wconf 91' lang='lat' dir='ltr'>ipse</span> <span class='ocrx_word' id='word_1_274' title='bbox 1178 3473 1358 3528; x_wconf 90' lang='lat' dir='ltr'>verbis</span> <span class='ocrx_word' id='word_1_275' title='bbox 1406 3472 1620 3543; x_wconf 89' lang='lat' dir='ltr'>quidem</span> <span class='ocrx_word' id='word_1_276' title='bbox 1669 3479 1855 3541; x_wconf 88' lang='lat' dir='ltr'>posset</span> 
     </span>
    </p>
   </div>
   <div class='ocr_carea' id='block_1_41' title="bbox 248 3560 1585 3634">
    <p class='ocr_par' dir='ltr' id='par_1_41' title="bbox 248 3560 1585 3634">
     <span class='ocr_line' id='line_1_41' title="bbox 248 3560 1585 3634; baseline -0.002 -17"><span class='ocrx_word' id='word_1_277' title='bbox 248 3561 418 3628; x_wconf 86' lang='lat' dir='ltr'>effari,</span> <span class='ocrx_word' id='word_1_278' title='bbox 452 3563 541 3634; x_wconf 89' lang='lat' dir='ltr'>qui</span> <span class='ocrx_word' id='word_1_279' title='bbox 572 3563 737 3618; x_wconf 86' lang='lat' dir='ltr'>rebus</span> <span class='ocrx_word' id='word_1_280' title='bbox 769 3562 1004 3633; x_wconf 90' lang='lat' dir='ltr'>idipsum</span> <span class='ocrx_word' id='word_1_281' title='bbox 1032 3570 1305 3617; x_wconf 88' lang='lat' dir='ltr'>meruerat</span> <span class='ocrx_word' id='word_1_282' title='bbox 1334 3560 1585 3631; x_wconf 89' lang='lat' dir='ltr'>experiri.</span> 
     </span>
    </p>
   </div>
   <div class='ocr_carea' id='block_1_42' title="bbox 317 3736 1851 3802">
    <p class='ocr_par' dir='ltr' id='par_1_42' title="bbox 317 3736 1851 3802">
     <span class='ocr_line' id='line_1_42' title="bbox 317 3736 1851 3802; baseline 0 -14"><span class='ocrx_word' id='word_1_283' title='bbox 317 3736 457 3801; x_wconf 69' lang='lat'>(299)</span> <span class='ocrx_word' id='word_1_284' title='bbox 481 3740 857 3802; x_wconf 80' lang='lat' dir='ltr'>Distinguendus</span> <span class='ocrx_word' id='word_1_285' title='bbox 902 3741 979 3789; x_wconf 90' lang='lat' dir='ltr'>hic</span> <span class='ocrx_word' id='word_1_286' title='bbox 1007 3754 1130 3802; x_wconf 89' lang='lat' dir='ltr'>puer</span> <span class='ocrx_word' id='word_1_287' title='bbox 1168 3741 1227 3790; x_wconf 91' lang='lat' dir='ltr'>ab</span> <span class='ocrx_word' id='word_1_288' title='bbox 1254 3741 1406 3793; x_wconf 88' lang='lat' dir='ltr'>altero</span> <span class='ocrx_word' id='word_1_289' title='bbox 1431 3740 1579 3790; x_wconf 90' lang='lat' dir='ltr'>etiam</span> <span class='ocrx_word' id='word_1_290' title='bbox 1618 3739 1851 3790; x_wconf 88' lang='lat' dir='ltr'>Willelmi</span> 
     </span>
    </p>
   </div>
   <div class='ocr_carea' id='block_1_43' title="bbox 248 3806 1850 3867">
    <p class='ocr_par' dir='ltr' id='par_1_43' title="bbox 248 3806 1850 3867">
     <span class='ocr_line' id='line_1_43' title="bbox 248 3806 1850 3867; baseline 0.001 -13"><span class='ocrx_word' id='word_1_291' title='bbox 248 3806 423 3855; x_wconf 83' lang='lat' dir='ltr'>fratris</span> <span class='ocrx_word' id='word_1_292' title='bbox 447 3808 499 3856; x_wconf 91' lang='lat' dir='ltr'>S.</span> <span class='ocrx_word' id='word_1_293' title='bbox 528 3807 741 3867; x_wconf 81' lang='lat' dir='ltr'>llugonis</span> <span class='ocrx_word' id='word_1_294' title='bbox 767 3807 885 3867; x_wconf 80' lang='lat' dir='ltr'>lilio,</span> <span class='ocrx_word' id='word_1_295' title='bbox 911 3807 1045 3867; x_wconf 88' lang='lat' dir='ltr'>cujus</span> <span class='ocrx_word' id='word_1_296' title='bbox 1066 3808 1120 3855; x_wconf 84' lang='lat' dir='ltr'>tit</span> <span class='ocrx_word' id='word_1_297' title='bbox 1146 3806 1327 3856; x_wconf 87' lang='lat' dir='ltr'>mentio</span> <span class='ocrx_word' id='word_1_298' title='bbox 1352 3808 1436 3856; x_wconf 90' lang='lat' dir='ltr'>lib.</span> <span class='ocrx_word' id='word_1_299' title='bbox 1463 3821 1539 3866; x_wconf 80' lang='lat' dir='ltr'>in,</span> <span class='ocrx_word' id='word_1_300' title='bbox 1562 3820 1607 3855; x_wconf 92' lang='lat' dir='ltr'>c.</span> <span class='ocrx_word' id='word_1_301' title='bbox 1636 3808 1715 3855; x_wconf 81' lang='grc'>15.</span> <span class='ocrx_word' id='word_1_302' title='bbox 1756 3808 1850 3856; x_wconf 83' lang='lat' dir='ltr'>Iste</span> 
     </span>
    </p>
   </div>
   <div class='ocr_carea' id='block_1_44' title="bbox 248 3872 1851 3934">
    <p class='ocr_par' dir='ltr' id='par_1_44' title="bbox 248 3872 1851 3934">
     <span class='ocr_line' id='line_1_44' title="bbox 248 3872 1851 3934; baseline 0 -13"><span class='ocrx_word' id='word_1_303' title='bbox 248 3872 426 3921; x_wconf 89' lang='lat' dir='ltr'>etenim</span> <span class='ocrx_word' id='word_1_304' title='bbox 452 3873 778 3934; x_wconf 88' lang='lat' dir='ltr'>applaudebat</span> <span class='ocrx_word' id='word_1_305' title='bbox 802 3874 1009 3933; x_wconf 80' lang='lat' dir='ltr'>Hugoni,</span> <span class='ocrx_word' id='word_1_306' title='bbox 1038 3876 1194 3924; x_wconf 91' lang='lat' dir='ltr'>adhuc</span> <span class='ocrx_word' id='word_1_307' title='bbox 1214 3874 1361 3934; x_wconf 87' lang='lat' dir='ltr'>priori</span> <span class='ocrx_word' id='word_1_308' title='bbox 1404 3873 1449 3921; x_wconf 91' lang='lat' dir='ltr'>in</span> <span class='ocrx_word' id='word_1_309' title='bbox 1472 3872 1729 3922; x_wconf 79' lang='lat' dir='ltr'>Witham?</span> <span class='ocrx_word' id='word_1_310' title='bbox 1772 3872 1851 3921; x_wconf 91' lang='lat' dir='ltr'>hic</span> 
     </span>
    </p>
   </div>
   <div class='ocr_carea' id='block_1_45' title="bbox 246 3938 1850 4001">
    <p class='ocr_par' dir='ltr' id='par_1_45' title="bbox 246 3938 1850 4001">
     <span class='ocr_line' id='line_1_45' title="bbox 246 3938 1850 4001; baseline 0.001 -16"><span class='ocrx_word' id='word_1_311' title='bbox 246 3950 361 3986; x_wconf 90' lang='lat' dir='ltr'>vero</span> <span class='ocrx_word' id='word_1_312' title='bbox 386 3938 658 4000; x_wconf 83' lang='lat' dir='ltr'>baptizatur</span> <span class='ocrx_word' id='word_1_313' title='bbox 683 3939 744 3988; x_wconf 89' lang='lat' dir='ltr'>ab</span> <span class='ocrx_word' id='word_1_314' title='bbox 766 3939 845 3988; x_wconf 92' lang='lat' dir='ltr'>illo</span> <span class='ocrx_word' id='word_1_315' title='bbox 859 3939 959 4000; x_wconf 89' lang='lat' dir='ltr'>jam</span> <span class='ocrx_word' id='word_1_316' title='bbox 994 3941 1237 4001; x_wconf 85' lang='lat' dir='ltr'>episcopo,</span> <span class='ocrx_word' id='word_1_317' title='bbox 1277 3939 1445 3989; x_wconf 89' lang='lat' dir='ltr'>ultimo</span> <span class='ocrx_word' id='word_1_318' title='bbox 1484 3939 1593 3989; x_wconf 65' lang='lat' dir='ltr'>vitae</span> <span class='ocrx_word' id='word_1_319' title='bbox 1639 3944 1688 3989; x_wconf 88' lang='lat' dir='ltr'>et</span> <span class='ocrx_word' id='word_1_320' title='bbox 1729 3939 1850 4000; x_wconf 86' lang='lat' dir='ltr'>epis-</span> 
     </span>
    </p>
   </div>
   <div class='ocr_carea' id='block_1_46' title="bbox 248 4006 620 4065">
    <p class='ocr_par' dir='ltr' id='par_1_46' title="bbox 248 4006 620 4065">
     <span class='ocr_line' id='line_1_46' title="bbox 248 4006 620 4065; baseline 0.005 -13"><span class='ocrx_word' id='word_1_321' title='bbox 248 4006 448 4065; x_wconf 87' lang='lat' dir='ltr'>copatus</span> <span class='ocrx_word' id='word_1_322' title='bbox 472 4017 620 4054; x_wconf 90' lang='lat' dir='ltr'>anno.</span> 
     </span>
    </p>
   </div>
   <div class='ocr_carea' id='block_1_47' title="bbox 316 4086 1848 4151">
    <p class='ocr_par' dir='ltr' id='par_1_47' title="bbox 316 4086 1848 4151">
     <span class='ocr_line' id='line_1_47' title="bbox 316 4086 1848 4151; baseline 0.002 -15"><span class='ocrx_word' id='word_1_323' title='bbox 316 4086 458 4148; x_wconf 77' lang='lat'>(“500)</span> <span class='ocrx_word' id='word_1_324' title='bbox 486 4089 665 4138; x_wconf 56' lang='lat' dir='ltr'>l&#39;ra‘sul</span> <span class='ocrx_word' id='word_1_325' title='bbox 691 4089 1186 4151; x_wconf 87' lang='lat' dir='ltr'>Gratianopolitanus,</span> <span class='ocrx_word' id='word_1_326' title='bbox 1237 4102 1365 4139; x_wconf 89' lang='lat' dir='ltr'>anno</span> <span class='ocrx_word' id='word_1_327' title='bbox 1413 4089 1561 4151; x_wconf 70' lang='grc'><strong>1200,</strong></span> <span class='ocrx_word' id='word_1_328' title='bbox 1604 4091 1715 4138; x_wconf 89' lang='lat' dir='ltr'>erat</span> <span class='ocrx_word' id='word_1_329' title='bbox 1763 4093 1848 4139; x_wconf 88' lang='lat' dir='ltr'>aut</span> 
     </span>
    </p>
   </div>
   <div class='ocr_carea' id='block_1_48' title="bbox 243 4153 1848 4215">
    <p class='ocr_par' dir='ltr' id='par_1_48' title="bbox 243 4153 1848 4215">
     <span class='ocr_line' id='line_1_48' title="bbox 243 4153 1848 4215; baseline 0.001 -14"><span class='ocrx_word' id='word_1_330' title='bbox 243 4153 476 4213; x_wconf 85' lang='lat' dir='ltr'>Joannes,</span> <span class='ocrx_word' id='word_1_331' title='bbox 505 4158 586 4203; x_wconf 91' lang='lat' dir='ltr'>aut</span> <span class='ocrx_word' id='word_1_332' title='bbox 610 4155 913 4212; x_wconf 86' lang='lat' dir='ltr'>Guillelmus,</span> <span class='ocrx_word' id='word_1_333' title='bbox 946 4159 1148 4215; x_wconf 89' lang='lat' dir='ltr'>uterque</span> <span class='ocrx_word' id='word_1_334' title='bbox 1173 4156 1549 4205; x_wconf 83' lang='lat' dir='ltr'>Carthusianus.</span> <span class='ocrx_word' id='word_1_335' title='bbox 1568 4156 1634 4204; x_wconf 90' lang='lat' dir='ltr'>De</span> <span class='ocrx_word' id='word_1_336' title='bbox 1663 4156 1848 4204; x_wconf 84' lang='lat' dir='ltr'>Joanne</span> 
     </span>
    </p>
   </div>
   <div class='ocr_carea' id='block_1_49' title="bbox 244 4220 1847 4281">
    <p class='ocr_par' dir='ltr' id='par_1_49' title="bbox 244 4220 1847 4281">
     <span class='ocr_line' id='line_1_49' title="bbox 244 4220 1847 4281; baseline 0.001 -13"><span class='ocrx_word' id='word_1_337' title='bbox 244 4220 440 4268; x_wconf 90' lang='lat' dir='ltr'>consule</span> <span class='ocrx_word' id='word_1_338' title='bbox 467 4221 693 4269; x_wconf 84' lang='lat' dir='ltr'>adnotata</span> <span class='ocrx_word' id='word_1_339' title='bbox 721 4222 779 4270; x_wconf 83' lang='lat' dir='ltr'>ad</span> <span class='ocrx_word' id='word_1_340' title='bbox 802 4222 899 4270; x_wconf 83' lang='lat' dir='ltr'>lib.</span> <span class='ocrx_word' id='word_1_341' title='bbox 926 4235 981 4281; x_wconf 84' lang='grc' dir='ltr'>ιι,</span> <span class='ocrx_word' id='word_1_342' title='bbox 1009 4235 1054 4269; x_wconf 91' lang='lat' dir='ltr'>c.</span> <span class='ocrx_word' id='word_1_343' title='bbox 1082 4222 1131 4269; x_wconf 65' lang='grc' dir='ltr'>ἐξ.</span> <span class='ocrx_word' id='word_1_344' title='bbox 1157 4223 1224 4270; x_wconf 90' lang='lat' dir='ltr'>De</span> <span class='ocrx_word' id='word_1_345' title='bbox 1246 4223 1500 4271; x_wconf 83' lang='lat' dir='ltr'>Guillelmo</span> <span class='ocrx_word' id='word_1_346' title='bbox 1536 4222 1603 4270; x_wconf 88' lang='lat' dir='ltr'>ita</span> <span class='ocrx_word' id='word_1_347' title='bbox 1633 4222 1847 4269; x_wconf 85' lang='lat' dir='ltr'>referunt</span> 
     </span>
    </p>
   </div>
   <div class='ocr_carea' id='block_1_50' title="bbox 243 4285 1841 4349">
    <p class='ocr_par' dir='ltr' id='par_1_50' title="bbox 243 4285 1841 4349">
     <span class='ocr_line' id='line_1_50' title="bbox 243 4285 1841 4349; baseline 0.002 -17"><span class='ocrx_word' id='word_1_348' title='bbox 243 4286 574 4335; x_wconf 85' lang='lat' dir='ltr'>Carthusiani.</span> <span class='ocrx_word' id='word_1_349' title='bbox 624 4307 644 4328; x_wconf 77' lang='grc' dir='ltr'>ι</span> <span class='ocrx_word' id='word_1_350' title='bbox 677 4288 733 4335; x_wconf 88' lang='grc' dir='ltr'><strong>Ι).</strong></span> <span class='ocrx_word' id='word_1_351' title='bbox 784 4288 1070 4336; x_wconf 82' lang='lat' dir='ltr'>Guillelmus</span> <span class='ocrx_word' id='word_1_352' title='bbox 1097 4300 1210 4336; x_wconf 84' lang='lat' dir='ltr'>vere</span> <span class='ocrx_word' id='word_1_353' title='bbox 1248 4290 1353 4348; x_wconf 88' lang='lat' dir='ltr'>pius</span> <span class='ocrx_word' id='word_1_354' title='bbox 1402 4288 1513 4336; x_wconf 89' lang='lat' dir='ltr'>huic</span> <span class='ocrx_word' id='word_1_355' title='bbox 1562 4306 1578 4328; x_wconf 76' lang='grc' dir='ltr'>ι</span> <span class='ocrx_word' id='word_1_356' title='bbox 1629 4285 1841 4349; x_wconf 86' lang='lat' dir='ltr'>(Joanni.</span> 
     </span>
    </p>
   </div>
   <div class='ocr_carea' id='block_1_51' title="bbox 246 4351 1458 4417">
    <p class='ocr_par' dir='ltr' id='par_1_51' title="bbox 246 4351 1458 4417">
     <span class='ocr_line' id='line_1_51' title="bbox 246 4351 1458 4417; baseline 0.003 -19"><span class='ocrx_word' id='word_1_357' title='bbox 246 4363 389 4417; x_wconf 83' lang='lat' dir='ltr'>quem</span> <span class='ocrx_word' id='word_1_358' title='bbox 416 4353 549 4401; x_wconf 90' lang='lat' dir='ltr'>aiunt</span> <span class='ocrx_word' id='word_1_359' title='bbox 577 4356 813 4402; x_wconf 90' lang='lat' dir='ltr'>mortuum</span> <span class='ocrx_word' id='word_1_360' title='bbox 842 4366 968 4403; x_wconf 87' lang='lat' dir='ltr'>anno</span> <span class='ocrx_word' id='word_1_361' title='bbox 997 4354 1144 4411; x_wconf 67' lang='grc'><strong>1191,</strong></span> <span class='ocrx_word' id='word_1_362' title='bbox 1173 4354 1278 4401; x_wconf 78' lang='lat' dir='ltr'>Kal.</span> <span class='ocrx_word' id='word_1_363' title='bbox 1305 4351 1458 4417; x_wconf 83' lang='lat' dir='ltr'>Junii)</span> 
     </span>
    </p>
   </div>
   <div class='ocr_carea' id='block_1_52' title="bbox 243 4416 1848 4469">
    <p class='ocr_par' dir='ltr' id='par_1_52' title="bbox 243 4416 1848 4469">
     <span class='ocr_line' id='line_1_52' title="bbox 243 4416 1848 4469; baseline 0.002 -5"><span class='ocrx_word' id='word_1_364' title='bbox 243 4416 363 4465; x_wconf 90' lang='lat' dir='ltr'>obiit</span> <span class='ocrx_word' id='word_1_365' title='bbox 389 4430 513 4466; x_wconf 89' lang='lat' dir='ltr'>anno</span> <span class='ocrx_word' id='word_1_366' title='bbox 542 4418 691 4467; x_wconf 75' lang='lat'>1:223.</span> <span class='ocrx_word' id='word_1_367' title='bbox 719 4419 894 4468; x_wconf 80' lang='lat' dir='ltr'>Abbati</span> <span class='ocrx_word' id='word_1_368' title='bbox 921 4424 1083 4468; x_wconf 87' lang='lat' dir='ltr'>autem</span> <span class='ocrx_word' id='word_1_369' title='bbox 1109 4420 1311 4468; x_wconf 78' lang='lat' dir='ltr'>Morotio</span> <span class='ocrx_word' id='word_1_370' title='bbox 1331 4421 1539 4469; x_wconf 77' lang='lat' dir='ltr'>Joannes</span> <span class='ocrx_word' id='word_1_371' title='bbox 1566 4418 1722 4468; x_wconf 88' lang='lat' dir='ltr'>adhuc</span> <span class='ocrx_word' id='word_1_372' title='bbox 1742 4423 1848 4468; x_wconf 84' lang='lat' dir='ltr'>erat</span> 
     </span>
    </p>
   </div>
   <div class='ocr_carea' id='block_1_53' title="bbox 246 4482 1846 4535">
    <p class='ocr_par' dir='ltr' id='par_1_53' title="bbox 246 4482 1846 4535">
     <span class='ocr_line' id='line_1_53' title="bbox 246 4482 1846 4535; baseline 0.003 -6"><span class='ocrx_word' id='word_1_373' title='bbox 246 4482 292 4530; x_wconf 92' lang='lat' dir='ltr'>in</span> <span class='ocrx_word' id='word_1_374' title='bbox 333 4482 454 4531; x_wconf 84' lang='lat' dir='ltr'>vivis</span> <span class='ocrx_word' id='word_1_375' title='bbox 490 4496 616 4533; x_wconf 87' lang='lat' dir='ltr'>anno</span> <span class='ocrx_word' id='word_1_376' title='bbox 642 4485 790 4535; x_wconf 71' lang='grc'><strong>1219.</strong></span> <span class='ocrx_word' id='word_1_377' title='bbox 816 4486 927 4535; x_wconf 89' lang='lat' dir='ltr'>dum</span> <span class='ocrx_word' id='word_1_378' title='bbox 956 4486 1019 4534; x_wconf 88' lang='lat' dir='ltr'>ita</span> <span class='ocrx_word' id='word_1_379' title='bbox 1043 4484 1102 4533; x_wconf 92' lang='lat' dir='ltr'>de</span> <span class='ocrx_word' id='word_1_380' title='bbox 1129 4497 1184 4533; x_wconf 91' lang='lat' dir='ltr'>eo</span> <span class='ocrx_word' id='word_1_381' title='bbox 1209 4485 1380 4535; x_wconf 81' lang='lat' dir='ltr'>scribit</span> <span class='ocrx_word' id='word_1_382' title='bbox 1408 4522 1418 4533; x_wconf 93' lang='lat'>.</span> <span class='ocrx_word' id='word_1_383' title='bbox 1455 4500 1477 4531; x_wconf 75' lang='grc' dir='ltr'><strong>α</strong></span> <span class='ocrx_word' id='word_1_384' title='bbox 1503 4485 1677 4533; x_wconf 72' lang='lat' dir='ltr'>Steculi</span> <span class='ocrx_word' id='word_1_385' title='bbox 1728 4497 1846 4534; x_wconf 89' lang='lat' dir='ltr'>vero</span> 
     </span>
    </p>
   </div>
   <div class='ocr_carea' id='block_1_54' title="bbox 240 4548 1846 4609">
    <p class='ocr_par' dir='ltr' id='par_1_54' title="bbox 240 4548 1846 4609">
     <span class='ocr_line' id='line_1_54' title="bbox 240 4548 1846 4609; baseline 0.002 -13"><span class='ocrx_word' id='word_1_386' title='bbox 240 4548 581 4609; x_wconf 83' lang='lat' dir='ltr'>subsequentis</span> <span class='ocrx_word' id='word_1_387' title='bbox 606 4550 969 4609; x_wconf 70' lang='lat' dir='ltr'>undevigesimo</span> <span class='ocrx_word' id='word_1_388' title='bbox 1014 4564 1142 4599; x_wconf 86' lang='lat' dir='ltr'>anno</span> <span class='ocrx_word' id='word_1_389' title='bbox 1178 4553 1345 4601; x_wconf 87' lang='lat' dir='ltr'>urbem</span> <span class='ocrx_word' id='word_1_390' title='bbox 1390 4551 1679 4601; x_wconf 80' lang='lat' dir='ltr'>restauravit</span> <span class='ocrx_word' id='word_1_391' title='bbox 1727 4569 1748 4591; x_wconf 75' lang='grc' dir='ltr'><strong><em>ι</em></strong></span> <span class='ocrx_word' id='word_1_392' title='bbox 1778 4553 1846 4600; x_wconf 91' lang='lat' dir='ltr'>De</span> 
     </span>
    </p>
   </div>
   <div class='ocr_carea' id='block_1_55' title="bbox 243 4614 1837 4676">
    <p class='ocr_par' dir='ltr' id='par_1_55' title="bbox 243 4614 1837 4676">
     <span class='ocr_line' id='line_1_55' title="bbox 243 4614 1837 4676; baseline 0.003 -14"><span class='ocrx_word' id='word_1_393' title='bbox 243 4614 504 4665; x_wconf 87' lang='lat' dir='ltr'>Guillelmo</span> <span class='ocrx_word' id='word_1_394' title='bbox 530 4616 656 4665; x_wconf 90' lang='lat' dir='ltr'>idem</span> <span class='ocrx_word' id='word_1_395' title='bbox 683 4618 912 4666; x_wconf 81' lang='lat' dir='ltr'>Morotius</span> <span class='ocrx_word' id='word_1_396' title='bbox 941 4631 953 4660; x_wconf 84' lang='lat'><strong>:</strong></span> <span class='ocrx_word' id='word_1_397' title='bbox 990 4632 1009 4664; x_wconf 83' lang='lat' dir='ltr'>It</span> <span class='ocrx_word' id='word_1_398' title='bbox 1046 4619 1184 4667; x_wconf 82' lang='lat' dir='ltr'>Anno</span> <span class='ocrx_word' id='word_1_399' title='bbox 1228 4619 1375 4673; x_wconf 69' lang='lat'>1221,</span> <span class='ocrx_word' id='word_1_400' title='bbox 1418 4617 1701 4667; x_wconf 87' lang='lat' dir='ltr'>Guillelmus</span> <span class='ocrx_word' id='word_1_401' title='bbox 1733 4616 1837 4676; x_wconf 87' lang='lat' dir='ltr'>jam</span> 
     </span>
    </p>
   </div>
   <div class='ocr_carea' id='block_1_56' title="bbox 241 4682 1845 4745">
    <p class='ocr_par' dir='ltr' id='par_1_56' title="bbox 241 4682 1845 4745">
     <span class='ocr_line' id='line_1_56' title="bbox 241 4682 1845 4745; baseline 0.001 -17"><span class='ocrx_word' id='word_1_402' title='bbox 241 4684 408 4729; x_wconf 88' lang='lat' dir='ltr'>sextus</span> <span class='ocrx_word' id='word_1_403' title='bbox 430 4694 487 4730; x_wconf 88' lang='lat' dir='ltr'>ex</span> <span class='ocrx_word' id='word_1_404' title='bbox 513 4683 766 4730; x_wconf 77' lang='lat' dir='ltr'>emnobitis</span> <span class='ocrx_word' id='word_1_405' title='bbox 790 4683 1192 4745; x_wconf 75' lang='lat' dir='ltr'>protocarthusim</span> <span class='ocrx_word' id='word_1_406' title='bbox 1218 4684 1462 4745; x_wconf 83' lang='lat' dir='ltr'>diptychis</span> <span class='ocrx_word' id='word_1_407' title='bbox 1489 4682 1634 4742; x_wconf 87' lang='lat' dir='ltr'>hujus</span> <span class='ocrx_word' id='word_1_408' title='bbox 1676 4683 1845 4731; x_wconf 87' lang='lat' dir='ltr'>Eccle-</span> 
     </span>
    </p>
   </div>
   <div class='ocr_carea' id='block_1_57' title="bbox 242 4746 1843 4813">
    <p class='ocr_par' dir='ltr' id='par_1_57' title="bbox 242 4746 1843 4813">
     <span class='ocr_line' id='line_1_57' title="bbox 242 4746 1843 4813; baseline 0.002 -18"><span class='ocrx_word' id='word_1_409' title='bbox 242 4746 328 4795; x_wconf 68' lang='lat' dir='ltr'>sia:</span> <span class='ocrx_word' id='word_1_410' title='bbox 355 4762 373 4791; x_wconf 72' lang='grc' dir='ltr'><strong>ιι</strong></span> <span class='ocrx_word' id='word_1_411' title='bbox 413 4746 769 4809; x_wconf 90' lang='lat' dir='ltr'>(Gratianop.)</span> <span class='ocrx_word' id='word_1_412' title='bbox 808 4750 1061 4799; x_wconf 67' lang='lat' dir='ltr'>«infertur</span> <span class='ocrx_word' id='word_1_413' title='bbox 1110 4749 1384 4813; x_wconf 87' lang='lat' dir='ltr'>episcopus,</span> <span class='ocrx_word' id='word_1_414' title='bbox 1434 4753 1481 4800; x_wconf 91' lang='lat' dir='ltr'>et</span> <span class='ocrx_word' id='word_1_415' title='bbox 1518 4749 1632 4797; x_wconf 89' lang='lat' dir='ltr'>licet</span> <span class='ocrx_word' id='word_1_416' title='bbox 1681 4748 1843 4798; x_wconf 87' lang='lat' dir='ltr'>brevis</span> 
     </span>
    </p>
   </div>
   <div class='ocr_carea' id='block_1_58' title="bbox 242 4813 1841 4879">
    <p class='ocr_par' dir='ltr' id='par_1_58' title="bbox 242 4813 1841 4879">
     <span class='ocr_line' id='line_1_58' title="bbox 242 4813 1841 4879; baseline 0.001 -18"><span class='ocrx_word' id='word_1_417' title='bbox 242 4815 429 4879; x_wconf 83' lang='lat' dir='ltr'>pastor,</span> <span class='ocrx_word' id='word_1_418' title='bbox 453 4813 677 4862; x_wconf 87' lang='lat' dir='ltr'>nimirum</span> <span class='ocrx_word' id='word_1_419' title='bbox 696 4814 822 4863; x_wconf 79' lang='lat' dir='ltr'>intra</span> <span class='ocrx_word' id='word_1_420' title='bbox 850 4816 1108 4864; x_wconf 88' lang='lat' dir='ltr'>triennium</span> <span class='ocrx_word' id='word_1_421' title='bbox 1137 4816 1309 4873; x_wconf 89' lang='lat' dir='ltr'>elatus,</span> <span class='ocrx_word' id='word_1_422' title='bbox 1332 4818 1736 4879; x_wconf 73' lang='lat' dir='ltr'>praedecessorum</span> <span class='ocrx_word' id='word_1_423' title='bbox 1764 4818 1841 4863; x_wconf 89' lang='lat' dir='ltr'>ta-</span> 
     </span>
    </p>
   </div>
   <div class='ocr_carea' id='block_1_59' title="bbox 242 4878 1841 4942">
    <p class='ocr_par' dir='ltr' id='par_1_59' title="bbox 242 4878 1841 4942">
     <span class='ocr_line' id='line_1_59' title="bbox 242 4878 1841 4942; baseline 0.002 -15"><span class='ocrx_word' id='word_1_424' title='bbox 242 4890 352 4927; x_wconf 88' lang='lat' dir='ltr'>men</span> <span class='ocrx_word' id='word_1_425' title='bbox 382 4878 517 4928; x_wconf 85' lang='lat' dir='ltr'>dotes</span> <span class='ocrx_word' id='word_1_426' title='bbox 541 4880 833 4940; x_wconf 73' lang='lat' dir='ltr'>adzequans,</span> <span class='ocrx_word' id='word_1_427' title='bbox 876 4882 1165 4942; x_wconf 87' lang='lat' dir='ltr'>probitatis,</span> <span class='ocrx_word' id='word_1_428' title='bbox 1207 4878 1350 4942; x_wconf 86' lang='lat' dir='ltr'>quam</span> <span class='ocrx_word' id='word_1_429' title='bbox 1395 4883 1443 4932; x_wconf 93' lang='lat' dir='ltr'>in</span> <span class='ocrx_word' id='word_1_430' title='bbox 1483 4880 1841 4930; x_wconf 88' lang='lat' dir='ltr'>absolutissimo</span> 
     </span>
    </p>
   </div>
   <div class='ocr_carea' id='block_1_60' title="bbox 240 4944 1837 5007">
    <p class='ocr_par' dir='ltr' id='par_1_60' title="bbox 240 4944 1837 5007">
     <span class='ocr_line' id='line_1_60' title="bbox 240 4944 1837 5007; baseline 0.003 -16"><span class='ocrx_word' id='word_1_431' title='bbox 240 4944 475 5004; x_wconf 87' lang='lat' dir='ltr'>ejusmodi</span> <span class='ocrx_word' id='word_1_432' title='bbox 502 4946 818 5006; x_wconf 66' lang='lat' dir='ltr'>perfectionis</span> <span class='ocrx_word' id='word_1_433' title='bbox 844 4949 1004 5007; x_wconf 83' lang='lat' dir='ltr'>Lycen</span> <span class='ocrx_word' id='word_1_434' title='bbox 1029 4949 1278 5003; x_wconf 83' lang='lat' dir='ltr'>hauserat.</span> <span class='ocrx_word' id='word_1_435' title='bbox 1320 4948 1549 4998; x_wconf 81' lang='lat' dir='ltr'>eximium</span> <span class='ocrx_word' id='word_1_436' title='bbox 1586 4947 1837 5007; x_wconf 85' lang='lat' dir='ltr'>specimen</span> 
     </span>
    </p>
   </div>
   <div class='ocr_carea' id='block_1_61' title="bbox 237 5010 1839 5078">
    <p class='ocr_par' dir='ltr' id='par_1_61' title="bbox 237 5010 1839 5078">
     <span class='ocr_line' id='line_1_61' title="bbox 237 5010 1839 5078; baseline 0.004 -22"><span class='ocrx_word' id='word_1_437' title='bbox 237 5010 514 5078; x_wconf 41' lang='lat' dir='ltr'>praebuit.»</span> <span class='ocrx_word' id='word_1_438' title='bbox 546 5013 659 5060; x_wconf 79' lang='lat' dir='ltr'>lla-c</span> <span class='ocrx_word' id='word_1_439' title='bbox 688 5014 931 5074; x_wconf 85' lang='lat' dir='ltr'>Morotius,</span> <span class='ocrx_word' id='word_1_440' title='bbox 959 5015 1158 5063; x_wconf 82' lang='lat' dir='ltr'>Joannis</span> <span class='ocrx_word' id='word_1_441' title='bbox 1207 5016 1425 5078; x_wconf 83' lang='lat' dir='ltr'>regimen</span> <span class='ocrx_word' id='word_1_442' title='bbox 1466 5014 1751 5075; x_wconf 75' lang='lat' dir='ltr'>extendens,</span> <span class='ocrx_word' id='word_1_443' title='bbox 1792 5017 1839 5063; x_wconf 88' lang='lat' dir='ltr'>et</span> 
     </span>
    </p>
   </div>
   <div class='ocr_carea' id='block_1_62' title="bbox 239 5076 753 5127">
    <p class='ocr_par' dir='ltr' id='par_1_62' title="bbox 239 5076 753 5127">
     <span class='ocr_line' id='line_1_62' title="bbox 239 5076 753 5127; baseline 0.004 -2"><span class='ocrx_word' id='word_1_444' title='bbox 239 5076 484 5125; x_wconf 87' lang='lat' dir='ltr'>Guillelmi</span> <span class='ocrx_word' id='word_1_445' title='bbox 513 5079 753 5127; x_wconf 83' lang='lat' dir='ltr'>minuens.</span> 
     </span>
    </p>
   </div>
   <div class='ocr_carea' id='block_1_63' title="bbox 300 5160 1834 5220">
    <p class='ocr_par' dir='ltr' id='par_1_63' title="bbox 300 5160 1834 5220">
     <span class='ocr_line' id='line_1_63' title="bbox 300 5160 1834 5220; baseline 0.004 -11"><span class='ocrx_word' id='word_1_446' title='bbox 300 5160 439 5220; x_wconf 81' lang='grc'><strong>(501)</strong></span> <span class='ocrx_word' id='word_1_447' title='bbox 464 5161 549 5209; x_wconf 88' lang='lat' dir='ltr'>Die</span> <span class='ocrx_word' id='word_1_448' title='bbox 591 5162 782 5212; x_wconf 87' lang='lat' dir='ltr'>scilicet</span> <span class='ocrx_word' id='word_1_449' title='bbox 829 5162 895 5211; x_wconf 74' lang='lat'>25</span> <span class='ocrx_word' id='word_1_450' title='bbox 936 5164 1059 5213; x_wconf 86' lang='lat' dir='ltr'>Junii</span> <span class='ocrx_word' id='word_1_451' title='bbox 1104 5165 1413 5215; x_wconf 86' lang='lat' dir='ltr'>tetenderunt</span> <span class='ocrx_word' id='word_1_452' title='bbox 1439 5166 1497 5215; x_wconf 90' lang='lat' dir='ltr'>ad</span> <span class='ocrx_word' id='word_1_453' title='bbox 1525 5165 1834 5215; x_wconf 86' lang='lat' dir='ltr'>Carthusiam</span> 
     </span>
    </p>
   </div>
   <div class='ocr_carea' id='block_1_64' title="bbox 233 5226 1606 5292">
    <p class='ocr_par' dir='ltr' id='par_1_64' title="bbox 233 5226 1606 5292">
     <span class='ocr_line' id='line_1_64' title="bbox 233 5226 1606 5292; baseline 0.003 -18"><span class='ocrx_word' id='word_1_454' title='bbox 233 5226 389 5274; x_wconf 87' lang='lat' dir='ltr'>tribus</span> <span class='ocrx_word' id='word_1_455' title='bbox 414 5227 618 5276; x_wconf 90' lang='lat' dir='ltr'>circiter</span> <span class='ocrx_word' id='word_1_456' title='bbox 645 5229 934 5279; x_wconf 79' lang='lat' dir='ltr'>militaribus</span> <span class='ocrx_word' id='word_1_457' title='bbox 962 5231 1295 5292; x_wconf 79' lang='lat' dir='ltr'>GratianOpolt</span> <span class='ocrx_word' id='word_1_458' title='bbox 1328 5233 1606 5282; x_wconf 84' lang='lat' dir='ltr'>distantem.</span> 
     </span>
    </p>
   </div>
   <div class='ocr_carea' id='block_1_65' title="bbox 303 5310 1834 5379">
    <p class='ocr_par' dir='ltr' id='par_1_65' title="bbox 303 5310 1834 5379">
     <span class='ocr_line' id='line_1_65' title="bbox 303 5310 1834 5379; baseline 0.008 -21"><span class='ocrx_word' id='word_1_459' title='bbox 303 5310 444 5371; x_wconf 72' lang='lat'>(302)</span> <span class='ocrx_word' id='word_1_460' title='bbox 472 5312 682 5373; x_wconf 76' lang='lat' dir='ltr'>Hugonis</span> <span class='ocrx_word' id='word_1_461' title='bbox 708 5312 851 5375; x_wconf 82' lang='lat' dir='ltr'>igitur</span> <span class='ocrx_word' id='word_1_462' title='bbox 889 5315 1184 5376; x_wconf 84' lang='lat' dir='ltr'>temporibus</span> <span class='ocrx_word' id='word_1_463' title='bbox 1219 5316 1412 5379; x_wconf 76' lang='lat' dir='ltr'>vigebat</span> <span class='ocrx_word' id='word_1_464' title='bbox 1438 5318 1595 5368; x_wconf 83' lang='lat' dir='ltr'>adhuc</span> <span class='ocrx_word' id='word_1_465' title='bbox 1623 5332 1834 5371; x_wconf 90' lang='lat' dir='ltr'>consue-</span> 
     </span>
    </p>
   </div>
   <div class='ocr_carea' id='block_1_66' title="bbox 1492 4349 1918 4406">
    <p class='ocr_par' dir='ltr' id='par_1_66' title="bbox 1492 4349 1918 4406">
     <span class='ocr_line' id='line_1_66' title="bbox 1492 4349 1918 4406; baseline 0.014 -6"><span class='ocrx_word' id='word_1_466' title='bbox 1492 4373 1510 4391; x_wconf 71' lang='grc' dir='ltr'><strong>ι</strong></span> <span class='ocrx_word' id='word_1_467' title='bbox 1541 4354 1774 4402; x_wconf 80' lang='lat' dir='ltr'>successit</span> <span class='ocrx_word' id='word_1_468' title='bbox 1800 4359 1848 4403; x_wconf 88' lang='lat' dir='ltr'>et</span> <span class='ocrx_word' id='word_1_469' title='bbox 1871 4349 1918 4406; x_wconf 91' lang='lat' dir='ltr'>D</span> 
     </span>
    </p>
   </div>
   <div class='ocr_carea' id='block_1_67' title="bbox 1974 480 3580 553">
    <p class='ocr_par' dir='ltr' id='par_1_67' title="bbox 1974 480 3580 553">
     <span class='ocr_line' id='line_1_67' title="bbox 1974 480 3580 553; baseline 0 -18"><span class='ocrx_word' id='word_1_470' title='bbox 1974 480 2031 535; x_wconf 92' lang='lat' dir='ltr'>in</span> <span class='ocrx_word' id='word_1_471' title='bbox 2080 481 2258 537; x_wconf 90' lang='lat' dir='ltr'>vicina</span> <span class='ocrx_word' id='word_1_472' title='bbox 2314 490 2723 538; x_wconf 89' lang='lat' dir='ltr'>commanentes</span> <span class='ocrx_word' id='word_1_473' title='bbox 2786 482 3064 553; x_wconf 88' lang='lat' dir='ltr'>parochia,</span> <span class='ocrx_word' id='word_1_474' title='bbox 3115 481 3271 552; x_wconf 90' lang='lat' dir='ltr'>quasi</span> <span class='ocrx_word' id='word_1_475' title='bbox 3336 481 3406 535; x_wconf 90' lang='lat' dir='ltr'>ad</span> <span class='ocrx_word' id='word_1_476' title='bbox 3454 481 3580 536; x_wconf 90' lang='lat' dir='ltr'>olim</span> 
     </span>
    </p>
   </div>
   <div class='ocr_carea' id='block_1_68' title="bbox 1975 569 3581 640">
    <p class='ocr_par' dir='ltr' id='par_1_68' title="bbox 1975 569 3581 640">
     <span class='ocr_line' id='line_1_68' title="bbox 1975 569 3581 640; baseline -0.001 -16"><span class='ocrx_word' id='word_1_477' title='bbox 1975 569 2398 636; x_wconf 88' lang='lat' dir='ltr'>conclamatum,</span> <span class='ocrx_word' id='word_1_478' title='bbox 2434 579 2485 625; x_wconf 90' lang='lat' dir='ltr'>et</span> <span class='ocrx_word' id='word_1_479' title='bbox 2532 572 2647 637; x_wconf 88' lang='lat' dir='ltr'>jam</span> <span class='ocrx_word' id='word_1_480' title='bbox 2695 570 2997 626; x_wconf 89' lang='lat' dir='ltr'>redivivum</span> <span class='ocrx_word' id='word_1_481' title='bbox 3050 570 3438 640; x_wconf 89' lang='lat' dir='ltr'>propriumque</span> <span class='ocrx_word' id='word_1_482' title='bbox 3476 584 3581 639; x_wconf 83' lang='lat' dir='ltr'>pa-</span> 
     </span>
    </p>
   </div>
   <div class='ocr_carea' id='block_1_69' title="bbox 1978 656 3580 724">
    <p class='ocr_par' dir='ltr' id='par_1_69' title="bbox 1978 656 3580 724">
     <span class='ocr_line' id='line_1_69' title="bbox 1978 656 3580 724; baseline 0.001 -15"><span class='ocrx_word' id='word_1_483' title='bbox 1978 664 2192 711; x_wconf 90' lang='lat' dir='ltr'>rentum</span> <span class='ocrx_word' id='word_1_484' title='bbox 2224 658 2569 713; x_wconf 88' lang='lat' dir='ltr'>conﬂuebant</span> <span class='ocrx_word' id='word_1_485' title='bbox 2599 658 2845 713; x_wconf 91' lang='lat' dir='ltr'>certatim</span> <span class='ocrx_word' id='word_1_486' title='bbox 2876 658 2940 711; x_wconf 90' lang='lat' dir='ltr'>ad</span> <span class='ocrx_word' id='word_1_487' title='bbox 2973 673 3117 712; x_wconf 90' lang='lat' dir='ltr'>eum.</span> <span class='ocrx_word' id='word_1_488' title='bbox 3172 656 3323 724; x_wconf 88' lang='lat' dir='ltr'>Quos</span> <span class='ocrx_word' id='word_1_489' title='bbox 3352 656 3441 711; x_wconf 92' lang='lat' dir='ltr'>ille</span> <span class='ocrx_word' id='word_1_490' title='bbox 3473 672 3580 710; x_wconf 90' lang='lat' dir='ltr'>non</span> 
     </span>
    </p>
   </div>
   <div class='ocr_carea' id='block_1_70' title="bbox 1974 743 3580 817">
    <p class='ocr_par' dir='ltr' id='par_1_70' title="bbox 1974 743 3580 817">
     <span class='ocr_line' id='line_1_70' title="bbox 1974 743 3580 817; baseline 0 -20"><span class='ocrx_word' id='word_1_491' title='bbox 1974 744 2167 815; x_wconf 91' lang='lat' dir='ltr'>impari</span> <span class='ocrx_word' id='word_1_492' title='bbox 2199 745 2395 800; x_wconf 82' lang='lat' dir='ltr'>affectu</span> <span class='ocrx_word' id='word_1_493' title='bbox 2425 746 2738 817; x_wconf 81' lang='lat' dir='ltr'>complexus</span> <span class='ocrx_word' id='word_1_494' title='bbox 2786 754 2837 800; x_wconf 91' lang='lat' dir='ltr'>et</span> <span class='ocrx_word' id='word_1_495' title='bbox 2885 746 3229 812; x_wconf 88' lang='lat' dir='ltr'>deosculans,</span> <span class='ocrx_word' id='word_1_496' title='bbox 3280 743 3580 799; x_wconf 86' lang='lat' dir='ltr'>amicabili-</span> 
     </span>
    </p>
   </div>
   <div class='ocr_carea' id='block_1_71' title="bbox 1975 831 3579 906">
    <p class='ocr_par' dir='ltr' id='par_1_71' title="bbox 1975 831 3579 906">
     <span class='ocr_line' id='line_1_71' title="bbox 1975 831 3579 906; baseline 0 -21"><span class='ocrx_word' id='word_1_497' title='bbox 1975 839 2058 886; x_wconf 88' lang='lat' dir='ltr'>ter</span> <span class='ocrx_word' id='word_1_498' title='bbox 2088 842 2484 905; x_wconf 86' lang='lat' dir='ltr'>cognoscentes</span> <span class='ocrx_word' id='word_1_499' title='bbox 2526 850 2584 889; x_wconf 91' lang='lat' dir='ltr'>se</span> <span class='ocrx_word' id='word_1_500' title='bbox 2632 834 3084 906; x_wconf 87' lang='lat' dir='ltr'>recognoscebat.</span> <span class='ocrx_word' id='word_1_501' title='bbox 3135 834 3269 888; x_wconf 88' lang='lat' dir='ltr'>Cum</span> <span class='ocrx_word' id='word_1_502' title='bbox 3299 831 3493 903; x_wconf 90' lang='lat' dir='ltr'>quibus</span> <span class='ocrx_word' id='word_1_503' title='bbox 3525 839 3579 885; x_wconf 93' lang='lat' dir='ltr'>et</span> 
     </span>
    </p>
   </div>
   <div class='ocr_carea' id='block_1_72' title="bbox 1972 919 3577 993">
    <p class='ocr_par' dir='ltr' id='par_1_72' title="bbox 1972 919 3577 993">
     <span class='ocr_line' id='line_1_72' title="bbox 1972 919 3577 993; baseline 0 -20"><span class='ocrx_word' id='word_1_504' title='bbox 1972 919 2255 975; x_wconf 85' lang='lat' dir='ltr'>familiaria</span> <span class='ocrx_word' id='word_1_505' title='bbox 2312 921 2549 977; x_wconf 90' lang='lat' dir='ltr'>miscens</span> <span class='ocrx_word' id='word_1_506' title='bbox 2580 922 2866 993; x_wconf 91' lang='lat' dir='ltr'>colloquia,</span> <span class='ocrx_word' id='word_1_507' title='bbox 2900 938 2960 976; x_wconf 91' lang='lat' dir='ltr'>se</span> <span class='ocrx_word' id='word_1_508' title='bbox 2988 921 3209 991; x_wconf 90' lang='lat' dir='ltr'>parvulo</span> <span class='ocrx_word' id='word_1_509' title='bbox 3240 919 3317 974; x_wconf 90' lang='lat' dir='ltr'>illi</span> <span class='ocrx_word' id='word_1_510' title='bbox 3346 920 3577 974; x_wconf 87' lang='lat' dir='ltr'>docebat</span> 
     </span>
    </p>
   </div>
   <div class='ocr_carea' id='block_1_73' title="bbox 1974 1005 3576 1081">
    <p class='ocr_par' dir='ltr' id='par_1_73' title="bbox 1974 1005 3576 1081">
     <span class='ocr_line' id='line_1_73' title="bbox 1974 1005 3576 1081; baseline -0.001 -19"><span class='ocrx_word' id='word_1_511' title='bbox 1974 1016 2025 1062; x_wconf 93' lang='lat' dir='ltr'>et</span> <span class='ocrx_word' id='word_1_512' title='bbox 2054 1007 2209 1064; x_wconf 89' lang='lat' dir='ltr'>factis</span> <span class='ocrx_word' id='word_1_513' title='bbox 2237 1017 2288 1063; x_wconf 90' lang='lat' dir='ltr'>et</span> <span class='ocrx_word' id='word_1_514' title='bbox 2317 1010 2519 1076; x_wconf 89' lang='lat' dir='ltr'>verbis,</span> <span class='ocrx_word' id='word_1_515' title='bbox 2564 1009 2923 1075; x_wconf 90' lang='lat' dir='ltr'>consimilem,</span> <span class='ocrx_word' id='word_1_516' title='bbox 2971 1025 3133 1081; x_wconf 89' lang='lat' dir='ltr'>quem</span> <span class='ocrx_word' id='word_1_517' title='bbox 3178 1008 3440 1078; x_wconf 79' lang='lat' dir='ltr'>magister</span> <span class='ocrx_word' id='word_1_518' title='bbox 3467 1005 3576 1061; x_wconf 90' lang='lat' dir='ltr'>mi-</span> 
     </span>
    </p>
   </div>
   <div class='ocr_carea' id='block_1_74' title="bbox 1972 1095 3576 1168">
    <p class='ocr_par' dir='ltr' id='par_1_74' title="bbox 1972 1095 3576 1168">
     <span class='ocr_line' id='line_1_74' title="bbox 1972 1095 3576 1168; baseline -0.001 -19"><span class='ocrx_word' id='word_1_519' title='bbox 1972 1096 2039 1150; x_wconf 92' lang='lat' dir='ltr'>tis</span> <span class='ocrx_word' id='word_1_520' title='bbox 2068 1103 2119 1150; x_wconf 89' lang='lat' dir='ltr'>et</span> <span class='ocrx_word' id='word_1_521' title='bbox 2160 1096 2377 1151; x_wconf 91' lang='lat' dir='ltr'>humilis</span> <span class='ocrx_word' id='word_1_522' title='bbox 2421 1097 2534 1151; x_wconf 92' lang='lat' dir='ltr'>suis</span> <span class='ocrx_word' id='word_1_523' title='bbox 2574 1098 2857 1168; x_wconf 90' lang='lat' dir='ltr'>proposuit</span> <span class='ocrx_word' id='word_1_524' title='bbox 2902 1097 2955 1150; x_wconf 91' lang='lat' dir='ltr'>in</span> <span class='ocrx_word' id='word_1_525' title='bbox 3011 1096 3311 1168; x_wconf 88' lang='lat' dir='ltr'>Evangelio</span> <span class='ocrx_word' id='word_1_526' title='bbox 3356 1095 3576 1149; x_wconf 90' lang='lat' dir='ltr'>imitan-</span> 
     </span>
    </p>
   </div>
   <div class='ocr_carea' id='block_1_75' title="bbox 1972 1182 3576 1255">
    <p class='ocr_par' dir='ltr' id='par_1_75' title="bbox 1972 1182 3576 1255">
     <span class='ocr_line' id='line_1_75' title="bbox 1972 1182 3576 1255; baseline -0.001 -18"><span class='ocrx_word' id='word_1_527' title='bbox 1972 1183 2099 1238; x_wconf 92' lang='lat' dir='ltr'>dum</span> <span class='ocrx_word' id='word_1_528' title='bbox 2129 1183 2430 1255; x_wconf 90' lang='lat' dir='ltr'>discipulis.</span> <span class='ocrx_word' id='word_1_529' title='bbox 2465 1185 2787 1240; x_wconf 88' lang='lat' dir='ltr'>Cumulabat</span> <span class='ocrx_word' id='word_1_530' title='bbox 2812 1200 2943 1241; x_wconf 87' lang='lat' dir='ltr'>vero</span> <span class='ocrx_word' id='word_1_531' title='bbox 2976 1183 3309 1239; x_wconf 76' lang='lat' dir='ltr'>affabilitatis</span> <span class='ocrx_word' id='word_1_532' title='bbox 3341 1182 3576 1255; x_wconf 82' lang='lat' dir='ltr'>gratiam</span> 
     </span>
    </p>
   </div>
   <div class='ocr_carea' id='block_1_76' title="bbox 1971 1269 3575 1344">
    <p class='ocr_par' dir='ltr' id='par_1_76' title="bbox 1971 1269 3575 1344">
     <span class='ocr_line' id='line_1_76' title="bbox 1971 1269 3575 1344; baseline -0.001 -19"><span class='ocrx_word' id='word_1_533' title='bbox 1971 1287 2165 1326; x_wconf 89' lang='lat' dir='ltr'>manus</span> <span class='ocrx_word' id='word_1_534' title='bbox 2200 1288 2425 1327; x_wconf 90' lang='lat' dir='ltr'>munere</span> <span class='ocrx_word' id='word_1_535' title='bbox 2453 1289 2562 1327; x_wconf 90' lang='lat' dir='ltr'>non</span> <span class='ocrx_word' id='word_1_536' title='bbox 2610 1288 2792 1343; x_wconf 89' lang='lat' dir='ltr'>parca,</span> <span class='ocrx_word' id='word_1_537' title='bbox 2828 1272 2955 1344; x_wconf 84' lang='lat' dir='ltr'>quia</span> <span class='ocrx_word' id='word_1_538' title='bbox 2996 1272 3217 1344; x_wconf 84' lang='lat' dir='ltr'>vigebat</span> <span class='ocrx_word' id='word_1_539' title='bbox 3246 1272 3302 1325; x_wconf 89' lang='lat' dir='ltr'>in</span> <span class='ocrx_word' id='word_1_540' title='bbox 3330 1286 3396 1325; x_wconf 91' lang='lat' dir='ltr'>eo</span> <span class='ocrx_word' id='word_1_541' title='bbox 3425 1269 3575 1340; x_wconf 86' lang='lat' dir='ltr'>pari-</span> 
     </span>
    </p>
   </div>
   <div class='ocr_carea' id='block_1_77' title="bbox 1972 1357 3577 1431">
    <p class='ocr_par' dir='ltr' id='par_1_77' title="bbox 1972 1357 3577 1431">
     <span class='ocr_line' id='line_1_77' title="bbox 1972 1357 3577 1431; baseline 0 -19"><span class='ocrx_word' id='word_1_542' title='bbox 1972 1366 2066 1423; x_wconf 91' lang='lat' dir='ltr'>ter,</span> <span class='ocrx_word' id='word_1_543' title='bbox 2103 1367 2155 1413; x_wconf 90' lang='lat' dir='ltr'>et</span> <span class='ocrx_word' id='word_1_544' title='bbox 2186 1359 2371 1431; x_wconf 89' lang='lat' dir='ltr'>lingua</span> <span class='ocrx_word' id='word_1_545' title='bbox 2402 1360 2674 1426; x_wconf 89' lang='lat' dir='ltr'>eucharis,</span> <span class='ocrx_word' id='word_1_546' title='bbox 2708 1369 2757 1415; x_wconf 88' lang='lat' dir='ltr'>et</span> <span class='ocrx_word' id='word_1_547' title='bbox 2806 1361 3027 1415; x_wconf 90' lang='lat' dir='ltr'>dextera</span> <span class='ocrx_word' id='word_1_548' title='bbox 3070 1358 3333 1414; x_wconf 88' lang='lat' dir='ltr'>liberalis.</span> <span class='ocrx_word' id='word_1_549' title='bbox 3383 1357 3577 1412; x_wconf 87' lang='lat' dir='ltr'>Mansit</span> 
     </span>
    </p>
   </div>
   <div class='ocr_carea' id='block_1_78' title="bbox 1971 1447 3572 1518">
    <p class='ocr_par' dir='ltr' id='par_1_78' title="bbox 1971 1447 3572 1518">
     <span class='ocr_line' id='line_1_78' title="bbox 1971 1447 3572 1518; baseline -0.002 -18"><span class='ocrx_word' id='word_1_550' title='bbox 1971 1462 2187 1518; x_wconf 91' lang='lat' dir='ltr'>quoque</span> <span class='ocrx_word' id='word_1_551' title='bbox 2236 1447 2380 1518; x_wconf 89' lang='lat' dir='ltr'>apud</span> <span class='ocrx_word' id='word_1_552' title='bbox 2445 1447 2776 1515; x_wconf 86' lang='lat' dir='ltr'>inferiorem,</span> <span class='ocrx_word' id='word_1_553' title='bbox 2821 1447 2913 1501; x_wconf 91' lang='lat' dir='ltr'>ubi</span> <span class='ocrx_word' id='word_1_554' title='bbox 2977 1447 3228 1503; x_wconf 89' lang='lat' dir='ltr'>conversi</span> <span class='ocrx_word' id='word_1_555' title='bbox 3274 1453 3572 1511; x_wconf 84' lang='lat' dir='ltr'>morantur,</span> 
     </span>
    </p>
   </div>
   <div class='ocr_carea' id='block_1_79' title="bbox 1969 1533 3575 1607">
    <p class='ocr_par' dir='ltr' id='par_1_79' title="bbox 1969 1533 3575 1607">
     <span class='ocr_line' id='line_1_79' title="bbox 1969 1533 3575 1607; baseline 0.001 -20"><span class='ocrx_word' id='word_1_556' title='bbox 1969 1534 2357 1590; x_wconf 87' lang='lat' dir='ltr'>habitationem</span> <span class='ocrx_word' id='word_1_557' title='bbox 2385 1535 2575 1590; x_wconf 89' lang='lat' dir='ltr'>diebus</span> <span class='ocrx_word' id='word_1_558' title='bbox 2606 1535 2827 1607; x_wconf 90' lang='lat' dir='ltr'>aliquot,</span> <span class='ocrx_word' id='word_1_559' title='bbox 2878 1543 2935 1589; x_wconf 92' lang='lat' dir='ltr'>ut</span> <span class='ocrx_word' id='word_1_560' title='bbox 2960 1535 3111 1607; x_wconf 90' lang='lat' dir='ltr'>ipsos</span> <span class='ocrx_word' id='word_1_561' title='bbox 3154 1534 3316 1589; x_wconf 90' lang='lat' dir='ltr'>etiam</span> <span class='ocrx_word' id='word_1_562' title='bbox 3357 1533 3575 1588; x_wconf 88' lang='lat' dir='ltr'>satiaret</span> 
     </span>
    </p>
   </div>
   <div class='ocr_carea' id='block_1_80' title="bbox 1970 1620 3574 1692">
    <p class='ocr_par' dir='ltr' id='par_1_80' title="bbox 1970 1620 3574 1692">
     <span class='ocr_line' id='line_1_80' title="bbox 1970 1620 3574 1692; baseline 0.001 -18"><span class='ocrx_word' id='word_1_563' title='bbox 1970 1622 2039 1675; x_wconf 93' lang='lat' dir='ltr'>ab</span> <span class='ocrx_word' id='word_1_564' title='bbox 2070 1622 2327 1677; x_wconf 89' lang='lat' dir='ltr'>uberibus</span> <span class='ocrx_word' id='word_1_565' title='bbox 2369 1623 2760 1679; x_wconf 88' lang='lat' dir='ltr'>consolationis</span> <span class='ocrx_word' id='word_1_566' title='bbox 2810 1639 2943 1691; x_wconf 67' lang='lat' dir='ltr'>suae,</span> <span class='ocrx_word' id='word_1_567' title='bbox 2977 1630 3030 1677; x_wconf 89' lang='lat' dir='ltr'>et</span> <span class='ocrx_word' id='word_1_568' title='bbox 3073 1620 3311 1678; x_wconf 91' lang='lat' dir='ltr'>vicissim</span> <span class='ocrx_word' id='word_1_569' title='bbox 3362 1621 3479 1692; x_wconf 92' lang='lat' dir='ltr'>ipse</span> <span class='ocrx_word' id='word_1_570' title='bbox 3509 1637 3574 1676; x_wconf 89' lang='lat' dir='ltr'>ex</span> 
     </span>
    </p>
   </div>
   <div class='ocr_carea' id='block_1_81' title="bbox 1969 1709 3575 1781">
    <p class='ocr_par' dir='ltr' id='par_1_81' title="bbox 1969 1709 3575 1781">
     <span class='ocr_line' id='line_1_81' title="bbox 1969 1709 3575 1781; baseline -0.001 -17"><span class='ocrx_word' id='word_1_571' title='bbox 1969 1725 2159 1764; x_wconf 88' lang='lat' dir='ltr'>eorum</span> <span class='ocrx_word' id='word_1_572' title='bbox 2185 1710 2472 1781; x_wconf 87' lang='lat' dir='ltr'>colloquiis</span> <span class='ocrx_word' id='word_1_573' title='bbox 2505 1720 2556 1766; x_wconf 89' lang='lat' dir='ltr'>et</span> <span class='ocrx_word' id='word_1_574' title='bbox 2586 1712 2832 1765; x_wconf 90' lang='lat' dir='ltr'>moribus</span> <span class='ocrx_word' id='word_1_575' title='bbox 2862 1710 3220 1780; x_wconf 89' lang='lat' dir='ltr'>disciplinatis</span> <span class='ocrx_word' id='word_1_576' title='bbox 3261 1709 3575 1779; x_wconf 87' lang='lat' dir='ltr'>epularetur</span> 
     </span>
    </p>
   </div>
   <div class='ocr_carea' id='block_1_82' title="bbox 1968 1796 3574 1869">
    <p class='ocr_par' dir='ltr' id='par_1_82' title="bbox 1968 1796 3574 1869">
     <span class='ocr_line' id='line_1_82' title="bbox 1968 1796 3574 1869; baseline 0 -19"><span class='ocrx_word' id='word_1_577' title='bbox 1968 1798 2121 1868; x_wconf 88' lang='lat' dir='ltr'>quasi</span> <span class='ocrx_word' id='word_1_578' title='bbox 2153 1798 2221 1852; x_wconf 89' lang='lat' dir='ltr'>ab</span> <span class='ocrx_word' id='word_1_579' title='bbox 2244 1799 2463 1853; x_wconf 89' lang='lat' dir='ltr'>introitu</span> <span class='ocrx_word' id='word_1_580' title='bbox 2493 1798 2685 1869; x_wconf 65' lang='lat' dir='ltr'>gloriae</span> <span class='ocrx_word' id='word_1_581' title='bbox 2714 1799 2977 1869; x_wconf 87' lang='lat' dir='ltr'>gentium.</span> <span class='ocrx_word' id='word_1_582' title='bbox 3028 1799 3235 1852; x_wconf 86' lang='lat' dir='ltr'>Horum</span> <span class='ocrx_word' id='word_1_583' title='bbox 3265 1796 3409 1853; x_wconf 90' lang='lat' dir='ltr'>enim</span> <span class='ocrx_word' id='word_1_584' title='bbox 3439 1812 3574 1851; x_wconf 88' lang='lat' dir='ltr'>non-</span> 
     </span>
    </p>
   </div>
   <div class='ocr_carea' id='block_1_83' title="bbox 1963 1884 3572 1956">
    <p class='ocr_par' dir='ltr' id='par_1_83' title="bbox 1963 1884 3572 1956">
     <span class='ocr_line' id='line_1_83' title="bbox 1963 1884 3572 1956; baseline 0 -18"><span class='ocrx_word' id='word_1_585' title='bbox 1963 1886 2095 1939; x_wconf 90' lang='lat' dir='ltr'>nulli</span> <span class='ocrx_word' id='word_1_586' title='bbox 2128 1902 2161 1939; x_wconf 89' lang='lat' dir='ltr'>a</span> <span class='ocrx_word' id='word_1_587' title='bbox 2204 1886 2309 1940; x_wconf 89' lang='lat' dir='ltr'>lata</span> <span class='ocrx_word' id='word_1_588' title='bbox 2355 1885 2707 1942; x_wconf 87' lang='lat' dir='ltr'>mundialium</span> <span class='ocrx_word' id='word_1_589' title='bbox 2758 1886 3030 1942; x_wconf 88' lang='lat' dir='ltr'>actionum</span> <span class='ocrx_word' id='word_1_590' title='bbox 3070 1885 3157 1940; x_wconf 88' lang='lat' dir='ltr'>via</span> <span class='ocrx_word' id='word_1_591' title='bbox 3205 1885 3462 1956; x_wconf 86' lang='lat' dir='ltr'>digressi,</span> <span class='ocrx_word' id='word_1_592' title='bbox 3501 1884 3572 1938; x_wconf 89' lang='lat' dir='ltr'>il-</span> 
     </span>
    </p>
   </div>
   <div class='ocr_carea' id='block_1_84' title="bbox 1963 1972 3574 2045">
    <p class='ocr_par' dir='ltr' id='par_1_84' title="bbox 1963 1972 3574 2045">
     <span class='ocr_line' id='line_1_84' title="bbox 1963 1972 3574 2045; baseline -0.001 -18"><span class='ocrx_word' id='word_1_593' title='bbox 1963 1973 2181 2045; x_wconf 90' lang='lat' dir='ltr'>lamque</span> <span class='ocrx_word' id='word_1_594' title='bbox 2208 1982 2412 2030; x_wconf 88' lang='lat' dir='ltr'>arctam</span> <span class='ocrx_word' id='word_1_595' title='bbox 2442 1982 2496 2028; x_wconf 90' lang='lat' dir='ltr'>et</span> <span class='ocrx_word' id='word_1_596' title='bbox 2538 1975 2765 2028; x_wconf 89' lang='lat' dir='ltr'>arduam</span> <span class='ocrx_word' id='word_1_597' title='bbox 2810 1975 2970 2039; x_wconf 90' lang='lat' dir='ltr'>viam,</span> <span class='ocrx_word' id='word_1_598' title='bbox 3021 1990 3143 2044; x_wconf 75' lang='lat' dir='ltr'>quae</span> <span class='ocrx_word' id='word_1_599' title='bbox 3186 1973 3334 2029; x_wconf 92' lang='lat' dir='ltr'>ducit</span> <span class='ocrx_word' id='word_1_600' title='bbox 3374 1973 3445 2027; x_wconf 88' lang='lat' dir='ltr'>ad</span> <span class='ocrx_word' id='word_1_601' title='bbox 3493 1972 3574 2026; x_wconf 84' lang='lat' dir='ltr'>vi-</span> 
     </span>
    </p>
   </div>
   <div class='ocr_carea' id='block_1_85' title="bbox 1965 2060 3566 2133">
    <p class='ocr_par' dir='ltr' id='par_1_85' title="bbox 1965 2060 3566 2133">
     <span class='ocr_line' id='line_1_85' title="bbox 1965 2060 3566 2133; baseline -0.001 -18"><span class='ocrx_word' id='word_1_602' title='bbox 1965 2069 2093 2127; x_wconf 89' lang='lat' dir='ltr'>tam,</span> <span class='ocrx_word' id='word_1_603' title='bbox 2127 2062 2363 2133; x_wconf 85' lang='lat' dir='ltr'>ingressi</span> <span class='ocrx_word' id='word_1_604' title='bbox 2393 2078 2491 2131; x_wconf 90' lang='lat' dir='ltr'>spe</span> <span class='ocrx_word' id='word_1_605' title='bbox 2513 2062 2654 2117; x_wconf 84' lang='lat' dir='ltr'>felici</span> <span class='ocrx_word' id='word_1_606' title='bbox 2680 2062 3063 2132; x_wconf 85' lang='lat' dir='ltr'>exspectabant</span> <span class='ocrx_word' id='word_1_607' title='bbox 3082 2060 3320 2132; x_wconf 87' lang='lat' dir='ltr'>paradisi</span> <span class='ocrx_word' id='word_1_608' title='bbox 3340 2060 3566 2114; x_wconf 90' lang='lat' dir='ltr'>aditum.</span> 
     </span>
    </p>
   </div>
   <div class='ocr_carea' id='block_1_86' title="bbox 1964 2148 3565 2220">
    <p class='ocr_par' dir='ltr' id='par_1_86' title="bbox 1964 2148 3565 2220">
     <span class='ocr_line' id='line_1_86' title="bbox 1964 2148 3565 2220; baseline -0.002 -16"><span class='ocrx_word' id='word_1_609' title='bbox 1964 2150 2059 2204; x_wconf 87' lang='lat' dir='ltr'>His</span> <span class='ocrx_word' id='word_1_610' title='bbox 2090 2158 2354 2220; x_wconf 86' lang='lat' dir='ltr'>praeterea</span> <span class='ocrx_word' id='word_1_611' title='bbox 2380 2150 2591 2217; x_wconf 88' lang='lat' dir='ltr'>diebus,</span> <span class='ocrx_word' id='word_1_612' title='bbox 2627 2150 2786 2205; x_wconf 90' lang='lat' dir='ltr'>eertis</span> <span class='ocrx_word' id='word_1_613' title='bbox 2818 2157 2870 2205; x_wconf 86' lang='lat' dir='ltr'>et</span> <span class='ocrx_word' id='word_1_614' title='bbox 2907 2150 3073 2215; x_wconf 91' lang='lat' dir='ltr'>horis,</span> <span class='ocrx_word' id='word_1_615' title='bbox 3127 2165 3187 2204; x_wconf 91' lang='lat' dir='ltr'>se</span> <span class='ocrx_word' id='word_1_616' title='bbox 3216 2148 3565 2220; x_wconf 88' lang='lat' dir='ltr'>pauperibus,</span> 
     </span>
    </p>
   </div>
   <div class='ocr_carea' id='block_1_87' title="bbox 1964 2236 3568 2307">
    <p class='ocr_par' dir='ltr' id='par_1_87' title="bbox 1964 2236 3568 2307">
     <span class='ocr_line' id='line_1_87' title="bbox 1964 2236 3568 2307; baseline -0.001 -16"><span class='ocrx_word' id='word_1_617' title='bbox 1964 2238 2030 2292; x_wconf 87' lang='lat' dir='ltr'>ad</span> <span class='ocrx_word' id='word_1_618' title='bbox 2087 2237 2371 2292; x_wconf 89' lang='lat' dir='ltr'>visendum</span> <span class='ocrx_word' id='word_1_619' title='bbox 2420 2253 2541 2292; x_wconf 88' lang='lat' dir='ltr'>eum</span> <span class='ocrx_word' id='word_1_620' title='bbox 2592 2238 3008 2303; x_wconf 85' lang='lat' dir='ltr'>confluentibus,</span> <span class='ocrx_word' id='word_1_621' title='bbox 3073 2236 3396 2307; x_wconf 85' lang='lat' dir='ltr'>exponebat,</span> <span class='ocrx_word' id='word_1_622' title='bbox 3446 2250 3568 2291; x_wconf 90' lang='lat' dir='ltr'>cum</span> 
     </span>
    </p>
   </div>
   <div class='ocr_carea' id='block_1_88' title="bbox 1965 2323 3568 2397">
    <p class='ocr_par' dir='ltr' id='par_1_88' title="bbox 1965 2323 3568 2397">
     <span class='ocr_line' id='line_1_88' title="bbox 1965 2323 3568 2397; baseline 0.001 -19"><span class='ocrx_word' id='word_1_623' title='bbox 1965 2325 2181 2397; x_wconf 91' lang='lat' dir='ltr'>quibus,</span> <span class='ocrx_word' id='word_1_624' title='bbox 2217 2326 2290 2380; x_wconf 90' lang='lat' dir='ltr'>ita</span> <span class='ocrx_word' id='word_1_625' title='bbox 2319 2324 2594 2381; x_wconf 90' lang='lat' dir='ltr'>socialiter</span> <span class='ocrx_word' id='word_1_626' title='bbox 2617 2326 2781 2381; x_wconf 88' lang='lat' dir='ltr'>verba</span> <span class='ocrx_word' id='word_1_627' title='bbox 2802 2325 3145 2394; x_wconf 89' lang='lat' dir='ltr'>conserebat,</span> <span class='ocrx_word' id='word_1_628' title='bbox 3172 2333 3227 2379; x_wconf 90' lang='lat' dir='ltr'>ut</span> <span class='ocrx_word' id='word_1_629' title='bbox 3247 2325 3391 2379; x_wconf 88' lang='lat' dir='ltr'>inter</span> <span class='ocrx_word' id='word_1_630' title='bbox 3418 2323 3568 2395; x_wconf 89' lang='lat' dir='ltr'>ipsos</span> 
     </span>
    </p>
   </div>
   <div class='ocr_carea' id='block_1_89' title="bbox 1964 2412 3568 2484">
    <p class='ocr_par' dir='ltr' id='par_1_89' title="bbox 1964 2412 3568 2484">
     <span class='ocr_line' id='line_1_89' title="bbox 1964 2412 3568 2484; baseline -0.001 -16"><span class='ocrx_word' id='word_1_631' title='bbox 1964 2413 2214 2469; x_wconf 90' lang='lat' dir='ltr'>residens</span> <span class='ocrx_word' id='word_1_632' title='bbox 2243 2413 2361 2470; x_wconf 94' lang='lat' dir='ltr'>solo</span> <span class='ocrx_word' id='word_1_633' title='bbox 2418 2422 2743 2469; x_wconf 90' lang='lat' dir='ltr'>monstraret</span> <span class='ocrx_word' id='word_1_634' title='bbox 2797 2414 2985 2469; x_wconf 87' lang='lat' dir='ltr'>habitu</span> <span class='ocrx_word' id='word_1_635' title='bbox 3036 2412 3360 2480; x_wconf 87' lang='lat' dir='ltr'>monachali,</span> <span class='ocrx_word' id='word_1_636' title='bbox 3422 2412 3568 2484; x_wconf 90' lang='lat' dir='ltr'>quod</span> 
     </span>
    </p>
   </div>
   <div class='ocr_carea' id='block_1_90' title="bbox 1965 2502 3060 2574">
    <p class='ocr_par' dir='ltr' id='par_1_90' title="bbox 1965 2502 3060 2574">
     <span class='ocr_line' id='line_1_90' title="bbox 1965 2502 3060 2574; baseline 0.001 -18"><span class='ocrx_word' id='word_1_637' title='bbox 1965 2518 2071 2556; x_wconf 91' lang='lat' dir='ltr'>non</span> <span class='ocrx_word' id='word_1_638' title='bbox 2106 2509 2249 2557; x_wconf 89' lang='lat' dir='ltr'>esset</span> <span class='ocrx_word' id='word_1_639' title='bbox 2280 2502 2418 2557; x_wconf 89' lang='lat' dir='ltr'>alius</span> <span class='ocrx_word' id='word_1_640' title='bbox 2448 2518 2607 2573; x_wconf 90' lang='lat' dir='ltr'>quam</span> <span class='ocrx_word' id='word_1_641' title='bbox 2635 2519 2774 2557; x_wconf 88' lang='lat' dir='ltr'>unus</span> <span class='ocrx_word' id='word_1_642' title='bbox 2807 2518 2871 2557; x_wconf 89' lang='lat' dir='ltr'>ex</span> <span class='ocrx_word' id='word_1_643' title='bbox 2901 2502 3060 2574; x_wconf 88' lang='lat' dir='ltr'>ipsis.</span> 
     </span>
    </p>
   </div>
   <div class='ocr_carea' id='block_1_91' title="bbox 2036 2589 3563 2661">
    <p class='ocr_par' dir='ltr' id='par_1_91' title="bbox 2036 2589 3563 2661">
     <span class='ocr_line' id='line_1_91' title="bbox 2036 2589 3563 2661; baseline 0 -18"><span class='ocrx_word' id='word_1_644' title='bbox 2036 2590 2403 2645; x_wconf 89' lang='lat' dir='ltr'>Insinuaverat</span> <span class='ocrx_word' id='word_1_645' title='bbox 2433 2590 2596 2645; x_wconf 90' lang='lat' dir='ltr'>etiam</span> <span class='ocrx_word' id='word_1_646' title='bbox 2626 2590 2676 2645; x_wconf 91' lang='lat' dir='ltr'>ei</span> <span class='ocrx_word' id='word_1_647' title='bbox 2696 2589 2984 2661; x_wconf 88' lang='lat' dir='ltr'>episcOpus</span> <span class='ocrx_word' id='word_1_648' title='bbox 3025 2590 3364 2645; x_wconf 89' lang='lat' dir='ltr'>Genevensis</span> <span class='ocrx_word' id='word_1_649' title='bbox 3393 2590 3563 2660; x_wconf 76' lang='grc'><strong>(304),</strong></span> 
     </span>
    </p>
   </div>
   <div class='ocr_carea' id='block_1_92' title="bbox 1965 2677 3567 2749">
    <p class='ocr_par' dir='ltr' id='par_1_92' title="bbox 1965 2677 3567 2749">
     <span class='ocr_line' id='line_1_92' title="bbox 1965 2677 3567 2749; baseline 0 -18"><span class='ocrx_word' id='word_1_650' title='bbox 1965 2686 2169 2749; x_wconf 88' lang='lat' dir='ltr'>quanto</span> <span class='ocrx_word' id='word_1_651' title='bbox 2200 2694 2323 2733; x_wconf 88' lang='lat' dir='ltr'>eum</span> <span class='ocrx_word' id='word_1_652' title='bbox 2352 2695 2483 2733; x_wconf 90' lang='lat' dir='ltr'>suus</span> <span class='ocrx_word' id='word_1_653' title='bbox 2511 2678 2702 2734; x_wconf 91' lang='lat' dir='ltr'>consul</span> <span class='ocrx_word' id='word_1_654' title='bbox 2732 2678 2881 2749; x_wconf 79' lang='lat'>(305)</span> <span class='ocrx_word' id='word_1_655' title='bbox 2929 2678 3244 2748; x_wconf 69' lang='lat' dir='ltr'>praejudicio</span> <span class='ocrx_word' id='word_1_656' title='bbox 3268 2677 3427 2732; x_wconf 84' lang='lat' dir='ltr'>annis</span> <span class='ocrx_word' id='word_1_657' title='bbox 3453 2678 3567 2745; x_wconf 88' lang='lat' dir='ltr'>jam</span> 
     </span>
    </p>
   </div>
   <div class='ocr_carea' id='block_1_93' title="bbox 1964 2765 3565 2836">
    <p class='ocr_par' dir='ltr' id='par_1_93' title="bbox 1964 2765 3565 2836">
     <span class='ocr_line' id='line_1_93' title="bbox 1964 2765 3565 2836; baseline -0.001 -17"><span class='ocrx_word' id='word_1_658' title='bbox 1964 2774 2047 2820; x_wconf 90' lang='lat' dir='ltr'>ter</span> <span class='ocrx_word' id='word_1_659' title='bbox 2069 2767 2347 2836; x_wconf 90' lang='lat' dir='ltr'>quaternis</span> <span class='ocrx_word' id='word_1_660' title='bbox 2378 2766 2743 2836; x_wconf 89' lang='lat' dir='ltr'>depressisset</span> <span class='ocrx_word' id='word_1_661' title='bbox 2777 2781 2788 2819; x_wconf 90' lang='lat'><strong>:</strong></span> <span class='ocrx_word' id='word_1_662' title='bbox 2824 2766 2967 2821; x_wconf 90' lang='lat' dir='ltr'>unde</span> <span class='ocrx_word' id='word_1_663' title='bbox 3004 2765 3223 2821; x_wconf 89' lang='lat' dir='ltr'>vinculo</span> <span class='ocrx_word' id='word_1_664' title='bbox 3254 2781 3565 2821; x_wconf 87' lang='lat' dir='ltr'>excommu-</span> 
     </span>
    </p>
   </div>
   <div class='ocr_carea' id='block_1_94' title="bbox 1962 2853 3564 2924">
    <p class='ocr_par' dir='ltr' id='par_1_94' title="bbox 1962 2853 3564 2924">
     <span class='ocr_line' id='line_1_94' title="bbox 1962 2853 3564 2924; baseline -0.001 -15"><span class='ocrx_word' id='word_1_665' title='bbox 1962 2853 2244 2909; x_wconf 87' lang='lat' dir='ltr'>nicationis</span> <span class='ocrx_word' id='word_1_666' title='bbox 2274 2862 2323 2909; x_wconf 90' lang='lat' dir='ltr'>et</span> <span class='ocrx_word' id='word_1_667' title='bbox 2355 2854 2717 2909; x_wconf 89' lang='lat' dir='ltr'>anathematis</span> <span class='ocrx_word' id='word_1_668' title='bbox 2744 2853 2922 2924; x_wconf 91' lang='lat' dir='ltr'>ipsum</span> <span class='ocrx_word' id='word_1_669' title='bbox 2972 2854 3040 2909; x_wconf 90' lang='lat' dir='ltr'>ab</span> <span class='ocrx_word' id='word_1_670' title='bbox 3086 2853 3213 2908; x_wconf 91' lang='lat' dir='ltr'>olim</span> <span class='ocrx_word' id='word_1_671' title='bbox 3260 2853 3564 2908; x_wconf 84' lang='lat' dir='ltr'>inundave-</span> 
     </span>
    </p>
   </div>
   <div class='ocr_carea' id='block_1_95' title="bbox 1966 2940 3563 3011">
    <p class='ocr_par' dir='ltr' id='par_1_95' title="bbox 1966 2940 3563 3011">
     <span class='ocr_line' id='line_1_95' title="bbox 1966 2940 3563 3011; baseline -0.001 -15"><span class='ocrx_word' id='word_1_672' title='bbox 1966 2950 2046 2996; x_wconf 90' lang='lat' dir='ltr'>rat</span> <span class='ocrx_word' id='word_1_673' title='bbox 2072 2944 2242 3011; x_wconf 80' lang='grc'><strong>(506),</strong></span> <span class='ocrx_word' id='word_1_674' title='bbox 2275 2942 2346 2997; x_wconf 92' lang='lat' dir='ltr'>ob</span> <span class='ocrx_word' id='word_1_675' title='bbox 2378 2944 2531 3010; x_wconf 88' lang='lat' dir='ltr'>cujus</span> <span class='ocrx_word' id='word_1_676' title='bbox 2560 2942 2720 2996; x_wconf 89' lang='lat' dir='ltr'>etiam</span> <span class='ocrx_word' id='word_1_677' title='bbox 2750 2950 2953 2996; x_wconf 91' lang='lat' dir='ltr'>metum</span> <span class='ocrx_word' id='word_1_678' title='bbox 2984 2941 3257 2997; x_wconf 89' lang='lat' dir='ltr'>civitatem</span> <span class='ocrx_word' id='word_1_679' title='bbox 3287 2940 3563 3011; x_wconf 89' lang='lat' dir='ltr'>propriam</span> 
     </span>
    </p>
   </div>
   <div class='ocr_carea' id='block_1_96' title="bbox 1961 3029 3565 3100">
    <p class='ocr_par' dir='ltr' id='par_1_96' title="bbox 1961 3029 3565 3100">
     <span class='ocr_line' id='line_1_96' title="bbox 1961 3029 3565 3100; baseline 0 -17"><span class='ocrx_word' id='word_1_680' title='bbox 1961 3029 2178 3100; x_wconf 85' lang='lat' dir='ltr'>ingredi</span> <span class='ocrx_word' id='word_1_681' title='bbox 2223 3046 2333 3083; x_wconf 90' lang='lat' dir='ltr'>non</span> <span class='ocrx_word' id='word_1_682' title='bbox 2380 3030 2635 3085; x_wconf 89' lang='lat' dir='ltr'>audebat.</span> <span class='ocrx_word' id='word_1_683' title='bbox 2688 3031 2850 3095; x_wconf 89' lang='lat' dir='ltr'>Nam,</span> <span class='ocrx_word' id='word_1_684' title='bbox 2898 3029 2944 3083; x_wconf 91' lang='lat' dir='ltr'>si</span> <span class='ocrx_word' id='word_1_685' title='bbox 2989 3045 3091 3083; x_wconf 92' lang='lat' dir='ltr'>nos</span> <span class='ocrx_word' id='word_1_686' title='bbox 3140 3029 3407 3084; x_wconf 89' lang='lat' dir='ltr'>memoria</span> <span class='ocrx_word' id='word_1_687' title='bbox 3454 3044 3565 3084; x_wconf 87' lang='lat' dir='ltr'>non</span> 
     </span>
    </p>
   </div>
   <div class='ocr_carea' id='block_1_97' title="bbox 1961 3116 3559 3186">
    <p class='ocr_par' dir='ltr' id='par_1_97' title="bbox 1961 3116 3559 3186">
     <span class='ocr_line' id='line_1_97' title="bbox 1961 3116 3559 3186; baseline 0 -15"><span class='ocrx_word' id='word_1_688' title='bbox 1961 3117 2116 3185; x_wconf 88' lang='lat' dir='ltr'>fallit,</span> <span class='ocrx_word' id='word_1_689' title='bbox 2164 3117 2444 3172; x_wconf 90' lang='lat' dir='ltr'>asserebat</span> <span class='ocrx_word' id='word_1_690' title='bbox 2508 3117 2598 3172; x_wconf 91' lang='lat' dir='ltr'>ille</span> <span class='ocrx_word' id='word_1_691' title='bbox 2654 3117 2753 3171; x_wconf 92' lang='lat' dir='ltr'>tria</span> <span class='ocrx_word' id='word_1_692' title='bbox 2802 3118 2913 3186; x_wconf 88' lang='lat' dir='ltr'>jam</span> <span class='ocrx_word' id='word_1_693' title='bbox 2969 3116 3238 3172; x_wconf 73' lang='lat' dir='ltr'>efﬂuxisse</span> <span class='ocrx_word' id='word_1_694' title='bbox 3295 3131 3559 3171; x_wconf 90' lang='lat' dir='ltr'>annorum</span> 
     </span>
    </p>
   </div>
   <div class='ocr_carea' id='block_1_98' title="bbox 1958 3204 3561 3276">
    <p class='ocr_par' dir='ltr' id='par_1_98' title="bbox 1958 3204 3561 3276">
     <span class='ocr_line' id='line_1_98' title="bbox 1958 3204 3561 3276; baseline 0.001 -18"><span class='ocrx_word' id='word_1_695' title='bbox 1958 3205 2168 3271; x_wconf 91' lang='lat' dir='ltr'>lustra,</span> <span class='ocrx_word' id='word_1_696' title='bbox 2219 3220 2284 3260; x_wconf 90' lang='lat' dir='ltr'>ex</span> <span class='ocrx_word' id='word_1_697' title='bbox 2350 3221 2455 3276; x_wconf 91' lang='lat' dir='ltr'>quo</span> <span class='ocrx_word' id='word_1_698' title='bbox 2507 3206 2693 3260; x_wconf 91' lang='lat' dir='ltr'>sedem</span> <span class='ocrx_word' id='word_1_699' title='bbox 2758 3221 2869 3259; x_wconf 66' lang='lat' dir='ltr'>suae</span> <span class='ocrx_word' id='word_1_700' title='bbox 2930 3204 3257 3260; x_wconf 89' lang='lat' dir='ltr'>cathedralis</span> <span class='ocrx_word' id='word_1_701' title='bbox 3313 3204 3561 3260; x_wconf 63' lang='lat' dir='ltr'>ecclesia:</span> 
     </span>
    </p>
   </div>
   <div class='ocr_carea' id='block_1_99' title="bbox 1959 3292 3555 3364">
    <p class='ocr_par' dir='ltr' id='par_1_99' title="bbox 1959 3292 3555 3364">
     <span class='ocr_line' id='line_1_99' title="bbox 1959 3292 3555 3364; baseline 0.001 -18"><span class='ocrx_word' id='word_1_702' title='bbox 1959 3293 2262 3364; x_wconf 88' lang='lat' dir='ltr'>prohibitus</span> <span class='ocrx_word' id='word_1_703' title='bbox 2292 3300 2376 3348; x_wconf 90' lang='lat' dir='ltr'>est</span> <span class='ocrx_word' id='word_1_704' title='bbox 2407 3292 2580 3348; x_wconf 92' lang='lat' dir='ltr'>adire.</span> <span class='ocrx_word' id='word_1_705' title='bbox 2614 3294 2762 3348; x_wconf 89' lang='lat' dir='ltr'>Tunc</span> <span class='ocrx_word' id='word_1_706' title='bbox 2793 3292 2947 3348; x_wconf 86' lang='lat' dir='ltr'>fortis</span> <span class='ocrx_word' id='word_1_707' title='bbox 2978 3292 3067 3347; x_wconf 89' lang='lat' dir='ltr'>ille</span> <span class='ocrx_word' id='word_1_708' title='bbox 3096 3300 3283 3347; x_wconf 91' lang='lat' dir='ltr'>noster</span> <span class='ocrx_word' id='word_1_709' title='bbox 3311 3300 3365 3348; x_wconf 90' lang='lat' dir='ltr'>et</span> <span class='ocrx_word' id='word_1_710' title='bbox 3395 3292 3555 3358; x_wconf 83' lang='lat' dir='ltr'>fidus,</span> 
     </span>
    </p>
   </div>
   <div class='ocr_carea' id='block_1_100' title="bbox 1956 3378 3554 3451">
    <p class='ocr_par' dir='ltr' id='par_1_100' title="bbox 1956 3378 3554 3451">
     <span class='ocr_line' id='line_1_100' title="bbox 1956 3378 3554 3451; baseline 0.001 -17"><span class='ocrx_word' id='word_1_711' title='bbox 1956 3388 2013 3434; x_wconf 93' lang='lat' dir='ltr'>ut</span> <span class='ocrx_word' id='word_1_712' title='bbox 2043 3381 2109 3434; x_wconf 91' lang='lat' dir='ltr'>de</span> <span class='ocrx_word' id='word_1_713' title='bbox 2140 3380 2231 3434; x_wconf 91' lang='lat' dir='ltr'>illo</span> <span class='ocrx_word' id='word_1_714' title='bbox 2262 3378 2546 3435; x_wconf 78' lang='lat' dir='ltr'>versificus</span> <span class='ocrx_word' id='word_1_715' title='bbox 2596 3380 2814 3450; x_wconf 90' lang='lat' dir='ltr'>quidem</span> <span class='ocrx_word' id='word_1_716' title='bbox 2864 3380 3059 3436; x_wconf 88' lang='lat' dir='ltr'>cecinit</span> <span class='ocrx_word' id='word_1_717' title='bbox 3108 3381 3280 3451; x_wconf 83' lang='lat'>(307),</span> <span class='ocrx_word' id='word_1_718' title='bbox 3316 3401 3337 3431; x_wconf 74' lang='grc' dir='ltr'>ι</span> <span class='ocrx_word' id='word_1_719' title='bbox 3373 3387 3554 3451; x_wconf 90' lang='lat' dir='ltr'>pasto-</span> 
     </span>
    </p>
   </div>
   <div class='ocr_carea' id='block_1_101' title="bbox 1956 3467 3558 3539">
    <p class='ocr_par' dir='ltr' id='par_1_101' title="bbox 1956 3467 3558 3539">
     <span class='ocr_line' id='line_1_101' title="bbox 1956 3467 3558 3539; baseline 0 -18"><span class='ocrx_word' id='word_1_720' title='bbox 1956 3485 2077 3521; x_wconf 91' lang='lat' dir='ltr'>rum</span> <span class='ocrx_word' id='word_1_721' title='bbox 2108 3467 2352 3533; x_wconf 90' lang='lat' dir='ltr'>baculus,</span> <span class='ocrx_word' id='word_1_722' title='bbox 2390 3489 2411 3519; x_wconf 76' lang='grc' dir='ltr'><strong><em>ι</em></strong></span> <span class='ocrx_word' id='word_1_723' title='bbox 2446 3468 2737 3539; x_wconf 90' lang='lat' dir='ltr'>plurimum</span> <span class='ocrx_word' id='word_1_724' title='bbox 2782 3468 3069 3524; x_wconf 89' lang='lat' dir='ltr'>consolans</span> <span class='ocrx_word' id='word_1_725' title='bbox 3097 3476 3151 3523; x_wconf 94' lang='lat' dir='ltr'>et</span> <span class='ocrx_word' id='word_1_726' title='bbox 3197 3468 3558 3524; x_wconf 89' lang='lat' dir='ltr'>corroborans</span> 
     </span>
    </p>
   </div>
   <div class='ocr_carea' id='block_1_102' title="bbox 1953 3555 3555 3628">
    <p class='ocr_par' dir='ltr' id='par_1_102' title="bbox 1953 3555 3555 3628">
     <span class='ocr_line' id='line_1_102' title="bbox 1953 3555 3555 3628; baseline 0 -18"><span class='ocrx_word' id='word_1_727' title='bbox 1953 3555 2179 3611; x_wconf 87' lang='lat' dir='ltr'>fratrem</span> <span class='ocrx_word' id='word_1_728' title='bbox 2207 3556 2459 3613; x_wconf 70' lang='lat' dir='ltr'>afﬂictum</span> <span class='ocrx_word' id='word_1_729' title='bbox 2490 3564 2543 3611; x_wconf 92' lang='lat' dir='ltr'>et</span> <span class='ocrx_word' id='word_1_730' title='bbox 2574 3565 2845 3622; x_wconf 89' lang='lat' dir='ltr'>moestum,</span> <span class='ocrx_word' id='word_1_731' title='bbox 2899 3556 3041 3611; x_wconf 88' lang='lat' dir='ltr'>misit</span> <span class='ocrx_word' id='word_1_732' title='bbox 3068 3556 3389 3628; x_wconf 88' lang='lat' dir='ltr'>quantocius</span> <span class='ocrx_word' id='word_1_733' title='bbox 3418 3556 3555 3627; x_wconf 90' lang='lat' dir='ltr'>prio-</span> 
     </span>
    </p>
   </div>
   <div class='ocr_carea' id='block_1_103' title="bbox 1954 3735 3555 3799">
    <p class='ocr_par' dir='ltr' id='par_1_103' title="bbox 1954 3735 3555 3799">
     <span class='ocr_line' id='line_1_103' title="bbox 1954 3735 3555 3799; baseline 0.004 -15"><span class='ocrx_word' id='word_1_734' title='bbox 1954 3735 2088 3797; x_wconf 90' lang='lat' dir='ltr'>tudo,</span> <span class='ocrx_word' id='word_1_735' title='bbox 2117 3749 2209 3799; x_wconf 91' lang='lat' dir='ltr'>qua</span> <span class='ocrx_word' id='word_1_736' title='bbox 2247 3738 2564 3789; x_wconf 88' lang='lat' dir='ltr'>Carthusiani</span> <span class='ocrx_word' id='word_1_737' title='bbox 2587 3740 2695 3799; x_wconf 84' lang='lat' dir='ltr'>post</span> <span class='ocrx_word' id='word_1_738' title='bbox 2718 3738 2983 3788; x_wconf 88' lang='lat' dir='ltr'>matutinas</span> <span class='ocrx_word' id='word_1_739' title='bbox 3008 3739 3069 3789; x_wconf 88' lang='lat' dir='ltr'>ad</span> <span class='ocrx_word' id='word_1_740' title='bbox 3104 3742 3286 3792; x_wconf 89' lang='lat' dir='ltr'>lectum</span> <span class='ocrx_word' id='word_1_741' title='bbox 3312 3750 3408 3789; x_wconf 90' lang='lat' dir='ltr'>non</span> <span class='ocrx_word' id='word_1_742' title='bbox 3433 3739 3555 3791; x_wconf 84' lang='lat' dir='ltr'>redi-</span> 
     </span>
    </p>
   </div>
   <div class='ocr_carea' id='block_1_104' title="bbox 1952 3802 3555 3869">
    <p class='ocr_par' dir='ltr' id='par_1_104' title="bbox 1952 3802 3555 3869">
     <span class='ocr_line' id='line_1_104' title="bbox 1952 3802 3555 3869; baseline 0.004 -19"><span class='ocrx_word' id='word_1_743' title='bbox 1952 3802 2087 3861; x_wconf 81' lang='lat' dir='ltr'>bant,</span> <span class='ocrx_word' id='word_1_744' title='bbox 2143 3807 2193 3853; x_wconf 89' lang='lat' dir='ltr'>at</span> <span class='ocrx_word' id='word_1_745' title='bbox 2242 3816 2486 3864; x_wconf 88' lang='lat' dir='ltr'>somnum,</span> <span class='ocrx_word' id='word_1_746' title='bbox 2535 3816 2678 3864; x_wconf 88' lang='lat' dir='ltr'>quem</span> <span class='ocrx_word' id='word_1_747' title='bbox 2727 3808 2873 3853; x_wconf 89' lang='lat' dir='ltr'>noctu</span> <span class='ocrx_word' id='word_1_748' title='bbox 2911 3806 3246 3869; x_wconf 79' lang='lat' dir='ltr'>neglexerant,</span> <span class='ocrx_word' id='word_1_749' title='bbox 3284 3805 3555 3856; x_wconf 88' lang='lat' dir='ltr'>meridiano</span> 
     </span>
    </p>
   </div>
   <div class='ocr_carea' id='block_1_105' title="bbox 1948 3871 3553 3986">
    <p class='ocr_par' dir='ltr' id='par_1_105' title="bbox 1948 3871 3553 3986">
     <span class='ocr_line' id='line_1_105' title="bbox 1953 3871 3553 3986; baseline 0.006 -70"><span class='ocrx_word' id='word_1_750' title='bbox 1953 3872 2172 3985; x_wconf 51' lang='lat' dir='ltr'>tegilpttire</span> <span class='ocrx_word' id='word_1_751' title='bbox 2208 3871 2538 3986; x_wconf 61' lang='lat' dir='ltr'>rtesumebant.</span> <span class='ocrx_word' id='word_1_752' title='bbox 2576 3871 2691 3931; x_wconf 71' lang='lat' dir='ltr'>Quae</span> <span class='ocrx_word' id='word_1_753' title='bbox 2718 3872 3010 3921; x_wconf 81' lang='lat' dir='ltr'>consuetudo</span> <span class='ocrx_word' id='word_1_754' title='bbox 3053 3874 3288 3937; x_wconf 86' lang='lat' dir='ltr'>temporis</span> <span class='ocrx_word' id='word_1_755' title='bbox 3326 3884 3553 3925; x_wconf 86' lang='lat' dir='ltr'>successu</span> 
     </span>
     <span class='ocr_line' id='line_1_106' title="bbox 1948 3946 2260 3986; baseline 0.01 -3"><span class='ocrx_word' id='word_1_756' title='bbox 1948 3946 2006 3983; x_wconf 90' lang='lat' dir='ltr'>su</span> <span class='ocrx_word' id='word_1_757' title='bbox 2061 3948 2087 3984; x_wconf 89' lang='lat' dir='ltr'>a</span> <span class='ocrx_word' id='word_1_758' title='bbox 2114 3949 2140 3985; x_wconf 87' lang='lat' dir='ltr'>a</span> <span class='ocrx_word' id='word_1_759' title='bbox 2167 3949 2219 3986; x_wconf 90' lang='lat' dir='ltr'>es</span> <span class='ocrx_word' id='word_1_760' title='bbox 2249 3974 2260 3985; x_wconf 89' lang='lat'>.</span> 
     </span>
    </p>
   </div>
   <div class='ocr_carea' id='block_1_106' title="bbox 2019 4020 3549 4087">
    <p class='ocr_par' dir='ltr' id='par_1_106' title="bbox 2019 4020 3549 4087">
     <span class='ocr_line' id='line_1_107' title="bbox 2019 4020 3549 4087; baseline 0.005 -21"><span class='ocrx_word' id='word_1_761' title='bbox 2019 4020 2159 4087; x_wconf 71' lang='lat'>(503)</span> <span class='ocrx_word' id='word_1_762' title='bbox 2183 4022 2281 4071; x_wconf 92' lang='lat' dir='ltr'>Sub</span> <span class='ocrx_word' id='word_1_763' title='bbox 2308 4022 2386 4072; x_wconf 89' lang='lat' dir='ltr'>his</span> <span class='ocrx_word' id='word_1_764' title='bbox 2409 4022 2555 4072; x_wconf 88' lang='lat' dir='ltr'>etiam</span> <span class='ocrx_word' id='word_1_765' title='bbox 2583 4023 2928 4084; x_wconf 86' lang='lat' dir='ltr'>comprehendi</span> <span class='ocrx_word' id='word_1_766' title='bbox 2969 4022 3073 4073; x_wconf 88' lang='lat' dir='ltr'>dies</span> <span class='ocrx_word' id='word_1_767' title='bbox 3110 4022 3179 4073; x_wconf 88' lang='lat' dir='ltr'>illi</span> <span class='ocrx_word' id='word_1_768' title='bbox 3203 4024 3404 4085; x_wconf 86' lang='lat' dir='ltr'>aliquot,</span> <span class='ocrx_word' id='word_1_769' title='bbox 3428 4037 3549 4087; x_wconf 86' lang='lat' dir='ltr'>quos</span> 
     </span>
    </p>
   </div>
   <div class='ocr_carea' id='block_1_107' title="bbox 1949 4086 3552 4154">
    <p class='ocr_par' dir='ltr' id='par_1_107' title="bbox 1949 4086 3552 4154">
     <span class='ocr_line' id='line_1_108' title="bbox 1949 4086 3552 4154; baseline 0.006 -22"><span class='ocrx_word' id='word_1_770' title='bbox 1949 4086 2077 4154; x_wconf 87' lang='lat' dir='ltr'>apud</span> <span class='ocrx_word' id='word_1_771' title='bbox 2104 4098 2365 4138; x_wconf 89' lang='lat' dir='ltr'>conversos</span> <span class='ocrx_word' id='word_1_772' title='bbox 2412 4088 2591 4151; x_wconf 85' lang='lat' dir='ltr'>exegit,</span> <span class='ocrx_word' id='word_1_773' title='bbox 2641 4089 2901 4150; x_wconf 85' lang='lat' dir='ltr'>videntur;</span> <span class='ocrx_word' id='word_1_774' title='bbox 2930 4103 3042 4139; x_wconf 87' lang='lat' dir='ltr'>nam</span> <span class='ocrx_word' id='word_1_775' title='bbox 3087 4093 3135 4140; x_wconf 86' lang='lat' dir='ltr'>et</span> <span class='ocrx_word' id='word_1_776' title='bbox 3176 4091 3395 4153; x_wconf 89' lang='lat' dir='ltr'>sequitur</span> <span class='ocrx_word' id='word_1_777' title='bbox 3441 4086 3552 4154; x_wconf 85' lang='lat' dir='ltr'>post</span> 
     </span>
    </p>
   </div>
   <div class='ocr_carea' id='block_1_108' title="bbox 1949 4153 3543 4220">
    <p class='ocr_par' dir='ltr' id='par_1_108' title="bbox 1949 4153 3543 4220">
     <span class='ocr_line' id='line_1_109' title="bbox 1949 4153 3543 4220; baseline 0.004 -21"><span class='ocrx_word' id='word_1_778' title='bbox 1949 4153 2155 4213; x_wconf 87' lang='lat' dir='ltr'>spatium</span> <span class='ocrx_word' id='word_1_779' title='bbox 2184 4155 2330 4204; x_wconf 88' lang='lat' dir='ltr'>trium</span> <span class='ocrx_word' id='word_1_780' title='bbox 2357 4154 2773 4204; x_wconf 84' lang='lat' dir='ltr'>hebdomadarum</span> <span class='ocrx_word' id='word_1_781' title='bbox 2807 4168 2861 4205; x_wconf 89' lang='lat' dir='ltr'>se</span> <span class='ocrx_word' id='word_1_782' title='bbox 2889 4156 2949 4205; x_wconf 88' lang='lat' dir='ltr'>ad</span> <span class='ocrx_word' id='word_1_783' title='bbox 2984 4156 3189 4206; x_wconf 88' lang='lat' dir='ltr'>reditum</span> <span class='ocrx_word' id='word_1_784' title='bbox 3232 4153 3543 4220; x_wconf 90' lang='lat' dir='ltr'>disposuisse.</span> 
     </span>
    </p>
   </div>
   <div class='ocr_carea' id='block_1_109' title="bbox 2018 4244 3544 4304">
    <p class='ocr_par' dir='ltr' id='par_1_109' title="bbox 2018 4244 3544 4304">
     <span class='ocr_line' id='line_1_110' title="bbox 2018 4244 3544 4304; baseline 0.002 -12"><span class='ocrx_word' id='word_1_785' title='bbox 2018 4245 2155 4304; x_wconf 75' lang='grc'><strong>(501)</strong></span> <span class='ocrx_word' id='word_1_786' title='bbox 2186 4244 2476 4294; x_wconf 84' lang='lat' dir='ltr'>Antholinus</span> <span class='ocrx_word' id='word_1_787' title='bbox 2500 4244 2713 4303; x_wconf 89' lang='lat' dir='ltr'>nomine,</span> <span class='ocrx_word' id='word_1_788' title='bbox 2760 4246 2880 4294; x_wconf 87' lang='lat' dir='ltr'>alias</span> <span class='ocrx_word' id='word_1_789' title='bbox 2905 4246 3216 4301; x_wconf 76' lang='lat' dir='ltr'>Nanteh‘nus.</span> <span class='ocrx_word' id='word_1_790' title='bbox 3247 4249 3296 4295; x_wconf 89' lang='lat' dir='ltr'>et</span> <span class='ocrx_word' id='word_1_791' title='bbox 3330 4247 3544 4297; x_wconf 82' lang='lat' dir='ltr'>Nanlel-</span> 
     </span>
    </p>
   </div>
   <div class='ocr_carea' id='block_1_110' title="bbox 1946 4310 3543 4373">
    <p class='ocr_par' dir='ltr' id='par_1_110' title="bbox 1946 4310 3543 4373">
     <span class='ocr_line' id='line_1_111' title="bbox 1946 4310 3543 4373; baseline 0.003 -16"><span class='ocrx_word' id='word_1_792' title='bbox 1946 4322 2069 4369; x_wconf 78' lang='lat' dir='ltr'>mus,</span> <span class='ocrx_word' id='word_1_793' title='bbox 2102 4324 2161 4360; x_wconf 87' lang='lat' dir='ltr'>ex</span> <span class='ocrx_word' id='word_1_794' title='bbox 2189 4312 2347 4372; x_wconf 89' lang='lat' dir='ltr'>priore</span> <span class='ocrx_word' id='word_1_795' title='bbox 2370 4310 2640 4359; x_wconf 71' lang='lat' dir='ltr'>(Zarthusize</span> <span class='ocrx_word' id='word_1_796' title='bbox 2665 4310 2902 4360; x_wconf 88' lang='lat' dir='ltr'>Wallonis</span> <span class='ocrx_word' id='word_1_797' title='bbox 2942 4324 3068 4361; x_wconf 89' lang='lat' dir='ltr'>anno</span> <span class='ocrx_word' id='word_1_798' title='bbox 3098 4314 3243 4373; x_wconf 76' lang='grc'><strong>1185,</strong></span> <span class='ocrx_word' id='word_1_799' title='bbox 3274 4312 3458 4362; x_wconf 88' lang='lat' dir='ltr'>electus</span> <span class='ocrx_word' id='word_1_800' title='bbox 3495 4314 3543 4363; x_wconf 90' lang='lat' dir='ltr'>in</span> 
     </span>
    </p>
   </div>
   <div class='ocr_carea' id='block_1_111' title="bbox 1948 4376 3543 4454">
    <p class='ocr_par' dir='ltr' id='par_1_111' title="bbox 1948 4376 3543 4454">
     <span class='ocr_line' id='line_1_112' title="bbox 1948 4376 3543 4454; baseline 0.004 -30"><span class='ocrx_word' id='word_1_801' title='bbox 1948 4389 2224 4454; x_wconf 74' lang='lat' dir='ltr'>episcopum</span> <span class='ocrx_word' id='word_1_802' title='bbox 2270 4376 2771 4454; x_wconf 36' lang='lat' dir='ltr'>Glebepnens‘em,&quot;qui</span> <span class='ocrx_word' id='word_1_803' title='bbox 2796 4378 3361 4454; x_wconf 35' lang='lat' dir='ltr'>vigesimq‘episcopatus</span> <span class='ocrx_word' id='word_1_804' title='bbox 3396 4392 3543 4443; x_wconf 81' lang='lat' dir='ltr'>anno,</span> 
     </span>
    </p>
   </div>
   <div class='ocr_carea' id='block_1_112' title="bbox 1947 4442 3070 4503">
    <p class='ocr_par' dir='ltr' id='par_1_112' title="bbox 1947 4442 3070 4503">
     <span class='ocr_line' id='line_1_113' title="bbox 1947 4442 3070 4503; baseline 0.002 -12"><span class='ocrx_word' id='word_1_805' title='bbox 1947 4442 1993 4491; x_wconf 90' lang='lat' dir='ltr'>id</span> <span class='ocrx_word' id='word_1_806' title='bbox 2021 4448 2115 4503; x_wconf 88' lang='lat' dir='ltr'>est,</span> <span class='ocrx_word' id='word_1_807' title='bbox 2146 4456 2270 4494; x_wconf 88' lang='lat' dir='ltr'>anno</span> <span class='ocrx_word' id='word_1_808' title='bbox 2300 4442 2446 4503; x_wconf 73' lang='lat'>1:205,</span> <span class='ocrx_word' id='word_1_809' title='bbox 2475 4442 2637 4492; x_wconf 84' lang='lat' dir='ltr'>Idibus</span> <span class='ocrx_word' id='word_1_810' title='bbox 2662 4443 2913 4493; x_wconf 85' lang='lat' dir='ltr'>Februarii</span> <span class='ocrx_word' id='word_1_811' title='bbox 2934 4442 3070 4494; x_wconf 87' lang='lat' dir='ltr'>obiit.</span> 
     </span>
    </p>
   </div>
   <div class='ocr_carea' id='block_1_113' title="bbox 2016 4534 3539 4599">
    <p class='ocr_par' dir='ltr' id='par_1_113' title="bbox 2016 4534 3539 4599">
     <span class='ocr_line' id='line_1_114' title="bbox 2016 4534 3539 4599; baseline 0.005 -19"><span class='ocrx_word' id='word_1_812' title='bbox 2016 4534 2154 4599; x_wconf 75' lang='lat'>(305)</span> <span class='ocrx_word' id='word_1_813' title='bbox 2179 4536 2482 4594; x_wconf 89' lang='lat' dir='ltr'>Guillelmus,</span> <span class='ocrx_word' id='word_1_814' title='bbox 2504 4534 2605 4583; x_wconf 87' lang='lat' dir='ltr'>sive</span> <span class='ocrx_word' id='word_1_815' title='bbox 2631 4536 2923 4586; x_wconf 85' lang='lat' dir='ltr'>Wilhelmus</span> <span class='ocrx_word' id='word_1_816' title='bbox 2947 4537 2986 4592; x_wconf 91' lang='grc'>1.</span> <span class='ocrx_word' id='word_1_817' title='bbox 3004 4549 3169 4587; x_wconf 91' lang='lat' dir='ltr'>comes</span> <span class='ocrx_word' id='word_1_818' title='bbox 3189 4538 3539 4589; x_wconf 88' lang='lat' dir='ltr'>Gebennensis.</span> 
     </span>
    </p>
   </div>
   <div class='ocr_carea' id='block_1_114' title="bbox 1943 4602 3536 4666">
    <p class='ocr_par' dir='ltr' id='par_1_114' title="bbox 1943 4602 3536 4666">
     <span class='ocr_line' id='line_1_115' title="bbox 1943 4602 3536 4666; baseline 0.001 -14"><span class='ocrx_word' id='word_1_819' title='bbox 1943 4604 2043 4653; x_wconf 81' lang='lat' dir='ltr'>Iste</span> <span class='ocrx_word' id='word_1_820' title='bbox 2082 4603 2188 4661; x_wconf 84' lang='lat' dir='ltr'>fuit,</span> <span class='ocrx_word' id='word_1_821' title='bbox 2228 4615 2390 4664; x_wconf 90' lang='lat' dir='ltr'>quem,</span> <span class='ocrx_word' id='word_1_822' title='bbox 2424 4603 2551 4649; x_wconf 88' lang='lat' dir='ltr'>teste</span> <span class='ocrx_word' id='word_1_823' title='bbox 2596 4602 2774 4652; x_wconf 90' lang='lat' dir='ltr'>abbate</span> <span class='ocrx_word' id='word_1_824' title='bbox 2818 4604 3039 4663; x_wconf 82' lang='lat' dir='ltr'>Morotio,</span> <span class='ocrx_word' id='word_1_825' title='bbox 3083 4604 3237 4654; x_wconf 76' lang='lat' dir='ltr'>altero</span> <span class='ocrx_word' id='word_1_826' title='bbox 3262 4608 3536 4666; x_wconf 90' lang='lat' dir='ltr'>asuscepto</span> 
     </span>
    </p>
   </div>
   <div class='ocr_carea' id='block_1_115' title="bbox 1944 4670 3537 4733">
    <p class='ocr_par' dir='ltr' id='par_1_115' title="bbox 1944 4670 3537 4733">
     <span class='ocr_line' id='line_1_116' title="bbox 1944 4670 3537 4733; baseline 0.001 -15"><span class='ocrx_word' id='word_1_827' title='bbox 1944 4671 2221 4731; x_wconf 78' lang='lat' dir='ltr'>episcopatu</span> <span class='ocrx_word' id='word_1_828' title='bbox 2247 4682 2397 4728; x_wconf 90' lang='lat' dir='ltr'>anno,</span> <span class='ocrx_word' id='word_1_829' title='bbox 2424 4671 2565 4716; x_wconf 82' lang='lat' dir='ltr'>sexto</span> <span class='ocrx_word' id='word_1_830' title='bbox 2611 4670 2716 4718; x_wconf 86' lang='lat' dir='ltr'>Kal.</span> <span class='ocrx_word' id='word_1_831' title='bbox 2767 4670 3075 4732; x_wconf 85' lang='lat' dir='ltr'>Septembris</span> <span class='ocrx_word' id='word_1_832' title='bbox 3124 4671 3281 4720; x_wconf 86' lang='lat' dir='ltr'>hanno</span> <span class='ocrx_word' id='word_1_833' title='bbox 3325 4671 3537 4733; x_wconf 90' lang='lat' dir='ltr'>imperii,</span> 
     </span>
    </p>
   </div>
   <div class='ocr_carea' id='block_1_116' title="bbox 1942 4734 3539 4799">
    <p class='ocr_par' dir='ltr' id='par_1_116' title="bbox 1942 4734 3539 4799">
     <span class='ocr_line' id='line_1_117' title="bbox 1942 4734 3539 4799; baseline 0.001 -14"><span class='ocrx_word' id='word_1_834' title='bbox 1942 4740 2109 4796; x_wconf 87' lang='lat' dir='ltr'>utpote</span> <span class='ocrx_word' id='word_1_835' title='bbox 2136 4736 2369 4785; x_wconf 74' lang='lat' dir='ltr'>Ecclesiae</span> <span class='ocrx_word' id='word_1_836' title='bbox 2394 4734 2532 4782; x_wconf 88' lang='lat' dir='ltr'>bonis</span> <span class='ocrx_word' id='word_1_837' title='bbox 2580 4736 2840 4786; x_wconf 82' lang='lat' dir='ltr'>multifarie</span> <span class='ocrx_word' id='word_1_838' title='bbox 2882 4736 3135 4799; x_wconf 83' lang='lat' dir='ltr'>infestum,</span> <span class='ocrx_word' id='word_1_839' title='bbox 3180 4737 3386 4787; x_wconf 90' lang='lat' dir='ltr'>obtinuit</span> <span class='ocrx_word' id='word_1_840' title='bbox 3426 4737 3539 4786; x_wconf 88' lang='lat' dir='ltr'>sub-</span> 
     </span>
    </p>
   </div>
   <div class='ocr_carea' id='block_1_117' title="bbox 1942 4802 2398 4852">
    <p class='ocr_par' dir='ltr' id='par_1_117' title="bbox 1942 4802 2398 4852">
     <span class='ocr_line' id='line_1_118' title="bbox 1942 4802 2398 4852; baseline 0 0"><span class='ocrx_word' id='word_1_841' title='bbox 1942 4803 2069 4852; x_wconf 88' lang='lat' dir='ltr'>mitti</span> <span class='ocrx_word' id='word_1_842' title='bbox 2090 4802 2398 4852; x_wconf 79' lang='lat' dir='ltr'>Antholinus.</span> 
     </span>
    </p>
   </div>
   <div class='ocr_carea' id='block_1_118' title="bbox 2011 4883 3543 4949">
    <p class='ocr_par' dir='ltr' id='par_1_118' title="bbox 2011 4883 3543 4949">
     <span class='ocr_line' id='line_1_119' title="bbox 2011 4883 3543 4949; baseline 0.003 -17"><span class='ocrx_word' id='word_1_843' title='bbox 2011 4883 2151 4948; x_wconf 79' lang='lat'>(306)</span> <span class='ocrx_word' id='word_1_844' title='bbox 2168 4887 2235 4934; x_wconf 87' lang='lat' dir='ltr'>Eo</span> <span class='ocrx_word' id='word_1_845' title='bbox 2268 4887 2374 4948; x_wconf 91' lang='lat' dir='ltr'>ipso</span> <span class='ocrx_word' id='word_1_846' title='bbox 2399 4890 2639 4949; x_wconf 89' lang='lat' dir='ltr'>tempore,</span> <span class='ocrx_word' id='word_1_847' title='bbox 2662 4899 2757 4948; x_wconf 89' lang='lat' dir='ltr'>quo</span> <span class='ocrx_word' id='word_1_848' title='bbox 2774 4886 2935 4936; x_wconf 86' lang='lat' dir='ltr'>hanno</span> <span class='ocrx_word' id='word_1_849' title='bbox 2960 4887 3148 4948; x_wconf 88' lang='lat' dir='ltr'>imperii</span> <span class='ocrx_word' id='word_1_850' title='bbox 3173 4884 3423 4944; x_wconf 85' lang='lat' dir='ltr'>subjectus</span> <span class='ocrx_word' id='word_1_851' title='bbox 3449 4888 3543 4938; x_wconf 82' lang='lat' dir='ltr'>fuit</span> 
     </span>
    </p>
   </div>
   <div class='ocr_carea' id='block_1_119' title="bbox 1938 4953 3535 5013">
    <p class='ocr_par' dir='ltr' id='par_1_119' title="bbox 1938 4953 3535 5013">
     <span class='ocr_line' id='line_1_120' title="bbox 1938 4953 3535 5013; baseline 0.002 -13"><span class='ocrx_word' id='word_1_852' title='bbox 1938 4953 2168 5012; x_wconf 68' lang='lat' dir='ltr'>przefatus</span> <span class='ocrx_word' id='word_1_853' title='bbox 2191 4964 2373 5011; x_wconf 86' lang='lat' dir='ltr'>comes,</span> <span class='ocrx_word' id='word_1_854' title='bbox 2418 4954 2642 5003; x_wconf 82' lang='lat' dir='ltr'>videlicet</span> <span class='ocrx_word' id='word_1_855' title='bbox 2680 4966 2808 5002; x_wconf 91' lang='lat' dir='ltr'>anno</span> <span class='ocrx_word' id='word_1_856' title='bbox 2850 4954 2994 5012; x_wconf 85' lang='grc'><strong>1186,</strong></span> <span class='ocrx_word' id='word_1_857' title='bbox 3023 4967 3049 5001; x_wconf 88' lang='lat' dir='ltr'>a</span> <span class='ocrx_word' id='word_1_858' title='bbox 3088 4965 3180 5013; x_wconf 90' lang='lat' dir='ltr'>quo</span> <span class='ocrx_word' id='word_1_859' title='bbox 3216 4956 3292 5001; x_wconf 88' lang='lat' dir='ltr'>ter</span> <span class='ocrx_word' id='word_1_860' title='bbox 3315 4955 3535 5013; x_wconf 87' lang='lat' dir='ltr'>quaterni</span> 
     </span>
    </p>
   </div>
   <div class='ocr_carea' id='block_1_120' title="bbox 1937 5019 3535 5076">
    <p class='ocr_par' dir='ltr' id='par_1_120' title="bbox 1937 5019 3535 5076">
     <span class='ocr_line' id='line_1_121' title="bbox 1937 5019 3535 5076; baseline 0.001 -10"><span class='ocrx_word' id='word_1_861' title='bbox 1937 5019 2049 5067; x_wconf 91' lang='lat' dir='ltr'>anni</span> <span class='ocrx_word' id='word_1_862' title='bbox 2076 5019 2135 5068; x_wconf 89' lang='lat' dir='ltr'>ad</span> <span class='ocrx_word' id='word_1_863' title='bbox 2161 5030 2342 5067; x_wconf 90' lang='lat' dir='ltr'>annum</span> <span class='ocrx_word' id='word_1_864' title='bbox 2374 5020 2499 5068; x_wconf 74' lang='lat'>1200</span> <span class='ocrx_word' id='word_1_865' title='bbox 2526 5021 2629 5069; x_wconf 88' lang='lat' dir='ltr'>fere</span> <span class='ocrx_word' id='word_1_866' title='bbox 2653 5020 2958 5076; x_wconf 80' lang='lat' dir='ltr'>eﬂluxerant.</span> <span class='ocrx_word' id='word_1_867' title='bbox 2985 5019 3067 5069; x_wconf 90' lang='lat' dir='ltr'>sed</span> <span class='ocrx_word' id='word_1_868' title='bbox 3097 5021 3307 5069; x_wconf 89' lang='lat' dir='ltr'>nondum</span> <span class='ocrx_word' id='word_1_869' title='bbox 3333 5019 3425 5070; x_wconf 87' lang='lat' dir='ltr'>tria</span> <span class='ocrx_word' id='word_1_870' title='bbox 3451 5035 3535 5070; x_wconf 86' lang='lat' dir='ltr'>an-</span> 
     </span>
    </p>
   </div>
   <div class='ocr_carea' id='block_1_121' title="bbox 1937 5085 3533 5146">
    <p class='ocr_par' dir='ltr' id='par_1_121' title="bbox 1937 5085 3533 5146">
     <span class='ocr_line' id='line_1_122' title="bbox 1937 5085 3533 5146; baseline 0.003 -13"><span class='ocrx_word' id='word_1_871' title='bbox 1937 5097 2107 5134; x_wconf 90' lang='lat' dir='ltr'>norum</span> <span class='ocrx_word' id='word_1_872' title='bbox 2136 5085 2307 5144; x_wconf 84' lang='lat' dir='ltr'>lustra,</span> <span class='ocrx_word' id='word_1_873' title='bbox 2338 5086 2431 5134; x_wconf 88' lang='lat' dir='ltr'>nisi</span> <span class='ocrx_word' id='word_1_874' title='bbox 2476 5087 2772 5145; x_wconf 87' lang='lat' dir='ltr'>inchoative,</span> <span class='ocrx_word' id='word_1_875' title='bbox 2806 5086 2895 5134; x_wconf 92' lang='lat' dir='ltr'>nisi</span> <span class='ocrx_word' id='word_1_876' title='bbox 2941 5087 3167 5143; x_wconf 78' lang='lat' dir='ltr'>lustrum,</span> <span class='ocrx_word' id='word_1_877' title='bbox 3195 5087 3319 5146; x_wconf 88' lang='lat' dir='ltr'>quod</span> <span class='ocrx_word' id='word_1_878' title='bbox 3358 5091 3409 5136; x_wconf 89' lang='lat' dir='ltr'>et</span> <span class='ocrx_word' id='word_1_879' title='bbox 3444 5089 3533 5137; x_wconf 87' lang='lat' dir='ltr'>viri</span> 
     </span>
    </p>
   </div>
   <div class='ocr_carea' id='block_1_122' title="bbox 1933 5151 3535 5217">
    <p class='ocr_par' dir='ltr' id='par_1_122' title="bbox 1933 5151 3535 5217">
     <span class='ocr_line' id='line_1_123' title="bbox 1933 5151 3535 5217; baseline 0.002 -17"><span class='ocrx_word' id='word_1_880' title='bbox 1933 5151 2063 5200; x_wconf 88' lang='lat' dir='ltr'>docti</span> <span class='ocrx_word' id='word_1_881' title='bbox 2103 5151 2289 5200; x_wconf 90' lang='lat' dir='ltr'>rectius</span> <span class='ocrx_word' id='word_1_882' title='bbox 2314 5152 2514 5213; x_wconf 85' lang='lat' dir='ltr'>faciunt,</span> <span class='ocrx_word' id='word_1_883' title='bbox 2539 5165 2629 5215; x_wconf 90' lang='lat' dir='ltr'>pro</span> <span class='ocrx_word' id='word_1_884' title='bbox 2655 5157 2851 5215; x_wconf 76' lang='lat' dir='ltr'>quatuor</span> <span class='ocrx_word' id='word_1_885' title='bbox 2885 5152 3138 5217; x_wconf 78' lang='lat' dir='ltr'>plenarum</span> <span class='ocrx_word' id='word_1_886' title='bbox 3175 5165 3413 5203; x_wconf 87' lang='lat' dir='ltr'>annorum</span> <span class='ocrx_word' id='word_1_887' title='bbox 3443 5155 3535 5203; x_wconf 89' lang='lat' dir='ltr'>cir-</span> 
     </span>
    </p>
   </div>
   <div class='ocr_carea' id='block_1_123' title="bbox 1934 5217 2472 5280">
    <p class='ocr_par' dir='ltr' id='par_1_123' title="bbox 1934 5217 2472 5280">
     <span class='ocr_line' id='line_1_124' title="bbox 1934 5217 2472 5280; baseline -0.002 -12"><span class='ocrx_word' id='word_1_888' title='bbox 1934 5218 2042 5268; x_wconf 87' lang='lat' dir='ltr'>culo</span> <span class='ocrx_word' id='word_1_889' title='bbox 2065 5217 2203 5267; x_wconf 88' lang='lat' dir='ltr'>malis</span> <span class='ocrx_word' id='word_1_890' title='bbox 2230 5219 2472 5280; x_wconf 91' lang='lat' dir='ltr'>accipere.</span> 
     </span>
    </p>
   </div>
   <div class='ocr_carea' id='block_1_124' title="bbox 2000 5317 2535 5383">
    <p class='ocr_par' dir='ltr' id='par_1_124' title="bbox 2000 5317 2535 5383">
     <span class='ocr_line' id='line_1_125' title="bbox 2000 5317 2535 5383; baseline 0.002 -15"><span class='ocrx_word' id='word_1_891' title='bbox 2000 5317 2143 5383; x_wconf 76' lang='lat'>(307)</span> <span class='ocrx_word' id='word_1_892' title='bbox 2171 5320 2277 5370; x_wconf 80' lang='lat' dir='ltr'>Vid.</span> <span class='ocrx_word' id='word_1_893' title='bbox 2308 5334 2414 5383; x_wconf 89' lang='lat' dir='ltr'>cap.</span> <span class='ocrx_word' id='word_1_894' title='bbox 2445 5321 2535 5371; x_wconf 85' lang='lat' dir='ltr'>ult.</span> 
     </span>
    </p>
   </div>
  </div>
