3960 6062
413 203 548 256 1083

1276 201 1332 256 S.
1374 198 1688 257 HUGONIS
1726 197 1942 255 EPISC.
1985 196 2310 255 LINCOLN.
2354 196 2517 255 0RD.
2562 198 2814 255 CARTH.

3582 202 3723 256 1084

409 313 498 381 ἐς
526 324 666 380 duos
704 340 769 379 ex
817 323 1010 380 ordine
1042 322 1359 391 Carthusire,
1400 332 1459 378 ut
1507 322 1759 379 comitem
1809 322 2094 386 diutinoA
2191 321 2324 378 Cum
2370 338 2502 378 vero
2551 339 2615 379 ex
2680 322 2911 378 maxima
2956 322 3244 379 devotione
3302 322 3726 378 sollicitudinem

409 411 650 483 corporis
694 412 962 485 languore
1009 420 1343 468 maceratum
1391 412 1829 479 exhortarentur,
1882 427 2020 481 qua-

409 506 568 555 tenus
614 500 757 570 patri
788 515 887 555 suo
910 500 1168 571 episcopo
1193 509 1246 554 et
1294 499 1559 556 Ecclesiae
1598 499 1753 553 matri
1784 515 1897 553 sua:
1930 515 2020 553 re-

413 587 694 643 conciliari
742 586 1039 643 festinaret.
1091 588 1273 642 Posuit
1333 602 1549 659 quoque
1604 587 1774 641 verba
1822 588 1876 640 in
1926 602 2021 641 ore

414 690 624 741 eorum,
656 676 711 729 id
740 676 1014 746 praecipue
1044 675 1366 730 discendum
1419 675 1469 729 ei
1502 675 1800 743 inculcans,
1834 683 1891 728 ut
1921 691 2020 744 pa-

411 762 513 817 tris
541 762 870 835 ﬂagellantis
910 764 1135 835 gratiam
1160 771 1435 833 satageret
1456 763 1754 834 inquirere,
1779 779 1847 817 ne
1875 778 2022 817 mor-

416 858 467 905 te
497 850 654 906 citius
684 850 926 906 irruente
964 851 1119 907 fieret
1167 850 1398 906 extorris
1428 867 1457 904 a
1487 850 1715 905 ﬁliorum
1764 851 1861 905 Dei
1910 852 2022 905 hae-

417 937 666 993 reditate.
703 938 818 995 Hos
848 954 980 994 vero
1010 938 1101 994 ille
1133 939 1200 993 ad
1231 955 1290 993 se
1321 938 1443 992 talia
1489 938 1793 1009 loquentes,
1827 954 2022 1008 asper-

416 1032 609 1080 nanter
634 1026 854 1096 quidem
887 1026 1108 1082 audivit.
1145 1026 1275 1096 Sed,
1325 1034 1612 1097 postquam
1661 1033 2020 1091 recesserunt,

419 1112 643 1168 obtentu
674 1112 773 1167 viri
803 1113 923 1177 Dei,
958 1121 1016 1168 ut
1037 1114 1153 1184 ipse
1198 1114 1537 1184 perhibebat,
1569 1114 1622 1167 in
1654 1129 1714 1168 se
1756 1129 2023 1180 reversus,

418 1215 484 1257 ac
514 1200 825 1256 medullitus
858 1200 927 1256 ad
958 1202 1067 1257 vim
1097 1202 1413 1269 verborum,
1450 1217 1571 1273 quae
1615 1201 1693 1256 illi
1726 1202 2025 1256 mandave-

417 1296 521 1355 rat,
554 1296 932 1360 compunctus,
967 1289 1235 1355 ecclesim,
1270 1306 1430 1361 quam
1460 1289 1690 1357 laeserat,
1726 1288 2026 1355 satisfecit;

419 1376 607 1447 sicque
667 1376 945 1432 absolutus
1033 1377 1315 1448 primuma
1390 1376 1678 1444 sententia,
1767 1376 1963 1432 deinde
1996 1392 2028 1431 a

419 1464 603 1519 carnis
634 1465 867 1529 sarcina,
896 1464 949 1518 in
980 1481 1115 1536 pace
1164 1465 1384 1535 quievit.

498 1552 626 1606 Post
657 1552 891 1622 spatium
939 1561 1115 1608 autem
1161 1553 1320 1607 trium
1368 1551 1854 1619 hebdomadarum,
1908 1553 2028 1622 epi-

2120 418 2345 483 gereret
2391 427 2557 481 super
2600 411 2957 483 acquisitione
3020 419 3129 466 tam
3178 410 3407 465 salubris
3452 410 3726 465 thesauris

2120 499 2311 553 institit
2358 515 2719 571 magnopere,
2790 507 3055 570 quatenus
3116 499 3183 553 de
3244 514 3472 568 corpore
3536 499 3727 569 magni

2122 587 2319 641 Christi
2352 586 2706 653 confessoris,
2739 587 3108 658 praecipuith
3146 587 3535 641 monachorum
3568 586 3728 639 ducis

2122 682 2173 728 et
2202 675 2531 745 legislatoris
2561 675 2834 729 Benedicti
2868 674 3072 745 aliquid
3111 674 3396 728 obtineret.
3431 674 3607 743 Super
3634 672 3729 726 tali

2124 777 2341 833 quoque
2370 763 2646 817 desiderio
2678 779 2776 816 suo
2803 762 3013 816 litteras
3030 762 3222 816 direxit
3245 760 3572 815 affectuosas
3593 761 3729 814 viris

2124 850 2530 904 venerabilihus
2579 850 2763 904 abbati
2795 858 2847 903 et
2892 850 3173 905 monachis
3221 848 3457 904 ccenobii
3511 848 3727 901 Floria-

2124 938 2304 992 censis
2372 938 2539 1007 (309),
2592 938 2683 991 ubi
2730 938 3071 992 sanctissima
3111 937 3245 991 tanti
3288 936 3460 990 Patris
3503 936 3725 1006 requie-

2125 1034 2282 1080 scunt
2313 1040 2459 1087 ossa,
2495 1025 2744 1079 scribens
2773 1026 2872 1094 eis,
2922 1034 2975 1080 et
3022 1025 3239 1079 mittens
3284 1040 3383 1094 per
3432 1023 3727 1094 quemdam

2126 1128 2311 1167 eorum
2342 1113 2588 1179 fratrem,
2643 1122 2695 1167 et
2743 1114 3084 1177 monachum,
3134 1120 3187 1166 et
3229 1112 3509 1167 custodem
3551 1113 3722 1179 (310),

2127 1201 2487 1271 quarumdam
2519 1208 2844 1266 sanctarum,
2896 1216 3029 1272 quas
3059 1215 3243 1255 secum
3291 1199 3582 1254 Lincolnius
3620 1198 3725 1252 ob-

2127 1288 2363 1343 tinuerat
2388 1288 2744 1358 reliquiarum
2785 1288 3211 1359 possessionem,
3262 1288 3413 1357 petiit
3455 1286 3723 1349 obnixius,

2129 1384 2393 1447 quatenus
2424 1376 2525 1430 sibi
2555 1376 2915 1446 dignarentur
2941 1376 3204 1445 impertiri
3234 1375 3303 1430 de
3326 1375 3477 1444 copia
3507 1390 3725 1427 suarum

2128 1466 2184 1518 in
2212 1465 2313 1519 hac
2343 1471 2498 1534 parte
2528 1464 2860 1518 divitiarum.
2893 1463 3036 1531 Quid
3074 1464 3278 1517 multa?
3327 1462 3484 1517 rediit
3510 1462 3727 1515 tandem

2128 1552 2424 1606 litterarum
2446 1551 2680 1620 bajulus,
2732 1559 2893 1622 atque
2943 1551 3115 1605 attulit
3160 1551 3279 1605 viro
3322 1558 3505 1604 sancto
3538 1557 3591 1603 et
3636 1550 3730 1603 de-

424 1654 623 1710 scopus
668 1640 848 1695 sciens
904 1640 1166 1711 scriptum
1233 1656 1356 1696 esse
1388 1660 1406 1696 :
1460 1666 1480 1687 -
1532 1640 1820 1713 Relinquet
1864 1642 2027 1695 homo
2059 1639 2477 1729 Bsideriorum,
2528 1638 2786 1693 desiderii
2831 1638 2913 1692 sui
2959 1638 3250 1709 precisque
3298 1654 3408 1692 suae
3452 1635 3727 1702 effectum,

434 1734 646 1797 patrem
678 1735 731 1782 et
756 1735 1004 1795 matrem,
1041 1736 1091 1783 et
1120 1728 1413 1783 adhaerebit
1444 1729 1599 1784 uxori
1628 1745 1741 1783 suae
1768 1730 1926 1798 (Gen.
1960 1744 2019 1793 it,

429 1816 566 1885 24);
594 1814 660 1869 ad
692 1815 953 1871 Ecclesia:
982 1831 1188 1885 curam,
1223 1832 1383 1888 quam
1425 1817 1555 1872 olim
1585 1817 1689 1870 sibi
1719 1816 2021 1887 desponde-

426 1910 524 1968 rat,
560 1902 738 1957 redire
770 1904 1086 1973 disponens,
1124 1913 1321 1975 praeter
1362 1904 1469 1959 alia
1498 1904 1741 1968 donaria,
1792 1904 2025 1977 pignora

428 1989 881 2045 inaestimabiliter
907 1991 1149 2061 pretiosa
1179 1992 1458 2058 Ecclesiae,
1491 2008 1525 2047 a
1568 1992 1719 2061 cujus
1766 1992 2025 2046 uberibus

427 2076 481 2131 in
508 2078 682 2133 virum
712 2079 1010 2149 perfectum
1059 2079 1357 2147 coaluerat,
1403 2080 1513 2148 jam
1556 2080 1801 2135 ultimum
1834 2079 1884 2135 ei
1926 2094 2025 2135 va-

426 2164 704 2235 lefaciens,
733 2167 954 2238 jamque
985 2168 1294 2234 discedens,
1329 2168 1383 2222 in
1425 2177 1744 2240 perpetuam
1792 2168 1876 2222 sui
1907 2184 2026 2222 me-

426 2254 658 2309 moriam
705 2254 1019 2326 dereliquit.
1060 2256 1301 2311 Habebat
1358 2258 1503 2311 enim
1559 2257 1612 2311 in
1654 2256 1870 2313 scriniis
1917 2257 2028 2311 suis

426 2341 703 2412 capsulam
733 2350 1072 2414 argenteam,
1109 2359 1271 2415 quam
1303 2344 1356 2398 in
1404 2344 1744 2399 basilicarum
1798 2344 2022 2400 dedica-

426 2429 663 2485 tionibus
691 2429 1109 2487 circumferebat
1138 2433 1191 2486 in
1222 2432 1512 2503 fmanibus,
1562 2433 1865 2488 numerosis
1897 2448 2027 2487 san-

425 2524 632 2573 ctorum
650 2527 1067 2592 sanctarumque
1089 2519 1330 2592 reliquiis
1351 2521 1588 2591 plenam.
1623 2522 1734 2575 Has
1764 2521 1850 2577 vel
1878 2522 2028 2591 ipse-

428 2613 555 2672 met,
588 2606 677 2662 vel
721 2606 962 2678 ipsorum
1008 2609 1334 2664 scriniorum
1384 2618 1588 2675 custos,
1635 2611 1932 2666 monachus
1978 2618 2032 2665 et

430 2694 747 2764 capellanus
775 2712 924 2761 suus,
958 2695 1206 2766 plerique
1235 2697 1290 2751 in
1322 2697 1458 2753 locis
1489 2697 1870 2768 acquisiverat.
1922 2698 2030 2752 Sed

430 2781 722 2852 episcOpus
738 2797 770 2836 a
801 2798 860 2837 se
880 2784 1206 2854 perquisitas
1222 2784 1337 2839 viro
1366 2784 1774 2855 religiosissime
1797 2786 2030 2839 Carthu-

433 2869 601 2923 siensi
630 2869 874 2924 sacristae
904 2886 1089 2925 coram
1119 2872 1301 2942 priore
1333 2880 1385 2927 et
1434 2872 1693 2927 fratribus
1736 2873 1950 2927 tradidit
1979 2874 2033 2927 in

429 2957 553 3012 loco
585 2956 677 3012 illo
706 2958 1113 3013 conservandus
1147 2973 1159 3013 ε
1188 2961 1453 3015 monacho
1474 2968 1653 3015 autem
1676 2976 1801 3015 suas
1831 2960 2033 3016 dimisit

433 3044 503 3100 ad
533 3045 812 3117 proprium
842 3047 1227 3103 monasterium
1259 3048 1646 3120 apportandas.

1052 3224 1278 3282 CAPUT
1309 3226 1460 3282 XXI.

435 3348 617 3422 Quam
640 3349 868 3422 deuotus
890 3350 1183 3422 exstiterit
1204 3351 1267 3404 in
1298 3350 1673 3422 reliquiarum
1705 3355 2035 3406 sanctorum

512 3421 838 3493 visitatienc
859 3424 915 3475 et
936 3421 1349 3493 conquisitione
1373 3421 1592 3485 earum,
1627 3425 1683 3475 et
1706 3423 1953 3493 qualiter
1968 3421 2034 3476 de

506 3492 585 3546 eis
614 3490 877 3559 ﬁnaliter
893 3490 1199 3546 ordinavit.
1224 3520 1294 3530 -—
1315 3493 1383 3546 Et
1406 3490 1809 3546 contineturin
1828 3508 2035 3559 magna

516 3563 636 3617 Vita
664 3562 765 3617 sub
794 3576 918 3633 cap.
957 3564 1040 3627 14,
1061 3562 1216 3617 circa
1230 3562 1478 3617 medium
1510 3563 1668 3617 illius
1696 3562 1961 3633 capituli.

509 3684 650 3754 Quia
681 3684 832 3756 (308)
862 3700 991 3740 vero
1037 3685 1105 3740 de
1154 3693 1467 3741 sanctorum
1511 3684 1757 3755 reliquiis
1808 3684 2037 3739 fecimus

437 3772 790 3841 mentionem,
824 3787 931 3829 non
962 3773 1175 3827 videtur
1191 3773 1444 3838 otiosum,
1468 3773 1565 3827 sed
1595 3773 1661 3826 ad
1693 3773 1921 3843 gloriam
1952 3772 2037 3828 vel

438 3860 855 3918 adificationem
883 3860 1228 3916 Audientium
1277 3877 1419 3926 esse,
1478 3860 1525 3915 si
1574 3860 1641 3915 de
1689 3861 1774 3914 his
1805 3860 2040 3916 breviter

440 3949 621 4003 adhuc
651 3949 828 4019 aliqua
860 3947 1178 4003 referamus.
1228 3949 1475 4003 Jusserat
1520 3956 1701 4003 autem
1750 3948 2041 4019 episcopus

439 4036 543 4091 sibi
573 4036 830 4090 annulum
862 4033 979 4089 ﬁeri
1019 4051 1083 4090 ex
1133 4051 1262 4089 auro
1317 4034 1611 4106 purissimo
1668 4043 1720 4090 et
1768 4036 2041 4106 lapidibus

438 4123 714 4196 pretiosis,
745 4124 1038 4178 habentem
1068 4122 1121 4177 in
1152 4130 1324 4193 parte,
1376 4140 1494 4194 qua:
1542 4123 1771 4196 digitum
1802 4124 2040 4179 exterius

442 4206 737 4274 ambiebat,
774 4206 931 4279 quasi
970 4206 1246 4279 quoddam
1291 4222 1610 4276 concavum,
1659 4208 1804 4279 quod
1833 4208 2041 4279 reposi-

440 4296 641 4351 torium
674 4312 796 4352 esse
826 4295 997 4351 voluit
1023 4305 1328 4353 sanctarum
1382 4297 1749 4368 reliquiarum.
1784 4298 1915 4351 Erat
1945 4313 2039 4352 au-

2131 1742 2295 1781 unum
2326 1726 2581 1781 videlicet
2610 1727 2828 1781 dentem
2858 1742 2922 1781 ex
2943 1725 3195 1780 dentibus
3227 1725 3400 1779 sancti
3432 1739 3552 1779 cum
3586 1724 3743 1794 palla.

2128 1814 2296 1885 (3H),
2330 1830 2436 1885 qua
2483 1822 2636 1869 erant
2689 1814 2913 1869 involuti
2970 1814 3150 1869 crines
3205 1812 3378 1867 sancti
3430 1811 3729 1876 Benedicti,

2128 1918 2236 1957 non
2268 1902 2485 1957 modica
2525 1902 2795 1973 portione.
2856 1901 3054 1956 Habuit
3101 1916 3317 1971 quoque
3366 1900 3420 1953 in
3477 1899 3732 1953 manibus

2130 1990 2273 2043 idem
2306 1990 2521 2059 bajulus
2567 1988 2881 2059 reciprocas
2930 1989 3146 2043 illorum
3200 1988 3425 2053 litteras,
3480 1988 3549 2040 ad
3594 2002 3731 2058 quos

2128 2077 2327 2131 missus
2392 2077 2569 2132 fuerat
2634 2077 2827 2148 quibus
2876 2085 2929 2132 et
2985 2084 3135 2130 tanto
3197 2075 3339 2130 Patri
3393 2074 3735 2129 salutationis

2129 2166 2325 2221 debitae
2354 2166 2687 2235 rependebat
2724 2166 3067 2236 obsequium,
3101 2172 3153 2219 et
3199 2162 3519 2218 muneribus
3549 2171 3733 2217 trans-

2128 2253 2312 2307 missis
2341 2253 2697 2308 indubitatum
2736 2252 3045 2307 referebant
3096 2250 3484 2306 testimonium.
3521 2249 3733 2316 Quibus

2131 2342 2349 2395 tandem
2382 2341 2619 2411 acceptis
2670 2348 2722 2395 et
2774 2340 2949 2405 lectis,
3010 2340 3094 2394 vir
3151 2339 3250 2393 Dei
3296 2338 3435 2393 miro
3482 2337 3728 2408 gestiens

2130 2429 2348 2502 gaudio,
2385 2429 2548 2497 jussit
2604 2428 2876 2498 extemplo
2936 2426 3209 2483 aurificem
3255 2442 3409 2480 suum
3453 2424 3733 2487 accersiri,

2133 2518 2225 2588 qui
2274 2517 2327 2571 in
2376 2524 2554 2573 castro
2592 2517 2762 2587 ipsius
2805 2515 3080 2583 manebat,
3131 2513 3491 2569 Banvenbiria
3527 2528 3731 2567 nuncu-

2132 2613 2279 2676 pato.

2203 2695 2404 2749 Verum
2435 2702 2679 2763 tempore
2707 2692 2801 2747 illo
2829 2707 2935 2764 quo
2950 2693 3068 2747 haec
3097 2697 3257 2763 gesta
3284 2696 3429 2755 sunt,
3462 2688 3733 2743 consiste-

2133 2781 2225 2835 bat
2273 2781 2563 2851 episcOpus
2606 2781 2660 2834 in
2706 2780 2951 2835 manerio
2994 2794 3112 2849 suo,
3161 2778 3306 2849 quod
3352 2775 3732 2831 Dorcacestria

2134 2869 2282 2938 (312)
2314 2867 2528 2931 dicitur,
2562 2874 2616 2921 et
2646 2867 2792 2938 quod
2837 2867 3072 2921 distabat
3118 2864 3438 2919 milliaribus
3486 2863 3600 2918 fere
3644 2863 3733 2916 tri—

2134 2956 2286 3028 ginta
2312 2972 2342 3009 a
2370 2964 2555 3011 castro
2585 2955 3001 3026 prmnominato.
3034 2955 3266 3019 Interea,
3297 2951 3424 3006 dum
3458 2950 3737 3005 instruitur

2064 3021 2109 3083 Ο
2134 3021 2373 3109 nuntius,
2406 3021 2638 3114 quierat
2682 3042 3014 3097 aurifabrum
3062 3040 3418 3105 adducturus,
3468 3047 3737 3110 quatenus

2135 3132 2493 3186 instrumenta
2536 3132 2752 3199 juberet
2818 3130 2994 3200 ipsum
3039 3142 3226 3184 secum
3272 3126 3486 3194 afferre,
3539 3126 3735 3197 quibus

2135 3220 2349 3289 aperire
2421 3219 2808 3274 convenienter
2858 3217 3140 3287 potuisset,
3211 3216 3513 3285 iterumque
3554 3214 3737 3268 reclu-

2134 3307 2268 3363 dere
2332 3307 2595 3361 annulum
2662 3305 3116 3360 sacramentalem
3157 3302 3399 3373 episcOpi
3446 3301 3549 3369 (sic
3596 3300 3740 3356 enim

2137 3394 2562 3467 cognominabat
2593 3410 2736 3459 eum,
2784 3394 2911 3464 quia
2956 3392 3013 3446 in
3060 3391 3309 3446 ordinum
3355 3398 3408 3444 et
3453 3403 3744 3444 consecra-

2138 3483 2342 3537 tionum
2375 3481 2836 3537 celebrationibus
2865 3480 2933 3534 ad
2951 3479 3258 3535 devotionis
3287 3476 3617 3532 incentivum
3644 3475 3740 3530 illo

2138 3570 2474 3641 frequentius
2502 3569 2773 3637 utebatur)
2794 3583 2922 3624 ecce
2942 3568 3139 3634 subito,
3174 3566 3264 3637 qui
3279 3566 3499 3635 jubetur
3519 3563 3739 3634 inquiri,

2139 3657 2346 3713 aurifex
2377 3657 2549 3723 adest,
2583 3666 2634 3711 et
2661 3664 2770 3711 tam
2798 3655 3132 3727 inopinatam
3174 3669 3336 3725 quam
3383 3660 3619 3722 Optatam
3653 3650 3737 3704 sui

2139 3746 2485 3817 praesentiam
2517 3744 2879 3816 gaudentibus
2900 3742 3100 3813 pariter
3121 3749 3173 3796 et
3195 3740 3533 3811 stupentibus
3564 3737 3742 3793 affert.

2140 3834 2453 3905 Requisilus
2505 3848 2633 3887 vero
2701 3832 2965 3885 adventus
3014 3830 3096 3884 sui
3150 3844 3391 3893 causam,
3445 3826 3747 3880 aﬂirmabat

2139 3922 2427 3978 dormienti
2456 3920 2559 3975 sibi
2588 3920 2735 3976 circa
2778 3919 2955 3975 noctis
3002 3917 3238 3973 medium
3280 3915 3515 3971 astitisse
3546 3931 3745 3985 quem-

2140 4011 2285 4078 dam,
2323 4010 2412 4080 qui
2437 4010 2656 4078 juberet
2684 4024 2807 4063 eum
2837 4022 2961 4061 mox
3004 4006 3073 4060 ad
3119 4006 3434 4076 episcopum
3464 4002 3744 4057 festinare.

2146 4119 2166 4148 ι
2204 4098 2337 4152 Sunt
2358 4096 2523 4162 enim,
2557 4096 2747 4166 inquit,
2780 4096 2829 4150 ei
2868 4095 3201 4149 transmissa:
3249 4091 3488 4163 reliquiae
3533 4090 3747 4160 pretio-

2144 4185 2393 4251 sissimae,
2424 4200 2558 4256 quas
2589 4192 2638 4238 te
2669 4190 2883 4253 Oportet
2912 4183 2967 4235 in
2997 4183 3113 4250 ejus
3170 4179 3373 4234 annulo
3419 4177 3745 4233 recondere.

2143 4275 2319 4346 Surge
2349 4288 2481 4344 ergo
2511 4271 2788 4337 velociter,
2819 4269 3031 4341 iterque
3087 4268 3157 4323 ad
3200 4268 3515 4339 episcopum
3544 4281 3749 4336 aggre-

442 4392 553 4439 tem
582 4384 716 4438 illud
740 4385 1142 4454 receptaculum
1199 4386 1269 4439 ad
1319 4353 1544 4455 quatuor
1589 4385 1702 4440 fere
1749 4385 2040 4457 digitorum

2143 4361 2293 4415 dere.
2325 4381 2347 4410 ι
2380 4360 2464 4414 Ad
2492 4360 2630 4413 hanc
2658 4374 2846 4413 vocem
2894 4372 3156 4412 excussus
3187 4370 3220 4408 a
3267 4369 3478 4417 somno,
3530 4353 3603 4406 ita
3631 4368 3752 4405 sus-

447 4488 758 4527 mensuram
790 4473 1029 4544 undique
1059 4474 1241 4527 latum.
1276 4474 1333 4527 In
1364 4474 1469 4529 hoc
1508 4474 1787 4543 portiones
1818 4489 2048 4544 conges-

446 4568 594 4615 serat
625 4569 937 4617 sanctorum
966 4562 1255 4635 pignorum
1296 4562 1365 4618 ad
1408 4578 1693 4618 numerum
1742 4578 1915 4633 usque
1946 4561 2045 4616 tri-

443 4665 740 4705 cenarium.

522 4824 661 4893 (308)
689 4828 930 4877 Contenta
955 4827 1096 4889 hujus
1116 4827 1288 4888 capitis
1313 4826 1421 4875 aliis
1446 4826 1665 4877 evenisse
1691 4824 1849 4888 annis,
1876 4836 1971 4874 non
1999 4824 2049 4873 in

450 4893 553 4944 solo
572 4895 665 4944 hoc
689 4894 881 4954 itinere,
911 4905 969 4943 ex
996 4896 1223 4944 contextu
1248 4892 1418 4954 liquet.

523 5021 660 5083 (309)
690 5022 970 5072 Cmnobium
999 5024 1077 5071 est
1110 5021 1252 5083 longe
1276 5020 1672 5080 celeberrimum,
1695 5019 1845 5069 situm
1888 5019 1948 5069 ad
1974 5019 2052 5067 Li-

457 5089 607 5147 gerim
625 5088 845 5138 dimcesis
872 5088 1250 5146 Aurelianensis,
1271 5087 1328 5136 de
1353 5098 1446 5147 quo
1473 5087 1652 5147 passim
1674 5088 1941 5147 scriptores
1966 5086 2053 5134 lte-

457 5168 562 5205 rum
593 5154 1010 5205 Benedictinarum
1028 5154 1269 5217 Jepezius,
1294 5153 1587 5213 Bucellinus,
1606 5152 1930 5214 Mabillonius,
1955 5157 2051 5201 etc.

523 5275 662 5336 (510)
706 5274 908 5324 Videtur
954 5275 1221 5324 monachus
1276 5274 1356 5323 hic
1398 5273 1547 5322 fuisse
1585 5272 1819 5332 Morinus,
1869 5272 1947 5334 qui
1992 5271 2054 5320 ad

455 5343 643 5393 calcem
690 5355 795 5404 cap.
853 5342 938 5403 26,
982 5342 1194 5403 Hugonis
1242 5340 1417 5391 dicitur
1459 5336 1609 5388 fuisse
1649 5338 2054 5399 eleemosynarius

457 5409 582 5471 apud
609 5409 757 5458 Stobe
783 5412 977 5468 portum
1007 5407 1279 5457 defunctus.
1308 5407 1457 5456 Certe
1480 5406 1601 5455 alius
1644 5405 1734 5453 fuit
1770 5404 1829 5453 ab
1856 5408 2055 5454 auctore

459 5477 603 5536 Vitae,
630 5472 745 5525 dum
776 5475 854 5524 hic
878 5474 1259 5530 Cantuaricnsis,
1291 5473 1369 5522 ille
1395 5471 1717 5523 Floriacensis
1761 5471 1851 5520 fuit
1890 5483 2056 5520 mona-

2146 4464 2348 4519 pensos
2383 4448 2639 4518 gerebam
2672 4446 2881 4500 animos
2923 4452 2981 4498 ut
3021 4443 3153 4498 nihil
3197 4442 3517 4512 cujusquam
3563 4439 3749 4509 operis

2148 4544 2375 4592 tractare
2404 4551 2642 4606 possem,
2676 4548 2955 4605 quousque
2985 4532 3052 4586 ad
3084 4546 3181 4587 vos
3229 4529 3334 4583 ista
3380 4528 3642 4591 dicturus,
3674 4533 3748 4591 et,

2148 4625 2188 4679 si
2227 4640 2355 4680 vera
2386 4631 2588 4689 essent,
2623 4638 2744 4693 quae
2770 4621 3074 4686 audieram,
3106 4617 3431 4689 probaturus
3478 4615 3741 4669 venirem.

2148 4817 2264 4855 vero
2288 4804 2537 4855 Lincolnia
2574 4802 2842 4853 Floriacum
2870 4801 3046 4850 missus
3068 4800 3118 4847 et
3140 4795 3258 4847 inde
3283 4795 3435 4846 redux
3477 4794 3748 4843 Dorcaces-

2149 4871 2258 4921 triae
2282 4884 2450 4921 sacras
2476 4870 2707 4932 reliquias
2731 4866 2919 4929 Hugoni
2943 4864 3280 4929 prtesentavit.

2218 4971 2361 5037 (511)
2382 4972 2454 5022 Ob
2474 4971 2667 5021 dentem
2691 4971 2737 5019 in
2765 4972 2927 5037 monte
2941 4967 3142 5037 Cassino
3167 4979 3192 5016 a
3208 4961 3585 5037 quodam-lcum
3614 4959 3750 5037 abla-

2149 5029 2271 5099 tum,
2298 5029 2353 5088 ut
2374 5038 2499 5101 apud
2536 5037 2751 5086 Bolland.
2777 5035 2827 5103 in
2853 5034 2960 5103 Vita
2982 5035 3035 5103 ξ.
3064 5033 3309 5103 Benedicti
3333 5030 3535 5103 legitur,
3558 5029 3752 5101 cogitur

2152 5106 2211 5155 ad
2237 5096 2588 5155 restitutionem
2638 5106 2705 5160 is,
2734 5100 2814 5162 qui
2858 5099 3152 5156 abstulerat;
3186 5100 3265 5147 hic
3301 5098 3424 5146 mira
3452 5096 3537 5162 Dei
3586 5096 3754 5162 provi-

2151 5172 2313 5221 dentia
2340 5173 2562 5221 monetur
2590 5174 2638 5219 et
2661 5158 2858 5229 urgetur
2884 5166 3093 5227 aurifex,
3120 5168 3170 5215 ut
3188 5166 3437 5228 Hugnnem
3461 5161 3605 5211 adeat
3628 5158 3753 5207 den-

2155 5241 2252 5288 tem
2281 5238 2460 5288 annulo
2486 5237 2777 5285 inclusurus.

2224 5338 2365 5397 (312)
2416 5340 2591 5396 Locus,
2634 5337 2762 5386 unde
2799 5335 3105 5398 episcopatus
3144 5333 3452 5384 Lincolniam
3486 5327 3758 5400 translatus

2158 5407 2266 5455 fuit.
2293 5396 2516 5455 Castrum
2542 5416 2658 5453 vero
2706 5396 3031 5452 Banvenbiria
3070 5400 3150 5450 ubi
3199 5401 3345 5450 situm
3397 5409 3489 5446 non
3539 5396 3756 5443 invenio.

2154 5474 2297 5522 Forte
2321 5470 2571 5521 Lincolnia
2594 5481 2689 5519 non
2716 5469 2882 5531 procul
2904 5468 3078 5531 aberit,
3105 5467 3305 5529 triginta
3330 5466 3435 5514 fere
3464 5458 3759 5511 milliaribus

461 5545 581 5594 chus
609 5562 619 5602 ς
649 5542 729 5592 hic
755 5552 942 5604 quoque
979 5552 1076 5590 non
1103 5541 1195 5590 nisi
1221 5541 1368 5590 unica
1391 5544 1525 5589 nocte
1553 5538 1735 5599 [lunoni
1772 5538 1923 5589 abfuit
1968 5539 2059 5587 istc
2157 5540 2343 5589 distans
2368 5553 2395 5587 a
2420 5537 2773 5587 Dorcaccstriu.
