3960 6062
238 185 262 234 1
275 183 380 237 085

1608 177 1790 233 VITA.
1824 206 1892 219 -
1920 176 2045 235 LIB.
2092 180 2159 236 V.

3402 182 3537 237 1086

252 328 274 352 α
314 305 459 361 Ecce
492 304 657 377 igitur
686 316 808 376 ego,
844 312 897 361 et
926 321 1051 361 ecce
1093 303 1346 360 utensilia
1373 305 1529 359 mea!
1588 303 1699 357 Vos
1728 302 1839 357 uti-
1871 301 1922 363 Α
1942 304 2119 359 vanda
2147 305 2324 372 nobis,
2357 322 2480 362 cum
2512 305 2738 362 facultas
2768 306 2945 375 datur,
2969 322 3078 364 non
3100 307 3478 380 acquirimus?
3508 327 3532 359 ι

249 393 389 447 mini
418 392 641 448 artificis
658 408 845 464 Opera,
871 393 1007 448 sicut
1038 394 1207 449 scitis.
1246 413 1268 441 »
1300 393 1429 447 Haec
1453 390 1721 462 siquidem
1755 405 1846 444 ar-

249 481 413 536 tificis
444 481 705 535 revelatio
735 489 893 552 atque
940 482 1131 537 relatio
1188 488 1241 536 et
1289 479 1664 536 certitudinem
1713 478 1843 533 reli-

249 570 500 641 quiarum
541 569 829 636 roboravit,
866 577 916 624 et
964 570 1258 626 cumulavit
1284 568 1521 623 laetitiam
1571 567 1841 631 omnibus,

249 658 343 729 qui
374 666 671 729 praesentes
704 660 804 711 ista
849 666 1238 730 cognoverant.
1280 656 1517 712 Partitus
1545 663 1627 710 est
1664 662 1842 709 autem

249 746 570 816 quibusdam
601 746 893 800 abbatibus
922 755 974 800 et.
1006 746 1145 811 aliis,
1191 746 1281 817 qui
1310 744 1687 808 interfuerunt,
1712 743 1844 797 viris

246 834 526 905 religiosis
553 834 716 889 homo
746 834 1159 889 liberalissimus
1198 832 1571 903 portiunculas
1600 832 1667 886 de
1697 831 1844 901 palla

245 938 409 992 quam
455 930 805 993 susceperat;
838 923 1057 977 dentem
1116 938 1244 977 vero
1290 920 1614 976 suavissime
1645 918 1842 990 saepius

247 1010 626 1065 deosculatum
656 1011 709 1065 in
732 1012 935 1066 annulo
966 1026 1065 1066 suo
1095 1010 1299 1065 recludi
1329 1009 1477 1063 fecit.

320 1099 475 1169 Apud
499 1098 785 1170 Festapum
811 1099 957 1169 (313)
977 1114 1195 1170 quoque
1211 1097 1424 1168 insigne
1453 1096 1843 1151 monasterium

246 1186 316 1240 de
365 1201 489 1241 osse
537 1186 749 1241 brachii
797 1188 946 1257 (314)
993 1186 1322 1241 beatissimaa
1368 1184 1567 1240 Christi
1594 1184 1840 1239 dilectri-

249 1274 327 1328 cis
356 1274 539 1328 Marias
571 1274 907 1346 Magdalenen
938 1275 1047 1329 duo
1063 1273 1341 1328 mordicus
1378 1272 1615 1328 excussit
1651 1272 1840 1327 frusta.

250 1363 431 1431 Ipsum
455 1370 633 1417 autem
666 1378 728 1417 os
757 1362 935 1416 nullus
966 1370 1091 1417 tunc
1119 1361 1491 1432 praesentium;
1534 1360 1621 1414 vel
1651 1360 1838 1425 abbas,

246 1450 332 1504 vel
362 1451 661 1505 monachus
692 1449 985 1521 aliquando
1014 1450 1327 1520 inspexerat
1355 1448 1595 1521 tegmine
1614 1448 1836 1502 nudum.

243 1538 377 1592 Erat
407 1536 548 1592 enim
572 1538 877 1608 duplicibus
897 1538 1092 1607 pannis
1123 1537 1314 1592 sericis
1345 1544 1398 1591 et
1425 1537 1569 1591 lineo
1609 1535 1841 1606 simplici

247 1625 555 1681 arctissime
586 1626 843 1680 insutum.
903 1626 1064 1694 Cujus
1110 1626 1503 1695 inspectionem
1560 1625 1688 1678 dum
1719 1624 1838 1695 epi-
1871 1651 1917 1707 Β

249 1729 418 1785 scopo
448 1713 706 1785 flagitanti
738 1713 994 1769 exhibere
1024 1713 1203 1767 nullus
1230 1714 1469 1779 auderet,
1508 1713 1617 1778 ille,
1654 1728 1685 1766 a
1707 1727 1839 1783 quo-

248 1802 373 1855 dam
403 1802 617 1855 notario
676 1818 774 1856 suo
833 1801 1151 1872 scalpellum
1183 1801 1467 1871 arripiens,
1526 1800 1841 1855 festinanter

248 1888 339 1943 ﬁla
383 1890 667 1955 dissecuit,
704 1898 863 1961 atque
922 1888 1219 1945 involutum
1275 1889 1407 1943 illud
1438 1888 1710 1955 dissuens,
1746 1903 1839 1942 sa-

243 1977 611 2033 cratissimum
642 1994 705 2032 os
739 1978 820 2031 ori
863 1985 915 2032 et
947 1977 1147 2032 osculis
1179 1976 1288 2031 suis
1318 1983 1632 2031 reverenter
1662 1975 1842 2046 appli-

249 2065 376 2121 cuit.
412 2070 455 2119 A
490 2080 595 2137 quo
627 2066 755 2120 dum
784 2065 1146 2136 impressione
1203 2064 1497 2137 digitorum
1526 2064 1659 2117 nihil
1715 2063 1839 2134 qui-

248 2154 418 2209 visset
448 2161 723 2221 excutere,
757 2154 907 2224 prius
929 2154 1205 2219 iucisivos,
1231 2153 1426 2208 deinde
1448 2151 1686 2207 molares
1705 2152 1840 2206 den-

243 2250 328 2297 tes
359 2244 627 2314 apposuit,
660 2258 893 2315 quorum
941 2242 1148 2296 viribus
1178 2242 1312 2296 duas
1371 2239 1496 2296 inde
1522 2240 1680 2295 citius
1707 2255 1839 2311 por-

243 2332 419 2387 tiones
450 2330 687 2401 abrupit,
723 2346 859 2402 quas
884 2330 1121 2385 dextera:
1138 2330 1241 2385 ista
1262 2328 1547 2384 scribentis
1580 2328 1727 2399 (315)
1758 2328 1841 2382 in-

243 2419 384 2485 tulit,
417 2419 486 2473 ita
535 2419 724 2474 dicens
759 2436 771 2473 :
813 2442 832 2465 α
870 2418 1041 2473 Serva
1070 2417 1229 2473 nobis
1276 2419 1393 2473 hzec
1450 2417 1773 2487 percptime.
1812 2438 1833 2466 ι

242 2506 541 2563 Cernentes
571 2522 705 2562 vero
738 2507 844 2562 hoc
902 2506 1070 2560 abbas
1090 2513 1143 2559 et
1186 2505 1457 2571 monachi,
1486 2505 1600 2574 jam
1628 2504 1838 2575 pridem

241 2603 522 2666 stupentes
555 2602 608 2649 et
627 2594 830 2665 pavidi,
864 2610 1007 2648 nunc
1037 2608 1164 2648 vero
1187 2592 1474 2648 saevientes
1504 2599 1556 2647 et
1576 2592 1719 2659 irati,
1739 2608 1836 2646 ex-

241 2684 614 2739 clamaverunt
650 2699 661 2735 :
701 2703 723 2733 ι
758 2683 901 2736 Proh
923 2681 1108 2736 nefasl
1134 2681 1493 2735 credebamus
1522 2680 1837 2751 episcOpum

240 2771 607 2826 venerationis
640 2771 861 2825 obtentu
884 2769 1179 2840 expetiisse
1196 2771 1312 2823 hinc
1344 2783 1503 2824 sacra
1525 2768 1832 2833 referenda,

239 2868 291 2913 et
319 2875 447 2915 ecce
476 2859 581 2912 ritu
613 2858 808 2913 canino
838 2859 954 2913 haec
976 2858 1227 2911 dentibus
1257 2856 1475 2910 tradidit
1505 2856 1777 2910 lanianda.
1809 2876 1830 2905 ι

239 2947 388 3016 Quos
411 2947 535 3002 talia
567 2954 964 3018 prosequentes
985 2945 1074 2999 ille
1106 2944 1317 2998 blandis
1341 2944 1682 2999 sermonibus
1700 2944 1834 2997 deli-

238 3036 389 3102 nivit,
438 3035 624 3091 dicens
674 3036 813 3089 inter
857 3042 1052 3090 caetera
1097 3034 1324 3088 verbum
1366 3032 1720 3087 memorabile
1757 3048 1768 3085 :
1812 3054 1831 3081 p

240 3125 317 3191 Si,
352 3124 540 3196 inquit,
576 3123 746 3194 ipsius
782 3123 965 3178 Sancti
1015 3129 1327 3177 sanctorum
1360 3121 1523 3191 paulo
1554 3128 1674 3174 ante
1706 3136 1834 3175 cor-

234 3229 335 3284 pus
358 3212 759 3267 sanctissimum
805 3210 988 3281 digitis
1040 3211 1163 3265 licet
1203 3209 1443 3281 indignis
1473 3209 1834 3263 contrectavi-

238 3317 375 3366 mus,
411 3301 664 3355 dentibus
693 3314 910 3371 quoque
942 3297 1028 3353 vel
1058 3297 1217 3351 labiis
1239 3304 1577 3351 attrectatum
1611 3297 1679 3351 ad
1699 3297 1835 3351 inte-

233 3390 375 3444 riora
394 3397 579 3443 nostra
597 3387 1016 3450 transmisimus,
1039 3401 1201 3458 quare
1227 3400 1335 3440 non
1352 3386 1510 3439 etiam
1525 3392 1834 3440 sanctorum

234 3477 350 3545 ejus
368 3476 613 3530 membra
632 3476 700 3529 ad
722 3474 893 3529 nostri
908 3473 1181 3528 munimen
1206 3480 1257 3527 et
1277 3474 1514 3543 ipsorum
1535 3474 1833 3528 veneratio-

230 3581 353 3619 nem
385 3573 547 3635 atque
572 3563 889 3617 memoriam
919 3562 1075 3617 nobis
1108 3561 1407 3631 impensius
1439 3561 1833 3616 conciliandam

231 3652 545 3708 tiducialiter
597 3659 963 3716 attrectamus,
1011 3657 1062 3704 et
1091 3648 1273 3704 debito
1306 3664 1425 3704 cum
1472 3650 1677 3704 honore
1709 3664 1832 3703 ser-

302 3831 441 3892 (3t3)
482 3834 617 3882 Nunc
664 3833 992 3888 Fiscamnum,
1035 3832 1177 3887 vulgo
1222 3832 1424 3889 Fescan.
1472 3844 1559 3881 seu
1604 3832 1830 3895 Fécamp,

232 3911 318 3961 pro
344 3900 639 3959 virginibus,
667 3901 798 3948 circa
841 3911 1020 3949 annum
1056 3897 1156 3947 658
1196 3898 1468 3959 fundatum,
1513 3911 1640 3948 nunc
1667 3910 1833 3949 mona-

232 3967 435 4015 chorum
463 3966 568 4015 ord.
597 3967 649 4015 8.
677 3965 861 4015 Bened.
890 3978 915 4014 a
939 3978 1021 4015 sua
1043 3965 1147 4027 jam
1186 3964 1299 4013 inde
1333 3966 1707 4026 restauratione,
1739 3978 1834 4016 sae-

235 4031 340 4080 culo
366 4045 398 4080 x
424 4031 577 4080 facta.
634 4031 748 4081 Vide
791 4032 1037 4081 Mabillon.
1076 4035 1196 4082 tom.
1224 4032 1241 4079 1
1269 4031 1442 4081 Annal.
1486 4032 1690 4095 Bened.,
1717 4044 1829 4096 pag.

232 4096 351 4159 447,
379 4100 427 4147 et
454 4100 565 4147 tom.
603 4098 660 4158 ll,
690 4112 739 4161 p.
776 4098 896 4160 5m,
922 4111 976 4147 ac
1002 4098 1174 4147 iterum
1198 4101 1295 4147 tom
1316 4098 1395 4159 ιν,
1424 4111 1472 4160 p.
1503 4099 1615 4147 152.

304 4179 447 4244 (3H)
481 4182 622 4231 Plura
659 4183 719 4231 de
746 4182 980 4243 reliquiis,
1020 4182 1133 4242 quin
1159 4186 1207 4231 et
1240 4182 1301 4230 de
1333 4180 1546 4231 brachiis
1569 4183 1622 4231 Β.
1669 4184 1831 4234 Mariae

234 4247 531 4308 Magdalenze
558 4252 815 4298 recensent
840 4248 1157 4308 Bollandiani,
1186 4252 1227 4296 t.
1256 4248 1313 4306 V,
1355 4249 1537 4297 mensis
1566 4249 1693 4299 Julii.
1741 4252 1832 4300 Ve-

236 4326 343 4362 rum
368 4315 427 4363 de
452 4316 542 4363 hoc
570 4326 676 4363 osse
702 4315 889 4363 brachii
927 4315 1055 4364 nulla
1082 4314 1259 4363 abillis
1284 4314 1338 4362 tit
1359 4315 1559 4363 mentio.

302 4394 444 4459 (315)
468 4398 691 4460 Seipsum
718 4399 887 4446 auctor
914 4397 1157 4458 intelligit.
1186 4398 1324 4447 Unde
1351 4400 1401 4446 et
1438 4398 1540 4445 haec
1568 4398 1695 4448 actio
1729 4411 1826 4449 uno

233 4478 291 4515 ex
313 4463 468 4512 tribus
495 4464 749 4525 postremis
774 4465 884 4512 vitm
906 4464 957 4512 8.
986 4464 1201 4526 Hugonis
1227 4464 1367 4512 annis
1397 4464 1616 4523 contigit.

301 4548 440 4610 (516)
469 4548 608 4606 Apud
638 4547 846 4610 burgum
872 4546 919 4595 S.
948 4548 1111 4596 Petri.
1148 4546 1429 4595 Cmnobium
1449 4560 1536 4607 per
1572 4548 1824 4610 antiquum

232 4615 339 4665 0rd.
368 4615 419 4663 S.
462 4613 642 4662 Bened.
670 4614 719 4661 in
745 4613 936 4672 Anglia,
963 4612 1083 4661 alias
1120 4614 1301 4663 dictum
1326 4614 1730 4675 Petroburgense,
1768 4616 1828 4665 de

231 4694 325 4742 quo
348 4679 652 4729 Mabillonius
694 4683 811 4728 tom.
837 4680 853 4726 l
881 4680 1055 4728 Annal.
1098 4679 1301 4739 Bened,
1340 4679 1399 4728 ad
1421 4692 1500 4728 an.
1534 4681 1652 4730 655.
1682 4682 1822 4731 Aliud

230 4750 308 4796 est
326 4746 544 4806 ejusdem
573 4745 751 4793 ibidem
778 4745 959 4793 ordinis
1004 4746 1055 4794 S.
1096 4748 1225 4795 Petri
1254 4747 1596 4795 monasterium
1632 4747 1829 4798 Gloccs-

229 4818 412 4862 treusc.
443 4813 509 4861 De
535 4811 705 4872 priori.
733 4812 920 4860 scilicet
957 4811 1328 4873 Pctroburgensi
1374 4812 1524 4861 fusius
1570 4813 1727 4872 agitur
1778 4815 1826 4864 in

234 4878 484 4928 Monastici
511 4877 762 4936 Anglicani
792 4880 826 4926 t.
857 4878 896 4937 1,
924 4890 977 4939 p.
1013 4879 1097 4938 6.3,
1138 4890 1197 4927 ex
1225 4890 1319 4937 quo
1344 4879 1611 4928 clausulam
1658 4881 1782 4931 addo
1809 4895 1821 4930 :

235 4960 254 4990 σ
282 4948 421 4994 Anno
440 4944 557 5003 970,
586 4946 639 4992 S.
672 4943 977 4992 Adelwoldus
1011 4944 1262 5005 episcopus
1289 4945 1549 4994 Wintonize
1575 4948 1827 4997 transtulit

231 5010 290 5061 de
331 5010 608 5059 cmmeterio
656 5010 701 5058 in
741 5010 997 5059 ecclesiam
1034 5011 1267 5070 reliquias
1306 5011 1358 5060 S.
1405 5013 1664 5074 Swithuni,
1704 5016 1822 5073 etc.,

237 5076 587 5124 monasterium
637 5076 889 5144 etiamne
928 5076 1347 5126 Medeshamstede
1386 5078 1825 5144 (Petroburgense)

232 5147 507 5192 restaurare
533 5142 697 5203 rmpit,
728 5145 777 5191 et
803 5143 1003 5202 burgum
1032 5144 1083 5191 S.
1112 5144 1239 5193 Petri
1266 5144 1550 5204 appellavit,
1576 5158 1702 5194 anno
1738 5142 1827 5195 de;

232 5208 485 5257 solatiouis
508 5220 608 5256 sua:
634 5208 886 5268 aequaliter
922 5208 1215 5258 centesimo.
1250 5224 1274 5255 »
1300 5211 1433 5258 Hanc
1474 5211 1825 5261 desolationem

234 5275 411 5323 factam
438 5274 497 5322 ad
522 5287 698 5322 annum
725 5276 820 5323 ΠΟ
844 5276 993 5324 refert
1019 5275 1322 5324 Mabillonius
1348 5282 1386 5324 t.
1416 5276 1479 5324 111
1518 5278 1695 5326 Annal.
1734 5280 1826 5325 Be-

236 5340 371 5399 ned.,
397 5353 445 5402 p.
479 5339 594 5388 167.
622 5342 770 5389 Porro
807 5341 867 5389 de
896 5342 1198 5391 monasterio
1221 5345 1273 5392 S.
1318 5344 1447 5391 Petri
1495 5343 1824 5392 Glocestrensi

233 5406 390 5463 agitur
417 5406 466 5455 in
492 5406 745 5455 Monasticl
794 5408 934 5468 Angl.
988 5411 1109 5458 tom.
1148 5408 1187 5467 l,
1229 5422 1277 5469 p.
1319 5408 1431 5469 108,
1478 5412 1526 5458 et
1568 5410 1823 5471 asscritur,

1849 4349 1900 4407 D

2016 393 2138 447 Alio
2169 410 2386 466 quoque
2416 404 2661 466 tempore
2691 397 2835 466 apud
2877 396 3113 469 burgum
3172 396 3354 451 Sancti
3391 396 3537 451 Petri

1945 480 2095 549 (316)
2128 481 2195 536 de
2245 482 2468 538 brachio
2528 484 2752 556 gloriosi
2810 484 2959 554 regis
3017 492 3069 539 et
3115 484 3367 554 Martyris
3425 482 3535 537 Os-

1944 569 2106 623 waldi
2149 571 2319 641 (quod
2375 572 2550 627 adhuc
2606 587 2729 626 cum
2778 572 2996 627 ossibus
3044 580 3094 626 et
3150 572 3312 642 pelle,
3375 586 3536 626 carne

1944 657 2103 711 etiam
2134 667 2397 723 cruenta;
2433 667 2687 730 tanquam
2730 668 2981 715 recenter
3026 660 3095 715 de
3151 675 3382 729 corpore
3412 658 3533 713 vivo

1942 746 2183 800 excisum
2211 752 2563 815 monstratur)
2616 764 2859 813 nervum,
2907 748 2997 819 qui
3030 748 3386 819 prominebat,
3410 747 3532 801 len-

1942 841 2054 887 tum
2084 850 2302 906 quoque
2333 843 2385 888 et
2415 836 2634 889 mollem
2674 837 2839 891 ductu
2892 853 2950 889 se
3000 836 3356 891 contrectanti
3386 850 3533 905 prae-

1944 921 2122 988 bebat,
2155 923 2372 977 cultello
2394 923 2611 989 excidit,
2643 932 2801 995 atque
2847 924 3178 980 servandum
3235 924 3381 978 omni
3410 939 3533 978 cum

1941 1011 2239 1066 reverentia
2272 1011 2374 1066 sibi
2405 1012 2641 1066 retinuit.

2013 1099 2141 1153 Haec
2172 1098 2354 1170 itaque
2377 1115 2501 1155 cum
2551 1099 2690 1164 aliis,
2754 1115 2889 1171 quas
2941 1115 3257 1155 enumerare
3310 1100 3534 1172 longum

1943 1192 2043 1254 est,
2078 1186 2253 1242 sacris
2285 1187 2532 1258 reliquiis
2569 1188 2623 1241 in
2654 1186 2856 1242 annulo
2876 1188 3180 1258 composuit
3202 1188 3398 1259 saepius
3428 1204 3536 1243 me-

1941 1280 2169 1327 morato.
2203 1273 2338 1327 Cum
2369 1283 2549 1329 autem
2578 1274 2698 1330 vice
2741 1275 2975 1345 quadam
3007 1290 3039 1329 a
3066 1275 3310 1345 partibus
3348 1282 3533 1330 trans—

1942 1360 2170 1414 marinis
2228 1361 2468 1417 venisset
2526 1361 2882 1426 Lincolniam,
2916 1363 3058 1417 hunc
3095 1363 3353 1417 annulum
3381 1378 3534 1418 more

1943 1448 2171 1503 solemni
2200 1449 2256 1503 in
2284 1465 2481 1503 munus
2506 1449 2771 1504 obtulerat
2802 1465 2967 1519 super
2998 1450 3169 1505 altare
3199 1451 3373 1505 beatas
3407 1451 3532 1507 Vir-

1943 1537 2088 1608 ginis
2113 1537 2361 1592 similiter
2391 1537 2464 1590 ibi
2496 1537 2911 1592 asservandum.
2945 1538 3115 1607 Hujus
3154 1546 3341 1608 postea
3375 1539 3532 1593 obla-

1940 1624 2103 1678 tionis
2134 1624 2435 1690 immemor,
2461 1627 2640 1695 ipsum
2698 1640 2913 1696 quoque
2959 1626 3116 1680 toties
3172 1634 3531 1681 memoratum

1941 1712 2198 1766 annulum
2232 1712 2707 1767 Carthusiensibus
2738 1729 2862 1768 cum
2884 1713 3093 1769 caeteris
3123 1714 3240 1767 dari
3289 1713 3533 1784 reliquiis

1940 1800 2245 1870 imperavit.
2278 1802 2411 1855 Cum
2440 1809 2619 1856 autem
2666 1801 2735 1855 ad
2782 1802 3097 1858 memoriam
3145 1800 3195 1856 ei
3225 1802 3533 1857 reduxisset

1940 1889 2240 1943 monachus
2271 1905 2401 1943 suus
2434 1890 2604 1958 (31⁵7),
2637 1889 2880 1960 ipsorum
2905 1905 3185 1945 sacrorum
3216 1898 3419 1956 custos,
3452 1889 3533 1945 fa-

1942 1984 2084 2031 ctam
2115 1977 2183 2030 ab
2226 1992 2291 2031 eo
2349 1977 2559 2046 pridem
2618 1978 2801 2031 annuli
2857 1978 3241 2044 donationem,
3274 1977 3529 2031 annulum

1934 2065 2096 2132 jussit
2116 2064 2380 2120 Ecclesia:
2413 2064 2779 2120 Lincolnicnsi
2810 2066 3019 2120 restitui
3045 2082 3057 2119 ε
3090 2066 3369 2137 capsulam
3398 2081 3531 2121 vero

1940 2169 2004 2207 ex
2034 2169 2171 2207 auro
2202 2161 2251 2207 et
2282 2154 2514 2223 gemmis
2561 2153 2931 2220 fabrefactam,
2965 2170 3087 2226 quae
3142 2155 3284 2225 apud
3314 2154 3530 2209 Lincol-

1939 2241 2081 2295 niam
2114 2241 2212 2296 fuit
2264 2242 2319 2295 in
2362 2242 2575 2296 scriniis
2620 2242 2753 2307 suis,
2799 2242 2878 2297 eis
2928 2243 3243 2298 mittendam
3272 2242 3438 2307 dedit,
3476 2242 3531 2296 in

1942 2344 2047 2400 qua
2068 2336 2469 2400 reponerentur
2501 2329 2710 2385 collatae
2738 2330 2909 2400 ipsius
2929 2330 3173 2401 reliquiae
3193 2338 3524 2386 sanctorum.

1939 2416 2098 2486 Quod
2128 2417 2320 2472 eodem
2341 2419 2612 2474 monacho
2659 2425 2941 2491 satagente
2970 2426 3093 2490 post
3113 2434 3397 2475 excessum
3428 2418 3526 2474 viri

1940 2506 2111 2561 sancti
2130 2506 2408 2576 impletum
2431 2514 2532 2561 est.

2511 2649 2735 2704 CAPUT
2781 2649 2959 2705 XXII.

1934 2772 2010 2826 De
2033 2774 2166 2827 locis
2197 2789 2318 2844 qua:
2344 2774 2717 2845 pertransivit
2747 2772 2811 2827 de
2844 2770 3143 2845 Carthusia
3182 2774 3245 2827 in
3268 2772 3530 2843 Angliam

2007 2843 2357 2908 revertendo,
2386 2847 2443 2898 et
2462 2843 2528 2897 de
2557 2844 2684 2916 ejus
2707 2844 2879 2916 gestis
2896 2845 2959 2916 in
2999 2843 3221 2907 iisdem,
3254 2847 3310 2898 et
3339 2845 3527 2916 quali-

2010 2918 2098 2985 ter
2128 2916 2307 2983 fuerit
2339 2918 2644 2983 antequam
2666 2912 3021 2969 Londonium
3051 2915 3273 2969 veniret
3299 2912 3529 2985 agritu-

1860 2999 1906 3059 ο
2010 2984 2141 3038 dine
2172 2988 2565 3055 pergravatus.

2007 3105 2236 3177 Expleta
2264 3122 2393 3161 vero
2423 3106 2714 3179 largitione
2743 3105 2986 3176 praefata,
3021 3106 3313 3177 episcopus
3343 3106 3413 3161 ad
3449 3107 3530 3162 in—

1936 3194 2136 3249 feriora
2168 3210 2555 3250 conversorum
2587 3194 2894 3250 habitacula
2924 3194 3178 3250 continue
3226 3195 3526 3250 descendit.

1936 3284 2035 3338 Die
2052 3291 2273 3353 postera
2293 3284 2593 3339 Carthusiae
2615 3283 2714 3337 Dei
2746 3282 3180 3338 benedictionem
3198 3282 3526 3353 imprecans,

1937 3380 1989 3426 et
2018 3386 2171 3425 suam
2201 3371 2464 3441 largiens,
2501 3386 2727 3441 corpore
2756 3378 2912 3425 tenus
2942 3371 3197 3427 discessit
3225 3387 3255 3425 a
3284 3371 3425 3435 loco,
3474 3370 3530 3425 in

1936 3476 2044 3531 quo
2075 3460 2240 3515 corde
2264 3460 2469 3531 jugiter
2511 3460 2809 3529 permansit
2840 3467 2892 3513 et
2923 3460 3124 3514 animo.
3156 3459 3400 3531 Rogatus
3428 3475 3529 3513 au-

1935 3555 2041 3602 tem
2061 3548 2259 3617 saepius
2307 3547 2696 3601 instantissime
2741 3561 2774 3600 a
2801 3547 2917 3602 viro
2972 3546 3171 3602 devoto
3202 3553 3253 3600 et
3282 3554 3522 3612 strenuo,

1935 3635 2100 3705 priori
2131 3634 2315 3690 Sancti
2344 3634 2583 3689 Dominii
2628 3636 2775 3703 (318)
2800 3642 3067 3706 quatenus
3098 3634 3340 3703 domum,
3366 3650 3527 3706 quam

1933 3808 2058 3868 quod
2084 3806 2377 3868 Ethelﬂeda,
2397 3805 2494 3856 ﬁlia
2521 3808 2651 3868 regis
2676 3807 2917 3867 AE‘fredii,
2951 3827 2971 3849 ι
2994 3819 3101 3857 ossa
3125 3809 3180 3857 Β.
3207 3808 3415 3859 Oswaldi
3452 3822 3530 3859 re-

1933 3875 2006 3935 gis
2030 3887 2088 3923 ex
2114 3874 2379 3923 Bardeueia
2408 3874 2468 3923 ad
2494 3875 2588 3923 hoc
2625 3874 2962 3924 Glocestrense
2999 3875 3051 3924 S.
3080 3875 3209 3924 Petri
3256 3874 3527 3925 cmnobium

1934 3941 2259 3990 transtulerit.
2289 3955 2312 3986 ››
2338 3939 2538 4000 Ibidem,
2566 3952 2677 4002 pag.
2711 3940 2824 4002 142,
2866 3940 3249 3991 Bardeueiauum
3290 3946 3529 3992 monaste-

1938 4007 2113 4056 terium
2144 4006 2330 4069 inagro
2362 4006 2691 4057 Lincolnicnsi
2734 4006 3049 4067 describitur,
3085 4020 3141 4057 ac
3183 4008 3314 4056 inter
3350 4010 3527 4058 caetera

1933 4077 2230 4122 memoratur
2260 4094 2280 4113 α
2309 4086 2483 4135 corpus
2505 4074 2557 4123 S.
2586 4073 2817 4133 Oswaldi,
2844 4073 3056 4135 primum
3082 4073 3327 4123 Bardenize
3364 4075 3529 4137 sepul-

1930 4144 2033 4189 tum
2059 4140 2139 4188 ubi
2184 4145 2324 4189 crant
2362 4140 2407 4188 id
2436 4140 2667 4199 temporis
2710 4140 2914 4188 trecenti
2956 4140 3202 4199 monachi,
3236 4159 3255 4181 -
3280 4143 3374 4188 etc.
3412 4142 3529 4201 Qua:

1930 4206 2043 4255 dum
2067 4205 2162 4265 legi
2188 4209 2235 4253 et
2258 4206 2385 4255 inter
2412 4218 2465 4254 se
2491 4205 2689 4259 contuli.
2718 4205 2837 4266 σαερὶ
2859 4205 3080 4254 dubitare
3095 4206 3155 4255 de
3181 4205 3379 4255 brachio
3409 4206 3528 4256 dicti

1931 4272 1983 4320 8.
2010 4270 2240 4331 Oswaldi,
2268 4275 2429 4320 utrum
2463 4272 2510 4319 in
2536 4271 2909 4331 Petroburgensi
2953 4270 3030 4319 vel
3058 4270 3105 4319 in
3127 4272 3451 4322 Glocestrensi
3469 4273 3522 4322 S.

1932 4338 2061 4387 Petri
2085 4337 2304 4387 cmnobio
2327 4337 2586 4386 exstiterit.
2615 4337 2707 4387 Sed
2734 4336 2934 4386 dubium
2977 4336 3139 4395 solvit,
3187 4340 3332 4400 quod,
3372 4343 3423 4387 ut
3448 4352 3528 4388 re-

1930 4405 2024 4453 fert
2044 4403 2346 4453 Mabillonius
2370 4408 2406 4452 t.
2448 4403 2507 4461 V,
2537 4404 2711 4453 Annal.
2752 4416 2864 4466 pag.
2894 4404 3011 4451 475.
3048 4405 3204 4465 Caput
3237 4406 3289 4454 S.
3316 4404 3525 4455 Oswaldi

1928 4483 2023 4518 una
2052 4482 2161 4519 cum
2188 4482 2390 4531 corpore
2413 4471 2465 4519 S.
2494 4470 2768 4529 Chutberti,
2790 4481 2916 4519 anno
2946 4470 3092 4532 1001,
3123 4471 3266 4520 fuerit
3290 4471 3340 4520 in
3366 4472 3526 4521 eccle-

1928 4536 2000 4585 sia
2028 4536 2337 4585 Dunelmensi
2366 4540 2630 4598 repertum.
2658 4536 2708 4585 Si
2736 4536 2864 4585 enim
2892 4539 3037 4598 caput
3072 4538 3124 4587 S.
3168 4538 3311 4601 Regis
3350 4539 3525 4587 Dunel-

1932 4614 2082 4659 mum,
2106 4615 2192 4651 cur
2218 4615 2310 4651 non
2338 4609 2384 4652 et
2408 4602 2623 4662 ejusdem
2667 4601 2926 4652 brachium
2970 4604 3028 4654 ad
3066 4604 3409 4655 monasterium
3436 4606 3526 4654 Pc-

1930 4668 2248 4763 trebnrgense
2282 4669 2435 4730 potuit
2462 4669 2715 4718 transferri
2742 4670 2842 4719 sive
2869 4670 3151 4731 Bardeueia,
3192 4672 3294 4720 sive
3325 4671 3526 4719 Gloces—

1930 4735 2024 4783 tria
2048 4735 2061 4782 ἲ

1998 4836 2139 4898 (317)
2164 4836 2429 4900 Monachus
2464 4850 2604 4886 suus.
2634 4837 2765 4898 Quod
2790 4837 3006 4900 seipsnm
3040 4828 3208 4886 a'uctnr
3230 4837 3308 4886 hic
3332 4837 3523 4900 innuat,

1927 4904 2047 4952 satis
2089 4899 2305 4953 indicant
2348 4904 2638 4964 sequentia:
2671 4925 2689 4945 -
2725 4899 3063 4964 Quod’eodem
3120 4904 3356 4952 monacho
3385 4899 3523 4953 sata;

1929 4973 2072 5031 gente
2097 4976 2205 5031 post
2243 4982 2490 5019 excessum
2543 4970 2632 5019 viri
2658 4972 2813 5020 sancti
2859 4969 3110 5030 impletum
3145 4975 3237 5018 cst.
3267 4986 3286 5015 ιι
3321 4972 3521 5021 Aurtori

1928 5038 2107 5085 etenim
2136 5042 2311 5100 quanta
2337 5037 2473 5097 Hugo
2498 5042 2607 5086 ante
2651 5036 2832 5087 obitum
2866 5048 3004 5087 suum
3045 5036 3363 5101 commiserit,
3392 5037 3520 5088 infra

1926 5102 2129 5151 dicetur.

1994 5204 2130 5265 (518)
2158 5205 2287 5253 Cella
2311 5209 2404 5263 est,
2432 5205 2507 5253 cui
2532 5203 2788 5265 aliquando
2832 5204 3021 5266 praefuit
3057 5206 3226 5255 Petrus
3249 5206 3518 5257 Venerabi-

1926 5269 1985 5318 lis
2010 5270 2162 5318 abbas
2186 5270 2532 5319 Cluniacensis.
2562 5272 2628 5318 De
2654 5282 2748 5318 oue
2770 5271 3074 5320 Mabillonius
3099 5275 3217 5321 tom.
3240 5274 3297 5335 V,
3320 5274 3515 5336 Annal.,

1928 5348 1975 5398 p.
2006 5336 2097 5384 411
2129 5354 2139 5383 :
2168 5337 2469 5386 Constitutus
2510 5340 2601 5395 est,
2629 5336 2801 5398 inquit,
2829 5336 3004 5386 deinde
3032 5337 3165 5388 cella:
3200 5339 3258 5389 de
3303 5341 3515 5395 Domena

1925 5402 2145 5452 dioecesis
2164 5402 2626 5465 Gratianopolitana:
2652 5406 2961 5468 prtepositus.
3001 5421 3026 5450 »
