3960 6062
447 163 586 218 1087

1343 162 1400 218 S.
1429 160 1743 219 HUGONIS
1782 160 1996 217 EPISC.
2040 159 2361 218 LINCOLN.
2396 160 2560 219 0RD.
2593 162 2841 221 CARTH.

3606 170 3746 221 1088

441 285 689 359 regebat,
724 285 949 345 visitare
965 286 1269 358 praesentiae
1298 303 1411 343 sum
1440 287 1764 361 dignaretur
1784 300 2035 353 accessu,
2057 288 2114 347 Α
2142 286 2401 343 tolluntur
2428 287 2732 359 praeconiis.
2766 287 3097 344 Asserebant
3136 302 3351 360 quoque
3382 287 3530 344 illius
3556 289 3745 345 adhuc

446 374 517 429 ad
546 374 663 443 ejus
694 374 885 430 cellam
913 375 1151 431 divertit.
1188 375 1290 444 Qui
1320 391 1443 430 eum
1473 391 1582 430 una
1612 391 1735 430 eum
1780 374 2039 429 fratribus

449 461 563 517 suis
591 462 896 533 suscipiens
939 463 1248 519 obviatione
1302 462 1534 517 solemni
1591 462 1737 518 velut
1782 461 2040 533 angelum

448 549 569 615 Dei,
605 550 717 621 egit
745 567 866 604 eum
889 567 955 605 eo
977 550 1120 606 diem
1151 551 1447 606 solemnem
1480 551 1534 604 in
1563 551 1746 606 cordis
1776 551 1959 605 laetitia
1987 558 2039 605 et

450 637 801 693 exsultatione
851 638 1135 708 spirituali.
1196 638 1531 709 Disponebat
1562 655 1690 692 vero
1749 639 2040 708 episcopus

450 725 683 780 invisere
715 741 930 798 quoque
950 726 1553 781 Willam-Benedietam
1582 727 1764 795 (319);
1797 726 1875 781 sic
1896 726 2039 780 enim

452 820 677 867 vocatur
706 813 863 880 cella,
895 813 951 868 in
980 829 1088 885 qua
1112 829 1282 869 sacras
1310 813 1590 885 religionis
1609 814 1795 868 libavit
1815 813 2042 883 primor-

450 900 556 955 dia.
593 900 840 956 Dictante
868 917 996 957 vero
1028 901 1236 957 ratione
1267 901 1471 956 itineris
1518 902 1664 971 prius
1700 901 1943 971 perrexit
1968 902 2038 955 ad

450 986 749 1053 castellum,
782 989 923 1060 quod
947 989 1124 1044 fuerat
1154 989 1327 1043 Patris
1349 989 1450 1058 sui,
1484 989 1539 1043 in
1570 1005 1677 1060 quo
1697 990 2038 1043 mansionem

447 1074 741 1142 habebant,
775 1084 827 1131 et
855 1092 962 1131 non
993 1077 1263 1133 modicam
1291 1076 1714 1131 dominationem
1732 1077 1840 1131 duo
1872 1075 2039 1146 ipsius

451 1162 719 1235 germani,
754 1163 1066 1219 Willelmus
1094 1164 1345 1220 videlicet
1375 1173 1427 1220 et
1463 1166 1672 1220 Petrus.
1706 1164 1772 1218 Hi
1821 1180 2039 1235 semper

450 1251 755 1323 Hugonem,
790 1260 976 1323 utpote
1026 1252 1228 1306 milites
1275 1252 1503 1317 strenui,
1546 1253 1621 1307 ita
1667 1252 1735 1307 ad
1794 1251 2040 1306 veritatis

448 1352 665 1392 cursum
694 1338 917 1394 incitare
946 1339 1278 1411 gaudebant,
1311 1349 1369 1393 ut
1417 1339 1557 1394 solet
1611 1339 1850 1395 admisso
1880 1340 2040 1394 subdi

448 1424 801 1498 calcarequo.
836 1426 882 1481 Ο
919 1426 1133 1497 quoties
1178 1426 1286 1491 isti,
1345 1442 1453 1481 non
1508 1434 1714 1481 tantum
1757 1428 2035 1498 episcopo,

450 1512 545 1567 sed
578 1521 630 1567 et
660 1513 982 1569 consiliariis
1022 1529 1239 1585 quoque
1266 1513 1456 1584 ipsius,
1490 1522 1542 1568 et
1571 1522 1870 1586 prmeentes
1910 1532 2038 1587 sug-

2140 374 2331 446 primae
2351 375 2526 431 aetatis
2558 376 2709 430 initia
2768 377 2998 448 quadam
3056 376 3231 431 insita
3282 375 3493 431 virtutis
3548 377 3743 448 lingua

2140 462 2334 518 futurae
2388 464 2689 518 sanctitatis
2727 464 2782 518 in
2822 479 2889 519 eo
2947 463 3327 534 pronuntiasse
3375 463 3638 534 insignia.
3677 467 3745 516 At

2141 550 2233 605 ille
2263 558 2498 606 castrum
2525 559 2779 623 repentes
2800 551 2977 607 denuo
2998 559 3377 623 prmnotatum,
3402 567 3509 606 una
3529 552 3744 605 ibidem

2141 646 2300 693 nocte
2333 639 2554 710 quievit.

2212 727 2340 781 inde
2364 728 2476 795 jam
2506 727 2754 783 festinato
2776 728 2829 782 in
2860 728 3112 800 Angliam
3153 728 3398 793 tendens,
3432 729 3501 782 ad
3534 728 3740 782 Belen-

2142 830 2255 879 sem
2279 815 2428 884 (320)
2460 815 2631 869 altera
2666 816 2958 870 metatione
2989 815 3206 870 devenit
3238 815 3443 869 urbem.
3489 816 3567 869 Ibi
3608 831 3741 869 cra—

2143 909 2247 956 tem
2282 903 2433 971 (321)
2467 903 2705 958 dimidia}
2742 918 2935 957 manus
2963 903 3318 973 praecursoris
3349 902 3563 957 Domini
3610 919 3739 957 eum

2141 988 2327 1059 digitis
2357 990 2546 1055 tribus,
2579 991 2759 1045 medio
2804 991 3012 1046 scilicet
3071 999 3125 1045 et
3177 990 3318 1044 binis
3364 990 3735 1054 inferioribus,

2141 1093 2272 1132 cure
2300 1077 2477 1133 adhuc
2508 1078 2674 1133 nitide
2705 1079 2968 1146 vestitam,
3010 1079 3290 1149 suscipere
3321 1079 3514 1133 meruit
3572 1094 3739 1132 oscu-

2140 1164 2384 1219 landum.
2445 1163 2620 1232 Quam
2680 1165 3048 1236 discooperire
3105 1165 3411 1236 nudamque
3467 1164 3652 1219 videre
3710 1182 3740 1218 a

2140 1252 2384 1322 pluribus
2415 1261 2558 1308 retro
2588 1254 2746 1307 annis
2772 1269 2933 1309 nemo
2963 1253 3215 1308 audebat.
3252 1256 3451 1308 Verum
3478 1253 3735 1323 pedisse-

2142 1356 2281 1410 quus
2324 1348 2377 1394 et
2424 1341 2644 1395 vernula
2704 1340 2875 1411 ipsius
2920 1341 3100 1411 Hugo,
3185 1340 3442 1411 peculiari
3491 1341 3736 1412 ﬂagrans

2139 1442 2333 1483 amore
2355 1427 2438 1483 sui
2459 1428 2688 1498 patroni,
2739 1428 3101 1499 fiduciamque
3156 1444 3284 1499 erga
3333 1430 3511 1498 ipsum
3540 1436 3736 1482 nactus

2140 1516 2474 1583 ulteriorem,
2506 1517 2611 1571 hoc
2641 1515 2822 1570 facere
2850 1516 3073 1571 minime
3121 1515 3447 1581 formidavit,
3480 1531 3734 1587 congau-

444 1608 759 1672 gesserunt,
792 1609 851 1656 et
882 1601 1139 1655 absentes
1160 1601 1572 1667 mandaverunt,
1603 1618 1671 1657 ne
1695 1602 1751 1656 in
1780 1602 2036 1657 falsorum
2058 1633 2110 1693 B
2142 1603 2397 1658 dentibus
2427 1619 2559 1658 sane
2581 1604 2854 1659 canonicis
2882 1604 3054 1674 ipsius
3074 1603 3358 1667 Ecclesiae,
3391 1604 3537 1674 quod
3560 1603 3733 1657 virum

448 1688 673 1744 fratrum
706 1704 802 1743 seu
832 1688 1137 1745 crudelium
1193 1688 1537 1744 dominorum
1567 1690 2037 1760 persecutionibus

444 1777 626 1832 animo
655 1777 772 1847 ipse
816 1776 1145 1831 lassaretur!
1180 1777 1515 1832 Asserebant
1546 1777 1709 1832 malle
1756 1794 1817 1832 se
1849 1787 2037 1833 natum

446 1865 622 1936 ipsum
646 1879 751 1919 non
773 1864 958 1930 fuisse,
987 1880 1150 1935 quam
1183 1881 1304 1919 eum
1328 1872 1517 1919 contra
1538 1865 1749 1920 natales
1771 1865 2037 1936 ingenuos

445 1954 516 2008 ad
546 1952 955 2023 depressionem
984 1951 1250 2006 libertatis
1308 1952 1820 2018 ecclesiasticorum,
1852 1953 1937 2009 vel
1967 1954 2036 2007 ad

446 2048 780 2096 momentum
808 2040 990 2095 animo
1014 2040 1383 2112 degenerante
1400 2040 1655 2096 cessisse.
1688 2041 1771 2095 Ad
1801 2042 1901 2096 bos
1933 2041 2036 2111 igi-

443 2136 537 2184 tur
557 2128 865 2200 hospitandi
894 2128 1064 2199 gratia
1102 2130 1348 2195 veniens,
1382 2144 1491 2184 non
1544 2128 1772 2184 istorum
1828 2129 2035 2183 solum-

445 2216 628 2281 modo,
656 2216 753 2270 sed
782 2223 835 2270 et
864 2215 1145 2280 nobilium,
1205 2216 1564 2271 mediocrium
1594 2223 1646 2271 et
1696 2215 2033 2271 infirmorum

446 2303 570 2359 loca
598 2302 777 2359 vicina
806 2303 1056 2370 accessit,
1106 2310 1159 2358 et
1209 2303 1559 2359 incolentium
1618 2302 1872 2357 uniformi
1900 2319 2036 2357 eon-

446 2390 807 2464 gratulatione
849 2391 1155 2464 suscipitur,
1190 2406 1223 2447 a
1270 2391 1468 2464 quibus
1526 2398 1580 2445 et
1622 2391 1786 2445 biduo
1834 2391 2037 2447 ibidem

446 2479 733 2535 detinetur.

514 2568 615 2623 Die
646 2568 866 2623 demum
897 2569 1055 2623 tertia
1084 2569 1152 2623 ad
1200 2568 1514 2624 canonicam
1546 2568 1792 2639 pervenit
1850 2567 2034 2622 Villa:-

437 2655 766 2719 Benedictze,
801 2671 959 2726 quam
990 2655 1096 2710 loci
1125 2656 1316 2711 incola-3
1348 2656 1767 2727 Vilarborncyth
1824 2655 2036 2725 vulgari

437 2744 721 2814 appellant
751 2744 989 2797 nomine.
1018 2744 1131 2797 Nec
1149 2751 1231 2797 est
1253 2743 1398 2798 dictu
1422 2742 1600 2808 facile,
1625 2751 1885 2814 quantum
1904 2759 2034 2797 suus

444 2831 710 2887 adventus
740 2830 1049 2902 praestiterit
1080 2830 1396 2901 tripudium,
1444 2846 1552 2885 non
1583 2832 1759 2885 solum
1789 2832 2033 2899 ejusdem

436 2919 543 2975 loci
580 2919 793 2986 incolis,
846 2918 956 2973 imo
986 2926 1037 2973 et
1068 2918 1320 2973 omnibus
1356 2918 1775 2990 circumquaque
1815 2919 2029 2973 vicinis.

2140 1691 2474 1761 reperissent
2496 1699 2656 1746 tanta:
2684 1691 2950 1761 puritatis,
2984 1691 3074 1762 qui
3103 1692 3206 1746 hoc
3239 1699 3503 1745 attentare
3532 1690 3738 1761 dignis-

2136 1779 2274 1834 sime
2291 1779 2575 1850 potuisset.
2612 1778 2898 1833 Praemissa
2918 1779 3083 1851 igitur
3118 1786 3463 1849 peccatorum
3512 1777 3735 1833 confes-

2138 1867 2313 1934 sione,
2348 1866 2708 1931 absolutione,
2742 1874 2797 1921 et
2838 1867 3082 1921 oratione
3111 1867 3416 1933 subjuncta,
3477 1881 3739 1920 reveren-

2136 1954 2266 2007 dum
2306 1954 2437 2008 illud
2496 1954 2883 2020 sanctuarium,
2916 1955 3154 2027 tegmine
3212 1954 3488 2020 nudatum,
3523 1954 3736 2009 cunctis

2140 2042 2500 2112 praesentibus
2545 2042 2721 2112 palam
2778 2042 3170 2112 inspiciendum
3218 2041 3540 2096 ostenditur.
3576 2043 3734 2110 ipsos

2139 2141 2357 2196 quoque
2386 2126 2663 2190 articulos,
2697 2126 2786 2196 qui
2817 2126 3110 2197 tetigerant
3151 2133 3397 2180 sanetum
3428 2125 3527 2179 Dei
3558 2124 3733 2178 verti-

2139 2229 2281 2278 cem,
2344 2213 2637 2283 episcopus
2694 2213 2881 2284 digitis
2937 2213 3048 2267 suis
3122 2222 3369 2284 tangere,
3419 2212 3733 2283 osculisque

2140 2301 2404 2374 lambere,
2438 2316 2786 2372 nequaquam
2815 2301 3121 2356 verebatur.
3179 2302 3320 2356 Data
3349 2301 3513 2355 etiam
3572 2309 3737 2355 caete-

2136 2389 2213 2443 ris
2246 2388 2643 2454 benedictione,
2676 2389 2768 2460 qui
2797 2390 3150 2445 circumcirca
3193 2388 3354 2459 proni
3410 2388 3729 2453 adorabant,

2136 2476 2256 2547 ipse
2287 2477 2339 2531 in
2370 2477 2601 2531 sublime
2649 2477 2771 2532 illos
2813 2477 3148 2550 porrigebat,
3180 2486 3232 2531 et
3280 2492 3381 2531 nos
3408 2477 3648 2546 desuper
3678 2478 3732 2530 in

2137 2565 2314 2620 erucis
2336 2565 2559 2619 modum
2589 2565 2794 2619 eisdem
2825 2565 3201 2638 consignabal.
3226 2566 3305 2619 De
3335 2564 3573 2635 quodam
3606 2564 3731 2634 qui-

2135 2652 2260 2707 dem
2289 2668 2468 2722 panno
2498 2669 2773 2723 purpureo
2801 2662 2963 2724 atque
2992 2652 3376 2718 vetustissimo,
3410 2652 3501 2723 qui
3530 2651 3728 2705 diutis-

2135 2740 2271 2794 sime
2299 2740 2424 2795 huic
2452 2741 2797 2807 sanetuario,
2830 2740 2964 2795 illud
2993 2740 3246 2811 tegendo,
3276 2740 3580 2805 inhaeserat,
3620 2756 3732 2793 non

2135 2828 2404 2882 modicam
2461 2828 2764 2897 portionem
2819 2827 3023 2894 incidit,
3084 2843 3246 2899 quam
3301 2842 3401 2881 suo
3458 2828 3733 2882 monacho

2139 2932 2346 2970 summa
2376 2931 2498 2971 cum
2528 2916 2815 2970 devotione
2846 2916 3279 2987 amplectendam
3310 2916 3476 2970 dedit.

437 3007 600 3063 Dedit
627 2980 809 3063 autem
843 3007 1107 3063 Ecclesim
1160 3007 1237 3061 illi
1281 2980 1756 3077 bibliothecam
1794 3023 1843 3063 ε.
1879 3008 2036 3062 codi-
2063 2980 2110 3040 ο
2212 3004 2272 3057 In
2315 3005 2420 3059 hoc
2474 3011 2652 3058 autem
2681 3004 2871 3058 itinere
2923 2980 3155 3075 quatuor
3185 3004 3267 3058 sui
3297 3003 3503 3059 ordinis
3533 3003 3726 3057 domos

436 3112 553 3151 cem
577 3111 859 3151 sacrorum
882 3095 1216 3165 Biblierum),
1237 3096 1425 3150 decem
1456 3103 1820 3165 comparatam
1838 3095 2037 3150 mareis

436 3178 667 3251 argenti.
702 3178 893 3233 lnvisit
919 3186 972 3232 et
992 3178 1262 3245 cellulam,
1294 3179 1468 3245 cujus,
1498 3186 1556 3231 ut
1586 3193 1753 3249 supra
1781 3178 2032 3244 diximus,

435 3266 735 3337 prioratum
772 3266 1046 3337 quondam
1067 3265 1388 3321 adolescens
1407 3274 1677 3338 gesserat,
1712 3282 1831 3335 quae
1863 3266 2035 3322 nomi-

435 3362 594 3408 natur
622 3354 691 3408 ad
725 3362 969 3409 sanetum
1001 3353 1311 3408 Maximum.
1347 3355 1406 3407 In
1436 3353 1520 3408 his
1557 3370 1687 3409 vero
1708 3353 1841 3408 locis
1862 3354 2035 3409 valla-

435 3442 561 3496 bant
583 3457 708 3496 eum
742 3442 846 3496 viri
875 3441 1139 3511 decrepiti
1183 3448 1237 3497 et
1292 3457 1453 3497 senes
1481 3457 1615 3497 cano
1672 3442 1867 3512 capite,
1901 3458 2036 3497 anus

436 3529 597 3585 etiam
628 3529 869 3586 incurvae
902 3536 955 3584 et
1002 3529 1255 3584 mulieres
1287 3529 1442 3584 annis
1489 3537 1780 3600 provectae.
1826 3531 1907 3585 Ab
1951 3530 2035 3584 his

435 3618 653 3690 Hugoni
685 3617 1071 3688 plaudentibus
1101 3617 1345 3690 Hugonis
1384 3617 1686 3672 rudimenta
1739 3618 1877 3673 inter
1905 3634 2034 3673 eos-

434 3707 597 3774 dem;
629 3706 779 3762 velut
807 3706 997 3771 lilium,
1025 3706 1297 3778 quondam
1336 3705 1723 3777 germinantia,
1751 3706 1904 3761 miris
1947 3715 2033 3761 at-

501 3885 631 3945 (519)
657 3885 983 3935 Consulantur
1004 3888 1131 3935 notae
1158 3884 1216 3934 ad
1240 3885 1327 3934 lib.
1358 3899 1393 3945 ι,
1422 3897 1531 3947 cap.
1558 3887 1607 3936 1.

504 3966 648 4030 (520)
674 3969 1014 4022 Bellieensem.
1044 3968 1237 4029 Bellay,
1263 3969 1450 4018 scilicet
1477 3969 1667 4029 urbem,
1694 3970 1743 4019 in
1771 3980 1863 4029 qua
1905 3970 2033 4030 epis-

434 4046 581 4112 εἶσι)υρ
600 4035 690 4112 sub
713 4034 1128 4112 archiepiscopatu
1152 4034 1521 4110 Vesontionensi
1562 4036 1664 4086 sedi
1694 4036 1947 4112 Bellicensi
1961 4048 2032 4112 ex

432 4101 766 4151 Carthusianis
790 4101 1089 4163 praefuerunt
1132 4101 1344 4162 episcopi
1388 4105 1576 4161 septem
1617 4102 1797 4151 smeulo
1842 4114 1930 4149 xu.
1961 4102 2030 4151 Ex

432 4168 605 4230 quibus
631 4168 925 4221 Bernardus.
969 4166 1127 4215 omnis
1176 4167 1371 4216 virtutis
1395 4170 1443 4216 et
1473 4169 1750 4218 sanctitatis
1785 4167 2030 4229 speculum

433 4237 660 4295 praeerat,
705 4246 834 4284 anno
878 4233 1029 4295 1200,
1071 4236 1119 4282 et
1163 4233 1283 4283 obiit
1308 4245 1436 4281 anno
1483 4234 1631 4293 1207,
1676 4234 1831 4297 pridie
1875 4235 2032 4284 Nonas

430 4300 563 4359 Maii,
591 4304 673 4350 aut
696 4303 751 4349 ut
774 4300 967 4362 quidam
996 4300 1183 4362 volunt,
1223 4312 1352 4349 anno
1382 4299 1527 4349 1208.

500 4383 637 4446 (521)
663 4384 732 4433 De
756 4386 891 4433 crate
934 4386 1025 4434 hac
1050 4384 1172 4433 nihil
1218 4383 1343 4445 apud
1381 4384 1753 4445 Bollandianos,
1782 4383 1862 4433 ubi
1886 4383 1947 4434 de
1977 4385 2030 4434 S.

431 4450 616 4499 Joanne
641 4450 862 4511 Baptista
888 4454 1057 4511 agunt,
1085 4450 1294 4499 invenio.
1340 4450 1573 4500 Referunt
1612 4449 1680 4499 illi
1723 4450 1940 4510 quietiam
1977 4450 2037 4499 de

432 4514 636 4566 brachio
659 4518 708 4565 et
730 4516 789 4565 de
816 4528 959 4566 manu
983 4516 1186 4565 dextera
1211 4516 1344 4577 quasi
1385 4529 1514 4565 anno
1544 4515 1690 4565 1265.
1720 4515 2036 4570 Cistercium.

433 4582 548 4645 quin
575 4585 626 4632 et
668 4581 911 4632 Rhodium
963 4583 1232 4632 translatis.
1281 4583 1457 4631 Verum
1496 4582 1688 4642 utrique
1725 4582 2037 4631 translationi

432 4648 668 4712 pmvalet
708 4660 801 4709 quo
856 4648 917 4697 ad
957 4650 1193 4711 temporis
1248 4648 1592 4710 antiquitatem
1634 4647 1850 4697 Ecclesia
1900 4648 2041 4697 Belli-

431 4716 609 4777 censis,
636 4715 727 4765 nisi
749 4714 950 4764 forsitan
977 4728 1038 4764 ex
1064 4716 1155 4765 hac
1185 4714 1401 4777 reliquiae
1427 4716 1503 4763 ha:
1528 4717 1611 4763 aut
1636 4715 1928 4764 Cistereium
1955 4720 2040 4764 aut

429 4782 655 4833 Rhodum
672 4783 771 4831 sint
790 4782 1039 4831 translata:
1053 4818 1065 4829 .

500 4864 643 4929 (522)
666 4865 997 4925 Carthusiam,
1020 4864 1223 4914 scilicet
1248 4862 1510 4926 majorem,
1539 4877 1665 4914 anno
1694 4864 1844 4925 1084,
1865 4865 2042 4915 funda-

432 4934 554 4993 tam,
586 4932 633 4981 in
672 4945 764 4994 qua
802 4945 855 4981 se
884 4934 1015 4993 Hugo
1060 4934 1235 4980 noster
1282 4932 1381 4980 Deo
1417 4931 1724 4981 consecravit
1744 4945 1832 4994 per
1869 4932 2045 4981 emissa

431 5003 561 5049 vota.

501 5080 641 5145 (525)
689 5084 803 5143 Ωυςθ
850 5083 999 5132 etiam
1051 5083 1246 5131 Alveria
1280 5081 1576 5143 nominatur,
1626 5081 1720 5131 sita
1744 5082 1793 5131 in
1834 5083 2045 5143 Bressia,

431 5148 620 5199 fundari
648 5154 804 5209 empta
830 5161 957 5199 anno
989 5148 1139 5209 1122,
1170 5151 1221 5198 et.
1248 5147 1411 5197 ordini
1437 5149 1526 5198 sub
1552 5148 1767 5209 Guigone
1792 5148 1850 5209 V,
1880 5149 2047 5210 priore

431 5214 702 5267 Carthasim
728 5214 883 5264 unita.

414 5280 431 5299 ’
503 5297 646 5363 (521)
676 5299 901 5350 Arbitror
928 5298 1187 5361 legendum
1218 5298 1339 5359 fore,
1369 5298 1623 5349 Luvinium
1660 5300 1762 5349 sive
1795 5299 2051 5363 Luvignia.

2136 3091 2317 3145 invisit
2346 3100 2397 3146 et
2427 3092 2614 3156 adivit,
2655 3091 2990 3145 Carthusiam
3050 3093 3197 3160 (322)
3254 3091 3525 3155 videlicet,
3563 3091 3732 3145 Alve-

2139 3179 2274 3232 riam
2319 3180 2487 3249 (323),
2531 3179 2800 3234 Jovinium
2832 3180 2981 3249 (324)
3004 3186 3058 3234 et
3097 3178 3308 3233 Vallem
3363 3179 3546 3234 Sancti
3580 3178 3726 3232 Petri

2135 3268 2305 3335 (325).
2339 3267 2553 3321 Alveria
2581 3283 2703 3321 eum
2732 3275 2878 3322 esset
2924 3275 3147 3337 propter
3167 3267 3283 3321 loca
3313 3274 3595 3321 montuosa
3626 3281 3724 3321 ac—

2134 3370 2293 3411 cessu
2309 3354 2538 3410 difﬁcilis
2570 3363 2623 3409 et
2649 3355 2717 3410 ab
2748 3355 2939 3410 itinere
2969 3364 3157 3410 nostro
3180 3354 3455 3419 remotior,
3480 3356 3579 3409 hac
3603 3370 3730 3424 spe-

2135 3442 2344 3499 cialiter
2354 3443 2423 3498 de
2444 3458 2609 3498 causa
2625 3443 2863 3514 expetiit.
2883 3443 3414 3514 Belensisquondam
3426 3443 3723 3512 episeOpus

2132 3531 2304 3602 (326),
2318 3547 2383 3585 ex
2404 3531 2589 3601 priore
2608 3526 2850 3600 ejusdem
2870 3531 3066 3585 domus
3086 3540 3394 3600 assumptus
3433 3530 3501 3584 ad
3520 3532 3714 3584 cathe-

2131 3614 2305 3681 dram,
2338 3630 2504 3670 onere
2528 3616 2643 3683 jam
2663 3631 2810 3671 cura:
2846 3614 3137 3686 pastoralis
3175 3615 3404 3683 abjeeto,
3436 3613 3510 3667 ibi
3531 3614 3715 3668 denuo

2130 3703 2433 3773 simplicem
2446 3711 2497 3758 et
2530 3703 2828 3759 cellicolam
2864 3702 3135 3768 eii'ecerat,
3158 3709 3214 3756 ut
3248 3702 3563 3757 coelestibus
3584 3702 3731 3756 desi-

2131 3894 2258 3944 eum,
2306 3881 2443 3944 cujus
2481 3882 2753 3933 Carthusiae
2797 3880 3010 3932 fundata:
3051 3883 3281 3932 chartam
3325 3881 3533 3932 exhibet
3578 3881 3739 3935 Lucas

2130 3949 2368 3999 Acherius
2393 3952 2514 3998 tom.
2542 3949 2604 3998 lll
2629 3949 2882 4011 Spieileg.,
2904 3961 3017 4011 pag.
3040 3948 3162 3998 542.

2197 4048 2341 4111 (525)
2364 4050 2621 4101 Carthusia
2644 4055 2717 4100 est
2740 4051 2791 4100 in
2814 4050 3013 4100 dimcesi
3037 4049 3343 4099 Laudunensi
3372 4050 3505 4099 circa
3550 4060 3736 4098 annum

2133 4115 2260 4164 1140
2288 4116 2509 4177 fundata,
2537 4117 2613 4165 cui
2638 4116 2812 4166 deinde
2837 4117 3049 4177 praefuit,
3077 4129 3171 4176 qua
3213 4117 3369 4178 prior,
3414 4114 3735 4175 Engelbertus

2126 4182 2219 4230 sub
2248 4182 2421 4231 Basilio
2444 4184 2604 4231 adhuc
2644 4183 2804 4244 priore
2843 4182 3131 4243 Carthusize,
3179 4184 3348 4243 postea
3371 4182 3531 4230 factus
3553 4181 3741 4243 episco-

2132 4260 2221 4310 pus
2245 4248 2581 4298 Cabilonensis
2608 4261 2622 4307 ;
2650 4254 2698 4297 et
2741 4248 2984 4309 resignato
3022 4248 3309 4310 episcopatu
3349 4250 3487 4310 prior
3530 4247 3743 4297 Cartim-

2055 4330 2106 4387 ι)
2134 4314 2220 4387 sim
2245 4316 2417 4387 Montis
2454 4314 2562 4387 Dei.
2590 4314 2779 4387 Obiisse
2803 4315 2984 4387 dicitur
3008 4312 3537 4387 circa_annumai_2t_)0_,
3563 4313 3641 4362 die
3682 4312 3744 4360 15

2134 4380 2404 4430 Februarii.
2454 4382 2523 4429 De
2564 4392 2620 4429 eo
2654 4380 2812 4441 agitur
2859 4386 2976 4430 tem.
3030 4379 3088 4427 IV
3134 4380 3306 4429 Gallia:
3357 4380 3581 4438 Christ.,
3628 4390 3739 4440 pag.

2135 4446 2252 4508 895,
2277 4448 2362 4496 sed
2388 4458 2497 4495 eum
2544 4447 2635 4495 levi
2680 4458 2869 4507 errore,
2918 4445 3010 4494 nisi
3039 4445 3113 4495 bis
3154 4446 3302 4495 fuerit
3331 4445 3471 4508 prior
3498 4445 3647 4494 Vallis
3672 4446 3733 4493 S.

2134 4513 2287 4572 Petri,
2324 4514 2437 4562 ante
2478 4512 2666 4562 scilicet
2703 4515 2752 4561 et
2789 4514 2899 4574 post
2924 4511 3274 4574 episcopatum.

2207 4612 2354 4677 (526)
2376 4614 2472 4662 lste
2497 4616 2604 4662 erat
2627 4614 2679 4663 S.
2707 4613 2971 4663 Artholdus
3010 4612 3113 4662 sive
3160 4610 3440 4661 Artbaudus
3477 4624 3537 4660 ex
3581 4610 3743 4673 priore

2138 4679 2414 4729 Carthusite
2440 4679 2645 4729 Alver-iaa
2675 4678 2930 4741 episcopus
2977 4678 3282 4728 Bellicensis.
3325 4679 3393 4727 De
3436 4690 3530 4740 quo
3570 4679 3745 4727 Petrus

2139 4746 2427 4796 Franciscus
2450 4745 2717 4795 Chimetius
2742 4745 2792 4794 in
2814 4745 3113 4805 praefatione
3139 4745 3200 4794 ad
3231 4743 3451 4793 Manuale
3494 4744 3742 4793 solitario-

2140 4825 2248 4862 rum
2270 4813 2374 4862 haec
2413 4814 2443 4861 h
2462 4813 2559 4861 lbet
2588 4826 2599 4855 :
2628 4811 2711 4861 Vir
2735 4812 2822 4860 Dei
2863 4811 3175 4872 Arthandus,
3204 4812 3286 4870 qui
3329 4816 3382 4859 ut
3421 4809 3594 4859 beatus
3619 4811 3743 4872 apud

2142 4890 2253 4927 suos
2278 4879 2449 4928 colitur
2491 4878 2646 4941 pridie
2683 4880 2843 4926 Nonas
2880 4878 3111 4935 octobris,
3141 4889 3200 4925 ex
3236 4876 3563 4925 Carthusiano
3600 4889 3743 4938 grege

2144 4945 2201 4993 ad
2230 4944 2544 4993 Bellicensem
2574 4944 2883 5005 praesulatum
2932 4947 3177 5003 arctatus,
3218 4942 3354 4991 senio
3388 4942 3642 4991 confectus
3682 4941 3742 4990 ad

2145 5010 2340 5060 claustri
2365 5009 2438 5059 sui
2463 5011 2675 5070 quietem
2704 5009 2913 5069 rediens,
2942 5010 2992 5058 in
3018 5010 3221 5058 Alverite
3248 5019 3414 5057 eremo
3439 5007 3484 5055 in
3513 5020 3631 5069 pace
3647 5009 3743 5057 Deo

2146 5077 2368 5139 spiritum
2399 5076 2623 5125 reddidit.
2646 5093 2674 5120 ι)
2701 5075 2831 5125 Obiit
2854 5079 3014 5123 autem
3042 5075 3169 5123 sicut
3195 5074 3393 5123 tradunt
3428 5075 3746 5122 (‘arthusiem

2146 5143 2269 5191 sium
2291 5142 2555 5204 memoriae,
2591 5157 2611 5187 α
2637 5140 2877 5191 continuis
2901 5141 3061 5191 clarus
3110 5140 3357 5191 miraculis
3394 5139 3547 5201 pridie
3586 5141 3749 5189 Nonas

2147 5208 2384 5269 Octobris,
2413 5220 2539 5258 anno
2571 5208 2709 5257 1206.
2743 5228 2762 5249 ι
