3960 6062
196 241 329 292 1089

1538 233 1724 288 VITA.
1771 261 1840 273 -
1878 232 2004 287 LIB.
2050 232 2111 286 V.

3352 235 3489 287 1090

198 358 367 411 deriis
409 357 631 411 liberius
666 356 969 410 inserviret.
1014 355 1119 424 Qui
1150 355 1318 409 nostri
1346 353 1616 425 pontificis
1635 354 1800 426 longo
1820 358 1872 414 Α
1902 354 2173 408 munitas.
2214 374 2236 402 ι
2272 352 2428 422 Quod
2461 369 2596 425 erga
2625 369 2725 409 nos
2754 353 3139 409 Cluniacenses
3168 356 3273 411 hoc
3302 354 3496 410 ordine

200 461 263 499 ex
296 453 538 514 tempore
567 452 873 498 exarstuans
903 442 1197 510 desiderio,
1219 442 1384 497 aifatu
1424 442 1592 512 ipsius
1618 449 1671 496 et
1701 457 1795 496 as-

199 541 360 602 pectu
377 533 627 601 cupiebat
659 530 893 586 refoveri
917 549 931 596 ;
966 532 1111 601 quod
1130 530 1293 585 etiam
1315 547 1414 601 per
1433 529 1799 585 internuntios

200 620 251 674 ei
274 636 418 689 saepe
439 619 765 673 innotuerat.
782 620 1127 673 Processerat
1144 617 1363 689 quidem
1382 618 1467 673 vir
1488 618 1576 672 ille
1608 618 1798 673 beatus

199 707 255 760 in
286 707 476 761 diebus
507 706 640 771 suis,
668 714 720 760 et
750 707 1024 761 mediante
1050 706 1164 774 jam
1200 706 1491 760 mundanae
1521 706 1658 761 lucis
1697 720 1798 762 oc-

202 809 331 848 casu
366 794 433 847 ad
464 794 948 849 indeterminabilis
978 793 1086 849 diei
1118 794 1432 864 suspirabat
1462 794 1795 864 ingressum.

200 883 316 938 Nec
333 880 627 935 dissimiles
641 882 824 947 animi,
847 882 1091 953 quamvis
1112 882 1165 936 in
1183 891 1337 937 aetate
1358 881 1606 936 dissimili
1625 882 1797 953 (327),

201 978 391 1025 nostro
422 968 663 1040 pontifici
692 977 865 1024 erant.
899 971 1019 1023 Jam
1048 970 1193 1025 enim
1222 970 1426 1025 caduca
1446 970 1646 1037 omnia,
1682 986 1801 1040 qua;

202 1056 359 1111 annis
408 1057 509 1111 sub
564 1057 765 1112 teneris
839 1073 1057 1127 semper
1112 1057 1484 1128 vilipenderat,
1531 1058 1583 1111 in
1643 1057 1801 1129 gravi

206 1146 367 1199 etiam
400 1144 616 1199 fastidio
646 1144 903 1199 habebat.
945 1144 1143 1215 Optato
1177 1145 1344 1217 igitur
1373 1154 1603 1216 uterque
1656 1145 1800 1215 poti-

204 1240 289 1286 tus
311 1232 601 1303 colloquio,
639 1232 837 1303 singuli
868 1233 1218 1288 conscientiae
1267 1249 1376 1288 sua:
1423 1249 1675 1288 recessus
1736 1249 1801 1289 ex

203 1319 429 1374 alterum
493 1320 790 1374 sanctitatis
876 1319 1112 1391 fulgore,
1190 1321 1320 1374 dum
1384 1337 1478 1377 sua
1562 1321 1802 1376 vicissim

205 1406 421 1463 occulta
467 1407 730 1477 pandunt,
768 1408 1165 1478 splendidiores
1212 1407 1463 1463 reddunt.
1527 1408 1630 1476 Qui
1681 1417 1802 1462 tan-

205 1496 329 1549 dem
387 1494 549 1548 simul
598 1495 667 1548 ad
715 1510 1001 1549 commune
1058 1495 1281 1549 fratrum
1331 1496 1570 1550 omnium
1631 1511 1803 1550 vene-

204 1590 328 1637 runt
402 1582 752 1653 colloquium.
801 1583 949 1637 Tunc
996 1599 1028 1637 a
1099 1583 1465 1639 Lincolniensi
1551 1584 1804 1639 dominus

205 1669 478 1740 quondam
510 1669 755 1724 Belensis
787 1669 1016 1725 formam
1038 1670 1185 1741 pacis
1212 1671 1355 1726 inter
1376 1687 1534 1743 reges
1585 1680 1805 1727 nostros

204 1757 350 1812 initae
381 1758 484 1811 sibi
514 1758 669 1828 petiit
704 1773 885 1813 coram
915 1758 1171 1813 fratribus
1228 1760 1420 1814 retexi.
1472 1760 1613 1815 Nam
1661 1777 1799 1816 con-

205 1846 405 1902 cordia:
444 1845 661 1900 illorum
720 1846 896 1917 ipsum
943 1846 1260 1903 interfuisse
1316 1856 1665 1920 cognoverat.
1719 1850 1802 1904 Ad

207 1949 372 2005 quam
416 1932 518 1988 viri
565 1934 697 1988 tanti
751 1934 1068 2005 petitionem
1117 1934 1546 1991 ferventissimus
1594 1936 1802 1992 ordinis

208 2020 430 2086 zelator,
481 2021 622 2075 haud
677 2021 891 2077 modice
946 2022 1316 2089 contristatus,
1369 2025 1441 2078 ita
1500 2024 1692 2080 leniter
1749 2032 1801 2081 et

208 2108 359 2180 quasi
384 2108 620 2177 jocando
662 2116 735 2166 ait
777 2123 789 2163 :
826 2132 847 2157 α
899 2109 946 2165 Ο
1004 2111 1175 2178 Pater,
1218 2111 1492 2183 inquiens,
1552 2128 1803 2168 rumores

208 2195 397 2249 audire
428 2204 481 2251 et
510 2195 712 2251 referre
742 2197 844 2252 etsi
875 2197 1035 2254 liceat
1063 2198 1355 2270 episcOpis,
1390 2200 1488 2255 sed
1517 2201 1803 2256 monachis

208 2298 315 2338 non
346 2283 469 2339 licet
500 2304 513 2349 ;
548 2285 603 2338 in
633 2285 799 2340 cellas
829 2285 916 2341 vel
945 2286 1239 2341 claustrum
1290 2303 1542 2344 rumores
1586 2289 1803 2361 ingredi

207 2387 317 2427 non
346 2372 508 2439 licet;
532 2372 699 2428 urbes
728 2374 1003 2440 deserere,
1024 2383 1076 2429 et
1104 2375 1159 2429 in
1189 2375 1531 2431 solitudinem
1561 2392 1804 2433 rumores

208 2458 401 2515 afferre
430 2476 539 2514 non
568 2460 712 2515 licet.
752 2482 773 2511 ν
791 2463 919 2517 Haec
948 2462 1138 2518 dicens
1159 2463 1225 2517 ad
1246 2464 1543 2534 spiritualis
1563 2464 1805 2521 aedifica-

206 2547 368 2602 tionis
389 2548 640 2615 studium,
655 2549 973 2619 postpositis
986 2551 1315 2620 rumoribus,
1332 2552 1499 2607 verba
1516 2554 1802 2610 convertit.

280 2635 533 2706 Sequitur
562 2652 720 2707 quam
785 2637 981 2693 devote
1044 2638 1359 2695 Cluniacum
1428 2641 1617 2695 adierit
1658 2643 1807 2713 (328)

211 2730 266 2777 et
313 2738 473 2794 quam
556 2725 1013 2780 reverendissime
1072 2742 1105 2781 a
1171 2734 1317 2781 tanta
1388 2728 1533 2783 illius
1607 2738 1808 2786 sancta:

208 2810 565 2865 multitudinis
631 2811 928 2883 frequentia
990 2822 1247 2885 exceptus
1317 2816 1415 2882 sit,
1492 2825 1542 2871 et
1606 2829 1808 2889 quanta

211 2898 459 2967 ejusdem
531 2900 976 2973 congregationis
1047 2902 1296 2957 instantia
1368 2905 1546 2961 triduo
1620 2923 1808 2962 secum

1899 441 2333 511 compleverunt.
2375 442 2500 496 Post
2528 442 2927 511 susceptionem
2959 442 3219 513 episcopi,
3252 458 3492 513 proces-

1898 528 2050 584 sione
2081 529 2271 585 festiva
2289 538 2656 600 perceptaque
2685 530 2829 584 illius
2858 530 3251 598 benedictione,
3316 530 3493 601 ipsum

1900 617 2151 671 dominus
2178 617 2327 687 prior
2355 617 2409 671 in
2436 618 2761 673 locutorium
2819 618 3081 682 deduxit;
3125 618 3213 671 ubi
3265 632 3388 673 cum
3429 634 3493 673 eo

1901 701 2059 766 sedit,
2083 701 2379 771 assumptis
2418 702 2621 771 pariter
2651 710 2703 756 et
2759 701 3067 756 senioribus
3122 701 3192 756 de
3223 710 3493 757 conventu

1899 789 2117 844 circiter
2146 788 2462 844 duodecim.
2500 790 2650 845 Unus
2686 789 3056 844 assistentium
3087 804 3215 844 vero
3270 789 3496 843 fratrum

1902 877 2145 932 codicem
2168 876 2375 948 regulas
2403 877 2699 948 pastoralis
2727 878 2792 932 B.
2834 877 3085 949 Gregorii
3123 893 3299 947 papae,
3333 892 3496 947 quem

1901 966 1973 1019 ad
2002 965 2105 1020 hoc
2144 965 2321 1035 ipsum
2380 965 2629 1019 manibus
2671 965 2892 1019 allatum
2946 965 3186 1031 tenebat,
3244 964 3496 1035 aperuit;

1904 1053 2317 1124 procedensque
2364 1053 2416 1107 in
2448 1052 2703 1117 medium,
2754 1052 3045 1123 capitulum
3092 1068 3260 1107 unum
3308 1059 3497 1122 aperte
3530 1068 3543 1082 ·

1902 1148 1955 1194 et
1998 1140 2249 1195 distincte
2305 1140 2373 1194 ad
2430 1139 2844 1212 intelligendum
2890 1138 3261 1210 percurrendo
3329 1139 3487 1211 legit.

1900 1227 2023 1296 Quo
2054 1227 2347 1298 completo,
2377 1228 2595 1283 ineunte
2626 1228 2829 1299 priore,
2870 1227 3034 1283 finem
3082 1226 3300 1283 lectioni
3347 1225 3494 1293 fecit,
3558 1220 3569 1228 ’

1905 1323 1956 1370 et
1984 1315 2271 1385 episcopus
2302 1315 2551 1370 similiter
2586 1316 2655 1369 ad
2687 1322 2873 1369 nutum
2902 1315 3103 1385 prioris
3148 1315 3295 1370 dicto
3324 1315 3497 1370 Bene-

1904 1404 2076 1459 dicite
2097 1403 2354 1473 loquendi
2375 1402 2649 1457 licentiam
2669 1403 3027 1473 prmsentibus
3047 1403 3213 1458 dedit.

1976 1491 2083 1545 Sed
2111 1498 2164 1545 et
2214 1490 2536 1546 Cistercium
2588 1492 2737 1560 (329)
2786 1491 2986 1546 cursim
3031 1490 3499 1561 pertransivimus.

1906 1579 2025 1647 Quo
2076 1579 2312 1644 divertit,
2373 1586 2432 1633 ut
2474 1578 2762 1634 missarum
2813 1579 3078 1635 solemnia
3137 1579 3193 1634 in
3239 1580 3504 1650 praeclara

1824 1695 1878 1756 Β
1908 1667 2198 1723 festivitate
2265 1667 2665 1738 Assumptionis
2719 1668 2817 1723 Dei
2869 1668 3162 1723 Genitricis
3225 1667 3504 1723 celebrare

1908 1757 2196 1827 potuisset.
2224 1755 2399 1811 Gallia
2429 1771 2665 1827 namque
2717 1756 2970 1811 universa
2998 1764 3197 1826 praeter
3247 1756 3499 1827 quaedam

1900 1844 2239 1915 privilegiata
2266 1843 2601 1899 monasteria
2632 1859 2697 1899 ea
2718 1852 3033 1915 tempestate
3064 1844 3162 1898 sub
3203 1843 3493 1900 interdicta

1902 1931 2001 1987 fuit
2022 1933 2191 2003 (330).
2214 1932 2424 1987 Deinde
2452 1948 2681 2003 compus
2713 1931 2959 1999 effectus,
2992 1940 3046 1988 et
3082 1932 3310 1988 fratrum
3352 1932 3497 1987 illius

1901 2020 2008 2076 loci
2037 2020 2371 2076 orationibus
2400 2021 2830 2088 commendatus,
2884 2021 3295 2077 Claramvallem
3347 2021 3499 2092 (331)

1903 2124 2121 2180 quoque
2155 2108 2410 2163 visitavit.
2458 2109 2680 2164 Miserat
2738 2108 3004 2180 siquidem
3057 2117 3262 2165 sancta
3308 2125 3499 2165 recor-

1901 2196 2135 2251 dationis
2172 2196 2409 2251 Joannes
2440 2197 2590 2267 (332)
2621 2197 2893 2267 quondam
2923 2196 3370 2269 Lugdunensium
3401 2212 3499 2252 ar-

1903 2284 2282 2355 chiepiscopus
2302 2284 2357 2338 in
2385 2300 2671 2340 occursum
2696 2285 2813 2352 ejus
2841 2284 3107 2356 quosdam
3156 2284 3499 2341 venerabiles

1904 2372 2069 2437 viros,
2101 2372 2301 2427 obnixe
2321 2372 2654 2443 supplicans,
2690 2380 2954 2443 quatenus
2985 2373 3087 2428 sibi
3117 2373 3170 2427 in
3200 2373 3320 2429 loco
3348 2389 3498 2444 prae-

1904 2468 2086 2516 notato
2116 2461 2471 2516 commoranti
2491 2460 2620 2515 olim
2650 2460 3013 2516 desideratam
3045 2463 3351 2532 praesentia:
3384 2478 3499 2518 sua}

1905 2550 2118 2619 copiam
2140 2549 2443 2604 exhiberet.
2490 2548 2628 2616 Quia
2653 2549 2765 2617 jam
2796 2565 2913 2605 aevo
2949 2549 3131 2620 gravis
3154 2548 3328 2605 ofﬁcio
3350 2565 3501 2606 cura)

1906 2637 2196 2708 pastoralis
2226 2637 2649 2711 renuntiaverat,
2683 2638 3014 2709 retentisque
3054 2637 3316 2692 duntaxat
3341 2639 3501 2706 jussu

1907 2726 2103 2779 summi
2124 2724 2397 2795 pontiﬁcis
2436 2724 2740 2795 insignibus
2769 2725 3013 2795 pristinis
3061 2725 3116 2779 in
3163 2725 3255 2781 illo
3311 2735 3502 2782 sancto

1908 2812 2156 2868 coenobio
2234 2828 2406 2868 sacrae
2462 2812 2907 2883 contemplationi
2980 2812 3202 2869 sedulus
3252 2814 3500 2870 vacabat.

1909 2901 2216 2956 Sciscitanti
2242 2908 2422 2955 autem
2480 2900 2757 2972 episcopo,
2820 2901 3017 2971 quibus
3052 2901 3165 2969 jam
3206 2902 3502 2972 Scripturis

210 2987 407 3041 morari
437 3006 450 3052 ;
475 2994 635 3058 atque
696 2989 841 3044 vires
922 2998 1043 3060 post
1100 2991 1341 3047 laborem
1418 2994 1487 3048 sit
1556 2996 1806 3065 compul—
1832 3042 1877 3065 η
1906 2988 2270 3044 meditationis
2299 3005 2412 3044 suae
2440 2989 2661 3059 negotia
2705 2989 3044 3059 potissimum
3073 2990 3380 3057 devovisse,
3433 2990 3503 3045 ita

213 3089 306 3128 sus
350 3091 645 3130 resumere.
708 3077 869 3145 Cujus
925 3078 1031 3134 loci
1100 3078 1442 3150 disciplinam
1509 3083 1565 3136 in
1612 3084 1802 3147 choro.

209 3161 267 3215 in
298 3162 535 3217 claustro
565 3171 619 3218 et
646 3164 700 3218 in
743 3164 1051 3234 refectorio,
1113 3166 1255 3222 inter
1311 3184 1406 3223 eos
1464 3168 1806 3227 familiariter

210 3250 410 3305 missas
440 3250 689 3306 diversas
730 3253 1035 3319 celebrans,
1061 3262 1114 3309 et
1145 3270 1265 3311 cum
1313 3256 1392 3311 eis
1440 3259 1641 3327 pariter
1667 3275 1805 3314 con-

210 3353 461 3404 vescens,
496 3354 618 3394 cum
650 3340 861 3410 plenius
892 3343 1213 3399 attendisset
1241 3360 1305 3400 ac
1336 3345 1625 3415 plurimum
1656 3363 1807 3404 com-

210 3426 543 3493 mendasset,
579 3428 658 3483 sic
680 3428 897 3484 demum
918 3430 991 3484 ait
1023 3447 1037 3485 :
1075 3452 1097 3483 α
1131 3432 1291 3501 Vere,
1325 3433 1371 3488 si
1400 3434 1583 3490 locum
1638 3436 1801 3504 hunc,

213 3522 273 3568 ut
302 3515 482 3580 modo,
508 3516 886 3585 pervidissem,
923 3526 975 3573 et
995 3520 1229 3575 necdum
1286 3521 1624 3578 Carthusiam
1670 3524 1803 3579 ada-

212 3617 470 3667 massem,
506 3620 660 3657 suum
699 3620 786 3660 me
826 3606 1118 3662 Cluniacus
1184 3611 1509 3665 monachum
1554 3612 1796 3669 fecisset.

217 3689 501 3758 Quoddam
532 3691 673 3746 inter
702 3700 900 3748 cetera
944 3694 1180 3765 speciale
1210 3696 1411 3753 ibidem
1449 3699 1583 3754 vidit
1603 3708 1664 3756 et
1692 3701 1809 3756 lau-

216 3778 384 3841 davit,
409 3779 552 3848 quod
598 3779 801 3836 idcirco
829 3781 1064 3837 breviter
1092 3784 1308 3855 paginae
1356 3786 1645 3843 inserimus
1683 3788 1808 3860 quia

212 3881 243 3918 a
275 3865 431 3920 beato
460 3866 750 3922 Benedicto
778 3867 1081 3925 institutum
1108 3872 1177 3926 ab
1208 3873 1461 3928 omnibus
1489 3875 1689 3947 ubique
1720 3877 1807 3932 lo-

215 3968 401 4008 corum
439 3955 738 4021 monachis,
813 3972 915 4013 nec
971 3958 1169 4015 lectum
1226 3961 1485 4016 miramur
1543 3972 1595 4019 et
1650 3966 1809 4036 quasi

214 4040 476 4095 oblivioni
508 4042 781 4097 traditum.
813 4047 999 4115 Agens
1054 4062 1291 4119 namque
1321 4050 1389 4105 de
1446 4051 1809 4123 suscipiendis

215 4127 521 4197 h05pitibus
551 4129 606 4182 in
654 4130 865 4201 Regula
936 4148 1036 4187 sua
1093 4134 1438 4191 beatissimus
1483 4138 1808 4197 Benedictus

216 4215 358 4270 inter
391 4223 583 4271 caetera
605 4217 734 4273 dicit
755 4233 767 4272 :
788 4220 1208 4290 legaturcoram
1234 4225 1445 4296 hospite
1476 4228 1572 4283 lea:
1591 4228 1805 4298 divina,

218 4306 287 4358 ut
319 4304 677 4373 aediﬁcetur;
709 4306 912 4364 deinde
958 4313 1142 4367 omnis
1194 4314 1248 4367 ei
1305 4313 1643 4370 exhibentur
1698 4317 1809 4372 hu-

1816 4389 1869 4448 D

289 4478 430 4549 (327)
466 4481 822 4549 sexagenarius
842 4484 1071 4535 nimirum
1091 4488 1190 4535 tum
1216 4490 1341 4549 erat,
1362 4488 1431 4538 ait
1454 4487 1728 4541 Chiftletius
1750 4502 1810 4540 ex

216 4548 446 4619 Suri_o,S.
464 4548 621 4609 Hugo,
642 4561 749 4598 cum
777 4554 885 4619 erat
909 4551 1095 4619 affectas
1112 4551 1215 4613 jam
1239 4548 1397 4604 aetatis
1422 4556 1482 4605 Β.
1506 4557 1806 4619 Artbaudus,

216 4627 275 4664 ac
318 4614 526 4685 fortasse
555 4616 895 4685 nonagenario
943 4617 1117 4678 major.
1159 4620 1335 4669 Senem
1371 4622 1648 4685 capulaiem
1697 4614 1808 4674 eum

216 4685 362 4752 vocat
386 4678 536 4752 abbas
553 4681 801 4752 glorotius.
821 4684 1158 4752 Centenariam
1177 4678 1449 4749 crederem,
1466 4690 1527 4751 si,
1545 4693 1598 4739 ut
1612 4689 1807 4752 dicitur,

222 4747 409 4810 primus
434 4744 524 4795 fuit
544 4747 814 4797 Carthusia:
839 4749 1046 4800 Alveriaa
1071 4752 1225 4812 prior.

287 4828 755 4900 (528)___Claniacurn
778 4833 979 4900 adierit,
1025 4833 1112 4883 sub
1146 4836 1343 4898 Hugone
1367 4836 1407 4885 V
1431 4849 1492 4886 ex
1516 4838 1811 4900 Radingensi

219 4894 760 4967 abbatepluniacensi.
802 4899 866 4947 De
898 4894 1129 4967 Cluniaco
1156 4894 1352 4965 ejusque
1376 4902 1629 4954 abbatibus
1654 4894 1814 4967 a'gitur

220 4960 268 5009 in
299 4960 601 5028 bibliotheca
626 4962 841 5012 Cluniae.
870 4966 1074 5020 Andreae
1101 4960 1390 5028 Quercetani
1412 4982 1498 5020 seu
1525 4972 1595 5020 Du
1620 4960 1812 5022 Chcsne

218 5028 270 5098 et
294 5026 342 5098 in
368 5026 533 5098 Galliae
556 5027 741 5098 Christ,
765 5033 898 5098 tomo
922 5032 1002 5098 IAV,
1027 5026 1271 5083 colflll7
1296 5039 1345 5083 et
1364 5047 1469 5098 seq.
1492 5037 1579 5086 Hic
1603 5038 1814 5088 refertur

213 5092 433 5208 illisignlis
467 5093 857 5169 Cluniacensium
906 5096 1010 5157 ejus
1058 5101 1293 5162 temporis
1336 5092 1446 5151 laus
1478 5117 1504 5152 a
1532 5105 1583 5153 S.
1612 5105 1812 5166 linguae

276 5170 368 5207 nco
388 5170 559 5207 mensi.
1024 5172 1026 5175 ν

276 5170 540 5207 ηευιηιεηδι
549 5195 559 5206 .
1024 5172 1026 5175 ’

291 5239 436 5304 (329)
474 5242 640 5311 Sed}:
668 5243 978 5311 Cistercium,
1004 5247 1063 5297 de
1088 5261 1182 5311 quo
1207 5250 1353 5299 etiam
1379 5251 1427 5300 in
1448 5252 1616 5303 Gallia:
1642 5254 1812 5304 Chris-

218 5307 365 5357 tiania
388 5311 487 5358 tom
528 5307 609 5368 IV,
626 5311 720 5358 col.
742 5310 842 5359 983
858 5307 1182 5364 Benedictina:
1209 5316 1452 5367 editionis.
1479 5318 1812 5371 Celeberrimo

218 5373 325 5423 loco
345 5379 457 5425 tunc
477 5380 686 5452 praeerat
708 5376 858 5428 abbas
879 5378 1034 5431 Guido
1061 5380 1117 5444 ll,
1140 5387 1307 5446 postea
1332 5385 1592 5435 cardinalis
1626 5385 1809 5449 episco-

216 5452 309 5503 pus
332 5445 674 5503 prmnestinus.

1832 3042 1879 3103 Ο

1913 3076 2194 3147 respondit
2226 3094 2238 3130 :
2276 3099 2297 3124 α
2334 3076 2696 3141 Psalmorum,
2728 3076 2919 3148 inquit,
2951 3077 3228 3133 meditatio
3249 3077 3364 3132 sola
3386 3078 3501 3146 jam

1906 3164 2121 3236 penitus
2150 3172 2318 3219 totum
2345 3180 2433 3220 me
2465 3164 2568 3219 sibi
2596 3165 2917 3220 vendicavit.
2957 3189 2978 3214 υ
3011 3165 3091 3220 Ex
3122 3165 3206 3220 his
3262 3165 3501 3237 quotidie

1905 3268 2099 3309 recens
2128 3260 2181 3307 et
2209 3252 2461 3308 continue
2490 3253 2806 3308 demulcens
2837 3253 3108 3309 interioris
3138 3253 3373 3309 hominis
3408 3269 3502 3325 pa-

1906 3340 2073 3395 latum
2102 3340 2233 3395 mihi
2254 3341 2477 3397 refectio
2507 3340 2824 3397 indeficiens
2850 3342 3054 3413 jugiter
3080 3343 3393 3397 innovatur.

1978 3430 2105 3483 Post
2134 3429 2258 3496 hoc,
2285 3429 2667 3485 monasterium
2694 3430 2872 3485 Sancti
2904 3430 3136 3502 Remigii
3159 3430 3309 3501 (333)
3340 3444 3502 3486 secus

1909 3517 2258 3573 Remensium
2307 3517 2579 3573 civitatem
2626 3518 2789 3572 situm
2836 3518 3141 3573 sanctitatis
3190 3517 3501 3589 magnificae

1906 3602 2191 3661 laatificavit
2222 3621 2469 3661 accessu.
2505 3605 2607 3661 Ubi
2635 3613 2873 3660 moratus
2901 3622 2998 3676 per
3032 3606 3270 3661 triduum
3326 3606 3500 3662 libro-

1907 3708 2027 3747 rum
2058 3694 2404 3764 antiquorum
2461 3693 2670 3764 cupiam
2704 3694 2777 3748 ibi
2834 3693 3125 3765 repositam
3177 3694 3499 3761 mirabatur,

1907 3780 2289 3836 modernorum
2312 3781 2645 3837 desidiosum
2678 3782 3017 3853 exprobrans
3065 3782 3349 3849 incuriam,
3409 3782 3503 3852 qui

1906 3885 2015 3925 non
2047 3869 2223 3925 solum
2242 3871 2459 3924 Patrum
2493 3871 2678 3926 studia
2706 3870 2759 3925 in
2796 3870 3097 3926 condendis
3150 3870 3311 3925 libris
3340 3877 3500 3942 atque

1907 3958 2211 4014 scribendis
2248 3959 2491 4013 remulari
2545 3959 2864 4026 detrectant,
2927 3959 3025 4014 sed
3065 3975 3242 4031 neque
3287 3959 3495 4031 legere,

1907 4062 2001 4101 seu
2033 4055 2346 4102 reverenter
2364 4048 2557 4103 saltem
2588 4055 2819 4104 tractare
2849 4063 2882 4102 a
2902 4047 3151 4102 Patribus
3195 4047 3501 4103 elaboratos

1908 4134 2127 4190 codices
2157 4150 2341 4191 sacros
2386 4137 2621 4191 student.
2682 4136 2782 4191 Hic
2828 4135 3109 4192 vasculum
3158 4151 3375 4207 quoque
3402 4151 3504 4204 per

1906 4222 2214 4278 columbam
2243 4223 2453 4277 coalitus
2482 4224 2722 4279 delatam
2780 4224 2936 4278 beato
2982 4222 3232 4293 Remigio
3273 4222 3502 4277 miratus

1906 4318 1960 4364 et
1980 4318 2268 4365 veneratus
2298 4318 2399 4376 est,
2435 4310 2490 4364 in
2517 4326 2625 4382 quo
2648 4310 2854 4382 jugiter
2883 4310 2951 4365 ad
2971 4310 3280 4365 unctionem
3306 4326 3501 4383 regum

1977 4486 2115 4550 (330)
2140 4488 2279 4538 Anno
2306 4488 2454 4549 1199,
2476 4488 2589 4540 illud
2613 4491 2812 4553 propter
2842 4488 3103 4540 divortium
3152 4489 3283 4541 inter
3331 4502 3501 4554 regem

1909 4556 1959 4604 et
2001 4554 2216 4615 reginam
2240 4556 2619 4617 promulgatum.
2645 4558 2695 4606 et
2718 4568 2845 4608 anno
2874 4555 2995 4607 1201
3022 4554 3268 4608 sublatum
3293 4556 3403 4608 fuit.
3430 4558 3503 4607 Ita

1907 4620 1967 4670 de
1990 4620 2171 4683 Nangis
2192 4623 2241 4670 et
2262 4622 2488 4672 Trivctus
2513 4623 2561 4672 in
2586 4624 2770 4673 Chron.

1979 4722 2088 4790 (531
2095 4721 2345 4790 )ᾲϐιαᾼναιη
2377 4723 2579 4786 Vallem,
2604 4724 2694 4774 sub
2713 4724 2930 4776 Guidone
2953 4726 3115 4790 abate,
3148 4729 3201 4776 ut
3227 4724 3400 4787 colligo
3439 4736 3503 4774 ex

1911 4789 2036 4837 tom.
2072 4788 2132 4836 IV
2156 4788 2324 4839 Gallia:
2349 4791 2556 4851 Christ.,
2584 4792 2677 4841 col.
2719 4791 2841 4841 796.
2910 4818 2916 4825 -

1982 4886 2124 4952 (532)
2150 4889 2189 4939 A
2239 4891 2385 4941 bellis
2419 4893 2645 4944 manibus
2687 4894 3075 4956 cognominatus,
3119 4904 3179 4942 ex
3210 4891 3503 4943 Pictaviensi

1912 4956 2192 5017 designatus
2239 4957 2568 5009 Narbonensis
2603 4960 2809 5021 primus,
2855 4972 2969 5011 mox
3017 4959 3174 5008 factus
3199 4970 3327 5008 anno
3354 4958 3503 5020 1181,

1914 5022 2306 5089 archiepiscopus
2329 5025 2682 5087 Lugdunensis,
2723 5026 2786 5077 de
2823 5039 2916 5089 quo
2941 5025 3078 5088 plura
3101 5027 3233 5075 tomo
3246 5024 3308 5075 IV
3333 5024 3503 5076 Gallia:

1915 5088 2121 5150 Christ.,
2151 5090 2242 5139 col.
2272 5090 2366 5140 150

1983 5186 2126 5253 (553)
2178 5193 2520 5243 Manasten’um
2565 5195 2615 5243 S.
2668 5193 2902 5255 Remigii.
2949 5194 3019 5243 De
3061 5194 3171 5253 hoc,
3199 5195 3249 5243 et
3285 5192 3346 5243 de
3364 5203 3506 5243 sacra

1913 5256 2121 5324 ampulla
2139 5257 2249 5324 vide
2276 5260 2395 5309 tom.
2425 5260 2443 5309 Ι
2468 5259 2727 5311 Annalium
2756 5260 3057 5311 Benedictin.
3076 5260 3292 5324 pag.61,
3309 5258 3508 5309 Joannis

1913 5322 2173 5372 Mabillonii
2196 5361 2208 5383 ,
2259 5326 2339 5387 qui
2388 5326 2434 5376 iu
2483 5327 2576 5376 hoc
2624 5327 2921 5379 monasterio
2956 5330 3068 5378 vota
3082 5322 3363 5378 Vmonastica
3407 5326 3507 5377 Deo

1911 5390 2225 5450 nuncupavit.
