3960 6062
484 219 613 273 1091
694 196 711 209 ⁸

1386 217 1441 271 S.
1477 215 1792 271 HUGONIS
1822 215 2038 269 EPISC.
2076 212 2398 269 LINCOLN.
2431 212 2595 268 0RD.
2629 213 2877 269 CARTH.

3656 216 3677 263 1
3691 214 3793 265 092

477 340 723 396 Francia:
767 339 911 396 sacri
958 338 1184 393 balsami
1245 338 1402 409 cepia
1475 337 1719 393 rediviva
1790 336 2071 392 exuberat.
2098 338 2154 397 Α
2182 336 2311 393 villa
2340 352 2484 407 saepe
2505 336 2668 403 dicta,
2701 336 2792 391 ubi
2823 352 2936 391 rem
2958 336 3350 408 prodigiosam,
3392 350 3513 406 quae
3543 341 3681 388 tunc
3712 331 3787 385 in-

557 429 691 483 Cum
718 437 899 482 autem
944 428 1284 498 pervenisset
1314 427 1381 480 ad
1441 434 1678 481 castrum
1729 426 1909 481 Sancti
1964 428 2076 479 Au-

489 517 702 571 domari
733 518 902 585 (334),
936 516 1083 587 quod
1114 530 1146 569 θ,
1187 522 1345 585 portu
1379 514 1701 569 Wistandiaa
1755 514 1903 584 (335)
1961 513 2082 567 mil-

494 605 636 659 libus
657 604 847 659 decem
880 604 1205 674 abjungitur.
1246 602 1326 656 lbi
1374 619 1667 673 parumper
1691 618 1720 655 a
1767 601 2081 672 fatigatione

494 692 699 746 diutina
729 700 852 746 ante
883 691 1048 745 maris
1105 691 1415 762 ingressum
1482 690 1631 744 duxit
1683 690 2078 760 respirandum.

495 780 624 835 Erat
652 779 778 833 inde
800 779 944 833 haud
982 778 1172 848 procul
1231 779 1388 831 situm
1437 778 1829 832 monasterium
1877 776 2083 832 ordinis

496 867 891 931 Cisterciensis,
927 866 1085 921 Clara
1113 866 1313 921 Mareis
1343 868 1490 935 (336)
1541 867 1610 920 ab
1640 865 1830 921 incolis
1872 882 2083 921 nuncu-

497 964 701 1025 patum.
761 953 994 1008 Instabat
1051 954 1218 1008 etiam
1266 962 1391 1023 post
1441 953 1677 1008 triduum
1720 953 1959 1025 gloriosa
1988 969 2082 1008 so-

438 1077 455 1091 ο
494 1043 746 1098 lemnitas
790 1041 1101 1096 Nativitatis
1143 1050 1420 1112 perpetuae
1470 1041 1707 1113 Virginis
1764 1050 1817 1095 et
1870 1041 2084 1096 miseri-

494 1130 695 1186 cordiae
725 1130 928 1184 matris.
960 1129 1195 1184 Nolebat
1223 1137 1403 1184 autem
1452 1128 1741 1199 episcOpus
1782 1129 2031 1200 elongari
2052 1144 2084 1182 a

493 1218 685 1274 vicinia
716 1217 841 1284 loci,
865 1232 972 1288 quo
992 1217 1177 1271 divina
1204 1217 1472 1272 celebrari
1504 1216 1702 1272 licebat
1733 1226 1855 1270 ante
1887 1216 2084 1271 festum

493 1307 633 1362 adeo
671 1305 1009 1377 praeclarum,
1043 1322 1111 1360 ne
1141 1305 1279 1361 forte
1327 1320 1459 1359 aura
1492 1304 1848 1360 dissentiente
1885 1304 1937 1358 in
1969 1308 2085 1358 An-

492 1395 659 1467 gliam
690 1395 760 1449 ad
787 1396 891 1449 hoc
921 1393 1304 1450 celebrandum
1334 1393 1511 1447 minus
1550 1393 1871 1462 tempestive
1902 1408 2087 1448 occur-

492 1491 659 1538 reret.
693 1484 819 1552 Ipsa
848 1482 1009 1553 igitur
1032 1481 1140 1547 die,
1172 1496 1280 1551 qua
1310 1481 1378 1534 ad
1418 1480 1675 1535 Sanctum
1720 1480 2083 1534 Audomarum

493 1571 659 1640 venit,
691 1570 793 1624 sibi
823 1568 1205 1625 venam'incidi
1259 1568 1403 1633 fecit,
1449 1583 1556 1638 quo
1596 1568 1817 1622 liberius
1860 1576 1911 1622 et
1966 1568 2084 1621 ala-

491 1659 640 1713 crius
667 1665 791 1728 post
819 1656 1046 1727 expleta:
1076 1656 1439 1712 observantiae
1452 1664 1666 1726 tempus
1684 1655 1852 1726 (quod
1883 1655 1939 1709 in
1954 1654 2086 1710 fleu-
2106 1686 2157 1744 B

489 1745 729 1802 botomia
759 1744 878 1816 quis
899 1744 1176 1800 vindicare
1207 1744 1309 1797 sibi
1342 1744 1502 1812 solet)
1558 1743 1921 1799 desideratam
1953 1759 2085 1814 per-

493 1834 695 1891 coleret
741 1832 1131 1888 celebritatem.
1182 1833 1303 1886 Jam
1353 1832 1497 1886 enim
1536 1831 1729 1886 diebus
1776 1831 1979 1903 aliquot
2033 1832 2089 1885 in

494 1921 726 1994 singulis
746 1920 1026 1986 membris,
1048 1929 1102 1975 et
1131 1920 1186 1974 in
1203 1936 1428 1990 corpore
1459 1936 1557 1974 suo
1577 1928 1709 1985 toto,
1734 1920 2087 1990 gravedinem

494 2028 616 2068 cum
638 2011 783 2065 lento
813 2008 1049 2080 quodam
1077 2008 1264 2063 dolore
1308 2016 1551 2063 senserat
1582 2008 1911 2064 accrevisse.
1963 2009 2089 2062 Post

491 2098 849 2156 minutionem
879 2112 1010 2152 vero
1040 2095 1177 2151 adeo
1203 2096 1257 2150 in
1287 2096 1584 2151 continenti
1611 2097 1727 2151 haec
1764 2096 1883 2165 ipsa
1912 2096 2087 2150 mole-

489 2188 591 2243 stia
619 2193 965 2257 augmentata
995 2192 1078 2239 est
1107 2191 1164 2237 ut
1192 2184 1260 2239 de
1310 2200 1516 2250 mensa,
1567 2200 1670 2256 qua
1716 2183 2085 2249 discubuerat,

491 2291 617 2331 cum
664 2274 752 2329 vix
794 2271 1067 2327 modicum
1117 2272 1244 2343 quid
1295 2280 1588 2344 gustasset,
1649 2271 1859 2326 caeteris
1916 2272 2089 2328 adhuc

492 2362 778 2418 edentibus
830 2360 1131 2415 abscedere
1176 2368 1228 2414 et
1284 2358 1462 2414 lectuli
1511 2359 1742 2430 quietem
1812 2359 1963 2413 adire
2021 2358 2089 2412 sit

493 2449 828 2521 compulsus.
871 2448 1045 2516 Quem
1098 2462 1253 2515 mox,
1311 2456 1368 2501 ut
1408 2448 1678 2503 cervicem
1708 2447 2084 2514 reclinaverat,

491 2539 658 2594 sudor
741 2535 927 2592 aﬁ‘udit
1008 2534 1467 2605 aﬁluentissimus,
1534 2535 1624 2605 qui
1669 2535 1756 2589 die
1820 2536 1940 2605 ipsa
1978 2543 2088 2590 tota

493 2642 617 2682 cum
663 2625 895 2680 maxima
944 2622 1123 2693 parte'
1172 2624 1347 2679 noctis
1401 2624 1663 2678 insecutae
1752 2623 1921 2678 ﬂuere
1978 2639 2087 2678 non

489 2713 743 2770 cessavit.
775 2713 1002 2766 Tantum
1025 2727 1240 2781 quoque
1259 2710 1365 2766 cibi
1384 2710 1657 2765 fastidium
1688 2726 1819 2765 mox
1838 2710 2083 2780 incurrit,

490 2810 548 2857 ut
568 2818 668 2872 per
695 2800 828 2854 illud
860 2799 1095 2853 triduum
1126 2798 1401 2870 quidpiam
1444 2798 1763 2869 gustaverit.

562 2890 721 2945 Circa
749 2888 1090 2958 vespertinas
1120 2894 1301 2955 autem
1330 2887 1496 2941 horas
1526 2886 1581 2940 in
1611 2886 1799 2959 vigilia
1824 2886 2087 2942 festivita-

492 2979 560 3034 tis
590 2984 903 3033 memoratae
932 2974 1206 3046 profectus
1235 2982 1316 3030 est
1338 2975 1409 3029 ad
1429 2974 1739 3030 coenobium
1789 2975 2084 3045 praenomi-

493 3075 694 3132 natum,
726 3064 908 3136 ibique
934 3079 1042 3119 uno
1092 3071 1295 3119 tantum
1357 3065 1644 3131 monacho,
1702 3080 2081 3135 conversoque

491 3172 601 3212 uno
630 3172 696 3210 ex
742 3153 855 3208 suis
903 3169 1088 3208 secum
1133 3152 1358 3207 retentis
1417 3153 1769 3222 pernoctavit.
1822 3152 2080 3223 Reliquos

488 3258 621 3301 vero
650 3258 774 3298 cum
803 3240 958 3312 equis
978 3241 1047 3295 ad
1076 3240 1389 3311 hospitium,
1423 3241 1566 3295 unde
1585 3248 1865 3305 venerant,
1899 3241 2081 3295 redire

487 3331 665 3400 jussit,
697 3330 845 3396 satis,
879 3330 1059 3400 quoad
1088 3329 1253 3395 licuit,
1286 3328 1665 3384 resistentibus
1694 3330 1892 3384 abbate
1930 3330 2079 3399 (337)

493 3430 545 3477 et
573 3419 829 3475 fratribus
858 3418 983 3485 loci,
1015 3417 1329 3473 universum
1356 3418 1503 3472 illius
1532 3419 1845 3472 comitatum
1896 3435 2080 3473 secum

494 3523 836 3578 summOpere
858 3506 1096 3562 detinere
1131 3506 1478 3561 certantibus.
1538 3506 1841 3577 Episcopus
1898 3516 2081 3561 autem

492 3597 548 3652 in
568 3595 866 3651 infirmaria
886 3594 1164 3666 quiescere
1183 3594 1483 3666 praelegit,
1510 3595 1662 3663 cujus
1684 3595 1737 3649 in
1759 3595 2081 3666 obsequium

428 3674 435 3681 ”
493 3684 735 3755 deputati
756 3691 879 3738 sunt
906 3683 1014 3739 duo
1046 3682 1252 3747 fratres,
1288 3682 1379 3753 qui
1409 3682 1572 3736 nimia
1628 3683 1915 3739 devotione
1964 3684 2081 3751 ejus

492 3772 769 3828 famulatui
796 3771 1134 3827 insistebant.
1168 3775 1212 3825 A
1244 3771 1456 3841 quibus,
1490 3786 1610 3826 cum
1642 3771 1774 3825 nihil
1814 3787 1954 3827 escae
1983 3788 2080 3825 su-

490 3877 644 3917 mere
672 3860 1089 3931 cogipotuisset,
1122 3859 1292 3929 pedes
1323 3859 1424 3913 sibi
1446 3860 1765 3924 abluendos,
1799 3869 1851 3914 et
1871 3859 2080 3915 cilicio-

494 3949 707 4003 sissime
740 3947 1022 4011 fovendos,
1055 3955 1109 4001 et
1142 3948 1504 4018 extergendos
1543 3948 1857 4017 compulsus
1887 3956 1966 4001 est
1997 3964 2082 4002 ex-

494 4036 703 4090 hibere.
729 4034 966 4102 Quorum
995 4034 1086 4089 ille
1115 4034 1448 4105 benignitate
1497 4035 1629 4089 satis
1656 4035 1976 4100 delectatus,
2003 4036 2082 4090 eis

493 4122 797 4180 devotionis
825 4138 937 4178 suae
958 4122 1075 4178 vice
1103 4122 1204 4177 Dei
1251 4130 1304 4176 et
1332 4137 1487 4177 suam
1524 4122 1957 4178 benedictionem
1988 4141 2081 4179 re-

492 4212 786 4282 pendebat.
816 4212 934 4267 Nec
954 4210 1178 4265 multum
1208 4218 1350 4281 post,
1373 4210 1505 4265 alter
1521 4226 1711 4265 eorum
1741 4211 1795 4264 in
1828 4212 2083 4267 abbatem

494 4300 663 4371 (338),
700 4308 753 4354 et
781 4299 919 4355 alter
946 4299 1002 4353 in
1025 4299 1268 4367 ejusdem
1298 4298 1405 4354 loci
1430 4298 1664 4369 priorem
1686 4298 1871 4354 favore
1899 4299 2083 4355 divino

2181 425 2371 491 notuit,
2397 425 2586 494 paucis
2616 424 2968 494 explicamus.

2251 513 2429 567 Pistor
2451 512 2668 583 quidam
2697 512 2924 568 farinam
2954 512 3042 567 die
3064 512 3345 567 Dominica
3368 516 3779 581 consperserat,

2182 602 2327 655 unde
2355 600 2602 672 sequenti
2633 608 2793 656 nocte
2820 617 2989 671 panes
3017 616 3233 671 quoque
3275 599 3493 654 venales
3527 604 3779 652 coxerat.

2183 689 2332 757 Quos
2361 690 2491 743 dum
2521 705 2677 743 mane
2709 690 2983 759 sequentis
3019 688 3166 743 feriae
3194 688 3527 758 protraheret
3578 702 3647 739 ex
3680 684 3783 738 cli-

2187 778 2351 844 bano,
2386 776 2541 846 panis
2570 777 2788 847 quidam
2817 776 2873 830 in
2902 776 3212 847 pavimento
3234 776 3439 830 fortiter
3457 773 3643 827 allisus
3676 771 3785 826 fra-

2184 872 2395 919 cturam
2414 864 2557 930 fecit,
2592 865 2736 919 unde
2767 880 2891 919 mox
2935 864 3219 935 sanguinis
3249 863 3417 928 rivus,
3449 861 3536 932 qui
3578 875 3780 931 panem

2183 952 2608 1023 circumquaque
2626 951 2888 1018 inliceret,
2913 951 3138 1006 efﬂuxit.
3178 949 3300 1018 Quo
3320 950 3487 1021 pistor
3518 948 3639 1004 viso
3674 947 3780 1001 tale

2180 1049 2487 1110 portentum
2518 1041 2870 1095 vehementer
2900 1040 3128 1110 expavit.
3156 1040 3362 1094 Panem
3390 1037 3623 1108 denique
3644 1052 3778 1091 cru-

2185 1136 2366 1183 entum
2388 1128 2659 1183 frustatim
2689 1128 3025 1194 comminuit,
3073 1135 3125 1182 et
3154 1143 3255 1197 per
3296 1124 3536 1196 singulas
3566 1124 3777 1178 fractu—

2184 1232 2276 1270 ras
2306 1232 2555 1271 cruorem
2585 1216 2846 1287 liquidum
2877 1216 3079 1271 stillare
3116 1215 3267 1270 vidit.
3312 1213 3490 1285 Fregit
3520 1220 3571 1267 et
3606 1227 3777 1282 panes

2186 1303 2321 1358 alios
2339 1313 2499 1375 atque
2532 1304 2688 1369 alios,
2714 1313 2769 1359 et
2794 1306 2849 1359 in
2880 1304 3132 1358 omnibus
3170 1302 3481 1358 fracturosis
3527 1314 3780 1356 cruorem

2186 1391 2495 1461 implentem
2569 1392 2691 1447 illos
2756 1392 2993 1462 aspexit.
3059 1390 3391 1446 Conterritus
3432 1389 3616 1459 itaque
3674 1396 3779 1440 tam

2184 1488 2532 1535 monstruoso
2558 1489 2750 1535 eventu
2780 1495 2951 1551 panes
2980 1495 3079 1550 per
3129 1494 3292 1533 unam
3324 1478 3437 1536 fere
3476 1476 3777 1531 hebdoma-

2184 1567 2332 1633 dam,
2365 1584 2434 1622 ne
2464 1569 2529 1621 ab
2560 1568 2679 1622 aliis
2711 1568 3045 1633 viderentur,
3078 1566 3387 1623 occultavit.
3424 1565 3532 1619 Sed
3566 1564 3776 1618 interim

2187 1656 2512 1711 mercenarii
2534 1673 2629 1711 seu
2659 1655 2821 1711 vicini
2842 1658 2957 1724 ejus
2975 1655 3027 1709 id
3059 1655 3200 1726 quod
3221 1654 3497 1709 acciderat
3525 1653 3595 1706 ad
3626 1666 3781 1705 aures

2189 1744 2438 1814 publicas
2467 1744 2793 1798 detulerunt.
2819 1743 2959 1812 Quid
2982 1743 3138 1813 plura
3154 1743 3180 1795 ?
3202 1743 3311 1797 Res
3323 1741 3540 1795 demum
3561 1740 3779 1810 oppida-

2187 1832 2273 1887 nis
2300 1832 2508 1887 cunctis
2537 1833 2768 1887 innotuit
2804 1849 2817 1886 :
2840 1847 2978 1885 unus
3009 1831 3172 1886 etiam
3200 1847 3267 1885 ex
3295 1830 3379 1883 his
3401 1829 3637 1898 panibus
3666 1826 3778 1897 epi—

2187 1934 2355 1991 scopo
2385 1936 2417 1974 a
2448 1919 2792 1975 convicaneis
2823 1919 3125 1983 exhibetur,
3162 1918 3566 1990 frangebatura
3598 1915 3773 1976 nobis,

2186 2016 2240 2063 et
2268 2024 2395 2063 mox
2425 2008 2756 2079 sequebatur
2804 2006 2969 2063 eruor
3016 2007 3328 2072 fracturam,
3362 2021 3427 2061 ac
3480 2004 3524 2058 si
3545 2003 3778 2058 hominis

2190 2097 2307 2152 sive
2328 2097 2436 2152 vivi
2465 2097 2850 2167 cujuscumque
2869 2095 3119 2150 animalis
3140 2093 3634 2150 caroincideretur.
3669 2092 3782 2145 Hu-

2183 2186 2271 2254 jus
2303 2200 2518 2257 quoque
2551 2184 2709 2254 panis
2765 2184 2996 2239 frustum
3032 2199 3141 2239 non
3186 2182 3456 2237 modicum
3498 2180 3781 2234 nobiscum

2190 2273 2316 2328 inde
2344 2274 2400 2327 in
2424 2273 2543 2326 sinu
2564 2272 2875 2327 detulimus.
2899 2273 3030 2327 Erat
3072 2280 3250 2326 autem
3278 2271 3432 2341 panis
3482 2268 3781 2323 fermenta-

2190 2370 2293 2415 tus.
2327 2361 2476 2416 Cocti
2499 2361 2703 2430 pariter
2750 2360 2965 2416 fuerant
2997 2360 3054 2413 in
3084 2360 3297 2415 clibano
3353 2357 3580 2428 praefato
3611 2372 3779 2427 panes

2185 2450 2359 2520 azymi
2390 2457 2443 2504 et
2474 2448 2801 2514 fermentati,
2836 2449 2933 2501 sed
2965 2449 3143 2519 azymi
3178 2449 3232 2501 in
3264 2463 3359 2501 sua
3388 2446 3646 2516 qualitate
3662 2443 3780 2514 puri

2189 2538 2634 2603 ostendebantur,
2657 2537 2732 2591 nil
2753 2537 3125 2609 prodigiosum
3158 2535 3408 2590 habentis
3432 2554 3447 2599 ;
3477 2531 3783 2587 fermentati

2188 2641 2319 2681 vero
2345 2641 2534 2681 omnes
2556 2624 2858 2679 fundebant
2889 2624 3231 2693 sanguinem,
3267 2623 3312 2677 si
3336 2622 3657 2677 fractionem
3686 2634 3780 2674 ac-

2187 2714 2428 2783 ciperent
2472 2713 2559 2768 vel
2602 2712 2919 2768 sectionem.
2957 2711 3095 2767 Hinc
3154 2710 3459 2766 sentiebant
3514 2707 3779 2771 nonnulli,

2187 2802 2431 2871 punitam
2452 2801 2619 2855 fuisse
2676 2800 2768 2854 tali
2797 2815 2928 2856 casu
2984 2799 3225 2853 hominis
3280 2798 3459 2869 cupidi
3501 2796 3781 2851 temerita-

2186 2897 2317 2957 tem,
2352 2905 2462 2960 qua
2488 2889 2576 2944 die
2592 2888 2879 2944 Dominica
2908 2895 3295 2958 praeparasset,
3345 2886 3489 2958 quod
3532 2884 3779 2955 sequenti

2187 2976 2322 3032 feria
2344 2977 2607 3032 maturius
2656 2976 2999 3042 distraheret,
3052 2976 3181 3031 dum
3211 2975 3367 3046 panis
3411 2989 3633 3044 azymns
3661 2978 3782 3042 post

2191 3066 2518 3122 sacrmlucis
2569 3064 2952 3136 crepusculum
3010 3079 3336 3134 conspersus
3365 3071 3415 3117 et
3472 3070 3664 3117 coctus
3710 3057 3781 3111 nil

2189 3155 2403 3210 admisit
2430 3154 2781 3220 horrendum,
2815 3161 2868 3208 et
2889 3160 3014 3207 ante
3060 3167 3341 3222 vesperam
3374 3158 3559 3206 contra
3617 3147 3775 3201 insti-

2189 3251 2362 3298 tutum
2392 3243 2446 3296 in
2476 3257 2715 3297 massam
2745 3242 3003 3297 subactus
3035 3248 3087 3295 et
3104 3240 3476 3304 fermentatus,
3501 3253 3612 3292 non
3632 3251 3782 3306 qua:-

2191 3332 2296 3386 stui
2325 3330 2540 3401 profuit,
2566 3330 2662 3385 sed
2694 3337 2971 3384 auctorem
2993 3345 3149 3383 suum
3172 3328 3298 3383 fecit
3314 3326 3568 3382 ostentui.
3594 3323 3779 3377 Plures

2190 3419 2458 3490 siquidem
2489 3435 2555 3473 ex
2584 3418 2668 3472 his
2697 3417 2929 3487 panibus
2958 3434 3057 3487 per
3085 3416 3417 3471 monasteria
3437 3423 3488 3468 et
3505 3410 3783 3467 Ecclesias

2189 3507 2609 3578 circumquaque
2637 3505 2790 3559 missi
2818 3513 2942 3559 sunt
2969 3504 3037 3558 ad
3066 3511 3471 3558 manumeutum
3518 3498 3779 3570 posteris,

2191 3604 2245 3650 et
2272 3594 2717 3666 praesumptuosis
2750 3593 3150 3648 solemnitatum
3188 3607 3470 3647 sacrarum
3498 3587 3783 3643 violatori-

2190 3684 2308 3751 bus,
2342 3692 2395 3738 et
2423 3684 2493 3737 ad
2514 3681 2869 3739 correctionis
2900 3681 3285 3736 documentum
3332 3679 3626 3750 diligenter
3646 3691 3781 3730 eon-

2191 3772 2468 3827 servandi.

2261 3863 2330 3915 At
2352 3874 2485 3915 vero
2514 3857 2703 3913 Matris
2734 3856 3129 3912 misericordiae
3156 3872 3258 3926 ope
3287 3863 3409 3926 post
3429 3853 3778 3910 celebratam.

2190 3956 2247 4003 ut
2279 3947 2487 4018 praefati
2511 3962 2713 4010 sumus,
2747 3946 2800 3999 in
2830 3946 3038 4000 honore
3069 3945 3237 4015 ipsius
3277 3944 3497 3997 missam
3544 3941 3783 3996 famulus

2192 4036 2435 4105 ejusdem
2465 4043 2519 4090 et
2547 4033 2784 4090 vicarius
2831 4033 3214 4089 devotissimus
3252 4034 3410 4103 Hugo
3440 4029 3782 4101 aegritudinis

2192 4141 2306 4179 suae
2334 4124 2581 4179 levamen
2612 4138 2721 4179 non
2744 4120 3016 4175 modicum
3048 4120 3307 4191 percepit.
3358 4121 3560 4173 Exacta
3616 4116 3782 4186 igitur

2191 4213 2280 4268 die
2308 4211 2660 4267 solemnitatis
2690 4224 2812 4265 cum
2841 4208 3024 4264 laetitia
3053 4217 3105 4263 et
3133 4208 3507 4271 exsultatione,
3542 4206 3597 4259 in
3654 4220 3780 4259 cra-

2192 4300 2333 4355 stino
2360 4300 2823 4357 Widsandensem
2849 4306 3063 4367 portum
3105 4314 3227 4353 cum
3286 4296 3397 4350 suis
3451 4293 3637 4348 adivit.
3680 4293 3781 4346 Se—

496 4395 798 4459 promotus,
830 4403 931 4442 nos
966 4387 1022 4441 in
1069 4387 1243 4441 exsilii
1300 4387 1470 4442 nostri
1517 4387 1805 4458 praesentis
1853 4404 2082 4443 excursu
2112 4384 2164 4442 D
2185 4388 2402 4460 quentis
2432 4404 2560 4445 vero
2589 4389 2695 4443 diei
2725 4403 2927 4443 aurora
2962 4388 3138 4457 ipsum
3179 4385 3361 4440 navim
3409 4380 3777 4438 conscendere

493 4476 563 4530 ad
593 4492 687 4532 eos
717 4491 1007 4546 parumper
1026 4476 1303 4545 digressos
1324 4477 1558 4530 humane
1590 4476 1719 4529 satis
1743 4491 2087 4547 recognove-

496 4571 638 4618 runt.
664 4565 725 4617 In
744 4563 984 4618 crastino
1012 4572 1189 4618 autem
1247 4563 1598 4633 penultimam
1628 4564 1827 4617 ibidem
1886 4564 2087 4618 Christi

494 4651 735 4721 pontifex
764 4650 1059 4707 celebravit
1086 4646 1306 4705 missam
1334 4669 1345 4704 :
1371 4666 1477 4722 qua
1507 4652 1855 4705 devotissime
1874 4652 2087 4722 expleta

491 4740 711 4809 jejunus
734 4755 769 4794 a
796 4738 917 4795 cibo
934 4739 1200 4810 corporali
1231 4738 1524 4809 hospitium
1565 4739 1780 4810 repetiit
1812 4756 1966 4795 suum
1997 4740 2086 4794 in-

567 4915 703 4979 (334)
778 4917 1103 4969 Audomarum
1164 4917 1301 4968 allias
1359 4923 1408 4969 et
1467 4917 1881 4981 Audomaropolis,
1948 4919 2087 4981 vulgo

494 4984 821 5043 Saint-Omer,
840 4984 957 5035 urbs
976 4984 1175 5034 Artesiae
1197 4989 1288 5041 est,
1311 4984 1449 5045 cujus
1467 4986 1719 5048 episcopus
1734 4986 2086 5047 archiepisc0pi

498 5051 869 5103 Cameracensis
889 5054 965 5101 est
989 5050 1338 5112 suﬂ‘raganeus.

566 5136 706 5201 (335)
729 5136 783 5185 In
805 5135 1045 5186 Chronico
1071 5137 1122 5185 S.
1146 5135 1328 5185 Bertini
1375 5136 1404 5185 ti
1444 5137 1661 5186 Martene
1686 5136 1814 5186 edito
1839 5135 1934 5185 col.
1966 5136 2086 5195 688,

499 5202 565 5253 ita
608 5202 823 5265 legitur:
872 5201 1093 5252 «Statim
1135 5204 1318 5263 autem,
1363 5205 1417 5251 ut
1455 5203 1547 5253 hos
1579 5206 1775 5253 sanctos
1821 5202 2029 5263 exsules,
2058 5216 2083 5249 ι

497 5268 770 5319 Cantuarize
795 5269 1078 5330 monachos,
1109 5289 1131 5311 ε
1161 5269 1292 5319 dom.
1319 5269 1532 5319 Joannes
1566 5268 1718 5319 abbas
1741 5269 1866 5332 apud
1894 5268 2087 5319 Wisan-

497 5342 602 5387 tum
625 5336 915 5400 applicuisse
935 5335 1201 5399 cognovit»
1216 5374 1230 5399 ,
1257 5340 1353 5386 etc.

2190 4478 2321 4532 vidit
2352 4477 2630 4548 genitricis
2694 4477 2874 4531 Maria:
2913 4484 3102 4541 mater,
3160 4473 3475 4528 beatissima
3535 4469 3783 4525 videlicet

2184 4568 2359 4620 Anna.
2389 4564 2523 4633 Quze
2543 4564 2719 4635 primo
2751 4564 3029 4620 remissius
3061 4561 3380 4633 spiraverat,
3429 4558 3665 4614 carbasa
3701 4571 3780 4609 re-

2185 4661 2347 4723 pente
2375 4653 2636 4724 implevit.
2672 4654 2856 4708 Solent
2875 4652 3093 4724 quidem
3115 4650 3356 4705 universi
3377 4654 3779 4702 transvectores

2186 4741 2428 4807 Mariam,
2463 4742 2600 4796 sicut
2644 4741 2807 4795 maris
2855 4740 3069 4796 stellam
3127 4738 3423 4801 attendere,
3458 4744 3515 4789 ut
3562 4748 3781 4788 cursum

2258 4918 2401 4981 (356)
2430 4918 2838 4981 Claromariscus,
2864 4918 3030 4976 latine,
3059 4916 3244 4966 ordinis
3282 4912 3619 4966 Cisterciensis
3644 4925 3784 4975 egre-

2189 4986 2320 5045 gium
2348 4986 2618 5035 coenobium
2645 4986 2775 5036 circa
2800 4997 2977 5034 annum
3008 4983 3135 5033 1140
3161 4984 3429 5033 fundatum.

2257 5070 2392 5131 (3'57)
2420 5070 2509 5129 Qui
2533 5073 2647 5119 tunc
2666 5074 2777 5119 erat
2819 5068 3066 5120 Gerardus
3089 5069 3149 5118 de
3172 5067 3455 5129 Campania,
3482 5067 3532 5116 in
3551 5066 3782 5119 abbatem

2188 5136 2371 5186 electus
2396 5146 2521 5184 anno
2550 5137 2698 5185 1198.

2257 5218 2397 5283 (338)
2424 5220 2648 5270 Nicolaus
2671 5220 2899 5271 videlicet
2922 5222 3005 5269 aut
3030 5218 3343 5279 Lambertus,
3375 5230 3436 5268 ex
3479 5217 3652 5279 quibus
3673 5218 3786 5277 pri-

2189 5299 2296 5337 mus
2315 5290 2523 5350 prazerat
2549 5299 2695 5348 anno,
2722 5299 2816 5349 quo
2840 5286 2887 5335 in
2915 5286 3135 5337 exsilium
3174 5284 3309 5335 missi
3334 5287 3448 5335 sunt
3471 5283 3791 5335 Cantuarien—

2189 5365 2287 5416 ses,
2311 5354 2435 5405 alter
2459 5365 2576 5405 vero
2599 5354 2805 5405 durante
2822 5352 3011 5405 exsilio.
