3960 6062
246 271 379 321 1093

1618 257 1795 311 VITA.
1832 283 1899 294 —
1928 253 2057 308 LIB.
2103 252 2163 307 V.

3407 254 3544 306 1094

242 391 515 461 dirigant,
570 388 640 441 ita
687 386 866 439 Maria
914 393 1140 439 matrem
1199 382 1451 453 precibus
1494 382 1765 435 advocare
1797 379 1923 436 etA
1953 376 2208 431 adventui
2238 375 2356 443 ejus
2385 374 2822 445 congratulando
2850 375 3265 444 applaudentes,
3300 375 3397 430 sed
3439 391 3557 431 mo-

247 477 564 531 muneribus
623 473 930 545 corrogatis
985 472 1223 535 ambire,
1272 478 1329 524 ut
1375 484 1596 524 currere
1628 474 1846 538 queant,

248 582 374 621 cum
442 562 839 617 subsidentium
906 568 1193 614 ventorum
1271 557 1569 628 spiramina
1641 554 1851 609 itineris

251 660 613 709 commeatum
644 657 866 721 negant.
902 648 1039 703 Huic
1097 662 1230 702 vero
1285 661 1502 715 semper
1549 646 1698 713 (339)
1730 650 1853 712 post

252 742 449 812 ipsium
481 746 662 793 natam
691 736 1013 791 familiarius
1030 736 1187 805 Hugo
1218 741 1270 788 et
1291 734 1540 789 devotius
1571 730 1854 801 depende-

256 830 347 883 bat
376 825 740 883 venerationis
770 823 1147 894 obsequelam.
1206 821 1341 890 Qua
1378 820 1483 875 sibi
1528 818 1766 875 vicissim
1802 819 1857 871 in

253 917 466 972 cunctis
496 913 910 969 necessitatibus
932 920 985 966 et
1008 910 1265 981 periculis
1301 908 1539 965 celerem
1582 906 1856 977 repende-

259 1004 352 1057 bat
401 1001 825 1073 cpitulationem.
875 1000 1026 1054 Tunc
1073 1013 1289 1069 quoque
1319 1012 1441 1051 eam
1471 994 1742 1051 invocanti
1772 993 1858 1048 fe-

259 1090 403 1145 stina
434 1088 641 1154 adfuit,
693 1095 851 1158 atque
894 1102 1055 1141 cursu
1087 1084 1454 1156 placidissimo
1484 1082 1650 1137 littori
1680 1089 1859 1151 optato

260 1177 515 1234 celeriter
543 1175 826 1245 appulsum
850 1174 990 1228 adeo
1010 1172 1334 1227 exhilaravit
1354 1179 1410 1225 ut
1430 1169 1712 1225 confestim
1734 1176 1858 1239 post

263 1280 484 1335 pressas
503 1262 750 1334 vestigiis
769 1277 967 1317 arenas
998 1260 1285 1316 ecclesiam
1309 1267 1536 1329 peteret,
1570 1257 1861 1311 missarum

264 1352 529 1407 solemnia
583 1350 653 1405 de
711 1364 863 1403 sacro
908 1349 1081 1418 ipsius
1130 1347 1420 1417 puerperio
1457 1346 1853 1401 celebraturas.

267 1440 387 1507 Quo
435 1446 583 1494 certe
634 1453 699 1492 ex
744 1436 888 1491 facto
921 1436 1054 1489 satis
1085 1435 1253 1505 patuit
1283 1442 1483 1505 quanta
1512 1433 1671 1487 fuerit
1701 1433 1754 1485 in
1798 1446 1864 1485 eo

266 1542 404 1599 erga
433 1525 717 1581 Dominica
742 1531 1080 1578 sacramenta
1101 1522 1336 1587 devotio,
1362 1537 1524 1592 quem
1544 1535 1719 1590 neque
1749 1534 1864 1572 ma-

265 1615 384 1670 rina
438 1614 696 1681 jactatio,
758 1626 861 1667 nec
890 1627 1009 1667 cum
1040 1609 1291 1665 morbida
1320 1608 1629 1666 valetudine
1671 1606 1866 1661 inedia

271 1718 369 1772 per
387 1700 587 1755 multos
601 1700 712 1768 jam
732 1698 851 1753 dies
871 1706 1139 1769 protracta
1166 1697 1481 1761 maceratio,
1508 1711 1540 1750 a
1560 1695 1865 1749 divinorum

266 1788 633 1845 celebratione
661 1787 833 1857 potuit
862 1786 1140 1852 cohibere,
1166 1785 1313 1856 quia,
1337 1784 1477 1840 sicut
1506 1783 1715 1855 pridem
1746 1797 1868 1837 mo-

269 1878 497 1942 nachus,
531 1876 741 1946 quoties
771 1875 839 1929 de
868 1874 1134 1945 permissu
1164 1872 1373 1927 ordinis
1401 1872 1551 1928 licuit
1572 1872 1743 1941 (340),
1794 1870 1869 1925 ita

268 1967 378 2034 jam
412 1964 702 2035 episcopus
728 2006 741 2027 ,
774 1962 985 2032 quoties
1034 1961 1170 2016 ratio
1200 1960 1547 2032 possibilitati
1577 1958 1868 2027 concurrit,

272 2054 470 2108 missas
498 2051 777 2107 celebrare
806 2050 955 2104 nullo
984 2058 1229 2120 tempore
1256 2048 1621 2119 pratermisit.
1654 2048 1736 2101 Ex
1766 2062 1872 2117 qua

273 2141 543 2211 pracipue
572 2138 811 2193 muneris
840 2138 982 2193 sacri
1032 2138 1389 2193 devotissima
1434 2136 1874 2207 frequentissima

273 2228 621 2299 perceptione
653 2236 705 2281 et
725 2226 1060 2298 singularem
1082 2225 1262 2281 cordis
1294 2226 1613 2279 munditiam
1642 2232 1695 2278 et
1724 2224 1872 2279 insu-

274 2316 576 2387 perabilem
606 2314 922 2369 constantia
952 2322 1379 2383 caterarumque
1410 2312 1664 2367 virtutum
1697 2311 1873 2365 firmi-

275 2411 442 2458 tatem
473 2403 719 2457 obtinere
751 2402 1067 2471 promeruit;
1101 2401 1198 2455 sed
1227 2408 1280 2454 et
1308 2399 1657 2453 invisibilium
1689 2414 1876 2453 rerum

278 2500 330 2547 et
362 2490 715 2561 spiritualium
745 2498 1074 2544 secretorum
1108 2488 1362 2558 mysteria
1393 2488 1443 2542 ei
1489 2486 1745 2541 divinitus
1771 2500 1875 2556 pa-

275 2580 445 2634 tuisse
474 2579 614 2633 inter
642 2579 761 2648 ipsa
789 2577 1091 2632 reverenda
1138 2576 1366 2631 canonis
1403 2582 1616 2631 secreta
1646 2574 1877 2628 familia-

280 2684 371 2722 res
401 2666 572 2736 ipsius
599 2682 707 2720 non
738 2665 906 2719 latuit.
968 2664 1275 2736 Aliquando
1327 2671 1509 2718 tamen
1538 2662 1878 2733 capellanum

286 2771 477 2821 suum,
525 2770 687 2826 quem
730 2754 906 2825 pridie
950 2752 1271 2823 sanguinem
1328 2752 1590 2807 minuisse
1648 2750 1876 2819 sciebat,

284 2844 507 2898 missam
564 2842 872 2897 celebrasse
900 2840 1194 2913 cognovit;
1256 2856 1419 2911 quem
1473 2848 1602 2895 tunc
1660 2838 1881 2910 quidem

286 2930 482 2985 blande
512 2930 791 3001 corripuit,
823 2930 922 2985 sed
950 2930 1053 2985 hoc
1082 2929 1279 2983 iterum
1311 2936 1661 2983 attentantem
1691 2926 1881 2981 durius

284 3020 617 3088 increpavit,
665 3017 904 3073 districte
931 3017 1229 3088 prohibens
1257 3032 1325 3071 ne
1352 3016 1577 3071 ulterius
1609 3015 1664 3069 id
1704 3014 1881 3069 facere

287 3114 671 3178 prasumeret,
724 3115 775 3161 et
820 3105 1054 3176 pericula
1104 3120 1170 3159 ex
1199 3104 1293 3158 tali
1323 3102 1745 3174 praesumptione
1775 3116 1885 3156 non

289 3194 459 3250 semel
489 3194 753 3250 accidisse
774 3237 786 3257 ,
838 3202 887 3248 et
919 3192 1021 3247 sibi
1050 3192 1352 3247 innotuisse
1378 3190 1740 3245 memorabat.

358 3284 551 3338 Verum
573 3325 588 3347 ,
620 3291 678 3335 ut
706 3290 884 3352 capta
913 3280 1176 3351 procedat
1204 3281 1394 3343 oratio,
1445 3280 1590 3335 diem
1621 3279 1886 3333 adventus

238 3442 243 3443 γ
292 3369 375 3425 sui
404 3370 459 3424 in
480 3368 730 3441 Angliam
760 3369 901 3439 apud
925 3369 1165 3423 Douram
1194 3369 1344 3437 (341)
1374 3367 1464 3421 ubi
1494 3365 1747 3437 applicuit
1779 3381 1887 3420 una

292 3473 416 3513 cum
448 3457 656 3513 clericis
686 3456 915 3527 aliisque
945 3456 1258 3511 domesticis
1289 3463 1341 3509 et
1371 3454 1559 3509 amicis
1589 3454 1700 3508 suis
1722 3456 1887 3525 (quo-

295 3561 414 3599 rum
460 3545 660 3599 ibidem
706 3544 863 3598 turba
892 3559 1000 3599 non
1027 3544 1240 3599 modica
1269 3550 1541 3613 speratam
1587 3550 1640 3596 et
1682 3557 1887 3612 praeo-

294 3634 499 3704 gnitam
528 3632 697 3702 ipsius
723 3632 1069 3703 prasentiam
1114 3632 1544 3702 exspectaverat)
1584 3630 1760 3684 latam
1788 3630 1888 3685 la-

295 3729 406 3775 tus‘
430 3722 546 3790 ipse
592 3736 717 3775 cum
746 3719 880 3775 latis
911 3719 1111 3791 exegit.
1169 3721 1228 3774 In
1284 3718 1524 3774 crastino
1555 3717 1889 3772 Doberniam

296 3809 464 3865 venit.
496 3808 575 3862 Ibi
603 3808 796 3862 Christi
828 3807 1105 3862 basilicam
1135 3823 1278 3875 mox,
1324 3806 1417 3861 ubi
1449 3805 1641 3860 urbem
1666 3805 1889 3878 ingres-

298 3912 411 3961 sus,
446 3896 610 3950 adivit
638 3896 691 3949 in
733 3911 835 3966 qua
865 3895 1038 3965 primo
1067 3896 1137 3949 ad
1168 3894 1462 3949 Salvatoris
1492 3909 1662 3958 aram,
1693 3893 1892 3949 deinde

299 3984 368 4039 ad
389 3983 632 4054 singulas
653 3991 962 4038 sanctorum
992 3983 1046 4037 in
1067 3998 1130 4037 ea
1150 3981 1543 4053 quiescentium
1572 3981 1887 4046 memorias,

298 4071 637 4142 maximeque
693 4071 762 4125 ad
818 4070 1047 4141 gloriosi
1102 4069 1359 4141 martyris
1389 4070 1610 4125 Thoma
1666 4084 1890 4125 mauso-

298 4161 457 4216 laum
488 4159 809 4225 diutissime,
834 4159 933 4214 sed
962 4166 1015 4214 et
1045 4159 1394 4214 devotissime
1432 4174 1615 4224 orans,
1650 4159 1891 4229 seipsum

297 4258 351 4304 et
380 4264 509 4303 suos
538 4247 723 4303 divino
752 4247 1005 4317 prasidio
1037 4256 1090 4301 et
1118 4246 1419 4317 patrocinio
1448 4247 1547 4301 Dei
1578 4255 1892 4302 sanctorum

300 4336 553 4392 attentius
585 4335 1011 4391 commendavit.
1050 4335 1205 4399 Hinc,
1252 4334 1436 4404 priore
1464 4333 1758 4404 multisque
1788 4333 1894 4387 fra-

302 4426 477 4479 tribus
506 4441 676 4495 usque
707 4424 775 4478 ad
805 4423 996 4477 atrium
1022 4422 1256 4477 exterius
1306 4421 1481 4491 ipsum
1513 4437 1637 4477 cum
1665 4436 1898 4477 venera-

300 4513 444 4567 tione
475 4511 887 4589 deducentibus,
918 4511 987 4566 ad
1015 4510 1305 4580 hospitium
1336 4525 1493 4564 suum
1525 4509 1758 4564 divertit.
1785 4508 1900 4563 Illic

299 4600 449 4672 regis
473 4600 747 4668 justitiarii
770 4640 785 4666 ,
828 4615 929 4655 nec
959 4615 1069 4653 non
1098 4607 1150 4653 et
1204 4599 1452 4669 plerique
1484 4599 1774 4669 optimates
1803 4613 1898 4651 re-

302 4688 397 4759 gni
428 4688 584 4758 (quos
611 4688 681 4741 ad
710 4687 890 4742 locum
919 4687 1067 4741 illum
1092 4728 1107 4751 ,
1142 4687 1327 4741 nescio
1359 4686 1478 4757 quis
1509 4702 1672 4742 casus
1694 4728 1707 4751 ,
1768 4693 1899 4741 tunc

301 4776 584 4846 asciverat)
630 4776 945 4846 episcopum
998 4774 1241 4830 certatim
1290 4774 1525 4829 invisere
1566 4774 1897 4845 gaudebant,

375 4950 516 5015 (339)
541 4951 807 5015 lgiturjam
833 4954 885 5004 S.
928 4953 1141 5015 Hugonis
1182 4955 1401 5014 tempore
1444 4955 1613 5002 sancta
1650 4953 1809 5009 Anna,
1848 4954 1902 5001 ut

307 5018 641 5079 navigantium
666 5024 892 5082 patrona,
918 5021 1240 5069 venerabatur
1282 5020 1332 5068 in
1358 5020 1551 5082 Anglia,
1591 5017 1726 5079 cujus
1751 5031 1902 5069 vene-

286 5084 435 5135 'ratio
459 5086 713 5147 plurimum
741 5087 895 5136 crevit
917 5087 976 5137 ad
1002 5087 1149 5136 ﬁnem
1174 5087 1335 5136 saculi
1362 5099 1464 5135 xxv.

378 5166 523 5233 (540)
557 5169 678 5218 Vide
702 5173 867 5219 notam
891 5170 976 5219 lib.
1008 5184 1073 5229 iv,
1103 5184 1212 5232 cap.
1235 5170 1314 5231 12,
1337 5172 1629 5232 appositam,
1658 5170 1733 5219 cui
1758 5169 1900 5231 addo,

310 5239 527 5297 tempore
550 5235 694 5285 etiam
721 5237 949 5297 Guigonis
974 5237 1036 5297 V,
1061 5236 1333 5286 Carthusia
1360 5237 1550 5297 prioris,
1575 5237 1621 5284 in
1648 5248 1734 5285 usu
1754 5236 1903 5285 fuisse

311 5301 573 5350 tricenaria
614 5306 831 5351 recenter
871 5302 1113 5352 defunctis
1136 5316 1387 5363 concessa,
1414 5314 1618 5363 quorum
1660 5303 1905 5362 quodlibet

310 5366 609 5427 requirebat,
637 5373 689 5417 ut
713 5380 799 5430 per
823 5368 1021 5429 triginta
1065 5369 1170 5419 dies
1216 5369 1306 5417 sibi
1343 5369 1549 5417 invicem
1595 5369 1905 5419 succedentes

311 5435 457 5483 missa
482 5445 570 5496 pro
587 5433 816 5483 defuncto
842 5434 1121 5485 redderetur
1145 5435 1193 5484 in
1218 5435 1408 5497 publico
1434 5434 1509 5484 vel
1535 5434 1585 5483 in
1609 5435 1814 5497 privato.

381 5516 523 5579 (3M)
558 5518 719 5568 Doura
743 5518 886 5568 hodie
910 5519 1151 5580 Douvres,
1177 5519 1291 5568 urbs
1319 5520 1369 5568 et
1396 5522 1560 5580 portus
1587 5518 1773 5581 Anglia
1799 5530 1905 5569 me-

313 5582 585 5643 ridionalis,
615 5597 640 5633 e
669 5584 865 5646 regione
892 5585 1066 5646 Caleti,
1094 5586 1298 5637 celebris
1317 5585 1485 5636 Gallia
1511 5589 1702 5648 portus.

1906 3071 1953 3131 Ο

1950 464 2121 518 lestia
2154 462 2445 533 corporali,
2488 479 2592 533 qua
2622 461 2772 515 illum
2805 461 3058 516 affectum
3090 462 3426 528 didicerant,
3467 464 3555 516 ni-

1952 548 2060 601 mio
2109 561 2345 601 marore
2400 545 2811 615 compatientes.
2865 544 3016 612 Quos
3071 545 3160 598 ille
3208 545 3557 617 magnanima

1953 634 2133 690 cordis
2164 633 2381 704 orisque
2411 633 2719 688 constantia
2765 648 3104 704 magnopere
3134 632 3406 687 consolari
3436 641 3556 687 stu-

1954 722 2103 781 duit:
2138 721 2399 791 vultuque
2429 736 2625 775 sereno
2656 720 2873 792 ﬂagella
2902 720 3184 775 Dominica
3222 720 3394 775 servis
3442 720 3558 775 Do-

1954 810 2086 865 mini
2116 809 2295 864 dulcia
2322 825 2445 863 esse
2474 808 2675 863 debere
2694 852 2710 875 ,
2763 816 2813 863 et
2862 808 3042 864 verbis
3072 808 3270 878 docuit,
3302 816 3355 863 et
3385 807 3557 879 suiip-

1957 900 2069 955 sius
2100 897 2351 967 exemplo
2382 896 2699 952 declaravit.

2028 987 2097 1040 Et
2128 1002 2259 1040 sane
2290 985 2573 1041 oculorum
2604 984 2876 1040 habetudo
2923 985 3127 1039 sensim
3157 986 3453 1056 irrepserat
3510 984 3564 1040 ei

1958 1091 2079 1146 qua
2132 1074 2373 1144 pulveris
2431 1082 2483 1127 et
2538 1073 2803 1128 caumatis
2832 1073 3141 1128 continuato
3170 1080 3413 1144 ingestu,
3443 1089 3563 1127 me-

1958 1170 2185 1217 morata
2216 1160 2566 1231 profectionis
2614 1168 2886 1231 tempore,
2920 1161 3202 1215 oculorum
3233 1161 3405 1216 aciem
3434 1160 3561 1231 plu-

1962 1249 2155 1303 rimum
2178 1249 2644 1304 reverberaverat.
2670 1247 2774 1316 Qui
2802 1248 2997 1303 crebro
3028 1248 3449 1320 suggerentibus
3471 1264 3568 1304 no-

1962 1337 2045 1390 bis
2068 1379 2082 1401 ,
2135 1344 2404 1407 quatenus
2452 1335 2681 1403 alicujus
2711 1350 2872 1405 opem
2902 1335 3131 1390 medela
3161 1336 3364 1390 sineret
3410 1336 3566 1391 adhi-

1962 1424 2112 1492 beri,
2173 1440 2277 1477 una
2335 1438 2551 1493 semper
2605 1430 2659 1476 et
2714 1423 2908 1477 eadem
2963 1438 3097 1478 voce
3144 1423 3560 1493 respondebat:

1969 1534 1990 1561 ε
2027 1512 2188 1578 Satis,
2224 1511 2473 1581 inquiens
2497 1551 2510 1577 ,
2562 1509 2707 1565 oculi
2734 1510 2891 1565 nobis
2920 1510 3009 1564 isti
3038 1510 3310 1566 sufficient
3332 1555 3348 1578 ,
3384 1527 3564 1583 quan-

1964 1599 2057 1653 diu
2086 1598 2246 1653 fuerit
2274 1598 2518 1668 ipsorum
2548 1614 2677 1651 usus
2694 1598 2852 1652 nobis
2880 1598 3243 1653 necessarius.
3276 1599 3373 1652 His
3404 1599 3567 1670 igitur

1888 1723 1939 1783 B
1968 1686 2323 1742 exterioribus
2352 1701 2649 1757 parumper
2678 1686 2885 1740 obtusis
2906 1726 2920 1753 ,
2982 1702 3085 1742 nec
3127 1694 3310 1741 tamen
3337 1686 3567 1757 pristino

1969 1775 2171 1829 decore
2199 1773 2436 1828 exterius
2466 1773 2692 1843 privatis
2712 1814 2727 1842 ,
2776 1773 3040 1827 luminum
3069 1774 3385 1829 interiorum
3438 1775 3566 1829 lim-

1967 1862 2145 1933 pidior
2190 1861 2258 1918 de
2304 1861 2392 1916 die
2441 1861 2495 1915 in
2542 1861 2687 1917 diem
2734 1862 2953 1917 claritas
3003 1861 3353 1917 reddebatur.
3406 1864 3565 1933 Apud

1970 1949 2315 2005 Cantuariam
2371 1965 2533 2018 vero,
2583 1950 2675 2003 ubi
2724 1949 2899 2004 solent
2956 1949 3321 2020 quorumdam
3369 1950 3570 2022 sapius

1972 2038 2143 2094 levari
2166 2037 2540 2110 agritudiues,
2576 2037 2745 2108 ipsius
2774 2038 2912 2092 adeo
2941 2038 3224 2108 ingravata
3273 2047 3354 2093 est
3402 2040 3569 2111 agri-

1971 2128 2137 2193 tudo,
2188 2134 2247 2181 ut
2288 2125 2417 2180 inde
2446 2125 2754 2180 Londonias
2779 2167 2792 2190 ,
2850 2141 2959 2180 non
3015 2134 3214 2196 prater
3241 2126 3567 2194 molestiam,

1971 2215 2168 2286 partim
2199 2214 2495 2285 equitando
2519 2257 2534 2279 ,
2588 2213 2780 2283 partim
2810 2213 2990 2269 navali
3029 2213 3280 2269 vehiculo
3309 2215 3571 2285 deporta-

1974 2311 2142 2359 retur.
2174 2302 2321 2358 Nihil
2351 2309 2533 2356 tamen
2560 2302 2677 2356 hac
2708 2302 2823 2356 suis
2851 2302 2990 2357 votis
3018 2302 3427 2368 adversabatur,
3472 2320 3573 2359 nec

1973 2391 2245 2462 precibus,
2280 2405 2417 2461 quas
2446 2390 2500 2443 in
2533 2389 2733 2461 templo
2762 2390 2959 2445 devote
2983 2389 3273 2459 libaverat,
3308 2391 3572 2462 quidquid

1976 2479 2026 2533 ei
2055 2478 2270 2544 accidit,
2303 2479 2359 2533 in
2384 2478 2565 2549 aliquo
2596 2477 2868 2533 obviabat.

2547 2669 2772 2727 CAPUT
2800 2670 3003 2725 XXIII.

1982 2822 2237 2889 Qualiter
2251 2820 2639 2896 Londouiisin
2659 2838 2763 2877 sua
2783 2822 3150 2896 aegrotatione
3181 2840 3275 2877 ma
3285 2824 3341 2878 la
3360 2823 3576 2896 Anglia:

2052 2892 2595 2967 venturapraediait
2617 2936 2633 2957 ,
2667 2909 2890 2948 sacram
2947 2895 3278 2967 unctionem
3305 2892 3573 2967 suscepit,

2052 2962 2423 3017 suadentibus
2451 2964 2505 3017 ei
2527 2967 2937 3018 testamentum
2959 2978 3076 3018 esse
3106 2963 3437 3032 faciendum
3467 2962 3584 3023 res-

2047 3032 2285 3104 pandit,
2345 3036 2401 3104 et
2435 3034 2681 3104 Azelum,
2731 3049 2900 3104 quem
2917 3049 3159 3104 semper
3201 3033 3273 3088 ad
3322 3035 3579 3095 divinum

2056 3102 2326 3176 efﬁcium_
2349 3102 2650 3169 habuerat,
2702 3102 3087 3176 nonaimisit
3128 3108 3186 3158 et
3229 3105 3477 3176 qualiter
3505 3110 3578 3164 ad

2058 3188 2245 3241 regem
2291 3173 2566 3245 Joannem
2612 3177 2667 3228 et
2729 3173 3214 3245 archiepiscopum
3240 3173 3329 3245 ise
3386 3175 3581 3235 habuit

2058 3259 2232 3298 causa
2270 3242 2544 3297 uisitandi
2578 3242 2969 3299 accedentibus
2998 3242 3378 3301 ad'eumdem.

2060 3367 2349 3437 Postquam
2381 3381 2513 3421 vero
2541 3367 2821 3437 proprium
2845 3367 3223 3435 diversorium,
3249 3369 3394 3440 quod
3426 3386 3583 3425 secus

1989 3455 2297 3509 Londonias
2327 3455 2471 3524 apud
2501 3462 2655 3509 vetus
2691 3455 2949 3525 templum
2980 3456 3297 3526 possidebat
3325 3458 3475 3527 (342)
3504 3459 3585 3512 in-

1989 3558 2213 3614 gressus
2244 3550 2347 3607 est,
2380 3542 2693 3596 anhelantia
2720 3542 2962 3598 febribus
3008 3544 3254 3598 membra
3301 3545 3456 3617 quies
3504 3546 3582 3600 le-

1989 3630 2115 3685 ctuli
2146 3630 2390 3701 protinus
2412 3630 2644 3700 excepit.
2670 3629 2827 3700 Quod
2848 3631 3143 3687 amicorum
3175 3632 3344 3702 ipsius
3364 3632 3586 3704 plurimi

1988 3718 2290 3784 intuentes,
2345 3718 2602 3773 maestitia
2631 3718 3095 3785 conﬁciebantur,
3141 3728 3195 3774 et
3223 3720 3342 3791 ipso
3369 3736 3586 3792 quoque

1990 3806 2244 3861 audiente
2290 3806 2529 3862 divinam
2561 3807 2860 3863 exorabant
2891 3807 3231 3863 clementiam
3258 3850 3271 3873 ,
3323 3816 3588 3880 quatenus

1990 3895 2169 3965 ipsum
2200 3893 2531 3950 incolumem
2560 3895 2823 3951 Ecclesia
2853 3912 2963 3951 sua
2993 3895 3118 3950 filiis
3138 3939 3152 3962 ,
3185 3897 3253 3951 ad
3282 3897 3451 3967 ipsius
3474 3898 3586 3966 jam

1991 3983 2083 4038 diu
2135 3983 2366 4038 reditum
2416 3982 2577 4039 valde
2622 3984 2902 4054 suspensis
2949 3984 3153 4039 restitui
3196 3978 3429 4053 juberet.
3478 3986 3587 4041 Hos

1991 4071 2082 4126 ille
2114 4071 2297 4142 paucis
2326 4072 2528 4127 blande
2573 4072 2884 4128 consolatus
2911 4073 2986 4127 ait
3021 4088 3033 4127 :
3072 4095 3093 4122 α
3128 4072 3278 4128 Filiis
3308 4073 3506 4129 nostris
3534 4074 3590 4128 in

1993 4160 2203 4215 Christo
2233 4160 2589 4225 charissimis,
2625 4160 2740 4216 sive
2769 4177 3012 4231 prasens
3041 4176 3293 4231 corpore,
3326 4162 3439 4216 sive
3488 4162 3589 4215 ab-

1994 4264 2139 4313 sens,
2173 4247 2438 4317 spirituali
2468 4264 2743 4319 nunquam
2770 4248 3062 4318 prasentia
3090 4249 3285 4303 deesse
3314 4247 3526 4304 valebo.
3566 4274 3587 4298 ι.

1995 4335 2194 4389 Verum
2242 4335 2310 4389 de
2352 4335 2661 4390 valetudine
2690 4336 2803 4390 sive
2833 4336 3119 4406 prasentia
3147 4352 3270 4391 mea
3299 4338 3590 4408 corporali,

1919 4419 1971 4478 D
1998 4423 2107 4478 imo
2135 4430 2189 4477 et
2218 4423 2286 4478 de
2314 4423 2525 4493 meipso
2576 4431 2707 4492 toto,
2743 4424 2915 4478 Patris
2947 4424 3117 4479 solius
3140 4466 3154 4495 ,
3209 4426 3301 4496 qui
3355 4425 3411 4481 in
3444 4425 3596 4482 caelis

1998 4520 2099 4575 est,
2133 4511 2379 4567 voluntas
2410 4528 2626 4582 semper
2668 4511 2775 4568 fiat.

2068 4601 2364 4655 Transacta
2411 4616 2544 4655 vero
2574 4600 2627 4655 in
2661 4602 2852 4656 eodem
2884 4600 3000 4657 loco
3036 4610 3193 4658 nocte
3224 4617 3348 4671 una,
3382 4609 3598 4673 postera

1999 4688 2107 4753 die,
2141 4688 2244 4758 ipsi
2265 4688 2357 4759 qui
2378 4689 2495 4744 hac
2516 4689 2734 4760 scripsit
2757 4692 2903 4761 (343)
2927 4690 3026 4745 ista
3066 4691 3278 4746 locutus
3313 4697 3432 4745 est:
3461 4713 3481 4737 ε
3506 4690 3595 4757 Hi,

1999 4776 2089 4847 qui
2116 4792 2234 4842 nos,
2288 4776 2488 4848 inquit,
2523 4778 2897 4848 temporaliter
2926 4778 3178 4850 diligunt,
3211 4778 3320 4833 imo
3351 4784 3405 4832 et
3432 4776 3596 4848 spiri-

2067 4952 2211 5016 (342)
2236 4955 2290 5005 In
2305 4956 2401 5031 hoc
2425 4956 2591 5031 extera
2612 4958 2662 5008 S.
2692 4956 2925 5031 Hugonis,
2951 4960 3003 5006 ut
3028 4955 3245 5031 intra,‘c.
3272 4954 3337 5005 27
3358 4992 3373 5031 _,
3398 4955 3597 5031 dicitur,

1999 5022 2455 5098 a_corpore_oblata,
2496 5022 2550 5098 in_
2570 5035 2684 5074 vase
2708 5023 2932 5098 plumbeo
2976 5022 3224 5098 recondita
3258 5026 3400 5098 sunt.
3456 5022 3601 5098 Vetus

2001 5088 2115 5138 illud
2141 5091 2342 5138 vocatur
2366 5095 2590 5151 respectu
2616 5092 2726 5141 novi
2747 5089 2913 5152 templi
2939 5101 2954 5150 ;
2979 5089 3109 5137 unde
3148 5089 3273 5151 apud
3317 5088 3595 5141 Trivettum

2004 5155 2049 5203 in
2076 5155 2259 5204 Chron.
2290 5156 2349 5204 ad
2374 5168 2490 5223 ann.
2530 5158 2679 5220 1219,
2725 5155 2917 5217 quidam
2954 5154 3215 5205 Londonia
3246 5157 3379 5223 apud
3423 5168 3597 5207 novum

2003 5222 2229 5283 templum
2254 5221 2515 5285 sepelitur.

2072 5321 2213 5386 (353)
2239 5322 2436 5373 Auctori
2462 5322 2651 5373 scilicet
2674 5322 2816 5384 Vita,
2866 5321 2943 5383 qui
2992 5325 3101 5386 post
3142 5336 3296 5387 pauca
3336 5336 3389 5375 se
3428 5336 3601 5376 mona-

2006 5388 2148 5440 chum
2176 5393 2225 5439 et
2248 5390 2585 5453 presbyterum
2611 5389 2823 5451 llugonis
2848 5388 2997 5441 fuisse
3022 5390 3295 5452 proﬁtetur.
