3960 6062
406 231 541 283 1095

1326 226 1381 280 S.
1416 215 1728 281 HUGONIS
1769 224 1986 279 EPISC.
2020 223 2340 281 LINCOLN.
2376 226 2539 283 0RD.
2584 227 2832 283 CARTH.

3570 233 3593 281 1
3608 231 3727 281 096

401 348 616 404 tualiter
643 364 743 403 nos
774 348 1192 418 amplectuntur,
1244 349 1407 404 vitam
1439 365 1614 404 meam
1646 348 1999 418 temporalem
2019 348 2074 408 Α
2102 348 2325 422 indigne
2354 351 2664 417 commissa,
2697 367 2816 407 eum
2839 350 3255 407 circumstantiis
3285 359 3535 406 reatuum
3566 367 3723 406 suo-

400 437 546 508 (quas
583 436 714 490 mihi
762 452 951 491 revera
983 435 1201 490 fastidio
1242 437 1355 503 jam
1386 437 1597 506 pridem
1648 437 1812 507 cmpit
1852 438 1999 505 esse)

398 525 531 579 satis
562 532 827 595 cuperent
856 523 1191 595 prolongari.
1224 524 1328 579 Sed
1353 524 1511 578 nobis
1542 524 1805 579 sententia
1836 523 2000 596 longe

397 612 607 665 distans
638 620 739 676 est,
782 611 875 682 qui
906 612 1180 666 cernimus
1210 611 1495 666 manifeste
1520 654 1533 677 ,
1570 628 1731 681 quam
1764 612 1818 664 in
1848 611 2001 667 brevi

400 699 597 754 ﬂebilis
626 700 694 753 sit
714 698 927 753 futurus
950 706 1123 753 status
1149 699 1413 755 Ecclesiae
1439 699 1775 771 Anglicanze.
1810 699 2000 754 Melius

400 787 580 858 itaque
625 787 784 841 nobis
814 787 948 841 mori
1006 795 1088 841 est
1116 803 1277 858 quam
1307 787 1491 843 vivere
1519 796 1571 843 et
1598 788 1784 843 videre
1815 787 1987 841 immi-

396 875 582 930 nentia
612 875 792 947 gentis
821 875 979 943 hujus
1007 875 1152 929 mala
1200 883 1252 930 et
1284 884 1597 931 sanctorum
1649 876 1819 945 (344).
1860 876 1999 930 Nam

395 962 585 1033 procul
615 963 778 1017 dubio
832 963 887 1016 in
937 962 1175 1032 posteris
1206 963 1425 1019 Henrici
1475 963 1627 1035 regis
1658 964 1872 1034 impleri
1902 979 1997 1018 ne-

396 1066 553 1106 cesse
583 1058 699 1117 est,
737 1051 885 1122 quod
916 1050 1192 1121 Scriptura
1240 1051 1532 1121 praloeuta
1580 1060 1663 1106 est
1698 1066 1709 1106 :
1748 1075 1768 1099 «
1806 1052 1998 1121 Spuria

396 1137 713 1193 vitulamina
741 1153 851 1193 non
880 1137 1088 1193 dabunt
1120 1138 1337 1194 radices
1365 1139 1503 1194 altas
1526 1141 1684 1211 (Sap.
1733 1155 1808 1206 IV,
1834 1141 1908 1207 3),
1944 1146 1998 1193 et

394 1224 463 1279 ab
486 1224 673 1297 iniquo
693 1226 849 1281 thoro
870 1242 1059 1281 semen
1081 1227 1527 1281 exterminabitur
1547 1230 1643 1296 (Sa
1649 1246 1705 1299 p.
1730 1242 1811 1293 Ill,
1839 1228 1947 1296 16).
1970 1246 1990 1275 ι

394 1313 502 1369 Sed
533 1322 585 1367 et
634 1329 727 1368 rex
774 1314 1069 1368 modernus
1116 1316 1447 1370 Francorum
1495 1316 1646 1384 (345)
1692 1315 1995 1385 genitorem

392 1417 553 1456 suum
574 1401 902 1457 Ludovieum
924 1401 1221 1457 uleiscetur
1240 1402 1295 1455 in
1312 1401 1505 1457 sobole
1534 1402 1994 1472 praevaricatrieis

394 1488 545 1559 (346)
576 1505 697 1559 quae
725 1490 939 1543 thorum
971 1505 1092 1543 eum
1141 1505 1207 1543 eo
1236 1489 1641 1545 immaculatum
1672 1490 1990 1559 repudiavit,

391 1576 617 1647 ejusque
666 1576 863 1631 aemulo
923 1577 1039 1649 regi
1086 1576 1389 1647 Anglorum
1439 1577 1712 1648 impudica
1742 1578 1989 1632 adhaesit.

393 1662 765 1754 Quamobrem
796 1664 1037 1754 Gallicus
1085 1665 1185 1719 iste
1234 1664 1514 1736 Philippus
1544 1665 1749 1737 regiam
1778 1666 1989 1737 Anglo-
2018 1695 2070 1754 B

390 1767 509 1806 rum
556 1753 630 1806 ita
676 1752 879 1807 delebit
934 1753 1162 1823 stirpem
1219 1754 1675 1825 quemadmodum
1728 1755 1827 1809 bos
1858 1755 1991 1809 her-

391 1840 516 1895 bam
562 1840 702 1895 solet
749 1856 922 1911 usque
967 1840 1034 1894 ad
1066 1841 1279 1897 radices
1307 1856 1558 1912 carpere.
1592 1842 1732 1897 Nam
1760 1858 1789 1895 a
1819 1842 1992 1897 Gallis

388 1936 502 1983 tres
532 1928 702 1998 ipsius
733 1928 845 1983 nati
869 1929 984 1997 jam
1012 1929 1198 1983 abrasi
1229 1937 1373 1996 sunt,
1406 1946 1569 2001 reges
1602 1930 1853 1985 videlicet
1882 1930 1991 1985 duo

387 2016 557 2086 (347),
591 2024 643 2070 et
670 2032 809 2071 unus
838 2016 1067 2083 consul;
1120 2026 1344 2089 quartus
1364 2058 1377 2085 ,
1430 2018 1520 2089 qui
1553 2024 1823 2088 superest,
1858 2033 1989 2073 eur-

385 2110 490 2157 tam
522 2104 743 2158 habebit
797 2119 991 2174 pacem
1050 2106 1118 2159 ab
1178 2105 1259 2160 eis
1289 2106 1458 2175 (348).
1523 2106 1641 2161 Seis
1668 2122 1818 2172 vero,
1862 2106 1991 2178 quia

384 2200 509 2261 post
538 2192 760 2246 biduum
784 2192 973 2247 Natale
1005 2193 1222 2248 Domini
1250 2193 1353 2248 mei
1386 2194 1739 2266 evangelista:
1767 2203 1820 2249 et
1848 2210 1987 2264 apo-

382 2278 507 2334 stoli
556 2279 794 2334 Matthaei
823 2278 935 2335 ﬁet.
969 2279 1099 2334 Dies
1128 2280 1219 2335 illa
1246 2282 1353 2335 mei
1386 2296 1602 2351 quoque
1646 2282 1988 2353 episcOpatus

382 2367 654 2422 natalitius
682 2376 837 2435 erat;
868 2368 924 2422 in
955 2384 1017 2423 ea
1047 2368 1191 2424 enim
1212 2410 1225 2437 ,
1277 2377 1335 2423 ut
1382 2368 1490 2424 seis
1538 2370 1848 2425 unctionem
1888 2387 1986 2424 su-

383 2456 530 2526 scepi
560 2455 935 2526 praasularem.
972 2456 1189 2527 Saepius-
1210 2465 1387 2513 autem
1434 2457 1503 2512 ab
1553 2457 1770 2512 ineunte
1826 2466 1986 2513 aetate

381 2544 643 2615 aegrotavi
669 2588 681 2609 ,
715 2560 816 2599 nee
844 2544 1013 2599 ullam
1044 2552 1227 2600 tamen
1252 2545 1565 2601 unctionem
1614 2562 1734 2615 qua:
1762 2546 1984 2617 preprie

380 2631 719 2687 infirmorum
767 2632 966 2687 dicitur
987 2674 1001 2701 ,
1050 2633 1312 2687 hactenus
1341 2633 1589 2704 percepi.
1631 2634 1755 2687 Sola
1788 2650 1852 2687 ex
1884 2651 1984 2688 un—

382 2718 653 2774 ctionibus
684 2734 803 2790 quae
826 2735 961 2773 mere
980 2728 1205 2789 possent
1235 2736 1539 2789 congruere
1567 2737 1837 2792 personae,
1868 2723 1984 2777 bmc

378 2805 510 2860 mihi
541 2806 773 2861 necdum
806 2814 888 2861 est
918 2806 1136 2861 collata.
1170 2808 1321 2862 Hane
1351 2807 1516 2879 igitur
1544 2824 1666 2862 cras
1696 2809 1750 2861 in
1797 2809 1985 2879 vigilia

379 2894 526 2949 beati
543 2893 913 2966 Evangelistae
933 2894 1233 2966 promereri
1252 2903 1468 2966 exepto.
1491 2896 1611 2950 Jam
1631 2895 1792 2968 igitur
1817 2898 1982 2952 modo

379 2980 571 3038 faciem
599 2982 817 3037 Domini
865 2982 1171 3053 praevenire
1201 2982 1465 3038 debemus
1518 2984 1574 3039 in
1602 2999 1743 3055 pura
1773 2993 1825 3039 et
1854 3000 1980 3041 vera

375 3070 719 3126 confessione
739 3113 752 3137 ,
803 3078 859 3125 ut
888 3072 1007 3142 ipso
1036 3071 1269 3127 Domino
1299 3080 1569 3127 annuente
1600 3080 1709 3126 tam
1738 3088 1972 3129 venera-
2000 3045 2047 3105 Ο

376 3159 481 3214 bile
512 3167 913 3215 sacramentum
943 3159 1107 3229 digne
1136 3175 1238 3230 pro
1268 3160 1490 3215 modulo
1520 3169 1704 3216 nostro
1735 3168 1788 3216 et
1818 3161 1970 3216 salu-

375 3248 545 3302 briter
572 3263 673 3317 pro
704 3247 865 3302 domo
895 3263 994 3301 sua
1023 3248 1179 3303 nobis
1209 3249 1487 3319 contingat
1534 3249 1831 3320 suscipere.
1874 3274 1894 3296 »

443 3335 541 3389 His
569 3334 751 3406 itaque
783 3334 1126 3401 memoratis,
1161 3336 1422 3407 quidquid
1450 3337 1505 3390 in
1534 3353 1594 3390 se
1623 3345 1851 3392 noverat
1880 3352 1972 3393 ac-

371 3422 631 3491 cusabile,
664 3423 751 3478 vel
780 3423 1041 3494 quidquid
1070 3424 1123 3478 in
1150 3424 1391 3494 quolibet
1438 3425 1611 3495 gradu
1651 3426 1841 3493 retatis,
1875 3442 1966 3480 or-

369 3511 530 3578 dinis,
553 3518 646 3566 aut
666 3510 1023 3581 professionis
1043 3511 1145 3566 sibi
1165 3512 1360 3568 deesse
1382 3512 1672 3582 displicere
1692 3522 1962 3583 potuerat,

366 3600 531 3671 erepit
587 3599 642 3652 in
699 3608 995 3671 conspectu
1039 3599 1256 3655 Domini
1314 3601 1413 3654 sub
1460 3602 1770 3655 testimonio
1814 3602 1965 3671 prius

366 3687 632 3756 ejusdem,
666 3703 791 3742 eum
822 3703 930 3759 quo
957 3687 1316 3759 loquebatur,
1368 3689 1621 3745 monachi
1648 3698 1700 3744 et
1727 3691 1964 3760 presby-

363 3775 466 3830 teri
495 3775 615 3841 sui,
660 3774 859 3830 deinde
910 3776 961 3830 ei
1005 3776 1271 3844 adjunctis
1309 3776 1482 3830 tribus
1511 3778 1829 3833 reverendae
1857 3778 1963 3833 ho-

362 3863 589 3917 nestatis
618 3863 995 3917 sacerdotibus
1025 3863 1257 3919 sollicite
1286 3862 1529 3918 confiteri
1560 3864 1800 3931 Quorum
1845 3866 1962 3935 pri-

362 3966 483 4004 mus
511 3950 907 4005 Lincolniensis
935 3951 1195 4016 decanus,
1220 3953 1489 4005 secundus
1509 3961 1812 4022 praeceptor
1833 3952 1958 4023 [al.,

360 4035 682 4109 praecentor]
714 4037 807 4108 qui
837 4037 1152 4092 cathedram
1181 4038 1351 4107 ipsius
1381 4046 1503 4107 post
1550 4056 1671 4092 eum
1715 4041 1962 4095 ascendit

361 4126 532 4194 (349),
565 4125 759 4180 tertius
787 4139 917 4181 vero
947 4125 1366 4180 archidiaconus
1387 4127 1792 4182 Northamtonae
1823 4137 1957 4196 erat,

360 4212 443 4267 vir
471 4213 577 4269 vita
605 4213 791 4285 utique
840 4221 894 4268 et
923 4212 1170 4269 doctrina
1200 4212 1555 4269 clarissimus.
1590 4215 1650 4268 In
1680 4215 1783 4271 hac
1819 4232 1957 4271 eon-

356 4300 595 4357 fessione
625 4317 726 4356 nec
751 4301 846 4356 illa
873 4301 1054 4357 omisit
1072 4345 1084 4366 ,
1139 4318 1261 4373 quae
1302 4302 1598 4358 innumeris
1628 4304 1841 4374 pridem
1869 4304 1956 4360 vi-

2102 454 2221 491 rum
2252 448 2500 510 prompte
2549 447 2703 495 acute
2756 448 2808 493 et
2858 439 3019 510 plene
3049 455 3387 494 enumerare.
3427 440 3484 493 In
3519 439 3720 494 confi-

2101 525 2262 580 tendo
2312 526 2455 581 istud
2505 544 2720 598 semper
2762 527 3058 599 replicabat
3108 545 3121 580 :
3176 550 3196 573 «ι
3249 528 3408 593 Mala,
3440 528 3719 599 inquiens

2099 630 2222 668 mea
2251 631 2411 681 vera,
2463 632 2596 686 pura
2617 660 2629 681 ,
2679 624 2730 671 et
2777 616 2893 670 sola
2920 616 3062 669 mala
3091 623 3245 680 sunt;
3281 616 3453 685 bona,
3496 615 3543 669 si
3576 632 3719 685 qua:

2100 710 2225 755 sunt
2281 718 2390 757 non
2445 704 2520 758 ita
2575 712 2726 770 sunt,
2788 704 2884 759 sed
2928 703 3194 758 malorum
3235 704 3560 757 admistione
3587 705 3717 757 im-

2098 806 2234 860 pura
2255 833 2267 855 ,
2322 791 2481 845 malis
2529 792 2767 864 undique
2815 800 3087 858 concerta,
3121 800 3172 845 et
3204 791 3407 848 ideirco
3436 808 3539 847 nec
3568 808 3718 847 vera

2099 877 2416 949 simpliciter
2445 888 2567 934 sunt
2617 880 2779 935 bona.
2820 905 2840 927 »
3118 916 3127 947 ι

2169 965 2450 1021 Celebrata
2480 967 2649 1039 igitur
2677 984 2774 1038 per
2806 968 3040 1022 triduum
3069 966 3442 1035 hujuscemodi
3471 966 3711 1023 confes-

2098 1053 2251 1108 sione
2279 1054 2427 1110 eirca
2458 1056 2645 1109 horam
2676 1055 2889 1109 tertiam
2939 1056 2995 1110 in
3041 1055 3225 1127 vigilia
3254 1063 3576 1122 memorata,
3601 1072 3714 1110 eu-

2098 1141 2368 1197 eharistia:
2398 1143 2467 1196 ad
2498 1158 2556 1197 se
2586 1143 2778 1199 delata
2807 1143 3021 1199 obviam
3051 1142 3250 1214 plantis
3281 1143 3461 1207 nudis,
3494 1143 3705 1206 cilicio,

2096 1228 2277 1283 tunica
2306 1237 2358 1283 et
2386 1229 2595 1284 eueulla
2623 1228 2849 1284 vestitus
2870 1271 2885 1296 ,
2935 1230 3201 1299 processit
3243 1244 3276 1283 a
3305 1229 3519 1284 lectulo.
3552 1234 3705 1285 Ante

2095 1314 2272 1385 ipsum
2305 1332 2520 1388 queque
2552 1318 2893 1372 tremendum
2914 1317 3263 1389 divinumque
3296 1326 3706 1373 sacramentum

2095 1420 2275 1473 genua
2304 1405 2547 1470 flectens,
2571 1414 2624 1459 et
2655 1406 2967 1476 suppliciter
2986 1407 3241 1470 adorans,
3266 1406 3465 1461 diutius
3495 1407 3697 1472 oravit,

2094 1502 2528 1542 commemorans
2559 1486 2767 1543 infinita
2814 1488 3079 1544 beneﬁcia
3126 1488 3417 1544 Salvatoris
3454 1490 3700 1544 humano

2092 1575 2280 1645 generi
2312 1575 2578 1645 impensa,
2608 1576 2794 1647 illique
2826 1576 3033 1648 gratias
3062 1577 3187 1631 inde
3218 1576 3489 1642 referens,
3536 1592 3604 1632 ac
3632 1593 3698 1631 se

2092 1662 2253 1716 nimis
2282 1663 2624 1734 culpabilem,
2658 1673 2711 1718 ut
2740 1665 2986 1731 dicebat,
3021 1665 3138 1733 ejus
3169 1665 3699 1720 misericordissima

2093 1750 2277 1820 pietati
2307 1752 2727 1816 commendans,
2778 1752 2950 1822 ipsius
2976 1752 3212 1823 denique
3250 1752 3607 1823 patrocinium
3638 1761 3697 1806 et

2092 1838 2349 1893 auxilium
2381 1855 2555 1910 usque
2584 1839 2639 1893 in
2685 1838 2847 1893 finem
2882 1840 2984 1894 sibi
3013 1839 3201 1905 affore,
3234 1856 3337 1895 nec
3365 1856 3424 1894 se
3451 1855 3697 1910 unquam

2091 1927 2345 1981 deserere
2377 1927 2628 1983 ﬂebiliter
2648 1927 2979 1998 imploravit.
3004 1928 3258 1983 Refectus
3287 1928 3537 1998 deniquze
3567 1927 3694 1983 vita:

2089 2022 2305 2069 eterna:
2336 2015 2587 2085 dapibus,
2623 2023 2675 2070 et
2705 2024 2949 2071 extrema
2976 2017 3230 2072 unctione
3258 2016 3314 2069 in
3342 2024 3691 2087 peccatorum

2091 2103 2471 2158 remissionem
2501 2104 2775 2158 delibutus
2794 2146 2808 2171 ,
2860 2104 3065 2176 gratias
3096 2104 3209 2177 egit
3238 2104 3488 2173 Domino,
3521 2104 3687 2159 dixit-

2090 2207 2195 2262 que
2226 2190 2383 2245 nobis
2418 2209 2429 2244 :
2468 2214 2489 2238 α
2524 2193 2645 2245 Jam
2674 2192 2901 2247 medicis
2934 2200 2987 2248 et
3014 2192 3221 2246 morbis
3243 2192 3461 2259 nostris,
3496 2199 3551 2245 ut
3581 2208 3675 2261 po-

2088 2278 2247 2347 terit,
2301 2278 2623 2344 conveniat,
2657 2279 2725 2334 de
2755 2280 2999 2351 utrisque
3028 2280 3223 2335 amodo
3253 2280 3353 2334 erit
3381 2279 3434 2332 in
3464 2286 3685 2349 pectore

2088 2373 2271 2421 nostro
2304 2381 2437 2421 cura
2485 2366 2683 2421 minor.
2736 2367 2800 2421 Ei
2829 2384 2916 2422 me
2946 2367 3222 2434 commisi,
3267 2367 3416 2421 illum
3448 2366 3682 2437 suscepi,

2086 2454 2264 2523 ipsum
2286 2455 2500 2524 tenebo,
2527 2463 2579 2509 et
2611 2455 2714 2525 ipsi
2737 2454 3048 2521 adhmrebo,
3074 2455 3157 2511 cui
3180 2456 3461 2509 adhaerere
3482 2455 3682 2509 bonum

2085 2550 2186 2607 est,
2222 2550 2273 2597 et
2303 2559 2464 2614 quem
2496 2551 2684 2598 tenere
2713 2543 2928 2597 beatum
2959 2552 3059 2597 est.
3095 2543 3269 2612 Quem
3298 2544 3387 2614 qui
3434 2543 3679 2613 suscipit,

2084 2638 2136 2685 et
2164 2631 2251 2685 cui
2282 2646 2341 2685 se
2380 2631 2469 2701 qui
2500 2631 2800 2697 committit,
2837 2632 3045 2685 validus
3076 2640 3128 2685 et
3174 2639 3318 2686 tutus
3350 2639 3450 2685 est.
3510 2655 3530 2677 ιι

2154 2719 2477 2773 Admonitus
2506 2727 2684 2774 autem
2714 2728 2906 2789 postea
2927 2761 2939 2780 .
2976 2720 3106 2774 dum
3135 2719 3368 2789 languor
3396 2719 3683 2789 ingraves-

2084 2814 2248 2872 ceret,
2282 2806 2523 2861 utetiam
2554 2814 2935 2862 testamentum
2966 2808 3033 2862 de
3053 2824 3203 2863 more
3234 2806 3546 2873 conﬁceret,
3567 2807 3639 2860 ait
3666 2823 3678 2859 :

2086 2914 2109 2943 ε
2140 2893 2324 2948 Taedet
2370 2910 2458 2949 me
2506 2911 2635 2949 sane
2684 2895 2843 2963 hujus
2891 2896 3298 2951 consuetudinis
3322 2895 3433 2963 jam
3474 2894 3678 2966 passim

2080 2981 2136 3035 in
2165 2982 2469 3037 Ecclesiam
2500 2983 2780 3039 traductae.
2813 2984 2953 3039 Nam
2983 2984 3163 3056 quoad
3193 2983 3432 3039 animum
3472 2998 3677 3049 meum,

2076 3069 2209 3123 nihil
2256 3072 2565 3127 omnimode
2613 3080 2705 3126 aut
2749 3072 2970 3142 possedi
3000 3088 3269 3143 unquam,
3303 3079 3391 3126 aut
3420 3071 3679 3141 possideo

2076 3174 2220 3213 nunc
2250 3159 2396 3230 quod
2424 3175 2707 3215 censerem
2737 3177 2944 3226 meum,
2981 3170 3031 3214 et
3062 3176 3170 3215 non
3199 3159 3375 3230 potius
3403 3175 3525 3213 esse
3562 3159 3678 3213 Ee-

2077 3246 2257 3302 clesiaa
2287 3263 2447 3317 quam
2478 3248 2758 3319 regebam,
2783 3248 3084 3318 prOprium.
3119 3251 3390 3311 Attamen,
3411 3263 3480 3301 ne
3508 3246 3675 3302 fiscus

2078 3334 2238 3389 solito
2269 3335 2474 3405 rapiat,
2526 3336 2572 3389 si
2621 3336 2749 3407 quid
2797 3337 3061 3391 bonorum
3110 3335 3518 3407 temporalium,
3554 3343 3679 3405 post

2074 3438 2258 3477 meum
2312 3423 2519 3477 obitum
2550 3424 2604 3477 in
2651 3425 2966 3495 episeOpatu
2996 3424 3151 3479 fuerit
3180 3424 3499 3479 derelictum
3521 3466 3533 3485 ,
3562 3423 3676 3490 jam

2075 3526 2218 3566 nunc
2263 3511 2518 3565 universa
2548 3528 2668 3582 quae
2713 3512 2903 3568 videor
2929 3512 3212 3583 possidere
3238 3553 3250 3577 ,
3304 3511 3676 3583 indigentibus

2075 3599 2355 3671 eroganda
2375 3598 2571 3669 delego
2594 3600 2827 3655 Domino
2848 3609 3033 3655 nostro
3061 3601 3189 3654 Jesu
3211 3600 3442 3654 Christo.
3475 3622 3505 3653 ι),
3522 3598 3676 3652 Acci-

2073 3687 2250 3757 tisque
2270 3686 2482 3743 decano
2512 3695 2564 3741 et
2598 3687 2808 3742 duobus
2830 3688 3092 3743 Ecclesiae
3121 3703 3233 3742 suae
3252 3686 3668 3751 arehidiaeonis,

2074 3790 2411 3846 quaecunque
2439 3776 2495 3830 in
2524 3776 2935 3845 possessionum
2957 3790 3175 3830 suarum
3207 3773 3553 3829 facultatibus
3584 3788 3674 3828 re-

2071 3863 2233 3931 periri
2262 3870 2529 3933 poterant,
2580 3879 2767 3918 eorum
2798 3863 3108 3934 provisione
3140 3861 3503 3933 dispertienda
3534 3860 3673 3931 ipsis

2070 3951 2413 4006 eontradidit.
2471 3953 2599 4006 Post
2656 3953 2773 4007 base
2826 3952 3057 4006 orarium
3104 3967 3257 4006 suum
3290 3951 3351 4014 (ἱ.
3388 3966 3434 4004 e.
3469 3948 3666 4003 stolam

2070 4038 2485 4109 sacerdotalem)
2510 4039 2673 4107 jussit
2703 4038 2911 4105 afferri,
2944 4038 3087 4110 quod
3118 4037 3319 4093 cervici
3348 4036 3668 4108 appendens

2068 4126 2535 4182 anathematizavit
2580 4126 2702 4181 illos
2733 4143 2954 4194 omnes,
2988 4127 3078 4198 qui
3108 4126 3177 4181 de
3225 4126 3387 4180 rebus
3418 4125 3531 4178 suis
3562 4124 3666 4177 ali~

2069 4215 2197 4286 quid
2228 4214 2600 4270 fraudulenter
2630 4215 2987 4285 supprimere,
3026 4215 3112 4269 vel
3142 4213 3351 4269 auferre
3381 4212 3663 4278 violenter,

2068 4303 2407 4374 liberamque
2451 4302 2756 4359 facultatem
2805 4302 3168 4373 exsequendi,
3226 4301 3373 4372 quod
3403 4302 3663 4370 jusserat,

355 4388 514 4443 cibus
544 4387 721 4444 fuerat
769 4388 898 4444 viris
945 4389 1157 4445 devotis
1188 4407 1349 4461 quam
1377 4391 1618 4461 pluribus
1647 4392 1953 4447 confessus.
1978 4394 2031 4453 D
2060 4391 2337 4461 praedictis
2367 4391 2778 4447 exsccutoribus
2804 4392 3086 4463 denegare
3132 4396 3447 4443 tentassent.

358 4477 567 4531 Horum
597 4476 821 4546 quilibet
852 4476 1008 4532 fateri
1041 4478 1248 4532 solebat
1296 4479 1443 4549 quod
1489 4480 1761 4535 neminem
1800 4481 1955 4551 quis-

354 4580 516 4635 quam
540 4579 730 4619 eorum
760 4573 985 4618 eatenus
1013 4565 1257 4630 vidisset,
1293 4566 1403 4636 qui,
1439 4568 1576 4622 sicut
1603 4568 1686 4623 vir
1714 4568 1834 4634 iste,
1868 4586 1954 4625 se-

354 4652 537 4722 ipsum
590 4659 776 4707 nosset
805 4667 1086 4720 accusare,
1141 4661 1194 4709 et
1245 4653 1324 4708 sic
1369 4669 1400 4707 a
1453 4670 1511 4709 se
1558 4655 1780 4734 omissa,
1815 4658 1957 4713 sicut

419 4829 568 4895 (544)
596 4831 709 4892 Quae
736 4833 846 4893 post
871 4832 923 4880 S.
973 4831 1185 4892 Hugonis
1228 4830 1411 4881 obitum
1446 4838 1747 4897 evenerunt,
1778 4838 1829 4884 et
1872 4836 1955 4885 diu

350 4896 669 4961 duraverunt,
696 4899 826 4947 clero
850 4910 957 4947 cum
989 4898 1244 4947 monachis
1270 4898 1317 4946 in
1344 4898 1566 4949 exsilium
1585 4901 1751 4963 misso,
1778 4907 1827 4950 et
1854 4904 1952 4952 tota

353 4963 458 5014 fere
487 4964 657 5025 Anglia
682 4963 806 5014 bello
834 4966 1044 5013 vastata.

418 5044 565 5113 (545)
590 5047 846 5110 Philippus
872 5047 933 5107 ll,
962 5046 1120 5097 dictus
1145 5048 1413 5113 Augustus,
1441 5060 1568 5099 anno
1595 5052 1741 5113 H79,
1786 5054 1835 5101 ln
1876 5064 1955 5102 re-

347 5123 459 5174 gem
482 5112 649 5163 Gallia:
674 5116 952 5175 coronatus,
977 5113 1097 5163 obiit
1120 5125 1249 5164 anno
1277 5111 1404 5164 1223
1426 5127 1591 5165 mense
1615 5111 1759 5166 Julio.

419 5197 562 5259 (516)
588 5196 698 5247 Fuit
718 5196 800 5247 illa
818 5198 1119 5259 Alienordis,
1146 5198 1399 5260 Alienora,
1420 5211 1547 5249 nune
1564 5200 1823 5263 Eleonora,
1846 5214 1953 5263 qua:

350 5264 481 5313 facto
520 5263 728 5331 divortio
752 5276 861 5314 cum
882 5264 1135 5331 Ludovico
1160 5277 1275 5328 rege
1307 5265 1515 5328 Philippi
1543 5266 1760 5327 praedicti
1786 5274 1948 5331 patre,

345 5342 473 5379 anno
502 5330 647 5393 1152,
671 5330 720 5379 in
768 5329 947 5393 Anglia
974 5330 1022 5380 in
1070 5332 1297 5382 maritum
1346 5331 1484 5381 duxit
1521 5329 1801 5384 Ilenricum'
1835 5329 1951 5385 tune

345 5396 710 5448 Northmannia:
729 5396 903 5449 ducem
919 5434 933 5459 ,
957 5396 1128 5448 deinde
1152 5410 1314 5460 regem
1340 5398 1548 5450 electum
1574 5398 1778 5461 Anglize.

2131 4480 2257 4533 Post
2304 4488 2616 4549 susceptum
2666 4495 2795 4534 vero
2843 4495 3039 4533 munus
3086 4485 3343 4533 extremae
3372 4476 3659 4540 unctionis,

2057 4575 2339 4623 crescente
2396 4568 2450 4620 in
2506 4568 2626 4622 dies
2676 4576 2809 4622 aestu
2838 4567 3101 4632 febrium,
3162 4566 3382 4621 duobus
3411 4565 3663 4620 continue

2058 4656 2338 4711 mensibus
2360 4655 2557 4711 lectulo
2577 4656 2851 4725 decubuit,
2877 4655 3187 4727 quotidiana
3206 4668 3364 4724 pene,
3398 4661 3450 4707 et
3479 4667 3659 4723 quan-

2128 4830 2271 4896 (347)
2298 4832 2534 4881 Henricus
2552 4831 2718 4881 Junior
2743 4834 2791 4879 et
2817 4828 3101 4889 Richardus,
3128 4832 3330 4890 uterque
3344 4839 3429 4896 rex
3453 4826 3655 4896 Anglice,

2059 4893 2145 4948 ille
2166 4893 2271 4947 vivo
2297 4898 2477 4958 adhuc,
2508 4897 2587 4946 hie
2627 4901 2813 4946 mortuo
2847 4897 3057 4945 Henrico
3100 4900 3257 4957 patre.
3292 4893 3561 4944 Gaufredus
3597 4904 3658 4941 ex

2058 4966 2239 5015 comite
2263 4964 2359 5013 dux
2388 4963 2667 5023 Britanniis,
2690 4963 2837 5011 etiam
2864 4963 3060 5011 Henrici
3083 4962 3141 5021 ll,
3161 4962 3288 5023 regis
3308 4960 3491 5022 Anglia:
3511 4958 3655 5008 filius.

2126 5062 2261 5126 (548)
2289 5066 2501 5113 Joannes
2521 5076 2624 5122 rex,
2653 5064 2732 5125 qui
2757 5063 2878 5112 obiit
2902 5065 3013 5125 post
3031 5063 3206 5112 multas
3226 5061 3404 5122 clades,
3432 5075 3459 5109 a
3484 5060 3654 5110 Gallis.

2058 5132 2244 5192 Anglia:
2271 5132 2432 5181 illatas
2457 5143 2583 5180 anno
2611 5129 2740 5179 1216
2766 5142 2929 5179 mense
2952 5129 3169 5179 Octobri.

2126 5233 2267 5295 (549)
2290 5232 2561 5281 Willelmus
2585 5230 2811 5281 videlicet
2837 5230 3097 5293 Blesensis,
3125 5242 3252 5280 anno
3305 5228 3451 5290 1203,
3490 5240 3658 5295 conse-

2054 5302 2222 5349 cratus
2246 5294 2294 5349 in
2320 5299 2597 5362 episcopum
2637 5298 3029 5349 Lincolniensem
3059 5298 3139 5358 qui
3182 5295 3300 5348 obiit
3333 5307 3460 5347 anno
3508 5294 3653 5344 1206.
