3960 6062
260 283 393 335 1097
1607 280 1766 336 VITA
1780 320 1791 334 .
1840 309 1846 320 ε

1962 280 2073 334 LIB.
2118 279 2181 333 V.
3410 284 3546 337 1098

252 405 433 475 doque
461 405 660 475 sapius
689 406 743 459 in
774 405 862 459 die
891 404 1236 460 confessione
1278 392 1522 474 repetita,
1557 403 1860 459 levissimos
1888 406 1944 464 Α
1963 418 2061 459 vos
2073 402 2423 473 sapeadiras
2436 401 3554 477 provocaverim,evidenterinvenio,quid

250 492 636 562 cogitationum
667 502 847 548 motus
867 510 930 547 ac
950 493 1244 548 verborum
1277 507 1551 559 excessus,
1578 492 1623 545 si
1645 490 1862 562 quando
1961 499 2141 545 tamen
2171 491 2296 546 inde
2313 490 2683 560 paenitendum
2706 490 2774 543 sit
2793 490 2944 557 mihi,
2967 506 3076 545 non
3097 492 3396 562 perpendo.
3424 494 3551 559 Sed,

250 580 492 633 anxianti
517 581 765 635 eveniret
802 581 1232 635 ministrantibus
1280 580 1575 651 indignari,
1626 596 1862 651 purgare
1961 580 2089 649 quia
2118 579 2317 648 sapius
2348 586 2400 633 et
2418 578 2702 632 instantius
2719 579 2822 633 hoc
2843 578 3019 648 ipsum
3036 594 3145 633 non
3165 580 3390 651 egerim,
3424 580 3558 635 mihi

251 666 533 721 festinans.
561 668 806 723 Orationi
823 685 980 723 mens
1003 669 1122 736 ejus
1145 684 1364 739 semper
1393 667 1725 721 intendebat.
1760 667 1859 722 Di-
1960 666 2254 721 dolendum
2271 667 2403 722 scio.
2423 666 2531 721 Sed
2548 666 2795 722 crebrius
2808 666 2985 731 solito,
3001 666 3047 720 si
3063 666 3261 721 diutius
3274 668 3555 724 vobiscum

251 754 435 809 vinum
466 755 703 811 ofiicium
732 764 962 828 utroque
992 764 1255 827 tempore,
1305 756 1478 810 noctis
1521 755 1771 810 videlicet
1800 762 1852 809 et

251 841 380 908 diei,
414 844 656 899 studiose
688 844 910 899 curabat
954 844 1105 898 horis
1154 844 1366 898 statutis
1409 844 1707 907 exsolvere,
1760 858 1862 898 nec

249 930 410 985 horas
442 940 662 1001 propter
688 932 1062 987 accessionem
1091 940 1259 987 astus
1278 931 1487 986 febrilis
1516 938 1605 985 aut
1634 938 1861 1001 prater-

250 1016 331 1071 ire
372 1018 695 1088 patiebatur,
759 1027 850 1073 aut
896 1020 1221 1089 pravenire.
1298 1018 1571 1073 Psallebat
1631 1026 1684 1073 et
1719 1018 1857 1088 ipse,

252 1120 377 1159 cum
408 1107 550 1160 vires
579 1107 960 1177 suppetebant,
994 1122 1119 1163 cum
1142 1106 1521 1178 psallentibus.
1552 1106 1861 1179 Neglectim

247 1208 343 1247 seu
373 1202 735 1263 properanter
754 1194 1002 1266 legentes
1016 1202 1108 1250 aut
1150 1194 1445 1266 psallentes
1474 1194 1701 1250 terribili
1732 1210 1859 1249 mox

249 1297 383 1337 voce
412 1289 505 1337 aut
533 1283 710 1337 sonitu
742 1282 1059 1354 castigabat.
1091 1283 1385 1355 Utriusque
1432 1283 1512 1338 rei
1560 1298 1775 1337 summa
1803 1282 1854 1338 ei

252 1385 380 1425 cura
413 1377 519 1425 tota
549 1386 769 1440 semper
814 1387 932 1426 avo
979 1371 1312 1441 pracedenti
1342 1370 1457 1436 fuit,
1503 1380 1559 1425 ut
1606 1370 1858 1426 distincte

250 1466 303 1512 et
332 1458 515 1513 debito
536 1466 783 1529 tempore
804 1459 1048 1514 Creatori
1074 1459 1413 1530 persolveret
1432 1459 1624 1514 laudes
1655 1458 1856 1514 consti-

248 1554 411 1601 tutas.
446 1546 886 1602 Vicissitudinem
919 1547 1079 1601 etiam
1109 1547 1288 1601 standi
1336 1555 1388 1603 et
1433 1546 1661 1602 sedendi
1705 1548 1855 1618 (350)

246 1635 387 1689 inter
413 1634 777 1705 psallendum,
812 1636 1051 1706 quandiu
1082 1634 1271 1701 valuit,
1306 1643 1359 1691 et
1398 1635 1629 1706 ipsemet
1656 1635 1855 1692 obser-

251 1722 428 1789 vabat,
462 1730 517 1777 et
563 1722 793 1779 clericos
842 1739 970 1779 suos
1015 1724 1313 1779 observare
1362 1723 1741 1795 compellebat,
1773 1732 1926 1816 ut,B

250 1810 377 1865 dum
408 1826 549 1865 unus
579 1811 822 1866 sedendo
853 1810 1079 1884 fatigata
1124 1812 1372 1867 membra
1414 1812 1683 1879 reficeret,
1715 1811 1854 1868 alius

251 1899 443 1953 stando
490 1898 687 1954 divina
733 1907 786 1954 et
833 1899 1099 1971 angelica
1143 1900 1446 1970 prasentia
1492 1900 1853 1957 reverentiam

250 1988 549 2042 exhiberet.
584 1988 717 2043 Cum
748 1988 963 2059 magnis
991 1988 1279 2044 interesset
1319 1988 1585 2044 nobilium
1616 2004 1854 2045 conven-

247 2075 389 2130 tibus
437 2083 531 2130 aut
577 2075 893 2131 decidendis
964 2090 1256 2135 causarum
1305 2076 1510 2142 litibus,
1562 2077 1703 2133 sicut
1734 2077 1853 2132 aliis

246 2163 415 2218 moris
471 2172 553 2219 est
599 2163 671 2218 ad
718 2163 1027 2219 formandas
1090 2164 1522 2220 interlocutorias
1581 2165 1853 2221 interdum

248 2251 526 2317 secedere,
561 2252 655 2315 ita,
700 2268 821 2307 eum
870 2252 1156 2324 exigerent
1203 2260 1478 2308 momenta
1529 2252 1683 2322 lucis,
1736 2253 1853 2324 ipse

249 2338 620 2393 divertebatur
646 2339 717 2393 ad
747 2339 1026 2394 canendas
1054 2341 1221 2395 horas
1258 2348 1567 2396 consuetas.
1602 2342 1662 2395 In
1692 2341 1851 2398 dedi-

250 2426 555 2481 cationibus
586 2428 961 2497 ecclesiarum,
1008 2437 1061 2483 et
1099 2429 1152 2483 in
1199 2429 1657 2485 celebrationibus
1701 2430 1851 2485 ordi-

244 2531 372 2568 num
403 2531 521 2570 mos
553 2516 603 2570 ei
636 2532 745 2570 non
778 2516 1059 2571 dissimilis
1090 2516 1287 2572 fuerat.

320 2604 478 2658 Venit
506 2612 685 2657 autem
719 2620 815 2659 rex
850 2605 999 2669 (351)
1066 2605 1305 2660 invisere
1350 2613 1731 2677 agrotantem,
1765 2607 1852 2662 cui

245 2691 335 2746 ille
376 2709 476 2747 nec
507 2692 720 2747 modice
753 2692 900 2747 visus
930 2700 1013 2747 est
1033 2694 1254 2763 quidem
1274 2709 1568 2767 assurgere
1596 2694 1681 2749 vel
1709 2695 1850 2749 assi-

247 2780 398 2846 dere,
430 2797 549 2835 cum
582 2781 815 2835 necdum
840 2780 985 2835 vires
1008 2781 1056 2835 ei
1076 2782 1333 2837 deessent
1364 2782 1542 2837 adhuc
1566 2783 1635 2837 ad
1663 2783 1853 2840 seden.

242 2870 373 2923 dum
404 2869 458 2922 in
487 2876 655 2923 strato
687 2884 803 2933 suo,
844 2868 971 2924 dum
1020 2868 1275 2923 alimenta
1323 2870 1683 2940 percipiebat.
1736 2871 1851 2926 Rex

243 2957 293 3011 ei
339 2956 859 3027 compatientissime
943 2957 1285 3027 loquebatur,
1349 2973 1626 3027 exponens
1683 2959 1731 3013 ei
1790 2975 1850 3014 se

241 3044 422 3114 ipsum
451 3053 503 3099 et
531 3061 627 3100 sua
656 3044 725 3099 ad
758 3045 1158 3114 beneplacitum
1207 3045 1378 3115 ipsius
1415 3046 1845 3117 exsequendum.

240 3133 341 3187 Illo
370 3140 570 3199 autem,
627 3132 861 3187 exclusis
909 3133 1161 3187 omnibus
1208 3133 1341 3201 suis,
1394 3142 1519 3188 ante
1574 3107 1919 3202 jacentemC

243 3221 445 3275 diutius
475 3222 721 3286 sedente,
752 3228 805 3275 et
836 3220 1049 3275 blandis
1087 3221 1432 3276 sermonibus
1462 3221 1624 3275 multa
1653 3237 1848 3292 prose-

241 3317 460 3381 quente,
494 3309 785 3380 episcopus
815 3308 927 3363 fere
976 3309 1111 3364 nihil
1159 3309 1428 3365 referebat
1468 3309 1687 3365 auditis.
1740 3310 1848 3365 Res

235 3398 455 3452 tandem
486 3412 613 3451 suas
641 3404 694 3451 et
722 3398 1031 3452 testamenti
1063 3398 1147 3453 sui
1177 3407 1524 3453 exsecutores
1572 3414 1693 3453 cum
1738 3406 1849 3453 tota

238 3485 441 3555 pariter
470 3484 835 3540 Lincolniensi
865 3486 1115 3539 Ecclesia
1143 3486 1469 3556 protectioni
1518 3486 1665 3557 regis
1698 3501 1846 3541 com-

238 3574 525 3638 mendans,
560 3574 676 3644 ipse
706 3572 977 3628 valefecit.
1010 3575 1404 3644 Desperaverat
1442 3575 1557 3643 jam
1604 3573 1846 3644 profecto

240 3662 307 3715 de
338 3662 581 3716 maneria
608 3662 799 3731 ipsius,
832 3662 1189 3732 quamobrem
1218 3678 1390 3732 pauca
1420 3663 1470 3718 ei
1501 3663 1843 3734 loquebatur.

240 3764 309 3804 ne
337 3750 589 3819 perderet
618 3750 877 3821 pulchros
913 3766 1199 3805 sermones
1228 3766 1375 3805 suos.

312 3838 754 3907 Metropolitanus
782 3855 996 3909 quoque
1025 3838 1215 3909 ipsius,
1263 3838 1413 3908 (352)
1436 3838 1707 3906 jacentem
1736 3837 1843 3893 ali-

243 3925 456 3995 quoties
486 3926 732 3993 visitans,
766 3926 1029 3997 quidquid
1060 3926 1404 3981 humanitatis
1434 3934 1484 3982 et
1530 3926 1842 3997 benignita-

240 4014 308 4067 tis
340 4022 507 4079 esset,
529 4014 580 4068 ei
608 4031 705 4084 pro
727 4015 933 4068 viribus
954 4031 1015 4069 se
1032 4015 1390 4070 exhibiturum
1413 4014 1718 4085 pollicetur.
1744 4014 1842 4070 Cui

243 4102 312 4156 ad
342 4109 677 4171 postremum
705 4102 1043 4173 suggerenti,
1078 4110 1155 4171 ut,
1197 4103 1243 4157 si
1290 4119 1452 4174 quem
1501 4102 1637 4158 forte
1668 4103 1840 4158 verbo

238 4198 328 4243 aut
357 4189 497 4244 facto
528 4190 704 4243 minus
726 4191 874 4259 justo
904 4190 1172 4245 irritasset
1208 4190 1295 4245 vel
1344 4190 1591 4256 lasisset,
1628 4190 1840 4246 veniam

235 4277 301 4330 ab
332 4276 539 4332 offenso
568 4285 753 4347 petere
784 4279 1142 4345 meminisset,
1195 4294 1261 4334 ac
1290 4279 1509 4333 demum
1553 4277 1839 4349 profitente

239 4365 363 4436 quia
394 4381 523 4420 suos
556 4366 754 4436 sapius
786 4375 837 4421 et
867 4366 1181 4438 frequenter
1223 4366 1433 4421 animos
1481 4366 1835 4422 acerbissime

1960 755 2069 810 vita
2097 754 2347 810 ducenda
2367 762 2617 823 restaret,
2641 754 2695 808 id
2716 754 2894 824 ipsum
2914 770 3000 810 me
3023 753 3288 810 facturum
3310 756 3412 810 sub
3434 771 3560 812 ocu-

1956 843 2024 897 lis
2046 852 2239 899 cuncta
2256 842 2591 914 inspicientis
2608 842 2707 899 Dei
2722 841 3031 898 firmissime
3044 858 3311 915 propono.
3335 844 3558 900 Memini

1958 946 2194 1001 namque
2224 931 2369 1003 quia,
2402 940 2459 985 ut
2489 930 2644 986 vobis
2690 932 3076 1001 morigerarer,
3127 948 3190 987 ea
3236 949 3357 1003 qua
3405 933 3558 989 vobis

1960 1026 2139 1075 tacere
2169 1034 2277 1074 non
2299 1018 2628 1084 debuissem,
2655 1034 2883 1089 quaque
2906 1033 2938 1073 a
2958 1019 3136 1085 nobis,
3161 1036 3205 1075 s1
3227 1019 3555 1090 dicerentur,

1959 1106 2334 1178 aquanimiter
2363 1122 2473 1163 non
2504 1106 2842 1172 audirentur,
2876 1122 2964 1163 me
2991 1123 3365 1178 saepenumero
3394 1108 3558 1180 igna-

1959 1195 2097 1249 viter
2125 1195 2523 1266 suppressisse,
2556 1194 2747 1265 sicque
2778 1210 2899 1250 mea
2929 1195 3087 1266 culpa
3113 1204 3352 1252 vestram
3378 1198 3560 1268 potius

1959 1297 2121 1353 quam
2152 1282 2346 1349 Patris,
2381 1281 2474 1354 qui
2501 1282 2557 1337 in
2605 1282 2757 1339 caelis
2803 1290 2905 1353 est,
2955 1282 3221 1340 oﬁ‘ensam
3266 1284 3557 1341 declinavi.

1957 1370 2039 1424 Ex
2068 1385 2175 1442 qua
2203 1369 2400 1426 accidit
2430 1370 2576 1442 quod
2618 1386 2727 1425 non
2757 1370 2934 1426 solum
2961 1371 3017 1426 in
3058 1371 3231 1428 Deum
3279 1372 3447 1444 (unde
3477 1373 3561 1428 in-

1956 1457 2286 1530 dulgentiam
2318 1457 2545 1529 supplex
2572 1458 2831 1531 inquiro),
2865 1459 2963 1515 sed
2989 1459 3045 1514 in
3071 1468 3311 1517 vestram
3342 1476 3561 1534 quoque

1957 1546 2339 1618 paternitatem
2370 1554 2424 1602 et
2452 1546 2509 1601 in
2552 1546 2838 1618 primatum
2882 1555 3144 1619 vestrum,
3193 1564 3296 1606 nec
3342 1548 3554 1617 leviter,

1957 1649 2060 1691 nec
2088 1634 2473 1708 episcopaliter
2502 1634 2727 1708 deliqui.
2766 1657 2788 1687 ι

2559 1812 2785 1870 CAPUT
2812 1812 3013 1870 XXIV.

1957 1935 2214 2002 Qualiter
2232 1937 2506 2006 magistro
2521 1936 2753 2007 fabrica
2772 1937 3188 1994 Lincolniensi:
3208 1938 3471 1995 Ecclesia
3489 1939 3556 1997 dc

2024 2006 2288 2092 facienda
2299 2009 2717 2092 praeparatione
2729 2012 2931 2092 contra
2939 2009 3201 2092 generale
3214 2010 3557 2092 colloquium
3588 2032 3599 2053 ι

2023 2077 2225 2151 ibidem
2254 2077 2317 2151 iri
2349 2077 2500 2133 brevi
2519 2077 3090 2151 fuluruniniuhxit,
3124 2083 3181 2134 et
3210 2077 3460 2151 qualiter
3486 2096 3555 2137 ea

2024 2147 2457 2222 descripsitque:
2475 2149 2627 2203 circa
2643 2148 3208 2222 ejusdemgeasequias
3217 2147 3279 2222 et
3290 2152 3553 2222 sepultu-

2024 2234 2149 2272 ram
2176 2218 2357 2273 voluit
2373 2218 2673 2285 observari,
2698 2222 2753 2273 et
2772 2219 3019 2289 qualiter
3036 2218 3093 2275 se
3116 2219 3312 2276 habuit
3332 2218 3403 2277 ad
3424 2237 3555 2278 sua-

2024 2288 2237 2344 sionem
2266 2290 2443 2344 deesu
2471 2290 2735 2344 carnium
2765 2288 2875 2345 sibi
2903 2291 3143 2359 factam.

2025 2428 2376 2485 Postmodum
2408 2428 2724 2484 imminente
2754 2428 2859 2484 sibi
2881 2429 2997 2499 jam
3026 2436 3150 2501 post
3179 2430 3297 2486 dies
3327 2430 3558 2502 quinde-

1953 2515 2059 2572 cim
2105 2517 2257 2587 (353)
2306 2517 2440 2573 lucis
2500 2518 2661 2586 hujus
2710 2517 2799 2573 die
2857 2534 3128 2589 suprema,
3180 2517 3441 2575 Gaufrido
3488 2519 3559 2576 de

1952 2605 2166 2671 Voires,
2200 2604 2393 2660 nobilis
2425 2604 2641 2661 fabricae
2688 2607 3052 2662 constructori
3101 2608 3282 2678 (quam
3334 2607 3562 2678 capita

1953 2691 2320 2748 fundamentis
2340 2694 2393 2747 in
2416 2693 2727 2749 renovanda
2748 2694 3110 2749 Lincolniensi
3169 2694 3403 2750 ecclesia
3434 2696 3549 2751 eri-

1952 2797 2085 2853 gere
2115 2781 2360 2851 Hugonis
2391 2781 2680 2853 magniﬁca
2725 2797 2862 2854 erga
2909 2782 3163 2838 decorem
3212 2782 3408 2838 domus
3453 2782 3556 2838 Dei

1951 2868 2192 2939 dilectio)
2223 2869 2353 2923 talia
2384 2869 2560 2924 eidem
2610 2878 2692 2924 est
2735 2869 2946 2925 locutus
2980 2888 2992 2923 :
3030 2892 3052 2920 ι
3088 2869 3229 2938 Quia
3276 2870 3554 2927 dominum

1951 2972 2139 3029 regem
2167 2974 2289 3012 cum
2321 2957 2613 3028 episcopis,
2667 2957 2941 3029 totiusque
2971 2958 3125 3030 regni
3156 2958 3316 3027 hujus
3343 2958 3553 3029 primo-

1951 3045 2123 3114 ribus,
2156 3045 2488 3100 Lincolniam
2508 3045 2563 3099 in
2581 3045 2829 3115 proximo
2849 3045 2917 3099 ad
2938 3045 3194 3118 generale
3225 3046 3556 3118 colloquium
3606 3042 3607 3045 “

1952 3132 2100 3203 (354)
2131 3140 2496 3188 conventuros
2527 3133 2862 3203 accepimus,
2904 3133 3170 3201 accelera,
3203 3142 3253 3190 et
3282 3150 3409 3189 cura
3442 3134 3554 3189 sin-

1948 3220 2100 3292 gula,
2148 3237 2486 3293 quacunque
2540 3222 2846 3277 necessaria
2904 3229 3029 3276 sunt
3082 3222 3153 3277 ad
3207 3222 3467 3279 decorem
3497 3230 3554 3279 et

1948 3316 2200 3363 ornatum
2259 3309 2405 3365 circa
2474 3309 2643 3364 altare
2710 3310 2914 3365 domini
2974 3325 3040 3366 ac
3068 3310 3283 3382 patroni
3338 3312 3445 3367 mei
3487 3310 3545 3367 S.

1946 3397 2172 3451 Joannis
2199 3397 2466 3467 Baptista,
2497 3396 2779 3468 perﬁcere,
2802 3399 2947 3471 quod
2991 3399 3155 3454 etiam
3201 3415 3302 3471 per
3330 3398 3551 3457 fratrem

1946 3493 2189 3539 nostrum
2220 3484 2530 3541 Roﬂ'ensem
2586 3485 2903 3557 episcOpurn
2960 3487 3129 3557 (355),
3191 3503 3315 3543 cum
3346 3503 3411 3545 eo
3440 3503 3551 3545 una

1947 3587 2070 3627 cum
2100 3572 2313 3628 caeteris
2341 3573 2624 3629 advenerit
2654 3574 2946 3645 episcopis,
2997 3575 3250 3631 volumus
3278 3575 3545 3633 dedicari.

1945 3661 2083 3715 Nam
2117 3669 2167 3716 et
2195 3676 2297 3717 nos
2328 3661 2431 3731 ipsi
2474 3661 2775 3716 denuntiati
2822 3670 3068 3734 tempore
3127 3663 3382 3734 colloquii
3439 3664 3549 3721 illic

1944 3756 2243 3818 prasentes
2292 3749 2496 3804 erimus
2562 3751 2732 3820 (356).
2796 3750 3132 3820 Optabamus
3176 3767 3309 3807 sane
3357 3760 3547 3808 nostro

1944 3835 2075 3891 illud
2097 3836 2394 3892 ministerio
2415 3852 2763 3903 consecrare,
2796 3838 2915 3903 sed,
2954 3838 3081 3909 quia
3101 3839 3365 3895 Dominus
3387 3840 3547 3897 aliter

1943 3923 2230 3996 disposuit,
2263 3925 2532 3992 volumus,
2566 3933 2624 3980 ut
2643 3925 2963 3997 priusquam
2980 3926 3108 3982 illuc
3137 3928 3543 3998 perveniamus,

1942 4013 2231 4068 occasione
2278 4014 2425 4069 omni
2471 4021 2700 4081 remota,
2766 4022 3139 4071 consecretur.
3178 4036 3200 4066 υ
3251 4017 3379 4073 Hac
3428 4017 3546 4089 ipsa

1942 4101 2104 4156 verba
2137 4109 2190 4156 et
2216 4102 2336 4156 aliis
2366 4101 2690 4173 quibusdam
2740 4102 2971 4173 repetiit,
3023 4104 3160 4158 dans
3189 4104 3243 4158 in
3274 4104 3545 4161 mandatis

1941 4188 2299 4244 servientibus
2329 4189 2442 4245 suis
2480 4190 2798 4260 cunctisque
2828 4190 3123 4260 majoribus
3152 4191 3414 4247 Ecclesia
3430 4208 3545 4250 sua

1938 4276 2210 4346 personis,
2256 4283 2314 4331 ut
2357 4277 2444 4332 vel
2504 4277 2559 4331 in
2613 4278 2867 4331 extremis
2937 4278 3236 4350 obsequiis,
3285 4287 3545 4352 quantam

1938 4371 2187 4434 possent,
2220 4363 2491 4420 deferrent
2538 4362 3028 4437 honoriﬁcentiam,
3061 4382 3168 4422 non
3198 4366 3374 4423 solum
3404 4369 3546 4442 regi,

234 4462 591 4525 provocasset
619 4454 735 4525 (qui
783 4463 960 4509 tamen
989 4464 1145 4524 pater
1190 4454 1489 4526 Spiritualis
1536 4463 1588 4510 et
1632 4454 1910 4525 primasD
1940 4453 2039 4507 sed
2086 4460 2139 4508 et
2188 4452 2481 4525 episcOpis,
2533 4452 2765 4525 aliisque
2794 4453 2986 4510 amicis
3048 4455 3161 4510 suis
3210 4456 3544 4514 Lincolniam

235 4542 352 4609 ejus
380 4542 713 4611 haberetur),
744 4543 887 4597 unde
908 4543 1089 4597 cordis
1110 4543 1411 4613 panitudo,
1444 4543 1723 4614 veniaque
1744 4559 1840 4599 ne-

234 4629 470 4685 cessaria
500 4630 773 4684 videretur
801 4630 1111 4701 postulatio,
1147 4631 1219 4685 ita
1249 4631 1528 4701 respondit
1562 4646 1574 4685 :
1614 4654 1635 4678 α
1671 4632 1833 4697 Sane,

230 4719 358 4773 dum
392 4718 736 4774 conscientia
764 4727 960 4774 nostra
991 4719 1176 4774 abdita
1196 4720 1421 4776 revolvo
1451 4736 1685 4791 quoque,
1711 4720 1837 4791 quia

305 4894 450 4962 (550)
489 4896 761 4947 Secundum
804 4898 1055 4960 antiquum
1100 4898 1285 4948 ordinis
1322 4898 1685 4948 Carthusiensis
1710 4910 1831 4949 con-

250 4964 578 5024 suetudinem,
607 4976 713 5025 qua
740 4963 890 5013 etiam
917 4978 1045 5014 nunc
1070 4965 1354 5015 observatur
1378 4966 1426 5014 in
1451 4966 1638 5016 ordine.

306 5046 449 5109 (551)
496 5049 725 5106 Joannes,
770 5049 829 5098 de
865 5048 1001 5109 cujus
1047 5048 1289 5111 Maneria,
1330 5049 1379 5098 id
1428 5053 1521 5111 est,
1570 5049 1619 5099 ni
1670 5047 1827 5111 fallor,

235 5114 448 5163 moribus
465 5119 515 5163 et
535 5114 749 5176 ingenio,
777 5117 829 5164 S.
857 5117 992 5175 Ilugo
1015 5116 1258 5173 dubitare,
1298 5118 1394 5164 imo
1439 5116 1706 5178 desperare
1732 5128 1831 5165 ca-

234 5181 325 5243 pit.
350 5181 583 5230 Joannem
612 5184 772 5231 tamen
810 5194 975 5241 regem
1002 5181 1213 5231 ﬁnaliter
1248 5183 1485 5232 salvatum
1514 5182 1753 5242 colligitur
1778 5195 1838 5231 ex

237 5248 442 5303 visione,
469 5259 611 5307 quam
634 5248 807 5298 recitat
829 5248 1104 5310 Raynaldus
1127 5248 1177 5296 in
1196 5248 1375 5299 Annal.
1410 5250 1468 5299 ad
1490 5261 1671 5298 annum
1690 5247 1835 5310 1226,

239 5314 326 5364 fol.
359 5314 478 5362 555.

306 5396 449 5459 (352)
500 5396 743 5447 Hubertus
787 5410 963 5461 nempe
1003 5397 1396 5461 archiepiscOpus
1451 5397 1835 5457 Cantuariensis,

236 5476 380 5525 quem
422 5464 618 5525 sapius,
656 5467 705 5513 et
743 5464 843 5524 hic,
887 5468 935 5514 et
960 5464 1094 5528 alibi,
1120 5466 1259 5527 Hugo
1284 5464 1541 5529 corripuit,
1570 5476 1661 5513 nec
1685 5464 1840 5514 corri-

236 5529 441 5593 ripuisse
465 5530 635 5580 doluit.

308 5611 451 5677 (355)
477 5613 618 5663 Circa
644 5611 819 5665 festum
842 5614 989 5675 igitur
1014 5614 1241 5667 Omnium
1264 5616 1557 5669 Sanctorum
1577 5614 1839 5676 mandavit,

461 5704 702 5761 PATROL.
736 5704 915 5761 CLIII.

1940 4540 2276 4597 adventuris.

2011 4630 2219 4702 Urgere
2248 4629 2451 4685 interea
2480 4645 2605 4685 eum
2632 4628 2861 4701 languor
2888 4631 3399 4689 vehementissimus
3420 4647 3539 4691 ca-

1936 4717 2032 4788 pit,
2066 4726 2119 4771 et
2146 4717 2438 4789 geminatis
2467 4718 2707 4789 quotidie
2747 4720 3089 4792 paroxysmis
3118 4720 3174 4774 in
3217 4720 3389 4775 solida
3421 4722 3538 4792 ejus

1934 4907 2039 4963 qua
2062 4898 2330 4963 sequuntur
2352 4896 2637 4947 architecto.
2664 4897 2781 4948 Item
2804 4900 3027 4950 ecclesia:
3043 4912 3144 4950 sua:
3164 4900 3456 4963 capitulum,
3469 4899 3540 4952 ait

1932 4960 2156 5029 Giraldus
2180 4963 2507 5021 Cambrensis,
2558 4977 2671 5029 pag.
2695 4966 2813 5024 419,
2847 4967 2973 5028 apud
2999 4966 3347 5029 Whartonum,
3368 4960 3539 5029 partis

1931 5026 2185 5088 lapidibus
2209 5031 2592 5098 marmoreisque
2616 5026 2853 5082 columnis
2876 5026 3001 5083 inira
3024 5032 3235 5095 artificio
3258 5026 3535 5098 reridvavit,

1933 5098 2059 5157 etc,
2086 5109 2191 5157 qua
2216 5096 2281 5143 ibi
2308 5100 2589 5159 sequuntur.

2010 5180 2145 5242 (554)
2174 5180 2266 5239 Qui
2299 5180 2359 5230 ad
2406 5182 2633 5241 generale
2680 5182 2773 5231 hoc
2812 5180 3118 5233 Lincolniam
3142 5184 3367 5235 venerint
3386 5183 3541 5237 collo-

1938 5247 2121 5306 quium,
2148 5246 2390 5295 indicatur
2425 5248 2551 5295 infra
2588 5260 2632 5297 c.
2657 5248 2748 5298 27.

2007 5327 2164 5398 (355)
2179 5331 2304 5398 Erat
2336 5330 2378 5379 is
2424 5330 2669 5398 Gilbertus
2711 5331 2771 5382 de
2795 5330 3054 5396 Glanvilla,
3078 5332 3139 5384 de
3160 5345 3253 5398 quo
3276 5333 3464 5387 dictum
3488 5334 3540 5387 in

1938 5400 2051 5445 nota
2084 5396 2226 5459 (277)
2252 5397 2310 5445 ad
2332 5411 2377 5445 c.
2407 5397 2467 5445 17
2494 5396 2636 5457 hujus
2656 5398 2789 5447 libri.

2006 5478 2151 5542 (556)
2186 5480 2407 5530 Prasens
2449 5479 2623 5549 adfuit,
2657 5494 2751 5532 non
2791 5494 3012 5546 corpore,
3038 5483 3120 5534 sed
3145 5484 3342 5549 spiritu,
3367 5486 3466 5541 imo
3490 5488 3542 5540 et

1942 5558 2166 5609 corpore,
2192 5558 2382 5597 summo
2406 5559 2515 5597 cum
2541 5548 2727 5600 honoro
2751 5551 3012 5613 sepultura
3036 5551 3267 5603 traditus.

3261 5712 3328 5765 35
