3960 6062
462 202 596 253 1099

1343 196 1399 251 S.
1443 195 1754 252 HUGONIS
1792 193 2010 250 EPISC.
2051 191 2380 249 LINCOLN.
2429 195 2594 252 0RD.
2636 196 2885 253 CARTH.

3620 196 3758 247 1100
3908 228 3909 305 ‘

461 319 705 373 membra
733 317 911 372 ﬂebile
943 317 1196 371 smviebat
1226 317 1555 385 incendium,
1590 318 1771 373 vitalia
1798 326 1851 371 et
1880 317 2049 370 inter-
2072 316 2127 375 A
2154 317 2326 371 habeo
2356 318 2594 387 sepeliri.
2628 317 2993 387 Quamobrem
3024 314 3243 371 exuvias
3292 313 3538 384 corporis
3589 313 3753 382 hujus

457 423 652 461 norum
718 406 983 460 medullas
1048 406 1358 476 dysenteria
1447 407 1821 460 exhauriebat.
1893 404 2048 459 Unde

454 496 648 550 diebus
678 495 883 565 aliquot
910 502 1031 548 ante
1062 495 1265 548 obitum
1315 511 1491 562 suum,
1543 510 1878 565 qumcunque
1924 500 2047 547 ante

456 584 737 654 exsequias
768 591 819 636 et
849 582 1182 651 sepulturam
1214 598 1367 636 suam
1412 582 1577 636 voluit
1625 581 1848 651 expleri,
1888 580 2046 635 nobis

453 672 644 726 iterato
677 670 964 725 insinuavit
1003 670 1352 724 documento.
1385 669 2040 739 «Cineres(357),inquit,

446 758 675 815 solemni
705 759 804 812 ritu
834 758 1207 813 benedicendo
1238 766 1553 829 praeparate,
1600 773 1737 828 quos
1783 757 1836 811 in
1865 756 2043 811 crucis

443 848 663 902 modum
696 846 965 918 spargetis
1000 862 1161 915 super
1206 846 1383 901 locum
1434 855 1592 901 terrae
1639 846 1815 913 nudae,
1849 844 1905 898 in
1935 860 2041 915 quo

441 935 653 1007 ponetis
683 952 788 1001 me,
822 951 943 989 cum
995 935 1195 989 instare
1242 934 1486 989 videritis
1534 935 1723 989 horam
1774 948 2040 1002 suprema:

440 1023 785 1094 expirationis
817 1040 969 1077 mea}.
1003 1022 1247 1077 Ciliciam
1279 1023 1442 1091 enim,
1477 1039 1627 1077 more
1651 1021 2034 1092 quorumdam,

439 1113 493 1166 in
523 1111 709 1166 ordine
740 1119 925 1165 nostro
952 1111 1334 1183 migrantibus,
1360 1126 1704 1182 nequaquam
1727 1109 2035 1163 substerni-

438 1208 543 1254 tur.
577 1200 658 1253 ΕΟ
691 1199 889 1268 quippe
916 1198 1137 1269 quilibet
1158 1199 1394 1252 moriens
1433 1198 1575 1267 apud
1626 1213 1723 1251 nos
1753 1204 2035 1251 contentus

438 1296 519 1342 est
553 1303 657 1358 quo
690 1287 900 1357 pridem
930 1286 1118 1341 vivens
1168 1303 1298 1339 usus
1342 1295 1394 1339 et
1425 1286 1639 1339 indutus
1678 1284 1794 1339 fuit.
1832 1306 1853 1333 δ
1918 1285 2034 1338 Hoc

438 1375 657 1447 quidem
690 1374 1011 1444 loquebatur
1040 1374 1214 1429 cilicio
1245 1382 1295 1427 et
1319 1374 1497 1428 tunica
1544 1374 1768 1426 indutus
1818 1372 2032 1426 cuculla

436 1480 651 1536 quoque
700 1462 1109 1533 supervestitus.
1178 1463 1272 1515 His
1337 1461 1588 1516 involutis
1640 1460 1817 1530 potius
1868 1475 2030 1531 quam

431 1550 760 1605 indumentis
790 1549 936 1603 nullo
967 1550 1302 1622 aegritudinis
1351 1567 1463 1604 sum
1510 1556 1783 1603 momento
1834 1548 2025 1603 caruit.

2146 406 2531 459 mundissimas
2589 414 2806 475 oportet
2853 403 3112 467 exhiberi,
3176 418 3309 473 quas
3358 402 3526 457 sudor
3570 410 3757 455 tantus

2147 493 2312 546 multo
2353 494 2462 561 jam
2505 494 2759 564 squalore
2810 492 3015 548 infecit.
3049 491 3191 545 Cave
3235 506 3305 545 ne
3348 490 3447 544 hac
3488 490 3541 543 in
3595 498 3750 559 parte

2145 581 2349 651 quaevis
2378 582 2609 651 obrepat
2632 580 2987 654 negligentia,
3020 595 3128 651 qua
3172 578 3277 634 loci
3324 578 3614 634 reverendi
3648 578 3751 631 de-

2142 669 2459 724 honestetur
2504 670 2737 742 dignitas
2823 675 3187 724 sacrosancta.
3280 667 3469 722 Frater
3524 668 3743 733 Petrus,

2142 771 2438 812 conversus
2477 766 2677 825 noster,
2730 757 3009 829 lympham
3053 755 3421 810 subministret
3465 754 3744 810 abluenti-

2142 844 2262 909 bus,
2298 854 2350 900 et
2382 856 2581 916 praeter
2610 861 2706 901 vos
2737 846 2879 900 trino
2918 846 2974 900 in
3001 860 3230 900 numero
3259 844 3364 899 hoc
3392 844 3522 898 mihi
3546 859 3743 897 munus

2140 934 2475 999 exhibentes,
2564 935 2744 990 nullus
2801 933 3021 990 omnino
3079 933 3234 999 alius,
3286 932 3378 987 ubi
3431 933 3549 987 haec
3609 930 3740 985 ﬁent

2139 1021 2369 1076 intersit.

2211 1133 2232 1157 «
2270 1111 2402 1163 Cum
2434 1118 2613 1165 autem
2646 1110 2713 1164 ad
2745 1109 3032 1165 ecclesiam
3086 1108 3516 1164 Lincolniensem
3564 1105 3737 1177 perla-

2135 1203 2247 1251 tum
2279 1197 2439 1252 fuerit
2468 1214 2664 1268 corpus
2686 1215 2885 1265 meum,
2910 1198 3190 1268 proferetis
3220 1214 3250 1251 e
3280 1196 3492 1251 scriniis
3512 1196 3732 1261 nostris,

2135 1302 2256 1357 quae
2284 1286 2359 1340 ibi
2405 1294 2547 1351 sunt,
2582 1287 2761 1342 omnia
2809 1286 3148 1351 vestimenta,
3182 1284 3233 1337 in
3280 1284 3475 1354 quibus
3512 1282 3732 1353 pontifi-

2134 1374 2308 1429 calem
2358 1374 2572 1445 suscepi
2640 1374 3126 1437 consecrationem,
3162 1389 3190 1426 a
3247 1372 3506 1426 sandaliis
3563 1388 3735 1441 usque

2131 1462 2197 1516 ad
2228 1463 2461 1526 mitram,
2496 1463 2764 1533 funusque
2814 1461 3185 1532 sepeliendum
3230 1460 3433 1514 eisdem
3482 1459 3731 1514 omnibus

2131 1549 2384 1605 inductis.
2418 1550 2551 1604 Sunt
2598 1566 2829 1621 namque
2876 1550 3055 1620 plana,
3105 1564 3207 1603 nec
3248 1548 3553 1615 ambitiosa,
3612 1564 3727 1618 qua:

430 1640 555 1695 Non
584 1639 750 1693 ardor
781 1637 967 1704 febris,
1002 1654 1108 1692 non
1142 1639 1389 1708 corporis
1420 1645 1597 1691 tantus
1626 1638 1792 1691 sudor
1822 1634 2027 1706 aliquid
2050 1659 2103 1719 Β
2132 1639 2185 1692 in
2216 1655 2346 1693 usus
2378 1639 2511 1694 istos
2540 1640 2801 1694 hactenus
2822 1637 3168 1693 conservavi.
3212 1659 3233 1685 ι
3261 1636 3487 1691 Annulis
3514 1652 3728 1705 quoque

430 1729 623 1781 horum
656 1728 704 1781 ei
735 1727 986 1781 detraxit.
1021 1726 1266 1781 Cilicium
1291 1726 1373 1781 bis
1395 1734 1487 1780 aut
1517 1726 1684 1780 semel
1703 1724 1898 1778 mutari
1928 1723 2031 1777 sibi

428 1815 515 1869 vix
548 1814 811 1885 permisit,
848 1815 992 1885 quod
1023 1815 1225 1869 sudore
1263 1814 1418 1885 quasi
1481 1815 1592 1868 luto
1642 1820 1953 1868 concretum
1982 1820 2031 1865 et

428 1903 588 1958 restis
622 1918 770 1957 more
800 1910 1128 1968 contortum,
1160 1902 1300 1957 inter
1328 1918 1528 1971 corpus
1544 1910 1594 1956 et
1624 1901 1862 1956 tunicam
1890 1900 2026 1969 ejus,

425 2007 491 2046 ex
522 1991 753 2045 laterum
783 1989 1046 2061 frequenti
1065 1990 1421 2045 conversione
1445 1989 1767 2060 reperimus,
1800 1996 1852 2043 et
1884 1988 2028 2059 quod

426 2079 587 2134 etiam
619 2087 796 2135 cutem
830 2079 878 2133 ei
909 2078 1201 2133 enormiter
1232 2079 1525 2143 abrasisse,
1574 2077 1762 2132 nescio
1812 2084 1941 2147 quot
1971 2076 2025 2129 in

423 2168 578 2233 locis,
610 2166 1093 2237 deprehendimus.
1134 2168 1200 2220 Et
1247 2166 1375 2236 quia
1416 2165 1666 2220 novimus
1711 2164 1853 2235 apud
1888 2164 2023 2218 Car-

426 2256 731 2309 thusienses
761 2255 1056 2324 plurimum
1086 2254 1315 2307 inﬁrmis
1346 2254 1522 2309 cilicia
1545 2255 1773 2323 (358)ex
1795 2267 2022 2307 consuc-

420 2343 604 2397 tudine
626 2342 757 2407 tolli,
774 2342 1086 2396 dicebamus
1100 2342 1148 2395 ei
1174 2358 1184 2395 :
1206 2364 1226 2389 α
1257 2341 1665 2407 Βοη11ιιθ,1ω(11ι
1688 2339 2018 2395 vosnimium

419 2439 472 2486 et
503 2431 777 2486 exulcerat
806 2431 858 2483 in
888 2431 1156 2485 continuis
1179 2430 1448 2497 jacentem
1474 2430 1764 2483 sudoribus
1807 2428 2019 2498 hispida

416 2520 585 2575 vestis
615 2521 748 2573 haec.
798 2519 1023 2588 Oportet
1069 2534 1205 2589 ergo
1252 2534 1352 2572 vos
1396 2518 1541 2571 illam
1586 2533 1807 2582 exuere,
1859 2525 1909 2569 et
1953 2531 2017 2569 ea

410 2608 561 2675 juxta
591 2624 793 2661 morem
824 2606 1048 2671 ordinis,
1068 2607 1195 2660 dum
1232 2605 1497 2678 aegritudo
1530 2604 1763 2682 infestat,
1798 2604 2014 2675 penitus

413 2710 620 2750 carere.
673 2696 755 2748 Ad
803 2695 917 2748 haec
966 2710 1095 2748 vero
1144 2694 1234 2747 ille
1287 2694 1502 2747 dicebat
1538 2711 1550 2747 ε
1586 2716 1606 2739 α
1643 2693 1787 2747 Nolit
1847 2694 2010 2759 Deus,

405 2789 458 2837 et
493 2782 635 2836 absit
663 2782 803 2835 istud
834 2798 902 2835 ne
932 2779 1024 2835 ﬁat
1059 2780 1070 2834 l
1104 2796 1215 2834 non
1245 2781 1390 2835 enim
1422 2780 1586 2847 laedit,
1622 2780 1720 2834 sed
1752 2779 1881 2834 lenit
1912 2794 2015 2833 nos

406 2870 574 2925 vestis
602 2870 755 2937 hzec;
789 2885 889 2923 nec
918 2876 1030 2923 tarn
1063 2868 1270 2923 ulcerat
1302 2884 1466 2937 quam
1488 2867 1660 2936 juvat.
1698 2886 1720 2916 ι»

477 2958 735 3028 Praecepit
817 2972 1033 3028 quoque
1113 2956 1364 3027 scriptori
1444 2954 1831 3026 praesentium,

406 3062 537 3103 cens
595 3062 607 3100 ἰ

416 3152 576 3208 quam
608 3150 709 3189 nec
736 3133 986 3188 abbatem
1032 3134 1088 3187 in
1130 3132 1215 3186 his
1267 3132 1400 3187 locis
1459 3131 1858 3201 reperiendum,
1922 3130 2014 3201 qui

413 3224 656 3279 debitum
687 3222 1074 3278 commendans
1087 3220 1318 3275 oﬁicium
1336 3220 1631 3275 educendae
1652 3219 1719 3273 de
1752 3219 1856 3273 isto
1887 3233 2013 3273 car-

409 3328 534 3368 cere
566 3311 761 3366 animae
793 3326 927 3365 mea)
956 3308 1129 3363 valeat
1159 3308 1492 3378 impendere.
1526 3307 1822 3362 Universos
1855 3321 2014 3360 nam-

409 3402 518 3473 que
548 3400 706 3469 hujus
738 3407 901 3453 terrm
933 3398 1188 3467 prmlatos
1218 3397 1451 3451 edictum
1469 3394 1724 3467 generale
1754 3394 2017 3465 protraxit

414 3488 769 3545 Lincolniam.
802 3486 978 3541 Mittes
1011 3485 1177 3558 igitur
1197 3500 1394 3555 pueros
1414 3500 1535 3539 cum
1559 3483 1793 3553 equisad
1822 3483 2015 3538 West-

1920 2954 2007 3008 di-

408 3576 801 3634 monasterium
853 3575 1001 3645 (359)
1053 3574 1144 3644 qui
1192 3573 1462 3628 deducant
1511 3571 1635 3625 inde
1673 3578 1882 3641 septem
1931 3578 2017 3632 vel

408 3674 536 3722 octo
566 3664 882 3731 monachos,
914 3671 973 3716 ut
1002 3659 1573 3717 celebrentvobiscum
1593 3659 1882 3729 exsequias
1913 3674 2016 3713 no-

411 3762 571 3809 stras.
606 3751 689 3807 Ad
732 3752 995 3806 decanum
1045 3748 1395 3804 nihilominus
1441 3747 1621 3802 Sancti
1660 3746 1812 3801 Pauli
1870 3746 2019 3818 (360)

412 3842 599 3898 verbis
646 3840 780 3895 meis
824 3839 1023 3903 mittes,
1076 3845 1127 3892 et
1180 3835 1462 3891 mandabis
1521 3835 1596 3888 illi
1643 3845 1907 3905 quatenus
1952 3850 2018 3888 ex

406 3930 619 3986 clericis
641 3930 868 3983 chorum
897 3925 1366 3995 frequentantihus
1410 3922 1687 3993 copiosam
1733 3924 1839 3977 huc
1882 3922 2018 3975 diri-

413 4025 504 4090 gat
534 4014 950 4070 multitudinem.
986 4015 1066 4067 Ita
1095 4011 1225 4065 mihi
1259 4010 1526 4081 siquidem
1570 4010 1847 4081 speciosas
1894 4026 2019 4080 per-

421 4104 645 4162 solvetis
675 4102 985 4173 exsequias.

492 4219 513 4242 α
568 4193 703 4247 Cum
752 4206 883 4246 vero
930 4198 1142 4259 tempus
1189 4186 1345 4242 fuerit
1411 4194 1468 4240 ut
1516 4202 1716 4256 corpus
1774 4185 2021 4241 exanime

424 4281 827 4355 pontificalibus
853 4279 1106 4333 induatur
1151 4292 1216 4331 ex
1264 4291 1417 4330 more
1470 4275 1732 4339 vestibus,
1786 4274 2021 4330 sociabis

2138 1726 2248 1780 suis
2280 1726 2329 1781 ei
2358 1727 2723 1796 praesentatis,
2770 1742 2936 1781 unum
2967 1726 3165 1781 modici
3196 1725 3472 1796 ponderis,
3506 1740 3728 1779 aureum

2134 1820 2337 1881 tamen,
2369 1815 2767 1885 habentemque
2799 1814 3021 1885 saphyri
3065 1814 3302 1885 aquatici
3342 1828 3615 1885 gemmam
3644 1813 3725 1866 vi-

2130 1902 2343 1967 liorem,
2401 1902 2728 1958 contradidit
2776 1901 2953 1967 nobis,
2993 1923 3014 1951 ι
3048 1902 3231 1969 istum,
3280 1901 3546 1973 inquiens,
3599 1900 3726 1954 dum

2129 1988 2497 2059 episcoparer,
2546 1989 2747 2060 digitus
2794 1996 2978 2043 noster
3005 1990 3236 2059 excepit,
3269 1997 3321 2043 et
3367 1988 3547 2053 istum,
3600 1987 3727 2041 dum

2128 2076 2382 2146 sepeliar,
2430 2078 2653 2132 dextera
2701 2078 2818 2133 haec
2874 2077 3143 2132 retinebit.
3191 2076 3575 2147 Prospeximus
3619 2092 3724 2129 no-

2128 2164 2210 2219 bis
2240 2164 2295 2218 in
2324 2166 2428 2219 hoc
2456 2173 2601 2229 tunc,
2628 2181 2750 2220 cum
2781 2166 2846 2218 ad
2892 2166 3119 2235 gradum
3160 2165 3321 2219 istum
3368 2164 3721 2229 accessimus,

2124 2260 2178 2306 ut
2208 2252 2476 2307 ordinatio
2526 2260 2579 2307 et
2626 2252 2866 2307 humatio
2915 2261 3099 2307 nostra
3166 2253 3374 2307 eisdem
3416 2252 3723 2324 insignibus

2124 2340 2480 2406 donarentur,
2516 2357 2637 2412 qum
2667 2340 2918 2396 videlicet
2938 2341 3229 2407 viventem,
3255 2328 3441 2412 eisque
3461 2349 3722 2406 utentem,

2120 2430 2434 2485 humilitatis
2465 2430 2839 2494 admonerent,
2874 2437 2925 2483 et
2954 2429 3099 2485 circa
3142 2429 3362 2483 tandem
3404 2428 3725 2484 exstinctum

2120 2526 2173 2573 et
2200 2518 2545 2583 tumulatum,
2578 2518 2694 2572 haec
2723 2517 2943 2573 fortuito
2987 2518 3294 2589 quempiam
3345 2518 3720 2588 reperientem,

2119 2606 2188 2660 ad
2220 2606 2541 2675 rapiendum
2576 2622 2643 2660 ea
2682 2605 2762 2659 sui
2808 2606 2979 2676 pretio
3010 2606 3097 2660 vel
3148 2607 3330 2676 specie
3361 2606 3579 2661 minime
3608 2622 3729 2675 pro.

2117 2702 2395 2749 vocarent.
2434 2715 2455 2744 ι
2492 2693 2573 2748 Eo
2603 2693 2768 2766 igitur
2796 2694 2914 2749 haec
2953 2703 3339 2764 prosequente,
3381 2694 3723 2748 audientibus

2117 2780 2485 2854 significatum
2516 2789 2600 2836 est
2629 2782 2774 2852 quod
2803 2790 2926 2851 post
2967 2783 3300 2853 sepulturam
3349 2782 3573 2852 primam
3607 2782 3723 2851 ipse

2116 2885 2316 2939 corpus
2362 2886 2517 2923 suum
2568 2868 3001 2924 transferendum
3067 2870 3217 2941 (363)
3268 2870 3617 2942 quandoque,
3663 2884 3726 2925 ac

2114 2956 2340 3027 proinde
2391 2957 2789 3027 inspiciendum
2826 2973 2947 3012 esse
2996 2958 3325 3027 praeviderit,
3378 2959 3724 3029 quandoqui-

673 3008 733 3028 κη
824 3008 1028 3028 τν-τη
1606 3008 1611 3009 κ
1820 3008 1830 3020 ι
2114 3008 2336 3027 τηη--τ
2393 3008 2789 3027 τ--τκ-η-ηκω
3385 3008 3689 3029 π---ηη-

673 3068 695 3093 α
772 3045 895 3101 Scio
983 3045 1202 3116 quidem
1268 3060 1371 3099 nec
1449 3044 1765 3114 episcOpum
1826 3008 2085 3113 quem-C
2122 3046 2246 3100 dem
2271 3044 2521 3116 primitus
2549 3045 2603 3099 in
2646 3045 2899 3115 sepulcro
2940 3045 3161 3116 duplici,
3212 3046 3469 3116 plumbeo
3522 3046 3730 3102 scilicet

2121 3149 2186 3188 ac
2216 3132 2450 3204 lapideo,
2485 3140 2711 3204 utroque
2742 3133 3070 3189 solidissime
3113 3134 3368 3189 obserato
3418 3134 3729 3190 reconden-

2120 3222 2269 3287 dum,
2303 3237 2404 3277 nec
2435 3220 2621 3277 videre
2652 3221 2784 3275 illud
2816 3221 3101 3295 quispiam,
3145 3238 3247 3279 nec
3277 3238 3373 3277 sua
3414 3223 3517 3277 sibi
3557 3238 3726 3278 orna-

2118 3317 2296 3364 menta
2342 3309 2637 3380 prmripere
2681 3309 2959 3365 valuisset.
3012 3311 3195 3381 Ipsum
3243 3327 3374 3367 vero
3432 3312 3728 3383 sepultura

2121 3412 2232 3452 suae
2262 3397 2438 3452 locum
2460 3397 2529 3451 ita
2548 3396 2867 3469 designabat
2903 3416 2916 3452 :
2947 3419 2968 3449 cz
2991 3406 3114 3453 ante
3137 3414 3301 3465 aram,
3328 3399 3519 3471 inquit,
3546 3415 3727 3470 δωρε-

2120 3484 2250 3540 dicti
2279 3485 2491 3556 patroni
2522 3485 2628 3540 mei
2658 3486 3015 3553 praecursoris
3033 3487 3269 3553 Domini,
3289 3487 3382 3542 ubi
3411 3502 3727 3560 congruen—

2120 3573 2224 3626 tius
2255 3573 2526 3627 videbitur
2557 3573 2790 3645 spatium
2822 3588 2983 3630 secus
3012 3590 3227 3629 murum
3276 3576 3516 3647 aliquem
3546 3591 3722 3647 pone-

2121 3661 2189 3715 tis
2217 3676 2323 3729 me,
2357 3677 2425 3716 ne
2455 3660 2821 3732 pavimentum
2852 3661 2957 3718 loci
3012 3663 3217 3727 tumba,
3258 3671 3317 3719 ut
3363 3663 3646 3736 plerisque
3675 3664 3730 3718 in

2121 3748 2369 3805 ecclesiis
2400 3748 2690 3817 cernimus,
2723 3750 3031 3821 importune
3079 3760 3328 3823 occupet,
3362 3759 3415 3807 et
3458 3751 3727 3809 inceden-

2120 3836 2264 3892 tibus
2294 3836 2678 3894 oﬂ‘endiculum
2707 3846 2928 3909 praestet
2959 3846 3048 3893 aut
3076 3839 3311 3895 ruinam.
3352 3860 3374 3889 ι

2192 3925 2327 3980 Cum
2374 3941 2506 3981 vero
2554 3925 2743 3981 durius
2789 3935 3074 3983 vexaretur
3119 3927 3395 3984 doloribus
3442 3928 3729 3984 immensis

2120 4012 2496 4082 hujuscemodi
2517 4013 2714 4084 sepius
2748 4016 2916 4071 verba
2952 4016 3263 4086 repetebat:
3303 4039 3323 4064 ι
3362 4016 3408 4072 Ο
3429 4017 3518 4088 pie
3553 4018 3726 4083 Deus,

2121 4100 2365 4171 requiem
2396 4109 2589 4171 praesta
2619 4102 2814 4158 nobis!
2850 4105 2994 4159 Bone
3026 4105 3275 4172 Domine,
3332 4106 3591 4177 Deusque
3638 4121 3730 4160 ve-

2122 4203 2240 4254 rax,
2273 4188 2416 4244 dona
2446 4189 2667 4245 tandem
2718 4191 2874 4246 nobis
2920 4192 3203 4263 requiem!
3243 4216 3264 4242 ιι
3298 4192 3396 4248 Cui
3444 4193 3615 4249 semel
3657 4194 3731 4249 ita

2125 4293 2247 4333 eum
2267 4277 2616 4334 consolantes
2632 4278 2866 4334 diximus
2892 4296 2905 4334 :
2930 4280 3107 4346 «1am,
3134 4281 3382 4348 Domine,
3399 4281 3724 4353 quiescetis;

422 4371 521 4426 tibi
551 4371 699 4440 (361)
733 4384 898 4423 unum
936 4384 1001 4421 ex
1052 4364 1423 4421 sacerdotibus
1472 4363 1739 4435 regularis
1784 4363 2017 4433 habitus,
2039 4356 2091 4415 D
2122 4373 2293 4421 tactus
2324 4382 2517 4437 nempe
2548 4366 2736 4437 pulsus
2765 4368 2931 4423 vestri
2959 4367 3098 4424 ﬁniri
3145 4386 3289 4425 nunc
3326 4370 3496 4424 innuit
3525 4385 3725 4426 acces-

424 4459 515 4531 qui
548 4466 727 4513 tecum
759 4464 925 4510 totum
960 4454 1118 4508 funus
1149 4452 1463 4524 diligentius
1504 4451 1684 4504 abluat
1715 4457 1767 4505 et
1807 4450 2024 4505 abster-

427 4555 539 4621 gat.
574 4547 632 4599 In
663 4544 897 4600 ecclesia
925 4558 1159 4611 namque
1189 4541 1374 4594 matris
1405 4547 1604 4594 sanctae
1653 4538 1751 4592 Dei
1785 4538 2024 4593 Genitri-

431 4635 510 4693 cis
543 4632 691 4704 (362)
726 4648 834 4687 non
862 4630 1049 4702 procul
1080 4638 1148 4683 ab
1196 4628 1353 4683 altari
1399 4627 1455 4680 S.
1500 4626 1726 4681 Joannis
1773 4627 2029 4697 Baptistae

510 4811 649 4870 (557)
672 4811 828 4860 Etiam
877 4819 1023 4863 nunc,
1050 4805 1163 4854 dum
1206 4807 1387 4865 :egroto
1428 4802 1570 4852 datur
1598 4802 2029 4870 extremarunctio,

440 4879 563 4941 apud
591 4877 941 4927 Carthasianos
966 4872 1318 4941 benedicuntur
1336 4870 1526 4941 eineres
1554 4872 1601 4918 et
1622 4870 1734 4919 hinc
1750 4869 1869 4919 inde
1886 4882 2034 4930 super

440 4939 619 4995 lectum
647 4948 693 4994 et
717 4954 892 5004 corpus
913 4939 1089 4988 intlrmi
1116 4939 1429 4998 sparguntur.

513 5046 654 5107 (358)
681 5047 750 5095 De
791 5040 1129 5093 consuetudine
1176 5040 1269 5107 hac
1315 5036 1437 5087 nihil
1462 5040 1673 5107 constat,
1707 5050 1845 5107 posse
1874 5044 2033 5087 tamen

443 5103 544 5164 tolli
563 5112 717 5162 cilicia
743 5110 921 5174 praevia
941 5104 1303 5170 dispensatione
1324 5103 1612 5165 permittunt
1631 5106 1831 5153 statuta.

517 5232 658 5298 (359)
687 5227 1025 5281 Monasterium
1048 5225 1481 5298 caecusque-tum.
1514 5222 1562 5298 in
1601 5222 1892 5298 occidentali
1916 5224 2038 5298 Lon-

442 5287 601 5356 doniae
642 5287 777 5349 urbis
816 5298 955 5356 parte
990 5292 1079 5341 sub
1116 5290 1254 5341 titulo
1277 5291 1330 5341 S.
1354 5287 1503 5349 Petri,
1529 5287 1591 5337 de
1615 5301 1708 5351 quo
1731 5288 2038 5340 Mabillonius

446 5374 568 5423 tom.
596 5368 635 5428 l,
664 5363 839 5416 Annal.
861 5374 909 5423 p.
934 5360 1054 5409 285.

512 5466 655 5537 (360)
691 5463 909 5519 Ecclesia
945 5457 1241 5511 cathedralis
1288 5456 1348 5509 ad
1389 5454 1674 5509 orientalem
1718 5456 1862 5508 dictae
1904 5457 2037 5509 urbis

2126 4454 2335 4509 sionem
2385 4454 2581 4520 istam;
2622 4478 2643 4503 ι»
2694 4455 2776 4510 Ad
2820 4456 2935 4512 hac
2963 4456 3101 4513 ille:
3138 4480 3160 4506 α
3215 4457 3261 4514 Ο
3309 4474 3459 4523 vere,
3527 4458 3724 4530 inquit,

2127 4542 2314 4596 beatos
2361 4541 2504 4611 illos,
2558 4558 2694 4613 quos
2746 4543 2831 4599 vel
2875 4545 3101 4600 extremi
3143 4546 3261 4601 dies
3298 4546 3486 4616 judicii
3532 4550 3729 4620 requie

2130 4629 2352 4683 donabit
2380 4629 2706 4685 inconcussa
2732 4630 2742 4686 I
2781 4654 2803 4680 ιι
2834 4632 2916 4687 Ad
2944 4649 3103 4704 quem
3153 4633 3388 4690 vicissim
3418 4636 3731 4693 dicentibus

2132 4810 2343 4877 partem,
2370 4820 2430 4856 an
2460 4809 2506 4858 in
2533 4822 2589 4859 ea
2614 4809 2873 4871 aliquando
2898 4811 3077 4863 fuerint
3100 4812 3346 4877 monachi,
3372 4812 3565 4866 dubitat
3606 4816 3736 4867 idem

2136 4875 2436 4924 Mabillonius
2461 4878 2579 4925 tom.
2610 4878 2829 4939 proxime
2856 4879 3023 4928 citato.

2202 4957 2343 5028 (561)
2371 4960 2440 5028 Ex
2465 4961 2545 5009 hic
2568 4961 2762 5028 colligat
2784 4963 2953 5016 lector.
3000 4977 3141 5026 quem
3178 4977 3296 5028 erga
3332 4967 3579 5015 auctorem
3620 4968 3738 5017 vita:

2134 5023 2359 5074 habuerit
2392 5027 2457 5092 ,S.
2504 5028 2636 5088 Ηυεο
2682 5027 2926 5091 allectum,
2966 5023 3080 5081 dum
3119 5032 3183 5092 ei,
3230 5023 3325 5081 non
3363 5030 3516 5082 solum
3547 5046 3735 5084 arcana

2135 5091 2464 5206 conscienttiaa,
2492 5093 2579 5143 sed
2604 5096 2653 5143 et
2672 5097 2890 5157 corporis
2918 5101 3026 5159 post
3060 5101 3269 5148 mortem
3305 5098 3532 5149 abluendi
3559 5112 3733 5151 curam

2135 5168 2355 5206 commisi
2383 5194 2396 5205 .

2134 5168 2396 5207 COHIIDISH.

2205 5237 2347 5305 (362)
2386 5242 2439 5291 In
2465 5243 2737 5295 cathedrali
2764 5245 2990 5297 videlicet
3011 5247 3367 5299 Lincolniensi.

2205 5324 2341 5387 (565)
2378 5326 2770 5380 Translationem
2798 5330 2973 5381 tactam
2999 5343 3128 5382 anno
3154 5332 3283 5384 £280
3307 5330 3461 5384 refert
3483 5333 3653 5385 Surius
3682 5337 3737 5387 in

2137 5389 2233 5440 ﬁne
2273 5391 2400 5462 Vita;
2439 5393 2583 5462 hujus
2611 5396 2789 5462 sancti.
2840 5397 3153 5460 corrigendus
3201 5400 3249 5449 in
3298 5413 3374 5460 eo,
3426 5401 3552 5462 quod
3599 5401 3741 5453 hunc

2136 5467 2312 5509 annum
2338 5471 2367 5510 a
2386 5457 2517 5512 beati
2541 5461 2754 5525 Hugonis
2778 5462 2912 5516 obitu
2932 5457 3074 5517 vocet
3112 5457 3493 5531 octuageaimuin
3512 5472 3742 5522 sextum.
