3960 6062
307 183 432 234 1101

1685 182 1865 238 VITA.
1896 211 1965 223 —
1994 182 2121 237 LIB.
2163 183 2228 239 V.

3457 180 3595 236 1102

305 303 463 357 nobis
499 319 512 357 :
548 325 569 350 «ι
606 304 776 372 Hujus
826 282 971 359 diem
1022 305 1211 374 judicii
1264 305 1434 372 illam,
1493 306 1710 362 volente
1761 308 1896 374 Deo,
1921 308 1977 367 A
2004 304 2258 361 videlicet
2278 304 2480 359 utendo
2500 303 2740 374 legitime
2752 301 3040 372 judiciaria
3068 308 3352 372 potestate.
3377 301 3460 356 Ad
3480 301 3596 357 haec

306 391 597 457 habebitis,
633 408 742 462 qua
786 393 941 446 istius
991 395 1168 448 carnis
1228 394 1495 449 sarcinam
1535 395 1839 465 deponetis.
1879 417 1901 443 υ

306 478 401 531 Ille
431 487 649 532 econtra
685 495 697 534 :
739 500 759 529 ι
794 480 917 533 Non
948 489 1111 544 recte,
1146 481 1340 551 inquit,
1365 483 1733 537 sentitis.Non
1761 481 1905 536 enim

299 565 509 633 judicii,
544 567 640 621 sed
689 568 882 637 gratis:
930 576 983 623 et
1029 568 1417 624 misericordim
1459 570 1577 625 dies
1626 570 1742 638 erit,
1803 586 1906 641 qua

310 668 415 723 ego
445 654 730 727 defungar.
772 676 793 705 ι

377 741 596 811 Stupori
628 744 989 813 praesentibus
1024 760 1349 819 magnzeque
1407 746 1508 801 fuit
1559 746 1905 802 admirationi

308 834 448 883 inter
477 830 798 900 multiplices
826 833 1098 888 cruciatus
1132 834 1643 889 violentissimarum
1680 835 1903 905 aegritu-

305 915 491 971 dinum
524 918 723 973 invicta
753 934 971 990 semper
1002 920 1167 975 animi
1208 922 1325 990 ejus
1343 922 1624 977 fortitudo.
1658 923 1737 977 Ita
1760 923 1903 977 enim

306 1020 365 1059 se
394 1004 450 1058 in
478 1005 697 1071 lectulo,
729 1022 852 1061 cum
874 1007 1056 1073 vellet,
1080 1009 1134 1063 in
1166 1009 1308 1064 latus
1365 1010 1511 1064 aliud
1555 1026 1614 1065 se
1669 1010 1900 1082 girabat,

304 1092 375 1146 ita
405 1092 626 1148 robuste
666 1093 947 1164 incedens,
977 1111 1102 1151 cum
1151 1097 1431 1153 secederet
1458 1114 1488 1152 a
1516 1097 1735 1161 lectulo,
1796 1113 1903 1169 quo

307 1188 417 1234 erat
434 1196 681 1247 necesse,
697 1182 809 1236 ibat
837 1190 890 1237 et
910 1183 1139 1253 redibat,
1163 1193 1221 1239 ut
1236 1200 1596 1258 congressum
1615 1186 1903 1257 quemdam

306 1275 357 1321 et
387 1267 697 1324 conﬂictum
731 1285 855 1325 cum
882 1270 1197 1327 infirmitate
1227 1273 1477 1344 corporis
1510 1273 1681 1329 virtus
1738 1273 1903 1328 animi

306 1356 425 1424 ejus
482 1356 671 1412 iniisse
719 1358 1019 1427 putaretur.
1083 1360 1221 1415 Hinc
1281 1368 1331 1415 et
1387 1360 1637 1416 dicebant
1681 1361 1897 1430 medici,

304 1443 466 1511 hujus
514 1452 703 1514 gestus
755 1446 1073 1501 intuentes:
1111 1470 1133 1494 α
1190 1450 1328 1503 Vere
1388 1449 1610 1518 spiritus
1667 1449 1901 1504 hominis

304 1530 460 1585 istius
491 1540 757 1587 sustentat
787 1532 1148 1590 infirmitatem
1181 1536 1472 1604 ejus.Vere
1493 1553 1615 1592 cum
1637 1536 1900 1608 Apostolo

2006 393 2100 449 ille
2122 394 2347 448 verbum
2379 391 2621 464 protulit,
2646 390 2789 463 quod
2809 391 3055 461 pluribus
3084 390 3415 445 audientium
3458 405 3599 461 gau-

2007 480 2097 535 dio
2126 481 2332 551 pariter
2362 489 2414 535 et
2469 480 2730 534 miraculo
2778 478 2964 533 fuitz¢
3029 477 3188 544 Odio,
3258 477 3452 549 inquit,
3512 484 3601 531 aut

2007 584 2212 635 amore,
2248 569 2346 623 sed
2376 584 2475 623 nec
2497 567 2716 639 quidem
2736 583 2833 637 spe
2863 566 2948 622 vel
2978 567 3190 634 timore,
3224 581 3473 636 personae
3501 581 3598 620 seu

2006 656 2086 712 rei
2122 657 2529 726 cujuscumque,
2589 670 2867 726 nunquam
2914 669 2947 709 a
2986 654 3215 710 veritate
3267 652 3457 722 judicii
3512 668 3601 708 me

2006 744 2240 799 scienter
2269 744 2604 799 exorbitasse
2650 742 2891 798 memini.
2942 742 2999 797 Si
3037 742 3334 811 judicando
3385 739 3598 796 deviavi

2004 847 2036 886 a
2056 840 2226 898 recto,
2260 832 2365 886 hoc
2395 831 2632 902 prepriaz
2660 830 3002 903 ignorantiae,
3037 838 3129 884 aut
3161 838 3310 887 certe
3344 828 3596 884 assiden-

2004 919 2156 986 tium,
2190 919 2395 975 crimen
2428 918 2552 973 fuit.
2597 924 2620 967 »ί
2866 908 2867 911 “

2076 1009 2191 1064 Nec
2209 1006 2653 1078 praetereundum
2681 1004 2985 1062 inconsulte
3028 1005 3242 1062 videtur
3284 1005 3429 1077 quod
3485 1004 3589 1073 vir,

2005 1096 2169 1151 totius
2198 1111 2417 1167 semper
2448 1095 2697 1151 vanitatis
2725 1102 2777 1150 et
2806 1094 3201 1165 superstitionis
3255 1094 3595 1161 adversator,

2004 1192 2225 1257 gustum
2253 1183 2433 1255 potius
2462 1183 2706 1239 carnium
2734 1182 2791 1236 in
2805 1182 3063 1239 extremis
3076 1182 3237 1251 hujus
3252 1180 3593 1254 aegritudinis

2005 1287 2168 1343 quam
2199 1288 2352 1327 esum
2384 1286 2485 1341 pro
2505 1270 2651 1326 bono
2680 1269 3004 1326 obedientia:
3040 1285 3387 1342 nequaquam
3425 1284 3591 1340 repu-

2002 1359 2249 1416 diaverit.
2292 1358 2719 1432 Suggerentibus
2768 1373 2967 1429 nempe
3003 1357 3212 1422 amicis,
3264 1365 3316 1413 et
3365 1356 3592 1413 medicis

2002 1447 2375 1503 asserentibus
2405 1446 2533 1518 quia
2563 1444 2741 1501 hieme
2756 1453 3028 1501 transacta
3056 1444 3269 1501 facilius
3283 1452 3588 1512 curaretur,

2001 1534 2049 1589 si
2088 1534 2226 1591 cibis
2282 1534 2733 1591 esculentioribus
2785 1532 3039 1589 aﬁ‘ectum
3089 1533 3202 1602 jam
3249 1548 3481 1605 corpus,
3538 1542 3593 1589 et

305 1619 566 1673 insultare
596 1628 772 1691 potest
804 1621 904 1676 iste
936 1623 1151 1693 corpori
1183 1623 1370 1679 mortis
1398 1626 1577 1693 hujus,
1603 1633 1656 1680 et
1684 1625 1897 1681 dicere:
1928 1655 1982 1716 B
2004 1624 2280 1695 quartanis
2308 1623 2586 1695 algoribus
2613 1629 2737 1694 post
2766 1622 2903 1677 alias
2947 1621 3129 1677 febres
3175 1620 3588 1693 congelascens,

310 1729 332 1754 α
370 1706 598 1775 Quando
628 1708 890 1779 infirmor,
928 1718 1056 1765 tunc
1115 1711 1303 1767 fortior
1361 1730 1481 1767 sum
1503 1721 1555 1768 et
1611 1722 1803 1784 potens
1832 1712 1908 1785 (II
1929 1706 1980 1716 ”
2004 1711 2174 1768 foveri
2220 1712 2579 1783 permisisset,
2618 1710 2777 1780 jussit
2822 1710 3287 1782 archiepiscopus,
3329 1718 3379 1765 et
3409 1709 3466 1764 in
3503 1726 3593 1765 re-

312 1794 434 1850 Cor.
470 1811 572 1862 xu,
608 1798 716 1866 10),
760 1820 780 1845 ι»
816 1799 929 1853 Vox
962 1815 1179 1870 quoque
1208 1800 1281 1855 ita
1312 1816 1476 1857 succo
1504 1800 1685 1872 plena,
1709 1801 1901 1868 virilis,

308 1891 385 1947 ut,
409 1883 537 1938 licet
567 1884 910 1951 submissior,
946 1886 1197 1943 subtilior
1226 1896 1409 1943 tamen
1438 1889 1596 1945 solito
1627 1906 1733 1944 non
1771 1889 1905 1944 satis

311 1970 610 2025 audiretur.
644 1972 954 2028 Lectionem
977 1983 1100 2045 post
1128 1977 1571 2049 martyrologium
1593 1978 1661 2032 de
1680 1978 1907 2033 Joannis

308 2058 611 2130 Evangelio
627 2059 745 2129 ipsa
762 2076 977 2133 quoque
990 2061 1097 2129 die,
1114 2079 1220 2135 qua
1236 2065 1488 2132 decessit,
1508 2066 1742 2136 propriae
1758 2065 1909 2121 vocis

311 2146 578 2201 sonituita
600 2147 881 2203 terminari
909 2149 1055 2216 fecit,
1081 2159 1137 2205 ut
1163 2151 1249 2205 die
1272 2153 1506 2207 crastino
1522 2153 1597 2207 ibi
1618 2169 1803 2209 coram
1833 2154 1909 2208 fu-

314 2248 448 2289 nere
479 2235 596 2303 ejus
625 2234 695 2289 ad
729 2236 953 2291 missam
982 2238 1241 2309 inciperet
1262 2239 1373 2312 legi
1402 2241 1780 2313 Evangelium,
1817 2240 1911 2295 ubi

313 2322 488 2393 pridie
517 2332 650 2377 nutu
682 2324 853 2395 ipsius
881 2332 1055 2379 textus
1079 2326 1370 2397 Scriptura:
1382 2329 1627 2397 ejusdem
1648 2330 1805 2385 desiit
1819 2345 1910 2385 re—

317 2410 490 2465 citari.
524 2410 703 2479 Quod,
726 2421 1011 2483 postquam
1028 2414 1375 2483 advertimus,
1398 2425 1583 2487 utpote
1604 2433 1668 2472 eo
1688 2418 1912 2472 minime

318 2507 662 2568 procurante,
697 2500 983 2570 accidisse,
1016 2500 1434 2572 glorificavimus
1464 2505 1658 2571 Deum,
1682 2505 1772 2575 qui
1794 2506 1913 2575 pul-

319 2586 450 2640 chro
494 2587 743 2658 miroque
797 2588 988 2643 ordine
1044 2590 1225 2644 omnia
1268 2590 1383 2658 ejus
1422 2607 1588 2662 opera
1639 2592 1916 2664 vitamque

320 2680 489 2728 totam
521 2691 693 2746 usque
722 2675 775 2729 in
808 2675 971 2730 finem
999 2692 1217 2747 semper
1238 2677 1526 2749 dirigebat.
1548 2680 1724 2735 Locus
1753 2681 1916 2735 etiam

321 2761 618 2831 Scriptura:
648 2779 874 2817 summae
905 2764 1206 2819 dulcedinis
1234 2767 1565 2837 prazsagium
1582 2767 1701 2838 ipsa
1732 2784 1917 2822 rerum

320 2850 481 2916 serie,
540 2867 660 2921 quae
717 2860 885 2923 gesta;
932 2852 1163 2918 fuerant,
1235 2854 1519 2910 manifeste
1573 2856 1914 2926 praeferebat.

322 2938 453 2992 Erat
482 2954 713 3009 namque
742 2939 995 2994 familiari
1024 2940 1463 2998 confabulatione
1496 2943 1792 2999 Salvatoris
1825 2960 1920 2999 no-

2003 1800 2322 1856 missionem
2350 1808 2701 1871 peccatorum
2729 1799 2958 1868 injunxit
2989 1798 3059 1866 ei,
3092 1806 3150 1853 ut
3178 1797 3343 1853 intali
3373 1813 3592 1869 quoque

2006 1889 2162 1944 diaeta
2218 1888 2445 1945 consilio
2501 1888 2840 1944 medicorum
2896 1902 3096 1959 parere
3150 1885 3449 1942 debuisset.
3500 1885 3598 1941 Ille

2006 1992 2138 2033 vero
2195 1976 2570 2048 praescriptum
2618 1976 2882 2045 objiciens
2938 1974 3147 2031 ordinis
3203 1973 3596 2030 Carthusiensis

2008 2065 2138 2136 (quo
2167 2064 2221 2118 in
2251 2080 2537 2121 commune
2564 2064 2816 2121 omnibus
2844 2063 3130 2130 morbidis,
3152 2062 3300 2118 sanis
3327 2070 3381 2118 et
3431 2061 3597 2118 mori-

2008 2152 2226 2219 bundis,
2248 2168 2373 2208 esus
2385 2153 2666 2208 carninum
2688 2153 2835 2224 (365)
2853 2151 3146 2223 inhibetur)
3163 2151 3217 2206 id
3235 2150 3339 2206 sibi
3353 2150 3597 2207 illicitum

2011 2240 2297 2296 fatebatur.
2333 2240 2463 2307 Sed,
2495 2256 2565 2296 ne
2610 2240 2792 2296 multis
2838 2239 3213 2306 immoremur,
3271 2240 3343 2294 ad
3379 2238 3599 2310 petitio—

2012 2346 2140 2385 nem
2168 2329 2387 2384 demum
2417 2329 2739 2385 clericorum
2771 2344 3011 2397 suorum,
3042 2327 3113 2383 de
3149 2327 3404 2383 mandato
3460 2342 3601 2399 quo-

2015 2434 2121 2489 que
2151 2425 2204 2473 et
2232 2416 2419 2473 sedula
2440 2418 2736 2473 monitione
2752 2416 3154 2472 Cantuariensis
3175 2414 3601 2488 archiprmsulis,

2015 2505 2280 2576 susceptis
2308 2522 2408 2575 per
2462 2505 2739 2560 dominum
2810 2504 3104 2560 Robertum
3126 2545 3142 2573 ,
3192 2511 3321 2559 tunc
3387 2502 3605 2574 quidem

2016 2601 2437 2665 procuratorem,
2470 2608 2535 2649 ac
2568 2593 2729 2664 paulo
2758 2600 2881 2664 post
2918 2593 3156 2664 priorem
3184 2593 3241 2649 in
3287 2591 3608 2658 Withamia,

2019 2697 2085 2738 ac
2114 2681 2337 2736 fratrum
2360 2680 2602 2750 ejusdem
2624 2681 2730 2737 loci
2759 2681 3075 2737 hortatoriis
3108 2680 3373 2751 epistolis,
3423 2687 3481 2734 ut
3512 2694 3613 2735 suo

2021 2764 2395 2820 incunctanter
2426 2763 2839 2834 archiepiscopo
2860 2763 2916 2817 in
2944 2763 3050 2819 hac
3078 2764 3196 2832 ejus
3221 2762 3468 2833 jussione
3509 2777 3614 2834 pa-

2020 2860 2189 2918 reret,
2224 2867 2421 2907 carnes
2449 2851 2516 2905 ab
2537 2850 2905 2906 adolescentia
2954 2865 3056 2906 sua
3092 2867 3268 2922 usque
3296 2859 3426 2906 tunc
3470 2849 3620 2904 nulla

2024 2939 2316 2997 occasione
2337 2954 2369 2993 a
2400 2955 2459 2993 se
2482 2938 2789 3009 praelibatas
2820 2938 2875 2992 in
2905 2938 3083 2994 cibum
3114 2939 3362 3009 sumpsit.
3395 2937 3623 2993 Dicebat

325 3024 420 3079 stri
445 3033 498 3079 et
527 3027 749 3081 Marthae
771 3035 897 3083 ante
928 3028 1331 3084 suscitationem
1364 3030 1545 3085 fratris
1576 3032 1692 3099 ejus
1713 3032 1920 3098 Lazari,
1947 3005 1993 3066 Ο
2026 3043 2159 3085 vero
2180 3027 2376 3081 nobis:
2410 3026 2606 3082 Sciatis
2637 3026 2762 3097 quia
2792 3041 2897 3082 nec
2926 3026 3200 3082 desiderio
3231 3042 3333 3082 nec
3373 3025 3621 3082 remedio

331 3130 455 3185 quae
486 3114 560 3168 ita
582 3115 894 3170 contexitur
929 3131 941 3170 :
980 3138 1001 3168 ι
1032 3117 1178 3172 Dixit
1207 3119 1417 3173 Martha
1449 3118 1517 3174 ad
1545 3120 1728 3174 Jesum
1762 3137 1775 3174 :
1809 3122 1925 3174 Do-

326 3201 495 3267 mine,
528 3202 573 3255 si
604 3202 804 3259 fuisses
836 3205 943 3271 hic,
969 3203 1140 3261 frater
1160 3222 1314 3261 meus
1336 3222 1444 3262 non
1461 3206 1652 3262 fuisset
1680 3216 1929 3263 mortuus

327 3290 513 3360 (Joan.
545 3304 631 3359 x1,
665 3293 775 3361 32),
807 3312 828 3341 »
859 3301 960 3348 etc.
988 3293 1122 3349 Cum
1144 3294 1286 3348 enim
1316 3295 1451 3350 alias
1473 3296 1765 3352 canonicas
1786 3296 1928 3352 Scri-

330 3386 519 3449 pturas
550 3380 886 3450 temporibus
929 3382 1161 3451 statutis,
1210 3390 1321 3437 tum
1355 3383 1421 3437 ad
1469 3384 1783 3454 matutinas,
1814 3393 1929 3439 tum

330 3467 400 3521 ad
422 3467 641 3520 missam
677 3484 846 3537 suam,
880 3470 1149 3523 annuatim
1174 3471 1343 3541 relegi
1388 3472 1725 3537 instituisset,
1788 3488 1928 3543 qua-

331 3561 457 3608 tuor
476 3555 929 3626 evangelistarum
952 3557 1173 3612 totidem
1197 3558 1366 3613 libros
1381 3560 1527 3630 (364)
1550 3568 1673 3630 post
1700 3559 1929 3630 primam

331 3641 442 3696 diei
476 3643 686 3708 horam,
720 3645 1004 3713 praemisso
1025 3645 1262 3715 capitulo
1285 3647 1676 3717 martyrologii,
1703 3655 1933 3718 quatuor

333 3729 463 3784 anni
494 3731 830 3801 temporibus
856 3732 1067 3803 perlegi
1104 3732 1357 3791 faciebat.
1390 3735 1501 3789 Has
1539 3736 1683 3789 enim
1735 3735 1931 3791 lectio-

336 3834 438 3873 nes
470 3818 655 3885 etiam,
691 3834 814 3875 cum
862 3819 1152 3891 equitando
1199 3822 1304 3877 iter
1361 3830 1567 3894 ageret,
1628 3822 1931 3878 nullatenus

335 3906 630 3963 omittebat.

408 3994 665 4050 Hortatus
695 4009 827 4050 vero
858 4002 939 4051 est
978 4012 1100 4051 eum
1145 3996 1370 4067 quidam
1393 4013 1457 4053 ex
1489 3997 1680 4053 amicis
1706 3998 1841 4068 suis,
1867 4000 1933 4054 ad

339 4081 666 4153 explendam
692 4092 1064 4153 peccatorum,
1097 4093 1355 4156 quantum
1377 4085 1557 4153 sciret,
1578 4086 1935 4143 sufﬁcientem

341 4169 771 4238 confessionem,
825 4172 901 4225 ita
947 4172 1181 4227 dicens:
1219 4196 1239 4221 ι.
1288 4173 1447 4242 Quia,
1506 4174 1744 4239 domine,
1798 4174 1937 4231 sicut

339 4257 458 4329 ipse
490 4258 683 4314 melius
712 4259 904 4326 nostis,
939 4258 1211 4315 efﬁcacior
1239 4261 1462 4331 Deoque
1494 4261 1698 4333 gratior
1718 4270 1801 4317 est
1842 4262 1937 4316 illa

2026 3116 2186 3171 nobis
2216 3114 2557 3186 aliquatenus
2586 3130 2710 3170 esse
2736 3114 2935 3185 poterit
2971 3115 3109 3171 adeo
3164 3130 3459 3186 persuasus
3516 3114 3621 3169 iste

2028 3203 2276 3259 carnium
2294 3218 2438 3257 esus.
2470 3203 2877 3271 Verumtamen,
2901 3218 2971 3259 ne
2999 3210 3079 3258 tot
3106 3203 3449 3259 venerabiles
3476 3202 3626 3259 viros

2029 3290 2475 3357 scandalizemus,
2534 3290 2643 3346 imo
2694 3306 2766 3347 ne
2809 3292 2880 3346 ab
2916 3291 3063 3347 illius
3120 3290 3367 3364 vestigiis
3436 3289 3525 3347 vel
3571 3290 3628 3345 in

2028 3388 2201 3435 morte
2224 3380 2339 3448 jam
2360 3378 2522 3449 positi
2557 3379 2876 3435 recedamus
2907 3379 3001 3451 qui
3030 3379 3204 3435 factus
3234 3387 3318 3435 est
3365 3378 3631 3435 obediens

2030 3483 2205 3538 usque
2234 3467 2304 3521 ad
2333 3475 2584 3536 mortem,
2617 3467 2815 3522 dentur
2857 3467 3019 3522 nobis
3077 3482 3292 3523 carnes.
3334 3466 3430 3522 His
3485 3465 3632 3522 enim

2029 3569 2175 3610 nunc
2229 3554 2449 3610 demum
2492 3570 2595 3625 pro
2637 3554 2893 3610 fraterna:
2939 3554 3242 3610 dilectionis
3284 3554 3630 3610 condimento

2032 3642 2264 3698 libenter
2290 3658 2599 3698 vescemur.
2640 3665 2661 3691 ιι
2706 3642 3115 3699 Sciscitantibus
3158 3650 3342 3699 autem
3398 3642 3629 3698 medicis

2032 3731 2357 3802 quibusnam
2376 3730 2632 3786 carnibus
2659 3730 2809 3786 vesci
2837 3730 3148 3801 placuisset,
3184 3730 3260 3786 ita
3302 3729 3581 3801 respondit
3614 3747 3629 3784 :

2037 3840 2059 3866 α
2096 3818 2299 3887 Suillis,
2324 3818 2370 3872 si
2400 3818 2556 3873 vobis
2585 3818 2814 3888 videtur,
2862 3818 3114 3889 pedibus,
3164 3833 3303 3890 quos
3344 3814 3631 3872 inﬁrman-

2032 3906 2179 3961 tibus
2221 3921 2254 3960 a
2303 3906 2503 3962 sanctis
2549 3906 2820 3977 quondam
2884 3906 3133 3961 Patribus
3182 3906 3417 3979 legimus
3461 3904 3629 3961 fuisse

2033 4009 2348 4051 concessos.
2397 4018 2420 4043 η
2490 3994 2603 4048 Hos
2648 3994 2813 4066 igitur
2859 3994 3161 4066 appositos,
3205 3994 3405 4065 vixque
3439 3992 3633 4065 primis

2035 4083 2291 4138 dentibus
2315 4081 2719 4150 attactosjussit
2747 4082 3007 4138 amoveri.
3032 4081 3291 4137 Similiter
3318 4081 3388 4137 de
3444 4081 3630 4136 minu-

2035 4169 2104 4225 tis
2132 4169 2439 4225 volatilibus
2469 4168 2751 4224 minimum
2773 4170 2903 4240 quid
2932 4169 3168 4241 gustavit
3195 4170 3364 4239 (366).

2110 4257 2327 4313 Solebat
2386 4256 2566 4323 etiam,
2600 4258 2729 4312 dum
2770 4256 2962 4312 fuisset
2996 4256 3301 4326 incolumis,
3364 4254 3629 4328 quosdam

343 4344 615 4401 confessio
656 4362 777 4417 quae
823 4346 1099 4417 speciﬁcat
1148 4347 1463 4420 singillatim
1520 4348 1717 4415 omnia,
1778 4365 1938 4419 quam
1966 4345 2186 4411 Dviros
2222 4344 2530 4415 religiosos,
2573 4352 2625 4399 et
2674 4344 2911 4399 maxime
2966 4351 3205 4400 rectores
3251 4344 3629 4401 coenobiorum

343 4430 438 4486 illa
455 4448 574 4503 quae
603 4433 704 4487 sub
735 4435 974 4505 quadam
1013 4434 1367 4506 generalitate
1422 4434 1647 4491 includit
1700 4434 1933 4506 singula,

345 4527 399 4574 et
436 4535 536 4575 vos
567 4520 736 4576 multo
755 4529 998 4592 tempore
1035 4522 1363 4591 ordinarius,
1397 4538 1498 4577 nec
1536 4538 1646 4578 non
1689 4531 1741 4578 et
1780 4523 1935 4579 dele-

343 4615 500 4678 gatus
539 4607 721 4676 judex,
782 4609 1137 4679 plurimorum
1179 4610 1456 4664 exstitistis
1488 4611 1771 4681 (quantum
1817 4627 1937 4667 me-

344 4696 526 4750 moria
556 4696 787 4767 recolit),
819 4697 1052 4768 satagite
1082 4696 1344 4763 confiteri,
1379 4714 1534 4768 quos,
1570 4698 1655 4753 vel
1686 4707 1834 4769 quot,
1869 4700 1939 4755 ob

346 4783 612 4854 privatum
632 4799 875 4839 amorem
898 4784 1011 4840 sive
1058 4786 1241 4840 odium
1284 4785 1687 4856 promoveritis,
1735 4794 1793 4841 ut
1844 4802 1938 4841 as-

2037 4448 2293 4504 arguere,
2327 4432 2418 4503 qui
2445 4440 2646 4503 praeter
2683 4431 3130 4488 consuetudinem
3170 4431 3482 4506 regularem
3509 4431 3628 4487 fra-

2036 4520 2210 4575 tribus
2257 4519 2369 4575 suis
2419 4534 2453 4574 a
2488 4520 2746 4576 carnibus
2792 4520 3119 4577 omnimodis
3164 4520 3411 4577 dicerent
3461 4519 3631 4577 absti-

2037 4608 2294 4664 nendum.
2328 4608 2669 4664 Meminimus
2708 4608 2853 4664 enim
2882 4625 3007 4664 eum
3062 4608 3272 4665 cuidam
3318 4607 3498 4663 abbati
3525 4607 3629 4662 ab-

2040 4695 2233 4752 stemio
2263 4695 2390 4750 talia
2420 4696 2697 4768 quondam
2726 4697 2927 4753 dixisse
2960 4715 2974 4753 :
3020 4719 3043 4749 ι
3076 4698 3182 4763 Tu,
3215 4695 3408 4767 inquit,
3439 4695 3627 4765 frater,

2040 4799 2074 4839 a
2095 4800 2200 4856 quo
2222 4784 2469 4840 solatium
2499 4792 2551 4840 et
2582 4785 2889 4857 exemplum
2916 4801 3128 4841 sumere
3176 4784 3375 4839 debent
3404 4783 3634 4852 subjecti

348 4870 516 4937 solet,
568 4871 623 4925 in
676 4872 913 4945 negotiis
961 4872 1074 4928 suis
1100 4917 1113 4939 ,
1165 4882 1255 4929 aut
1294 4874 1709 4945 depresseritis,
1763 4875 1942 4930 minus
2044 4872 2139 4942 tui,
2161 4880 2387 4944 propter
2428 4873 2812 4930 abstinentiam
2858 4874 3020 4929 istam
3066 4870 3549 4929 extraordinariam
3575 4872 3633 4927 in

419 5045 561 5115 (564)
589 5049 721 5098 Nunc
748 5049 890 5099 annis
924 5048 1127 5111 singulis
1146 5049 1373 5112 leguntur
1397 5063 1425 5100 a
1452 5051 1876 5101 Carthasiensibus
1895 5050 1945 5101 in
2046 5050 2134 5113 tio,
2161 5052 2211 5100 et
2236 5050 2452 5115 tandem,
2479 5063 2607 5103 anno
2633 5051 2780 5113 1368,
2810 5063 2953 5115 paena
2987 5049 3040 5101 in
3059 5052 3447 5114 transgressores
3468 5049 3636 5103 decer-

352 5114 563 5181 capitulo
583 5119 690 5176 post
707 5127 887 5165 nonam
907 5116 1191 5165 canonicam
1208 5116 1376 5165 diebus
1396 5116 1599 5181 festivis,
1621 5118 1747 5169 inter
1762 5120 1947 5169 Pascha
2046 5119 2200 5167 nitur.

352 5182 402 5229 et
422 5180 593 5267 festum
614 5181 858 5267 anium‘
872 5183 1564 5267 Sanctomonccurrentibus.
2118 5200 2260 5264 (368)
2285 5200 2570 5267 Obedientia
2595 5203 2792 5250 coactus
2832 5212 2889 5251 eo
2925 5199 3083 5251 adhuc
3120 5202 3343 5265 tempore
3384 5213 3480 5267 quo
3525 5199 3647 5254 ordo

427 5262 570 5328 (565)
599 5263 673 5315 Ab
696 5265 893 5317 exordio
926 5264 1054 5316 sacri
1082 5265 1295 5321 Ordinis.
1341 5278 1438 5317 non
1466 5278 1526 5317 ex
1560 5270 1825 5331 pracepto,
1869 5269 1953 5320 sed
2049 5262 2261 5320 nondum
2284 5263 2565 5320 solemniter
2592 5267 2953 5319 renuntiaverat
2977 5267 3077 5318 esui
3103 5262 3341 5320 carnium.

358 5340 420 5380 ex
445 5331 791 5383 consuetudine
811 5331 888 5383 cui
914 5344 1042 5383 anno
1066 5332 1214 5395 1259,
1242 5333 1448 5385 accessit
1488 5332 1681 5395 publica
1700 5334 1956 5386 renuntia-
