3960 6062
392 188 525 239 1103

1274 184 1329 237 S.
1375 182 1687 238 HUGONIS
1726 180 1941 236 EPISC.
1985 178 2306 236 LINCOLN.
2350 180 2520 236 0RD.
2569 181 2769 236 CART.

3538 183 3688 236 110$

388 340 614 403 utroque
643 332 896 402 peccabis
927 333 982 386 in
1002 347 1114 386 eos.
1141 334 1217 385 Tu
1250 333 1363 402 ipse
1408 348 1621 403 quoque
1678 346 1787 385 non
1836 329 1977 385 deli-
2001 334 2051 389 Α
2083 338 2139 382 ut
2169 338 2443 399 pastorem
2484 329 2749 385 Ecclesia:
2776 336 2975 384 vestras
3028 330 3305 400 provideat
3335 329 3388 384 ei
3431 328 3690 399 profutu-

391 421 504 475 cias
526 420 796 475 resecabis
821 421 935 486 tibi,
972 422 1065 474 sed
1116 421 1369 485 mutabis,
1404 429 1455 474 et
1512 421 1565 473 in
1610 420 1715 474 hoc
1763 419 1981 489 quidem

390 509 639 563 vanitatis
668 509 876 563 crimen
908 517 959 562 et
990 508 1389 578 superstitionis
1418 524 1525 562 non
1559 507 1717 561 facile
1757 508 1978 560 evades.

390 596 508 650 Tibi
537 597 683 651 enim
713 597 783 651 ab
836 595 1152 650 oiiicialibus
1208 597 1331 659 tuis,
1378 605 1467 649 aut
1498 594 1778 666 legumina
1824 609 1983 664 pere-

394 686 564 755 grina,
598 692 691 738 aut
717 684 894 753 pisces
916 684 1174 738 carnibus
1206 684 1556 753 pretiosiores
1583 702 1597 749 ;
1629 691 1681 737 et
1712 683 1832 737 vice
1891 697 1983 735 sa-

391 772 609 843 giminis
621 773 772 827 varia
785 772 1148 837 condimenta,
1172 772 1464 842 pigmentis
1486 780 1539 825 et
1560 770 1705 825 caris
1741 770 1983 825 confecta

392 861 579 925 rebus,
611 860 966 930 parabuntur.
1002 861 1116 914 Hoc
1144 860 1350 914 discent
1382 860 1629 929 exemplo
1660 858 1860 912 subditi
1891 873 1983 911 ve-

394 948 491 1001 stri
530 949 776 1017 apposita
826 948 928 1001 sibi
982 947 1189 1001 fercula
1243 948 1493 1015 rejicere.
1554 955 1607 1001 et
1662 945 1985 1001 commentis

395 1050 687 1106 coquorum
711 1035 866 1089 novis
888 1051 1104 1103 semper
1135 1036 1357 1089 inhiare.
1393 1034 1495 1102 Qui
1534 1050 1670 1089 vero
1709 1034 1841 1087 nihil
1878 1034 1983 1087 ho-

392 1139 511 1177 rum
535 1124 783 1189 voluerit,
818 1131 906 1176 aut
951 1124 1179 1177 valuerit
1237 1139 1499 1192 quaerere,
1559 1123 1686 1176 dum
1744 1121 1983 1175 funditus

394 1212 655 1281 apposita,
698 1228 817 1281 quae
877 1227 1070 1265 carnes
1128 1210 1373 1282 tetigere,
1417 1211 1642 1280 respuit,
1704 1210 1983 1264 stomacho

394 1300 536 1353 male
567 1298 868 1354 confortato
896 1315 924 1351 a
947 1299 1150 1352 mensis
1165 1298 1399 1353 recedet.
1431 1297 1589 1364 Quod
1619 1298 1747 1350 dum
1787 1295 1984 1365 saepius

394 1387 586 1459 egerit,
642 1387 814 1457 primo
872 1386 1242 1447 insomnietas,
1276 1386 1472 1439 deinde
1531 1386 1726 1438 mentis
1774 1393 1978 1454 torpor,

394 1490 455 1528 ac
497 1482 773 1543 postremo
819 1473 983 1527 totius
1042 1472 1286 1541 corporis
1336 1472 1698 1535 imbecillitas,
1754 1472 1866 1540 jam
1914 1471 1983 1525 ad

392 1562 572 1616 omnia
592 1561 878 1630 spiritualis
908 1560 1030 1614 vitae
1060 1562 1319 1615 exercitia
1350 1560 1639 1615 invalidum
1662 1559 1980 1629 possidebit.

2083 433 2218 470 rum.
2251 441 2271 465 ι»
2307 418 2391 471 Ad
2421 420 2565 488 quod
2597 418 2812 471 tandem
2844 418 2953 471 ait:
2992 438 3014 466 ι
3049 418 3195 472 Deus
3214 417 3268 470 id
3298 416 3458 471 faciat
3490 416 3502 470 ι
3542 441 3566 463 υ

2154 505 2249 559 His
2308 506 2377 559 ab
2426 522 2492 560 eo
2548 505 2739 572 dictis,
2799 505 2992 559 nudari
3029 505 3256 560 fecimus
3311 504 3685 574 pavimentum

2084 608 2264 646 coram
2295 609 2379 658 eo,
2415 601 2467 647 et
2494 594 2673 648 crucis
2694 593 2931 665 efﬁgiem
2949 594 3153 663 sparsis
3175 592 3375 646 ibidem
3396 592 3680 647 cineribus

2084 681 2385 735 benedictis
2433 681 2804 751 expressimus
2838 696 2849 735 :
2882 680 3032 750 Quos
3080 680 3171 736 ille
3218 680 3403 753 digitis
3445 689 3680 735 econtra

2083 768 2435 835 benedicens,
2492 770 2669 839 capite
2718 770 2958 824 demisso
3013 769 3239 824 adorare
3290 768 3469 838 cmpit.
3520 769 3680 824 Tunc

2084 857 2206 911 licet
2236 857 2303 909 ab
2332 872 2424 911 ore
2455 857 2570 925 ejus
2600 857 2732 911 satis
2759 857 2924 911 invite
2954 857 3045 911 tali
3094 858 3226 912 hora
3266 857 3677 922 secederemus,

2084 959 2152 997 ne
2182 952 2364 998 tamen
2380 944 2556 998 minus
2573 945 2733 1014 plene
2749 945 2837 998 die
2853 944 3040 999 ultima
3062 945 3302 1001 divinum
3320 945 3436 1014 ipse
3457 945 3680 999 audiret

2085 1032 2361 1085 servitium
2392 1032 2499 1103 (cui
2528 1033 2668 1087 adeo
2697 1032 2931 1102 diligens
2962 1032 3196 1087 studium
3225 1032 3370 1087 omni
3391 1031 3510 1087 vitae
3538 1041 3681 1086 tem-

2083 1135 2217 1187 pore
2248 1128 2605 1174 consueverat
2625 1120 2926 1190 exhibere),
2950 1122 3200 1190 hymnos,
3234 1121 3323 1190 qui
3352 1120 3419 1174 ad
3435 1118 3678 1189 comple-

2084 1207 2283 1260 torium
2315 1207 2419 1261 dici
2452 1208 2644 1272 solent,
2678 1207 2942 1277 coepimus
2972 1209 3283 1262 decantare.
3335 1208 3573 1278 Cumque
3601 1206 3675 1260 ad

2084 1293 2233 1347 illum
2264 1295 2462 1365 psalmi
2490 1295 2667 1350 locum
2685 1296 2976 1361 veniretur,
3012 1296 3103 1349 ubi
3124 1295 3320 1350 dicitur
3352 1311 3365 1349 :
3400 1295 3680 1350 Clamabit

2084 1382 2156 1436 ad
2170 1398 2280 1443 me.
2301 1387 2357 1438 et
2377 1398 2470 1453 ego
2491 1383 2799 1438 exaudiam
2819 1400 2967 1438 eum.
2986 1382 3123 1439 Cum
3144 1385 3261 1453 ipso
3276 1400 3401 1438 sum
3424 1384 3485 1437 in
3499 1384 3680 1438 tribu-

2088 1470 2323 1536 latione,
2356 1473 2598 1542 eripiam
2621 1487 2769 1537 eum,
2803 1476 2859 1526 et
2888 1472 3206 1543 gloriﬁcabo
3227 1487 3357 1526 eum
3386 1472 3671 1538 (Psal.xc,

2086 1560 2195 1626 15),
2237 1558 2330 1613 illo
2361 1559 2436 1612 ita
2462 1558 2581 1613 fieri
2612 1567 2887 1624 monente,
2921 1560 3197 1629 expositus
3242 1568 3322 1613 est
3348 1559 3417 1613 ad
3460 1558 3673 1613 cineres

391 1649 564 1718 Quale
595 1665 722 1704 vero
754 1649 1003 1703 solatium
1024 1665 1052 1702 a
1084 1656 1135 1702 te
1167 1650 1414 1717 recipere
1436 1649 1511 1701 illi
1543 1648 1857 1719 sperabunt,
1892 1648 1982 1718 qui
2004 1672 2055 1731 B
2085 1646 2233 1715 (368)
2264 1646 2315 1699 in
2338 1647 2519 1701 medio
2549 1646 2785 1701 cinerum
2810 1647 3115 1717 impositus.
3139 1647 3496 1701 Psallentibus
3511 1646 3675 1700 nobis

390 1737 599 1791 diutino
630 1736 803 1792 affecti
834 1737 1014 1802 taedio,
1049 1752 1325 1808 nunquam
1356 1753 1560 1792 mensae
1607 1746 1711 1791 tute
1754 1751 1981 1791 consor-

390 1826 550 1889 tium,
584 1825 877 1895 quidquam
911 1825 1014 1879 sibi
1044 1825 1393 1880 recreationis
1441 1825 1726 1878 allaturum
1784 1824 1981 1878 certis-

389 1913 525 1967 sime
554 1914 746 1967 sciunt.
782 1915 937 1981 Nam,
973 1914 1119 1983 quod
1138 1930 1241 1985 ego
1272 1913 1523 1967 carnibus
1554 1928 1659 1966 non
1684 1921 1821 1977 utor,
1873 1927 1981 1966 non

387 2009 593 2054 tantum
630 2002 736 2054 mei
791 2002 993 2055 arbitrii
1038 2009 1136 2065 est,
1192 2009 1449 2071 quantum
1490 2001 1693 2055 decreti
1751 2000 1977 2064 ordinis,

384 2089 470 2144 cui
502 2090 669 2145 semel
699 2090 967 2144 cervicem
1008 2090 1232 2157 subjeci.
1293 2087 1662 2156 Quamobrem
1706 2088 1867 2142 etiam
1925 2088 1979 2141 in

385 2177 538 2247 leges
563 2193 689 2231 suas
719 2178 852 2231 ordo
904 2185 1087 2231 noster
1124 2177 1414 2246 pauciores
1469 2177 1691 2247 colligit,
1755 2176 1882 2247 quia
1924 2174 1979 2229 id

387 2265 533 2334 quod
564 2265 653 2319 ille
702 2264 958 2329 instituit,
1007 2264 1155 2319 varie
1212 2264 1635 2333 complexionata
1694 2262 1978 2317 multitudo

382 2367 492 2406 non
522 2353 685 2422 capit.
722 2353 879 2408 Vose
911 2352 1143 2416 diverso,
1192 2352 1283 2423 qui
1331 2352 1727 2406 multitudinem
1785 2366 1977 2421 regere

387 2439 725 2509 suscepistis,
760 2439 896 2494 sicut
945 2441 1188 2493 moribus
1245 2440 1535 2493 multorum
1576 2438 1776 2494 servire
1826 2439 1977 2507 juxta

384 2526 712 2598 legistatoris
752 2527 915 2581 vestri
972 2528 1295 2581 sententiam
1353 2527 1585 2593 debetis,
1629 2526 1706 2580 sic
1744 2534 1797 2580 et
1835 2526 1976 2579 mul-

387 2615 657 2683 tiplicibus
711 2630 897 2669 eorum
969 2614 1368 2668 infirmitatibus
1414 2614 1886 2680 condescendere,
1924 2623 1977 2669 et

377 2702 790 2757 necessitatibus
820 2702 1106 2772 providere
1148 2703 1377 2756 habetis.
1417 2723 1438 2751 ι
1475 2704 1542 2756 Et
1590 2703 1694 2757 hoc
1754 2702 1973 2772 quidem

384 2788 471 2843 ille
502 2789 736 2844 dicebat.

946 2878 1169 2934 CAPUT
1225 2878 1400 2931 XXV.

385 3000 639 3068 Qualiter
657 3000 722 3077 al)
746 3002 849 3077 hac
871 3002 986 3077 vita
1006 3002 1502 3077 discesserit—Et
1523 3003 1856 3077 continetur
1870 3000 1971 3058 hoc
1992 3016 2038 3077 ο

556 3072 874 3143 capitulum
896 3074 956 3126 in
986 3088 1191 3144 magna
1220 3074 1342 3127 Vita
1372 3073 1470 3127 sub
1507 3073 1783 3143 capit.16.

447 3194 557 3249 Sed
578 3195 712 3263 jam,
768 3212 887 3265 quae
935 3202 1154 3263 restant,
1214 3196 1282 3251 de
1338 3196 1465 3250 boni
1512 3195 1751 3251 doctoris
1797 3194 1970 3250 nostri

377 3296 597 3336 recessu
628 3299 657 3336 a
704 3282 879 3349 nobis,
938 3292 995 3337 ut
1030 3283 1313 3353 coepimus,
1374 3283 1727 3354 explicemus.
1787 3283 1968 3337 Pridie

380 3386 543 3439 quam
582 3370 900 3441 migravita
955 3387 1204 3441 corpore,
1257 3379 1313 3425 ut
1370 3372 1685 3442 frequenter
1740 3371 1968 3443 singulis

370 3457 524 3526 prius
573 3458 887 3528 septimanis
972 3468 1340 3525 consueverat,
1423 3460 1672 3515 viaticum
1732 3459 1969 3530 percepit

375 3546 623 3616 corporis
645 3555 697 3601 et
726 3547 1007 3618 sanguinis
1035 3548 1253 3602 Christi.
1287 3548 1450 3603 Sexto
1480 3549 1693 3603 decimo
1734 3547 1965 3603 Kalend.

378 3634 697 3689 Decembris
728 3633 856 3689 feria
900 3635 1087 3705 quinta
1117 3636 1286 3703 (367),
1340 3637 1455 3703 jam
1511 3636 1599 3690 die
1644 3636 1968 3707 advespera-

372 3731 583 3789 scente,
616 3738 739 3778 cum
771 3723 995 3777 sentiret
1024 3723 1126 3777 sibi
1155 3724 1299 3777 vires
1319 3723 1496 3794 magis
1518 3724 1806 3795 magisque
1834 3723 1972 3779 defi-

381 3825 537 3875 cere,
569 3810 711 3863 misit
765 3812 1028 3880 quosdam
1077 3827 1143 3864 ex
1203 3811 1563 3866 servientibus
1618 3812 1685 3865 ad
1732 3812 1969 3882 priorem

382 3898 875 3964 Westmonasterii,
909 3906 962 3952 et
992 3898 1128 3952 alios
1156 3899 1317 3952 etiam
1364 3900 1434 3954 ad
1477 3900 1738 3954 decanum
1786 3900 1971 3955 Sancti

380 3984 553 4049 Pauli,
578 4000 677 4053 pro
698 3986 1083 4054 accersiendis,
1116 3986 1255 4039 sicut
1282 3987 1494 4056 pridem
1546 3987 1799 4054 jusserat,
1860 3988 1971 4043 cle-

382 4068 510 4124 ricis
546 4076 597 4123 et
643 4068 923 4123 monachis
970 4069 1024 4121 in
1066 4069 1386 4140 obsequium
1427 4069 1633 4125 funeris
1687 4071 1790 4125 sui.
1845 4073 1972 4126 Post

382 4157 497 4211 haec
554 4154 809 4226 imposita
850 4155 1048 4210 diutius
1128 4157 1311 4213 vertici
1367 4165 1551 4212 nostro
1607 4158 1829 4214 dextera
1874 4174 1971 4214 sua

382 4243 777 4300 commendavit
809 4260 908 4298 nos
947 4253 999 4299 et
1020 4245 1301 4300 universos
1333 4245 1473 4300 ﬁlios
1501 4261 1626 4301 suos
1657 4248 1793 4313 Deo,
1835 4263 1971 4303 voce

382 4346 482 4385 sua
511 4348 650 4401 pene
680 4348 951 4402 suprema.
977 4334 1090 4387 Nos
1111 4340 1291 4388 autem
1314 4344 1573 4404 percepta
1590 4335 1967 4390 benedictione

384 4418 552 4484 illius,
583 4419 813 4473 diximus
842 4421 888 4473 ei
919 4421 1095 4485 tertio,
1151 4429 1441 4492 antequam
1470 4422 1695 4477 verbum
1750 4423 1971 4493 aliquod

388 4523 451 4561 ex
483 4521 575 4562 ore
607 4508 723 4575 ejus
748 4508 947 4563 elicere
984 4524 1306 4578 possemus:
1346 4536 1365 4556 «
1403 4512 1611 4580 Rogate
1659 4510 1970 4578 Dominum,

452 4682 594 4750 (567)
621 4685 705 4735 His
744 4688 976 4734 consonat
1000 4686 1284 4736 Hovedenus
1326 4687 1447 4748 apud
1474 4686 1670 4749 Pagium
1711 4688 1761 4736 in
1792 4687 1974 4738 criticis

389 4750 448 4800 ad
474 4751 758 4811 Baronium,
803 4764 912 4813 pag.
961 4752 1074 4812 708,
1103 4752 1169 4801 ita
1209 4753 1424 4802 scribens
1451 4767 1463 4802 :
1489 4754 1650 4803 Mense
1695 4754 1973 4803 Novembris

385 4830 468 4865 xv:
496 4818 602 4867 Kal.
636 4818 911 4866 Decembris
934 4818 1060 4876 feria
1087 4820 1255 4878 quinta
1292 4820 1414 4866 obiit
1434 4820 1573 4879 [Iugo
1615 4820 1972 4869 Lincolniensis

390 4884 649 4943 episcopus
671 4884 963 4932 Lundoniis.
991 4884 1120 4932 Obiit
1145 4885 1291 4945 igitur
1315 4886 1366 4933 S.
1395 4886 1530 4946 Hugo
1554 4885 1629 4935 die
1676 4887 1735 4934 16
1773 4898 1972 4935 novent-

387 4949 504 5007 bris,
533 4962 639 5010 qum
664 4962 788 4998 anno
818 4951 962 5008 1200,
990 4951 1037 4999 in
1064 4951 1235 4998 feriam
1278 4951 1494 5009 quintam
1539 4952 1725 5012 incidit,
1767 4964 1863 5001 non
1893 4964 1972 5001 se-

387 5017 552 5076 quenti
595 5016 691 5075 die,
718 5028 811 5075 qua
858 5016 982 5065 illius
1029 5016 1204 5065 festum
1248 5018 1492 5067 recolttur.
1530 5017 1683 5078 Hujus
1723 5020 1846 5067 ratio
1890 5030 1972 5078 pe-

386 5081 534 5128 tenda
562 5085 715 5129 estex
739 5082 1081 5131 consuetudine
1107 5082 1285 5131 ordinis
1309 5082 1685 5142 Carthusiensis,
1713 5085 1791 5146 qui
1813 5084 1967 5147 jubet,

382 5150 437 5195 ut
462 5147 603 5196 hodie
628 5147 716 5195 sub
740 5151 822 5196 aut
849 5152 955 5208 post
978 5148 1343 5209 completorium
1372 5152 1606 5209 mortuus,
1632 5162 1727 5199 non
1747 5150 1844 5213 die,
1873 5162 1967 5212 qua

381 5213 517 5272 obiit,
545 5213 631 5263 sed
654 5215 892 5275 sequenti,
918 5214 1041 5263 libro
1066 5214 1501 5263 aunivcrsariorum
1527 5215 1791 5265 inseratur.

450 5314 584 5377 (368)
623 5315 755 5364 Iusta
782 5314 1029 5377 antiquam
1057 5315 1240 5365 ordinis
1257 5314 1671 5379 consuetudinem,
1695 5317 1755 5367 de
1779 5330 1873 5380 qua
1917 5316 1967 5365 in

2083 1732 2443 1801 festinantius,
2476 1734 2565 1789 ille
2588 1735 2731 1789 vultu
2761 1734 3134 1805 placidissimo
3175 1735 3418 1805 spiritum
3464 1735 3673 1789 sensim

2081 1822 2391 1893 colligebat,
2423 1839 2583 1894 quem
2616 1831 2741 1877 tunc
2769 1824 2822 1876 in
2853 1839 3044 1877 manus
3066 1824 3373 1878 Conditoris
3430 1822 3674 1885 tradidit,

2079 1926 2203 1964 cum
2222 1911 2488 1965 Simeonis
2516 1911 2783 1965 canticum
2805 1910 3151 1981 psallentium
3200 1913 3396 1966 chorus
3445 1911 3673 1965 recitare

2077 1999 2316 2068 incmpit.
2364 1998 2559 2069 Sicque
2592 2007 2700 2052 tam
2756 2000 3075 2069 prophetico
3134 2015 3294 2071 quam
3353 1999 3673 2069 evangelica

2080 2088 2274 2142 claruit
2294 2086 2620 2150 testimonio,
2657 2087 2779 2157 quia
2809 2095 2915 2140 tam
2949 2086 3163 2153 crebro,
3196 2096 3253 2142 ut
3298 2087 3670 2159 praediximus,

2080 2182 2362 2246 rogantem
2419 2174 2522 2227 sibi
2594 2174 2714 2229 dari
2773 2191 2963 2243 pacem
3045 2175 3308 2230 Dominus
3377 2175 3664 2230 exaudivit.

2080 2263 2370 2317 Probatum
2403 2277 2638 2333 quoque,
2671 2270 2723 2317 et
2752 2262 2882 2316 illud
2918 2262 3201 2317 verissime
3230 2276 3335 2329 est,
3379 2264 3521 2335 quod
3552 2263 3669 2333 ipse

2078 2350 2421 2421 prmdixerat,
2466 2350 2603 2421 (quia
2649 2351 2767 2405 dies
2823 2350 3183 2406 defunctionis
3215 2368 3345 2418 sua),
3406 2366 3513 2406 non
3560 2350 3663 2405 sibi

2079 2438 2219 2493 foret
2248 2439 2363 2492 dies
2384 2438 2570 2506 judicii
2619 2439 2797 2507 ipsum
2840 2439 3082 2509 qualibet
3114 2440 3472 2494 amaritudine
3528 2455 3658 2509 per-

2078 2526 2341 2592 cellentis,
2376 2526 2473 2581 sed
2492 2527 2609 2581 dies
2638 2527 2817 2596 potius
2845 2527 3254 2594 misericordiae,
3313 2542 3473 2582 omne
3520 2527 3661 2582 deli-

2078 2624 2217 2669 ctum
2241 2614 2535 2669 clementer
2557 2615 2911 2686 ignoscentis,
2961 2622 3013 2670 et
3058 2615 3175 2670 dies
3231 2616 3420 2688 gratiae
3469 2614 3662 2670 leniter

2076 2703 2131 2756 in
2161 2718 2297 2772 pace
2325 2703 2505 2772 ipsum
2526 2703 2841 2769 refoventis,
2873 2712 3163 2773 praestante
3193 2720 3259 2760 eo
3302 2705 3395 2777 qui
3442 2705 3661 2761 miseri-

2075 2792 2315 2845 cordiam
2338 2798 2391 2845 et
2420 2792 2701 2845 veritatem
2722 2807 2847 2847 eum
2876 2791 3107 2863 diligere
3129 2793 3184 2846 in
3220 2794 3368 2849 omni
3414 2794 3525 2847 vita
3564 2807 3663 2848 sua

2072 2878 2240 2944 dedit,
2265 2879 2393 2933 Jesu
2424 2878 2636 2934 Christo
2668 2880 2898 2935 Domino
2946 2889 3152 2946 nostro,
3184 2881 3276 2951 qui
3330 2896 3454 2936 cum
3514 2882 3665 2936 Patre

2072 2974 2125 3022 et
2155 2966 2357 3037 Spiritu
2380 2974 2571 3022 sancto
2601 2966 2730 3023 vivit
2759 2969 2907 3023 Deus
2953 2968 3271 3024 benedictus
3317 2969 3375 3023 in
3428 2969 3653 3025 saecula.

2071 3058 2264 3110 Amen.

2139 3145 2236 3199 Hic
2256 3144 2319 3198 in
2335 3144 2479 3199 serie
2497 3160 2718 3215 magna:
2734 3144 2864 3199 vitae
2896 3146 3175 3201 inseritur
3218 3147 3662 3218 comparationis

2068 3232 2381 3287 similitudo
2401 3233 2710 3304 multiplex
2730 3234 2916 3289 nostri
2934 3234 3175 3304 Hugonis
3189 3234 3261 3289 ad
3279 3235 3509 3291 beatum
3526 3236 3662 3291 Mar-

2071 3321 2260 3374 tinum
2294 3335 2306 3373 :
2339 3336 2460 3391 qua:
2485 3336 2587 3391 pro
2614 3320 2850 3375 vitanda
2894 3322 3238 3393 prolixitate
3286 3324 3351 3378 in
3386 3325 3664 3393 presenti

2068 3408 2482 3463 abbreviatione
2521 3412 2605 3463 est
2646 3409 2873 3464 omissa.
2922 3412 2990 3465 Et
3020 3410 3084 3465 de
3127 3410 3232 3465 illa
3276 3411 3662 3467 similitudine

2068 3495 2377 3566 multiplici
2406 3499 2665 3566 sumptus
2695 3500 2779 3551 est
2808 3513 3000 3553 versus
3030 3499 3163 3553 ille:

2246 3583 2476 3638 Martini
2504 3584 2652 3653 felix
2680 3584 2957 3651 imitator,
2987 3587 3175 3641 cultor
3194 3590 3251 3642 et
3281 3570 3477 3643 haeres.

2625 3723 2849 3779 CAPUT
2901 3724 3099 3781 XXVI.

2068 3828 2143 3882 De
2173 3829 2381 3903 visione
2411 3829 2667 3903 cadentis
2696 3830 2929 3903 arboris,
2961 3848 3036 3886 ex
3065 3848 3173 3903 qua
3191 3835 3429 3903 sumpta
3451 3836 3535 3889 est
3555 3833 3666 3888 illa

2139 3900 2455 3972 antiplzona
2469 3919 2486 3953 :
2501 3902 2540 3972 Α
2552 3901 2677 3956 rbor
2691 3902 2843 3955 cadit
2859 3900 3088 3972 mystici
3102 3901 3279 3957 index
3291 3900 3660 3970 sacramenti,

2108 4018 2109 4023 η
2141 3976 2242 4023 etc.
2276 3969 2345 4022 Et
2376 3973 2461 4024 est
2492 3970 2591 4025 hoc
2623 3972 2798 4041 capit.
2831 3974 2893 4026 in
2918 3969 3128 4043 magna
3157 3974 3299 4037 Vita,
3333 3990 3458 4045 cap.
3486 3977 3577 4028 18.

2139 4076 2295 4128 Anno
2316 4073 2477 4144 igitur
2513 4076 2699 4146 gratiae
2748 4076 3034 4132 millesimo
3090 4078 3462 4134 ducentesimo
3509 4086 3667 4136 sexto

2070 4169 2377 4216 octavarum
2399 4162 2539 4216 beati
2560 4163 2775 4217 Martini
2805 4164 2891 4219 die
2933 4165 3104 4235 (369),
3165 4165 3317 4223 brevi
3374 4166 3664 4224 intervallo

2068 4256 2189 4318 post
2220 4248 2349 4304 solis
2379 4265 2654 4317 occasum,
2704 4251 2818 4307 veri
2880 4252 3022 4306 Solis
3075 4252 3310 4309 imitator
3357 4262 3409 4309 et
3457 4262 3669 4310 amator

1999 4337 2301 4422 DMartini,
2342 4338 2796 4393 Lincolniensium
2856 4339 3074 4395 lucerna
3121 4342 3299 4415 Hugo,
3343 4342 3451 4398 luci
3500 4344 3666 4412 hujus

2073 4424 2254 4479 saaculi
2285 4425 2634 4492 valefaciens,
2667 4426 2850 4481 Solem
2880 4427 3011 4482 adiit
3054 4429 3145 4500 qui
3165 4429 3339 4485 nescit
3384 4446 3664 4487 occasum.

2070 4512 2242 4567 Nocte
2273 4528 2401 4568 vero
2420 4514 2507 4567 illa
2528 4530 2687 4586 quam
2716 4514 2886 4585 ipsius
2926 4517 3189 4573 transitus
3232 4518 3480 4589 proxime
3527 4520 3667 4574 sub-

2070 4690 2266 4759 statutis
2289 4691 2447 4754 Guigo
2494 4693 2689 4754 quintus
2733 4694 3000 4745 Carthasim
3038 4696 3173 4759 prior
3215 4697 3321 4747 haec
3368 4696 3514 4747 habet
3543 4710 3557 4747 :
3586 4696 3667 4748 Ad

2070 4758 2349 4825 morientem
2359 4759 2727 4821 festinatprior,
2754 4762 2829 4811 vel
2842 4762 2925 4809 cui
2938 4758 3053 4822 ipse
3064 4764 3332 4824 cjunxerit,
3354 4764 3671 4825 depositoque

2071 4835 2124 4892 eo
2149 4836 2296 4883 super
2322 4824 2628 4892 benedictum
2651 4826 2862 4878 cinerem
2896 4829 3145 4891 letaniam,
3170 4834 3319 4888 prout
3351 4842 3432 4878 res
3448 4824 3663 4892 patitur,

2071 4890 2258 4959 longam
2285 4891 2363 4938 vel
2397 4892 2820 4959 brevemfaciunt,
2843 4890 3187 4945 consuetudine
3214 4897 3307 4945 hac
3342 4890 3467 4946 nunc
3500 4897 3561 4945 ob
3587 4890 3671 4959 pe-

2072 4955 2277 5005 riculum
2322 4957 2625 5007 accelerandi
2682 4963 2889 5009 mortem
2934 4960 3139 5021 sublata,
3180 4963 3334 5011 adhuc
3385 4955 3668 5013 cineres-ut

2070 5024 2184 5136 agite
2204 5023 2413 5083 praemisi
2440 5023 2817 5088 benedicuntur,
2856 5030 3168 5090 sparguntur,
3197 5033 3246 5078 et
3276 5030 3477 5079 Litaniae
3499 5030 3670 5089 legun-

2138 5194 2277 5259 (369)
2299 5197 2491 5247 Festum
2518 5200 2570 5249 S.
2600 5200 2797 5250 Martini
2840 5214 2966 5252 anno
2997 5201 3144 5266 1200,
3182 5204 3352 5255 incidit
3387 5205 3438 5255 in
3474 5204 3663 5257 Sabha-

2068 5263 2190 5335 tum_,
2229 5267 2278 5313 et
2310 5267 2453 5335 sexta
2498 5268 2780 5335 octavarum
2815 5268 2919 5319 dies
2950 5269 2999 5318 in
3041 5263 3209 5320 feriam
3236 5270 3488 5335 quintam;
3531 5271 3663 5323 unde

2068 5329 2351 5380 conﬁrmata
2378 5334 2493 5382 nota
2512 5330 2631 5397 367,
2658 5332 2707 5382 in
2732 5334 3024 5397 praecedenti
3045 5337 3206 5400 capite
3228 5329 3400 5401 p-osita.
