3960 6062
327 250 463 301 1105

1690 251 1871 305 VITA.
1904 278 1973 290 —-
2002 250 2132 305 LIB.
2184 252 2245 305 V.

3481 258 3615 309 1106

330 377 549 425 secutus
579 378 660 425 est
684 410 697 438 ,
748 377 899 426 certo
947 370 1184 441 quodam
1232 370 1562 427 imminentis
1592 388 1748 427 casus
1778 388 1920 443 prae-
1942 375 1992 434 A
2024 374 2343 429 vastissimae
2394 374 2605 429 arboris
2635 375 2871 430 conferri
2900 384 3153 446 putentur
3179 377 3349 432 robur
3376 378 3612 432 immen-

332 458 484 530 sagio
511 499 524 525 ,
578 474 836 528 suprema
887 459 1173 513 clementia
1217 467 1411 514 cuncta
1458 461 1546 530 pie
1577 462 1917 531 disponente,

330 546 421 601 uni
453 561 643 600 eorum
674 546 852 615 (370),
888 546 977 617 qui
1006 562 1190 601 secum
1234 547 1397 616 positi
1429 556 1599 613 erant,
1642 550 1756 603 hiPC
1786 548 1924 603 visio

330 640 668 703 przeostensa
699 632 814 688 fuit.
849 633 1016 701 Quam
1049 634 1139 688 ille
1186 649 1346 688 mane
1386 634 1528 690 facto
1560 636 1721 691 sociis
1754 635 1924 689 mani-

329 721 530 775 festans
551 762 564 789 ,
618 736 683 775 ea
732 737 850 792 quae
878 721 933 774 in
984 722 1254 777 solemnes
1284 724 1571 794 exsequias
1601 740 1738 793 opus
1770 732 1925 778 erant

327 808 611 864 sollicitius
640 808 841 862 studuit
869 825 1205 879 praeparare,
1259 810 1516 877 medicis,
1551 811 1640 881 qui
1674 811 1919 878 aderant,

327 911 452 951 cum
500 896 956 951 subsannantibus
986 904 1038 951 et
1067 898 1482 968 objurgantibus
1508 915 1518 953 :
1544 914 1670 953 nam
1714 898 1923 969 physici

326 984 608 1039 sanitatem
640 984 688 1038 ei
718 1000 890 1055 usque
919 985 971 1037 in
993 986 1182 1039 horam
1214 985 1457 1039 ultimam
1481 986 1622 1053 vitae,
1651 987 1922 1058 vitamque

326 1071 665 1141 spondebant
712 1071 1034 1143 longiorem.
1086 1073 1181 1126 Est
1212 1081 1392 1126 autem
1416 1073 1721 1141 hujusmodi
1751 1076 1912 1129 visio.

328 1159 561 1213 Videbat
590 1167 643 1213 et
682 1174 810 1215 ecce
858 1159 914 1212 in
958 1160 1217 1215 viridario
1248 1160 1478 1231 quodam
1508 1161 1695 1232 parieti
1726 1161 1923 1217 domus

325 1246 621 1316 contiguo,
672 1247 727 1300 in
770 1262 878 1317 qua
926 1247 1141 1314 jacebat
1200 1248 1527 1317 episcopus,
1588 1249 1808 1319 putabat
1864 1266 1923 1304 se

328 1334 656 1389 constitisse.
692 1335 933 1405 Eratque
961 1334 1067 1390 loci
1095 1335 1255 1402 hujus
1286 1335 1419 1389 situs
1448 1352 1479 1389 a
1509 1343 1661 1406 parte
1692 1337 1918 1402 borcali,

324 1428 377 1475 et
406 1421 472 1474 ab
504 1421 729 1476 occidua
761 1422 982 1492 regione
1014 1423 1298 1477 domorum
1330 1423 1498 1493 septis
1545 1423 1917 1489 claudebatur,

325 1508 394 1562 ab
441 1508 648 1563 oriente
679 1508 1018 1580 cingebatur,
1052 1517 1104 1565 et
1134 1510 1203 1564 ab
1249 1517 1452 1579 austro,
1486 1510 1710 1576 fossato,
1744 1513 1828 1567 cui
1854 1529 1919 1568 ex

326 1604 482 1665 parte
512 1596 676 1651 altera
703 1597 1065 1667 pommrium,
1119 1605 1171 1652 et
1220 1614 1285 1652 ex
1336 1598 1503 1653 altera
1550 1600 1917 1655 cmmeterium

320 1684 618 1751 adjacebat.
646 1685 825 1754 Ipsum
848 1700 1065 1776 quoque
1097 1684 1641 1776 fossatum‘dumiset
1662 1688 1918 1758 vepribus
1936 1718 1987 1776 B
2044 1730 2047 1731 ν

324 1772 790 1826 succrescentibus
810 1772 1043 1826 obsitum
1075 1780 1213 1827 erat.
1244 1773 1325 1826 Ab
1359 1773 1477 1843 ipso
1506 1774 1673 1846 igitur
1694 1776 1915 1844 parietis

323 1857 480 1923 loco,
543 1859 632 1913 ubi
688 1867 848 1928 caput
900 1859 1081 1914 lectuli
1130 1860 1371 1930 episcopi
1400 1861 1772 1917 decumbentis
1802 1870 1916 1917 erat

323 1946 597 2010 innexum,
645 1946 794 2015 pirus
823 1947 1162 2016 proceritatis
1193 1956 1245 2001 et
1273 1948 1691 2017 pulchritudinis
1735 1950 1914 2005 nimiae

326 2041 377 2089 et
409 2034 707 2097 immensae,
732 2034 894 2105 longe
925 2035 1064 2088 ultra
1094 2034 1235 2089 illius
1256 2036 1491 2090 viridarii
1523 2038 1755 2106 spatium
1788 2054 1913 2108 por-

322 2129 470 2176 recta
520 2121 809 2175 videbatur
853 2123 1126 2177 corruisse
1161 2138 1172 2176 :
1206 2124 1358 2191 cujus
1417 2132 1630 2178 vastum
1660 2125 1913 2180 decorem

321 2208 685 2280 decoramque
732 2210 1035 2264 vastitatem
1084 2210 1177 2265 ille
1224 2213 1570 2266 vehementer
1614 2212 1909 2278 admirans,

320 2296 451 2351 talia
480 2296 618 2351 intra
663 2312 722 2351 se
755 2297 1047 2368 cogitando
1091 2299 1355 2353 tractabat
1386 2317 1399 2352 :
1440 2320 1461 2349 ι
1498 2298 1631 2366 Quis
1676 2314 1911 2371 unquam

320 2392 427 2437 tam
486 2384 767 2453 pulchram
834 2385 1041 2454 aspexit
1098 2385 1323 2455 pirum?
1370 2401 1402 2440 ο
1460 2396 1658 2457 quanta
1713 2388 1912 2443 nobilis

320 2472 564 2526 materiei
581 2473 795 2539 jactura
829 2472 929 2525 erit
969 2473 1013 2526 si
1063 2473 1164 2527 hoc
1196 2474 1248 2527 in
1278 2473 1400 2529 loco
1431 2475 1614 2529 abdito
1641 2484 1912 2545 putrescat

319 2559 725 2629 speciosissima
771 2560 939 2615 arbor
986 2560 1117 2626 ista,
1164 2577 1229 2615 ex
1262 2577 1368 2631 qua
1397 2562 1611 2631 dipticze
1643 2564 1791 2633 (371)
1834 2572 1910 2619 tot

317 2654 540 2717 possent
558 2647 752 2711 excidi,
778 2648 922 2717 quod
945 2648 1105 2701 totius
1130 2648 1337 2720 Anglice
1357 2649 1471 2704 sive
1501 2650 1689 2704 Galliae
1721 2651 1910 2705 studiis

319 2734 657 2789 scholasticis
686 2734 983 2805 quivissent
1012 2735 1275 2790 sufﬁcere.
1317 2760 1337 2783 ι»
1386 2738 1524 2790 Dum
1570 2740 1686 2793 haec
1724 2754 1907 2794 secum

318 2822 524 2892 sopitus
555 2837 802 2891 corpore,
837 2823 934 2877 sed
964 2822 1129 2877 corde
1160 2823 1442 2889 sollicitus,
1476 2825 1567 2879 ille
1597 2834 1904 2895 pertractat,

318 2911 668 2979 supposuisse
688 2909 921 2964 lacertos
943 2911 1108 2980 stipiti
1123 2912 1323 2981 jacenti
1348 2921 1569 2983 repente
1590 2930 1649 2968 se
1671 2914 1904 2969 videbat.

317 2998 482 3065 Cujus
510 2997 640 3051 dum
669 2998 867 3052 molem
908 2997 1102 3053 leviter
1137 2998 1393 3071 agitando
1421 3009 1704 3069 pertentat,
1741 3009 1907 3056 totum

316 3084 600 3140 confestim
630 3084 838 3156 lignum
865 3129 877 3149 ,
940 3102 1149 3139 summa
1184 3085 1438 3141 facilitate
1469 3088 1537 3141 ab
1569 3088 1677 3142 imo
1722 3089 1909 3144 suble—

316 3180 496 3226 vatum
551 3173 604 3226 in
663 3173 931 3238 brachiis,
1001 3174 1154 3243 quasi
1211 3174 1468 3243 ponderis
1518 3176 1649 3229 nihil
1695 3177 1911 3245 penitus

316 3261 578 3327 haberet,
632 3261 733 3315 huc
781 3260 1018 3331 illucque
1061 3277 1090 3314 a
1138 3278 1197 3315 se
1263 3262 1602 3317 circumferri
1660 3265 1905 3318 miratur.

316 3348 525 3402 Interea
556 3348 731 3402 subito
760 3348 1053 3402 ramusculi
1085 3348 1199 3416 ejus
1230 3350 1296 3403 ab
1324 3350 1444 3420 ipso
1475 3351 1653 3421 stipite
1684 3352 1908 3406 decide-

314 3443 474 3500 runt;
507 3435 624 3506 ipse
672 3450 800 3490 vero
830 3435 1041 3490 medius
1072 3437 1257 3503 vectis,
1308 3438 1502 3507 planus
1530 3447 1691 3510 atque
1719 3439 1910 3494 enodis

316 3523 368 3576 in
398 3523 663 3597 gestantis
691 3523 834 3577 ulnis
862 3525 1183 3593 permansit.
1218 3524 1380 3592 Cujus
1410 3527 1489 3580 rei
1529 3527 1788 3583 miraculo
1818 3527 1908 3582 ille

314 3610 645 3681 stupefactus
683 3610 886 3680 pariter
933 3619 986 3665 et
1022 3612 1383 3679 jucundatus,
1435 3620 1489 3668 et
1536 3630 1730 3683 sopore
1784 3630 1908 3669 mox

317 3699 583 3769 deposito,
619 3698 780 3766 hujus
812 3698 961 3753 cordi
992 3715 1092 3754 suo
1120 3700 1441 3769 impressam
1464 3702 1687 3756 visionis
1710 3702 1910 3772 reperit

317 3787 699 3854 conjecturam,
725 3794 781 3839 ut
801 3786 959 3840 etiam
992 3786 1147 3841 labiis
1168 3796 1219 3841 et
1240 3804 1337 3842 ore
1369 3788 1495 3842 talia
1518 3804 1700 3843 secum
1724 3789 1910 3859 loque-

314 3882 462 3928 retur
496 3889 507 3927 :
545 3894 566 3921 ι
604 3873 811 3927 Revera
856 3874 911 3927 in
959 3874 1106 3929 brevi
1136 3875 1427 3930 moriturus
1457 3883 1540 3929 est
1569 3877 1730 3931 homo
1759 3877 1857 3931 iste
1892 3892 1903 3929 ε

314 3962 491 4031 ipsum
526 3961 671 4015 enim
715 3961 1104 4016 demonstravit
1153 3962 1321 4017 arbor
1366 3965 1483 4018 haec
1527 3963 1804 4019 fructifera
1857 3972 1909 4019 et

320 4048 709 4120 pulcherrima.
756 4073 776 4096 υ
826 4050 894 4104 Ει
934 4049 1063 4103 talia
1092 4050 1310 4121 quidem
1341 4050 1439 4105 iste
1471 4051 1539 4105 de
1568 4060 1906 4107 sacramento

314 4135 540 4190 visionis
571 4152 683 4191 sua:
711 4152 771 4190 se
801 4137 869 4189 ad
898 4152 1140 4206 praesens
1171 4137 1501 4192 intellexisse
1532 4154 1691 4192 mane
1727 4139 1907 4193 retulit

313 4224 454 4287 illis,
491 4224 689 4295 quibus
721 4223 929 4278 referre
976 4223 1201 4296 dignum
1231 4225 1381 4279 duxit
1408 4267 1421 4294 ,
1455 4242 1521 4280 ex
1552 4226 1734 4281 sociis.

386 4311 530 4379 Quid
550 4327 678 4366 vero
698 4311 867 4366 facilis
896 4312 987 4365 illa
1017 4312 1231 4367 arboris
1252 4312 1551 4367 sublevatio
1582 4313 1899 4383 prwtendat,

2025 477 2163 515 sum.
2194 484 2215 512 α
2244 462 2351 516 Sed
2372 479 2549 533 neque
2581 464 2649 517 ad
2671 480 2753 532 ea,
2779 481 2898 535 qum
2916 465 3178 519 memoria
3205 466 3307 519 ista
3329 466 3616 520 scribentis

2024 548 2455 619 inseparabiliter
2486 552 2553 604 de
2584 552 2922 622 magnalibus
2954 552 3085 605 tanti
3110 553 3211 606 viri
3243 552 3465 617 inserta,
3496 555 3612 621 ejus

2023 653 2243 707 semper
2270 639 2477 707 pectori
2508 640 2830 694 cohaerentia
2857 639 3185 705 circumfert,
3217 656 3317 694 nec
3346 642 3462 695 haec
3495 640 3616 711 ipsa

2024 741 2143 795 quae
2205 726 2537 779 membranis
2586 727 2799 780 tradidit
2840 727 2996 781 aliter
3050 728 3231 781 valent
3286 728 3611 797 comparari,

2024 828 2187 882 quam
2238 813 2282 866 si
2342 814 2540 867 levium
2591 824 2987 869 sarmentorum
3030 814 3313 870 fasciculos
3345 815 3615 887 contiguis

2022 901 2161 955 cmlo
2205 900 2468 955 abietibus
2502 902 2787 973 cedrisque
2819 902 3220 956 sublimissimis
3254 902 3373 972 quis
3404 903 3615 957 duxerit

2023 986 2404 1042 conferendos.
2444 1008 2465 1037 ι

2091 1113 2190 1167 Ilic
2220 1114 2282 1166 in
2312 1114 2455 1167 serie
2477 1129 2696 1183 magna:
2732 1115 2863 1168 l'ita:
2887 1117 3183 1184 ponuntur
3209 1114 3334 1167 duce
3361 1114 3493 1168 alia:
3531 1115 3609 1169 vi—

2021 1200 2222 1263 siones,
2248 1201 2361 1255 sive
2400 1202 2773 1256 revelationes
2794 1202 3035 1271 [lagonis
3062 1202 3254 1271 gloriae
3283 1203 3609 1272 astipulan—

2024 1288 2348 1358 tes:quibus
2375 1287 2695 1342 incidenter
2725 1291 3092 1344 interseritur
3119 1291 3276 1353 visio,
3306 1304 3473 1359 quam
3506 1288 3609 1343 ha-

2019 1374 2141 1429 buit
2210 1377 2447 1445 ipsemet
2486 1374 2636 1446 apud
2674 1376 2996 1446 La/fordum
3028 1378 3283 1431 existens
3314 1376 3379 1429 de
3425 1379 3611 1445 fratre

2022 1462 2232 1516 Marino
2266 1504 2279 1527 ,
2339 1462 2777 1533 eleemosynario
2839 1480 2937 1519 suo
2985 1464 3134 1534 apud
3176 1462 3336 1518 Stobe
3381 1467 3610 1535 portum

2018 1548 2340 1605 decedente.

2582 1709 2804 1766 CAPUT
2852 1711 3075 1767 XXVII.

2016 1869 2087 1922 De
2099 1870 2346 1946 corporis
2369 1868 2640 1946 defuncti
2653 1873 3084 1946 praeparatione,
3101 1878 3519 1946 exsequiarum,
3540 1882 3606 1931 ut

2086 1937 2479 2015 descripserat,
2504 1937 2895 2015 celebratione,
2919 1937 3166 2015 ejusdem
3200 1937 3351 2015 apud
3378 1937 3604 2000 Lincol-

2084 2010 2243 2061 niam
2271 2010 2579 2072 delatione,
2613 2010 3021 2067 miraculorum
3050 2014 3111 2067 in
3142 2010 3348 2070 itinere
3378 2018 3606 2070 contin-

2081 2080 2335 2155 gentium
2398 2082 2768 2155 recitatione,
2834 2086 2889 2135 et
2928 2083 2994 2135 de
3037 2099 3274 2155 occursu
3304 2101 3497 2155 regum
3545 2091 3603 2140 et

2083 2148 2333 2202 aliarum
2361 2150 2687 2221 sublimium
2716 2167 3109 2221 personarum.
3143 2154 3211 2208 Et
3260 2159 3344 2209 est
3365 2148 3434 2209 in
3463 2156 3604 2211 serie

2082 2234 2304 2289 magna:
2334 2221 2461 2273 vita
2489 2220 2590 2275 sub
2634 2220 2809 2291 capit.
2842 2225 2927 2274 19.

2084 2354 2203 2411 lam
2253 2374 2383 2413 vero
2432 2360 2498 2412 ad
2546 2360 2716 2430 ipsius
2771 2359 3168 2415 funerationem
3225 2366 3605 2419 revertendum

2012 2453 2113 2499 est.
2148 2446 2337 2516 Igitur,
2362 2454 2523 2516 prout
2544 2447 2843 2514 docuimus,
2869 2456 3154 2520 postquam
3173 2450 3274 2503 sub
3304 2452 3451 2520 pacis
3473 2468 3606 2508 can-

2011 2532 2149 2598 tico,
2200 2533 2348 2602 pacis
2377 2541 2581 2587 amator
2611 2536 2766 2604 Hugo
2797 2536 2850 2588 in
2883 2551 3019 2604 pace
3048 2536 3101 2589 in
3132 2537 3368 2607 idipsum
3397 2539 3604 2594 obdor-

2012 2619 2185 2675 miens
2202 2620 2467 2690 requievit
2488 2621 2540 2675 in
2561 2622 2811 2686 Domino,
2828 2623 3013 2693 paucis
3034 2639 3256 2678 suorum
3281 2627 3603 2694 astantibus,

2010 2708 2496 2761 commendationis
2553 2707 2783 2763 oﬂicium
2829 2711 2877 2764 ei
2925 2711 3164 2779 parvitas
3220 2721 3441 2778 nostra,
3501 2731 3606 2785 qua

2011 2796 2217 2864 potuit,
2289 2795 2577 2851 devotione
2642 2797 2890 2852 exsolvit.
2943 2798 3079 2853 Hinc
3153 2800 3223 2852 ad
3290 2800 3602 2869 lavandum,

2011 2882 2150 2938 sicut
2204 2883 2319 2952 ipse
2374 2883 2749 2953 disposuerat,
2784 2900 2987 2954 corpus
3017 2888 3131 2953 ejus
3190 2901 3383 2941 manus
3426 2903 3603 2959 appo-

2010 2970 2217 3024 suimus
2266 2970 2537 3042 indignas.
2590 2971 2785 3039 Quod,
2838 2973 2932 3026 ubi
2976 2975 3237 3028 nudatum
3284 2982 3393 3039 est,
3444 2992 3603 3046 supra

1942 3056 1989 3115 Ο
2010 3073 2170 3127 quam
2201 3058 2350 3112 credi
2380 3064 2559 3127 potest
2588 3100 2601 3123 ,
2648 3059 2905 3112 mundum
2938 3068 2990 3114 et
3034 3060 3201 3115 multo
3232 3061 3406 3116 nitore
3438 3077 3602 3117 cons-

2009 3145 2226 3213 picuum
2256 3144 2591 3215 apparebat;
2645 3145 2887 3199 ablutum
2932 3163 3062 3202 vero
3093 3156 3146 3201 et
3174 3148 3463 3219 diligenter
3511 3166 3603 3204 ex—

2009 3240 2213 3285 tersum
2247 3231 2644 3301 pontificalibus
2674 3233 2947 3287 induimus
2977 3234 3247 3307 insigniis.
3282 3236 3493 3291 Interea
3522 3252 3604 3290 re-

2009 3318 2168 3384 versi,
2205 3334 2343 3388 quos
2372 3319 2509 3389 ipse,
2544 3326 2601 3373 ut
2638 3319 2901 3386 diximus,
2933 3322 3001 3375 ad
3049 3322 3409 3377 celebratores
3438 3338 3602 3377 exse-

2009 3405 2259 3475 quiarum
2300 3420 2513 3459 suarum
2554 3408 2934 3461 accersiendos
2954 3408 3320 3463 destinaverat
3344 3452 3357 3473 ,
3394 3418 3599 3479 septem

2008 3493 2094 3547 vel
2115 3508 2179 3547 eo
2208 3510 2436 3548 numero
2457 3494 2639 3563 plures
2656 3496 2970 3560 monachos,
2995 3496 3268 3566 copiosam
3289 3512 3421 3551 vero
3442 3497 3603 3551 cleri-

2007 3595 2190 3635 corum
2221 3581 2563 3635 deduxerunt
2608 3581 3002 3637 multitudinem
3033 3584 3204 3653 (3'72).
3258 3584 3341 3637 Ab
3371 3583 3454 3637 his
3486 3592 3597 3638 tota

2008 3668 2176 3737 ipsius
2206 3669 2379 3723 noctis
2408 3669 2577 3738 spatia
2606 3668 2662 3722 in
2710 3669 2925 3739 hymnis
2969 3680 3021 3723 et
3050 3671 3272 3725 canticis
3302 3670 3599 3740 spirituali-

2008 3756 2109 3809 bus
2138 3757 2532 3826 expenduntur.
2585 3757 2763 3811 Posito
2796 3758 2848 3810 in
2878 3758 3127 3812 Ecclesia
3158 3773 3317 3813 sacro
3348 3772 3598 3827 corpore,

2007 3852 2059 3898 et
2088 3844 2194 3897 illis
2222 3859 2322 3913 per
2350 3860 2547 3914 gyrum
2587 3845 2796 3898 votivas
2825 3845 3080 3900 excubias
3120 3845 3519 3901 celebrantibus
3547 3852 3601 3899 et

2008 3931 2506 4001 frequentantibus,
2556 3931 2841 3986 celebratis
2888 3932 2943 3984 in
3007 3932 3243 3996 crastino
3313 3932 3601 3987 missarum

2007 4018 2283 4073 solemniis
2308 4022 2474 4091 (373),
2510 4020 2737 4074 consilio
2759 4019 3097 4075 medicorum
3128 4020 3272 4087 (cum
3302 4021 3356 4074 id
3385 4020 3599 4090 penitus

2006 4106 2122 4161 fieri
2167 4122 2276 4161 non
2324 4114 2578 4177 oportere
2626 4107 2716 4161 alii
2745 4109 3025 4173 sentirent,
3057 4115 3110 4163 et
3138 4108 3468 4177 assererem)
3499 4123 3598 4162 ex-

2004 4202 2086 4247 tra
2135 4208 2167 4248 a
2212 4208 2440 4263 corpore
2490 4194 2604 4261 ejus
2656 4195 2908 4264 quoniam
2937 4195 3153 4266 longius
3207 4195 3275 4249 ad
3323 4194 3599 4263 sepelien-

2006 4282 2135 4334 dum
2163 4281 2363 4349 portari
2409 4281 2631 4344 debuit,
2708 4281 3042 4336 auferuntur.
3100 4281 3233 4350 Quae
3287 4282 3343 4334 in
3400 4281 3595 4336 eadem

315 4368 433 4454 non
452 4398 604 4469 prius
633 4398 828 4469 aliquis
856 4399 1077 4469 agnovit
1106 4416 1266 4470 quam
1298 4399 1389 4453 ille
1422 4400 1515 4469 qui
1552 4368 1654 4453 ista
1683 4400 1751 4456 de
1796 4368 1902 4454 vita
1934 4394 1984 4451 D
2007 4368 2233 4470 θῗθιθῗίθ
2283 4368 2828 4470 Βθθίδδθῐθῖξῖξηδά,
2852 4377 3000 4423 vetus
3048 4370 3304 4470 templum
3353 4369 3408 4467 iri
3429 4385 3597 4470 “vase

310 4487 454 4541 illius
507 4496 669 4557 atque
729 4486 1038 4554 virtutibus,
1072 4495 1352 4542 accurtato
1379 4488 1522 4551 licet,
1557 4487 1696 4542 facili
1728 4497 1903 4543 tamen

310 4575 485 4645 stylo,
520 4575 790 4645 digessit?
829 4574 1178 4645 Quaecunque
1227 4576 1372 4629 enim
1420 4575 1635 4629 libellus
1665 4592 1904 4645 prmsens

310 4663 380 4716 de
439 4662 621 4716 verbis
665 4670 754 4716 aut
804 4663 975 4733 gestis
1030 4671 1288 4732 excerpta
1338 4663 1608 4727 continet,
1671 4663 1745 4716 ita
1792 4680 1903 4733 prae

310 4749 680 4821 magnitudine
726 4749 979 4804 virtutum
1023 4759 1074 4804 et
1120 4766 1349 4819 operum
1398 4750 1496 4805 viri
1549 4751 1722 4806 sancti
1754 4752 1903 4805 testi-

312 4837 510 4891 manda
556 4845 697 4902 sunt,
722 4845 779 4892 ut
802 4837 1020 4893 frondes
1042 4838 1252 4909 exiguae
1283 4837 1544 4909 facileque
1573 4838 1816 4893 decidum
1837 4839 1899 4893 ad

382 5014 521 5077 (570)
547 5016 660 5076 Ipsi,
704 5018 756 5064 ut
780 5015 992 5076 videtur,
1026 5016 1231 5076 auctori,
1264 5016 1377 5066 dum
1419 5017 1583 5066 subdit
1605 5031 1616 5065 :
1638 5017 1744 5066 Non
1761 5018 1903 5075 prius

309 5082 490 5143 aliquis
518 5082 717 5143 agnovit
734 5094 880 5143 quam
904 5083 991 5131 ille
1009 5082 1093 5144 qui
1116 5082 1212 5131 ista
1236 5084 1299 5131 de
1323 5083 1425 5131 vita
1449 5084 1586 5131 illius
1609 5084 1834 5143 digessit.

381 5201 520 5263 (571)
549 5202 769 5263 Dipticse,
798 5200 846 5250 id
892 5204 964 5249 est
1014 5202 1278 5263 Diptycha,
1303 5215 1389 5253 seu
1433 5200 1627 5251 tabellze
1668 5202 1714 5251 in
1761 5215 1899 5251 usum

311 5266 601 5317 scribarum.

382 5369 525 5429 (572)
551 5370 760 5419 Advenit
787 5370 863 5418 illa
891 5372 1236 5420 monachorum
1263 5374 1311 5420 et
1336 5371 1618 5420 clericorum
1648 5370 1902 5419 multitudo

313 5449 339 5485 a
364 5436 799 5485 Westmonasterio
818 5439 869 5484 et
892 5436 953 5484 ab
971 5437 1173 5486 ecclesia
1216 5440 1268 5487 S.
1313 5438 1466 5498 Pauli,
1492 5438 1559 5487 uti
1579 5438 1638 5486 S.
1672 5440 1825 5500 Hugo,
1855 5451 1898 5485 c.

310 5502 393 5558 24,
424 5502 648 5562 petierat,
676 5502 756 5551 illa
786 5502 889 5563 ipsa
916 5504 993 5552 die
1018 5515 1111 5563 qua
1140 5503 1257 5553 obiit
1280 5504 1369 5553 sub
1392 5503 1725 5565 completorio.

2004 4455 2259 4525 plumbeo
2288 4456 2567 4509 recondita
2591 4455 2758 4525 (374),
2784 4463 2837 4510 et
2866 4471 3023 4511 secus
3052 4456 3240 4512 altaris
3258 4458 3595 4527 crepidinem

2006 4543 2106 4597 sub
2135 4542 2311 4612 lapide
2354 4558 2664 4597 marmoreo
2712 4544 2937 4599 honeste
2983 4546 3246 4614 reposita,
3297 4545 3597 4616 gloriosum

2004 4630 2229 4685 redivivi
2276 4633 2523 4700 corporis
2572 4631 2653 4684 sui
2704 4632 2961 4701 templum
2991 4641 3292 4701 expectant,
3345 4634 3446 4686 sub
3474 4647 3597 4686 ma-

2006 4719 2160 4772 ximze
2212 4720 2623 4773 resurrectionis
2668 4727 2908 4789 tempore
2958 4720 3183 4775 feliciter
3232 4720 3593 4773 subeundum.

2078 4809 2203 4862 llaec
2254 4815 2473 4874 autem,
2530 4807 2653 4861 licet
2705 4808 2938 4861 inaniter
2966 4816 3018 4862 et
3068 4808 3356 4877 superﬂue,
3420 4806 3599 4876 quoad

2074 4982 2216 5047 (575)
2230 4984 2316 5033 Die
2336 4984 2557 5034 videlicet
2577 4985 2632 5032 t7
2654 4986 2952 5043 Novembris,
2975 4996 3067 5043 qua
3087 4984 3266 5044 elapsa,
3292 4984 3369 5034 die
3394 4985 3450 5032 18
3467 4985 3599 5044 ejus-

2005 5050 2113 5099 dem
2156 5050 2337 5100 mensis
2380 5063 2546 5099 vcrsus
2586 5052 2883 5100 Lincolniam
2919 5050 3213 5099 transfertur
3236 5051 3415 5100 ibidem
3443 5057 3598 5101 tumu-

2005 5116 2192 5175 landus,
2216 5129 2309 5177 quo
2330 5117 2405 5165 die
2426 5117 2489 5165 25
2513 5117 2667 5177 ejusd.
2683 5117 2783 5175 jam
2808 5116 2921 5165 dicti
2950 5115 3130 5164 mensis
3177 5118 3412 5176 pervenit.
3461 5119 3595 5169 Unde

2008 5184 2294 5231 Hovclenus
2352 5183 2477 5243 apud
2536 5184 2730 5244 Pagium
2780 5183 2826 5230 in
2876 5181 3064 5230 Criticis
3100 5195 3148 5243 p.
3194 5182 3288 5231 708
3329 5183 3389 5232 ad
3417 5197 3593 5233 annum

2010 5248 2157 5303 1194,
2187 5248 2251 5297 ita
2275 5249 2445 5297 scribit
2471 5262 2483 5297 :
2514 5250 2677 5297 Mense
2700 5247 2987 5296 Novembris
3009 5262 3092 5295 xvi
3120 5249 3226 5299 Kal.
3255 5252 3370 5298 Dec.
3387 5251 3519 5307 feria
3544 5266 3595 5311 ν,

2008 5314 2137 5362 obiit
2174 5315 2336 5373 Hago,
2369 5319 2462 5363 etc.
2508 5316 2565 5363 Et
2596 5313 2730 5362 addit
2758 5326 2769 5361 :
2802 5313 2988 5372 Corpus
3012 5317 3115 5375 ejus
3142 5331 3189 5364 ix
3209 5317 3316 5364 Kal.
3347 5318 3594 5366 Decembr.

2010 5380 2279 5429 Lincoluiis
2303 5381 2517 5431 delatum
2542 5392 2667 5434 esse.
2695 5379 2875 5428 ibidem
2901 5382 3254 5430 tunmlandmn.

2080 5500 2218 5562 (574)
2245 5500 2530 5550 Consolatur
2552 5503 2661 5549 nota
2688 5497 2783 5547 34“)
2812 5500 2870 5547 ad
2897 5512 2940 5549 c.
2980 5500 3062 5549 25.
