3960 6062
334 225 475 279 1107

1202 224 1258 279 S.
1302 222 1615 280 HUGONIS
1653 221 1873 277 EPISC.
1913 219 2238 276 LINCOLN.
2279 220 2442 277 0RD.
2484 219 2732 276 CARTH.

3497 222 3649 274 1108

341 343 620 402 hominum
649 344 1017 416 prudentiam,
1050 353 1203 418 gesta
1244 345 1414 401 fuisse
1459 345 1592 415 ipsis
1633 345 1938 401 visceribus
1967 344 2327 407 Acessabant
2355 344 2498 400 cerei
2553 351 2802 398 naturam
2847 342 3121 412 propriam
3165 342 3502 412 degliscente
3533 358 3649 411 per

344 449 472 488 mox
517 433 795 504 patefactis
843 432 1067 500 claruit;
1118 433 1370 488 divinitus
1419 441 1615 500 tamen,
1650 442 1706 487 ut
1734 433 1808 487 ita
1836 432 1938 487 ﬁe-

346 529 449 587 ret,
481 521 802 591 dispositum
831 521 1099 575 exstitisse
1128 521 1198 575 ad
1229 521 1461 593 gloriam
1508 521 1637 586 Dei,
1669 521 1759 592 qui
1789 536 1938 575 sem-

346 625 447 680 per
476 616 556 663 cst
585 608 639 662 in
671 609 873 664 sanctis
906 609 1264 676 admirabilis,
1317 610 1386 664 ad
1431 610 1695 664 honorem
1726 624 1941 679 quoque

347 695 591 765 ejusdem
618 697 766 750 servi
797 696 899 760 sui,
955 697 1108 751 varia
1139 705 1260 767 post
1289 698 1406 752 hazc
1454 697 1657 751 ratione
1686 696 1938 750 innotuit.

346 784 415 838 Et
444 783 662 854 quidem
711 791 838 839 tunc
862 825 876 852 ,
927 784 1019 837 ubi
1065 800 1226 838 manu
1271 784 1582 854 chirurgica
1615 785 1735 854 ipsa
1765 776 1943 837 intra?

346 886 574 926 neorum
626 879 835 926 secreta
882 879 1200 941 patuerant,
1252 872 1472 926 inventa
1519 879 1643 926 sunt
1674 871 1769 926 illa
1811 871 1944 924 nihil

344 957 634 1028 superﬂua:
665 958 1020 1024 collectionis,
1054 959 1296 1029 nihilque
1324 975 1544 1028 prorsus
1574 957 1853 1023 concreti,
1889 965 1944 1010 ut

350 1045 570 1112 assolet,
623 1045 864 1100 humoris
895 1045 1036 1100 intra
1066 1063 1125 1100 se
1157 1046 1445 1101 retinentia
1483 1046 1763 1101 continere
1786 1089 1798 1111 ,
1847 1045 1946 1099 sed

347 1133 438 1187 tali
499 1133 733 1205 quodam
789 1132 1083 1202 purissimo
1139 1133 1313 1188 nitore
1369 1133 1748 1203 perlucebant,
1806 1149 1868 1187 ac
1900 1132 1947 1185 si

345 1219 575 1290 plurima
602 1220 837 1276 hominis
878 1221 1161 1292 diligentia
1188 1221 1370 1275 abluta
1400 1230 1601 1286 essent,
1627 1229 1679 1275 et
1705 1221 1944 1290 undique

347 1316 594 1379 purgata.
644 1309 776 1362 Erat
825 1308 1066 1377 profecto
1096 1308 1234 1362 istud
1267 1308 1514 1362 mirabile
1557 1308 1612 1362 in
1656 1307 1827 1362 oculis
1865 1308 1948 1360 in-

349 1395 630 1461 tuentium,
666 1396 762 1449 sed
790 1395 932 1464 apud
965 1396 1228 1465 quosdam
1276 1395 1547 1466 levigabat
1589 1395 1801 1464 pondus
1847 1394 1948 1450 mi-

351 1482 537 1547 raculi,
575 1497 694 1537 cum
728 1483 1049 1536 abstinentia
1080 1482 1341 1552 temporis
1373 1482 1524 1547 tanti,
1559 1482 1640 1536 vis
1689 1483 1949 1552 dysente-

350 1569 464 1634 riae,
497 1585 603 1640 qua
633 1569 822 1624 diebus
867 1570 1070 1639 aliquot
1117 1578 1241 1625 ante
1288 1578 1518 1624 mortem
1549 1578 1798 1634 vexatus,
1835 1570 1949 1637 ejus

2040 432 2234 486 merita
2287 433 2460 487 sancti
2520 431 2776 502 qualitate
2840 430 3093 485 elementi
3149 430 3393 499 triplicis.
3455 430 3650 484 Flatus

2043 520 2241 590 quippe
2264 535 2474 584 aereus,
2501 520 2701 574 humor
2730 519 3035 588 aquaticus,
3062 526 3114 572 et
3131 518 3390 587 splendor
3418 518 3646 589 igneus,

2044 608 2392 678 triumphanti
2435 607 2633 661 Christi
2680 606 2837 660 militi
2888 606 3028 660 mira
3058 606 3438 675 dependebant
3468 606 3649 660 obse-

2042 696 2188 766 quia.
2249 697 2448 749 Praeter
2504 695 2826 750 sacratiores
2888 708 3016 748 vero
3070 693 3302 747 aliorum
3356 695 3424 747 de
3472 693 3648 746 tantis

2043 798 2270 852 operum
2320 783 2419 836 Dei
2464 781 2810 852 magnalibus
2840 780 3172 846 sententias,
3232 781 3373 835 hanc
3421 780 3646 834 interim

2045 870 2368 940 simplicium
2426 869 2550 924 ﬁdei
2606 869 3021 924 commendasse
3077 867 3339 933 sufﬁciat,
3372 868 3493 938 quia
3524 883 3648 922 non

2044 958 2316 1012 immerito
2364 958 2481 1027 ipse
2527 965 2747 1013 sanctus
2777 965 2882 1010 tam
2907 957 3146 1024 jucundo
3176 956 3392 1010 luminis
3432 957 3647 1010 honore

2046 1047 2330 1100 decoratus
2359 1045 2629 1115 apparuit,
2664 1044 2783 1115 qui,
2816 1044 2884 1098 ad
2913 1044 3081 1099 decus
3109 1045 3292 1097 matris
3323 1043 3436 1097 veri
3469 1044 3642 1097 lumi-

2049 1134 2131 1187 nis
2161 1140 2543 1203 perpetuaeque
2576 1132 2816 1202 Virginis
2835 1174 2849 1196 ,
2891 1140 3150 1187 consueta
3180 1131 3438 1186 Ecclesia-3
3468 1131 3642 1200 ipsius

2047 1221 2350 1288 luminaria,
2383 1221 2683 1288 adjectione
2713 1220 3006 1274 admodum
3036 1234 3358 1286 numerosa,
3391 1219 3646 1274 cumula-

2049 1309 2142 1364 vit.
2176 1308 2541 1364 Lincolniensi
2568 1323 2800 1378 namque
2834 1307 3167 1362 thesaurario
3197 1306 3405 1376 amplos
3431 1306 3484 1360 in
3531 1307 3641 1360 hoc

2049 1396 2226 1466 ipsum
2283 1396 2581 1467 assignavit
2637 1395 2880 1450 redditus
2938 1403 2995 1448 ut
3058 1395 3234 1464 ampla
3294 1402 3450 1447 tanta:
3505 1393 3643 1448 aedis

2051 1484 2406 1548 immensitas,
2440 1483 2732 1553 parietibus
2761 1498 2930 1553 prope
2961 1483 3184 1546 nudum,
3208 1482 3346 1535 inter
3374 1490 3640 1535 nocturna

2052 1571 2228 1626 oﬂicia
2258 1587 2537 1626 cereorum
2576 1571 2799 1625 micaret
2842 1569 3164 1640 fulgoribus,
3200 1578 3256 1622 ut
3286 1569 3513 1622 interdiu
3545 1583 3641 1622 ra—

352 1652 555 1722 impetu
594 1653 918 1707 credebatur
964 1653 1038 1706 ita
1085 1654 1328 1724 potuisse
1371 1653 1612 1707 funditus
1660 1653 1944 1707 exhauriri.
1970 1690 2020 1747 B
2052 1661 2157 1714 diis
2187 1660 2549 1714 renitcscebat
2595 1658 2882 1713 solaribuS.

352 1739 511 1808 Quod
540 1748 740 1808 tamen,
774 1741 1221 1811 qualitercumque
1254 1740 1451 1796 factum
1481 1741 1566 1808 sit,
1618 1742 1720 1795 hoc
1769 1740 1947 1796 dicere

355 1827 615 1882 veraciter
640 1827 786 1893 licet,
812 1828 937 1898 quia
967 1827 1200 1882 exterius
1223 1828 1439 1899 quidem
1469 1827 1610 1883 lacte
1641 1828 1945 1893 candidior,

355 1914 499 1969 intus
549 1930 681 1970 vero
739 1922 792 1970 et
841 1923 991 1970 extra
1048 1916 1188 1972 vitro
1218 1916 1402 1985 purior
1446 1931 1676 1986 corpore
1734 1931 1950 1986 quoque

359 2010 698 2058 monstratus
745 2010 829 2057 est
889 2019 988 2057 suo
1019 2003 1212 2057 similis
1240 2003 1468 2058 Martino
1491 2047 1506 2070 ,
1563 2011 1620 2057 ut
1676 2011 1726 2058 et
1754 2003 1950 2057 merito

357 2090 463 2161 ipsi
493 2089 599 2146 dici
629 2090 824 2146 debeat
850 2091 906 2144 in
933 2092 1038 2146 hac
1069 2091 1228 2146 etiam
1267 2099 1414 2161 parte
1454 2113 1474 2137 ‹‹
1503 2091 1735 2146 Gemma
1765 2106 1952 2146 sacer-

357 2177 567 2233 dotum.
597 2203 618 2227 η
654 2179 735 2232 De
765 2178 918 2247 cujus
938 2179 1171 2233 mirabili
1193 2180 1392 2235 decore
1421 2179 1648 2235 inferius
1670 2180 1790 2235 loco
1810 2194 1951 2235 com-

356 2265 562 2336 petenti
588 2264 749 2335 plura
793 2265 1058 2321 dicentur.

432 2351 717 2408 Conditum
748 2361 926 2408 autem
955 2352 1141 2408 multis
1172 2354 1532 2420 aromatibus,
1584 2371 1615 2409 a
1664 2354 1951 2410 dormitio-

359 2440 446 2496 nis
485 2458 597 2497 suae
625 2441 748 2497 loco
796 2441 1134 2498 Lincolniam
1163 2459 1285 2497 eum
1335 2443 1404 2497 ad
1434 2443 1804 2514 sepeliendum
1835 2458 1952 2498 coe-

360 2529 539 2601 pimus
570 2529 866 2585 transferre
897 2530 1067 2600 (375).
1091 2531 1214 2585 Non
1243 2537 1325 2586 est
1353 2537 1535 2585 autem
1556 2547 1801 2599 necesse,
1830 2531 1953 2602 quia

360 2632 464 2672 nec
492 2616 754 2686 possibile
784 2617 942 2671 nobis
972 2617 1131 2684 foret,
1155 2618 1311 2673 ﬂetus
1332 2626 1384 2672 et
1405 2619 1638 2690 gemitus
1669 2635 1955 2674 occurren-

359 2703 494 2760 tium
524 2704 763 2775 undique
794 2703 1109 2760 describere
1156 2705 1498 2776 pOpulorum.
1543 2706 1780 2760 Civitatis
1811 2707 1954 2760 enim

357 2790 653 2846 Londoniaa
682 2790 857 2846 clerus
889 2800 942 2846 et
972 2791 1205 2862 populus
1245 2792 1435 2862 procul
1465 2800 1617 2848 extra
1645 2794 1790 2847 urbis
1819 2810 1954 2848 mm-

357 2879 451 2933 nia
481 2893 605 2934 cum
636 2877 888 2934 crucibus
917 2887 967 2934 et
990 2880 1166 2934 cereis
1197 2880 1454 2935 feretrum
1482 2882 1758 2951 prosecuti
1798 2889 1945 2936 sunt.

361 2965 580 3023 Obitum
626 2981 755 3020 vero
802 2982 898 3036 per
945 2982 1109 3037 agros
1154 2975 1206 3021 et
1251 2967 1442 3037 villas,
1492 2977 1721 3040 uterque
1768 2985 1949 3035 sexus,

364 3053 649 3124 omnisque
697 3052 934 3108 conditio
983 3054 1188 3125 gradus
1231 3063 1283 3110 et
1326 3033 1534 3110 ordinis
1563 3033 1948 3127 cujuscunque,
1977 3033 2024 3094 Ο

359 3141 451 3196 ubi
481 3140 686 3209 audiit,
737 3141 793 3194 in
841 3139 978 3196 fines
1027 3157 1154 3196 suos
1197 3143 1540 3197 venientibus
1570 3144 1786 3198 obviam
1818 3160 1952 3199 con-

360 3228 561 3284 ﬂuebat
590 3228 729 3284 sacri
762 3228 969 3284 funeris
996 3230 1368 3300 portitoribus.
1400 3231 1667 3301 Tetigisse
1692 3232 1954 3286 feretrum

360 3316 539 3388 palma
585 3331 842 3386 suprema
871 3315 988 3370 fuit.
1026 3316 1234 3384 Quibus
1263 3317 1316 3371 id
1348 3321 1651 3392 negabatur
1678 3336 1792 3389 pra}
1819 3336 1953 3376 con-

361 3402 670 3474 stipantium
715 3404 995 3458 turbarum
1041 3405 1412 3472 multitudine,
1466 3406 1553 3461 vel
1583 3407 1791 3460 eminus
1823 3408 1955 3462 ado—

361 3506 536 3556 rasse,
571 3499 623 3546 et
653 3491 1006 3562 conspexisse
1035 3509 1143 3547 non
1174 3493 1279 3549 vile
1310 3494 1610 3548 ducebatur
1633 3496 1952 3564 trOphaaum.

365 3578 427 3632 In
478 3577 598 3649 ipso
645 3579 835 3634 itinere
880 3596 978 3650 per
1019 3580 1150 3651 juge
1179 3580 1545 3651 quatriduum,
1576 3598 1683 3637 uno
1716 3583 1954 3654 quotidie

366 3665 627 3737 repetito,
677 3666 764 3721 vel
810 3667 988 3737 potius
1038 3667 1347 3723 continuato
1378 3669 1675 3736 miraculo,
1709 3679 1956 3725 sanctum

367 3769 526 3808 suum
574 3753 883 3810 miriﬁcavit
939 3755 1220 3810 Dominus.
1274 3757 1334 3810 In
1381 3757 1632 3811 manibus
1689 3757 1957 3829 siquidem

365 3857 658 3913 puerorum
688 3842 1037 3912 equitantium
1066 3843 1208 3898 cerei
1262 3853 1493 3914 quatuor
1531 3845 1735 3913 jugiter
1791 3846 1957 3900 arde-

365 3929 529 3996 bant;
579 3945 715 4000 quos
762 3929 816 3984 in
843 3945 1052 3984 morem
1083 3931 1379 3987 facularum
1410 3934 1511 3986 sub
1542 3933 1628 3986 die
1661 3934 1954 4004 expositos,

370 4032 472 4071 nec
501 4024 782 4071 ventorum
811 4017 1136 4087 spiramina,
1182 4033 1285 4074 nec
1326 4019 1595 4073 interdum
1625 4021 1792 4092 guttis
1819 4021 1958 4075 den-

369 4102 608 4159 sioribus
637 4105 869 4158 rorantia
898 4105 1123 4159 nubium
1145 4105 1432 4166 stillicidia.
1458 4108 1802 4179 exstinguere
1829 4125 1963 4178 prae-

368 4191 643 4247 valebant.
693 4193 852 4248 Pueri
905 4209 1050 4248 nunc
1091 4194 1161 4248 ab
1191 4194 1344 4265 equis
1372 4195 1787 4261 descendentes,
1820 4213 1961 4252 nunc

371 4295 496 4334 cum
540 4280 846 4335 vehementi
898 4281 1100 4351 impetu
1149 4282 1311 4336 sellas
1357 4298 1556 4338 vacuas
1603 4285 1961 4339 reascenden-

2124 1748 2303 1800 Prima
2334 1747 2497 1816 igitur
2524 1747 2579 1799 in
2608 1746 2858 1816 corporis
2877 1745 3254 1816 deportatione
3284 1761 3473 1800 versus
3517 1744 3640 1798 Lin-

2051 1835 2285 1889 colniam
2315 1850 2437 1889 cum
2467 1835 2744 1889 monachis
2772 1832 3250 1888 Bedefortensibus
3281 1831 3486 1886 mansio
3517 1831 3636 1886 fuit.

2052 1922 2387 1992 Crepusculo
2430 1922 2537 1976 diei
2584 1922 2869 1986 secundae,
2931 1929 3215 1990 postquam
3268 1920 3369 1974 iter
3397 1920 3644 1989 aggressi

2052 2026 2260 2075 sumus,
2294 2011 2361 2063 ad
2391 2009 2572 2064 villam
2601 2009 2841 2078 episcopi
2871 2007 3265 2063 Lincolniensis
3294 2007 3643 2061 Bikelesuade

2052 2097 2201 2167 (376)
2232 2106 2612 2167 nuncupatam,
2646 2097 2983 2151 devenimus.
3017 2096 3142 2164 Ubi,
3171 2096 3297 2149 dum
3328 2111 3471 2150 circa
3500 2095 3642 2149 fere-

2052 2193 2193 2239 trum
2216 2185 2587 2256 plangentium
2617 2185 2922 2240 accolarum
2952 2200 3011 2238 se
3038 2191 3212 2236 turma
3244 2183 3638 2255 conglomerat,

2052 2273 2108 2327 in
2137 2273 2256 2343 ipso
2287 2273 2534 2328 ecclesiae
2562 2272 2782 2327 introitu
2801 2313 2814 2340 ,
2866 2272 2921 2324 in
2976 2287 3081 2342 qua
3111 2287 3208 2341 per
3236 2279 3450 2325 noctem
3497 2271 3645 2325 illam

2054 2361 2366 2418 venerabile
2397 2377 2594 2431 corpus
2624 2361 2909 2430 quiescere
2940 2359 3163 2428 debuit,
3198 2358 3433 2413 hominis
3463 2358 3641 2426 cujus-

2054 2450 2179 2504 dam
2213 2449 2493 2504 brachium
2523 2449 2596 2502 ita
2625 2448 2961 2503 confractum
2992 2447 3088 2502 fuit
3119 2455 3175 2501 ut
3207 2447 3469 2516 crepitum
3503 2447 3642 2501 ossis

2055 2538 2307 2608 patientis
2338 2537 2624 2592 fracturam
2655 2536 2729 2590 illi
2758 2537 2916 2590 etiam
2939 2578 2953 2600 ,
3007 2535 3097 2605 qui
3153 2535 3408 2589 remotius
3437 2535 3643 2588 consti-

2055 2633 2250 2692 terant,
2301 2625 2502 2679 clarius
2548 2624 2816 2678 audirent.
2875 2625 3005 2678 Erat
3060 2630 3240 2676 autem
3285 2637 3482 2676 nomen
3519 2623 3645 2687 viri,

2058 2713 2149 2783 qui
2206 2713 2369 2768 etiam
2443 2713 2619 2766 adhuc
2676 2727 2965 2782 superesse
3022 2711 3257 2775 dicitur,
3314 2711 3642 2764 Bernardus.

2057 2801 2231 2868 Quem
2280 2801 2362 2854 sui
2404 2801 2469 2854 ab
2517 2799 2762 2855 ecclesia
2793 2799 3001 2853 foribus
3045 2797 3417 2852 semianimem
3447 2814 3645 2868 rapue-

2055 2896 2198 2953 runt,
2234 2896 2284 2943 et
2307 2889 2376 2942 ad
2405 2889 2623 2942 domum
2645 2886 2923 2957 propriam
2945 2887 3183 2941 delatum
3204 2902 3374 2956 usque
3406 2886 3458 2938 in
3481 2900 3640 2939 mane

2055 2976 2324 3047 patientiae
2353 2992 2576 3046 operam
2609 2976 2737 3030 dare
2762 2975 3060 3043 jusserunt,
3094 2982 3328 3043 tuncque
3358 2974 3409 3028 ei
3440 2974 3644 3027 subve-

2053 3064 2309 3118 niendum
2339 3064 2656 3134 pollicentes
2705 3077 2807 3131 Ope
2845 3061 3202 3115 medicorum.
3238 3060 3325 3114 Sic
3357 3075 3491 3129 ergo
3523 3074 3645 3114 cum

2054 3160 2220 3217 esset,
2246 3167 2346 3206 nec
2377 3151 2567 3205 saltem
2599 3149 2908 3220 colligatus,
2935 3164 3035 3203 nec
3064 3148 3256 3218 quovis
3287 3147 3645 3201 medicamine

2055 3238 2196 3293 fotus
2226 3239 2476 3295 fracturae
2505 3239 2640 3292 adeo
2670 3238 2910 3291 molestae
2941 3237 3112 3304 locus,
3162 3235 3449 3305 plurimam
3480 3235 3653 3289 noctis

2053 3335 2262 3396 partem
2312 3343 2437 3381 eum
2479 3326 2532 3378 in
2579 3325 2859 3379 doloribus
2890 3324 3105 3395 magnis
3133 3323 3453 3392 pertrahere
3483 3322 3642 3376 dolor

2054 3415 2233 3485 coegit
2262 3415 2586 3468 insomnem.
2619 3413 2725 3480 Qui
2757 3414 2975 3467 demum
3028 3413 3082 3464 in
3129 3419 3344 3465 tenuem
3376 3411 3648 3464 resolutus

2056 3519 2310 3573 soporem
2355 3518 2480 3556 mox
2521 3501 2653 3556 vidit
2680 3501 2995 3570 episcopum
3025 3498 3303 3553 brachium
3335 3514 3490 3551 suum
3523 3513 3646 3551 ma-

2055 3591 2213 3645 nibus
2241 3589 2502 3660 piissimis
2534 3596 2983 3654 contrectantem,
3016 3587 3244 3656 dataque
3275 3585 3652 3640 benedictione

2057 3695 2086 3732 a
2133 3695 2193 3733 se
2241 3685 2364 3747 post
2411 3677 2687 3747 paululum
2718 3676 3080 3730 recedentem.
3133 3676 3398 3728 Caeterum
3429 3688 3654 3728 recessu

2062 3766 2282 3821 indulta:
2325 3765 2587 3830 visionis,
2640 3764 2849 3818 collata:
2896 3761 3286 3817 benedictionis
3332 3761 3500 3816 virtus
3546 3776 3656 3814 non

2059 3854 2301 3908 recessit.
2352 3852 2634 3923 Evigilans
2685 3867 2917 3921 namque
2967 3867 2998 3903 a
3029 3865 3255 3914 somno,
3306 3849 3378 3901 ita
3418 3849 3652 3917 penitus,

2058 3942 2244 4012 fugato
2293 3941 2441 3994 omni
2493 3940 2682 3994 dolore
2709 3981 2723 4005 ,
2772 3955 2833 3993 os
2863 3937 3258 3994 consolidatum
3291 3945 3341 3990 et
3372 3935 3651 3990 brachium

2061 4037 2308 4084 sanatum
2337 4027 2539 4082 invenit
2567 4070 2581 4092 ,
2613 4035 2669 4081 ut
2698 4027 3098 4097 praecedentem
3127 4025 3305 4094 potius
3335 4023 3653 4078 fractionem

2060 4132 2222 4188 quam
2289 4115 2620 4171 curationem
2698 4115 3156 4184 subsequentem,
3234 4128 3332 4181 per
3407 4127 3652 4165 somnum

2062 4203 2370 4274 suscepisse
2399 4211 2634 4272 putaret.

2131 4292 2308 4347 Tertia
2350 4291 2557 4345 mansio
2606 4289 2702 4343 fuit
2749 4289 2889 4359 apud
2922 4287 3236 4343 Buckedeus
3272 4288 3440 4355 (377).
3474 4286 3530 4338 In
3571 4284 3657 4338 his

370 4373 474 4429 ῐθετ
506 4382 696 4422 cereos
728 4367 987 4422 tenebant
1019 4385 1032 4423 ε
1067 4385 1203 4440 quos
1236 4369 1378 4441 ignis
1409 4370 1550 4425 inter
1579 4372 1695 4427 11330
1725 4388 1833 4426 non
1857 4373 1957 4427 de-
1981 4378 2032 4435 D
2065 4381 2280 4450 quidem
2301 4380 2513 4433 duobus
2541 4377 2797 4432 maneriis
2819 4376 3238 4446 episcopalibus,
3267 4381 3344 4428 tot
3373 4372 3656 4440 ejulatibus

368 4453 607 4509 serebat.
651 4454 989 4524 Stupebant,
1029 4465 1082 4510 et
1130 4473 1243 4527 prae
1291 4457 1649 4512 admiratione
1703 4460 1758 4512 in
1803 4476 1964 4515 voces

371 4540 825 4597 exclamationum
850 4545 1280 4613 prorumpebant
1309 4546 1426 4600 hzec
1455 4547 1776 4600 intuentium
1820 4548 1962 4601 mul-

371 4627 647 4694 titudines,
672 4637 979 4684 asserentes
1001 4646 1102 4686 nec
1132 4631 1272 4686 inter
1300 4648 1495 4686 manus
1517 4634 1760 4688 clausum
1783 4634 1965 4689 lumen

370 4730 404 4770 a
432 4731 492 4771 se
524 4716 696 4772 teneri
725 4732 891 4786 posse
920 4717 1314 4786 inexstinclum,
1347 4721 1436 4773 ubi
1466 4721 1520 4774 hi
1550 4721 1697 4776 nullo
1727 4722 1853 4776 tecti
1879 4739 1966 4777 ve-

371 4803 609 4870 lamine,
665 4803 762 4860 sed
829 4805 928 4860 Dei
977 4806 1143 4861 solius
1181 4806 1299 4862 freti
1349 4807 1545 4863 virtute
1594 4809 1829 4880 flagrare
1857 4826 1962 4864 non

439 4977 576 5047 (375)
615 4979 705 5047 Die
742 4979 800 5029 18
848 4981 1150 5038 Novembris,
1195 4996 1287 5045 qua
1331 4983 1407 5033 die
1450 4985 1608 5047 prima
1650 4987 1837 5035 mansio
1876 4987 1967 5036 fuit

367 5043 492 5104 apud
518 5045 785 5094 monachos
809 5043 1276 5107 Bedefortenscs,’id
1302 5053 1379 5098 est
1405 5043 1652 5100 in'celebri
1679 5053 1761 5100 illo
1801 5065 1965 5101 emno-

366 5107 446 5159 bio
466 5109 526 5159 ad
555 5113 607 5160 S.
633 5111 869 5162 Albanum
897 5113 944 5162 in
968 5126 1085 5175 agro
1110 5116 1443 5166 Bedefortensi
1472 5117 1662 5179 pridem
1689 5117 1910 5168 fundato.

431 5217 575 5288 (376)
600 5220 821 5288 Secunda
870 5222 1055 5271 mansio
1105 5224 1183 5273 die
1227 5224 1511 5274 Novembris
1539 5225 1628 5275 fuit
1651 5227 1776 5288 apud
1799 5227 1961 5277 villam

365 5280 668 5335 Bikclsuade.

432 5403 568 5464 (377)
593 5405 778 5456 Mansio
804 5406 949 5456 tertia
973 5406 1050 5456 die
1075 5407 1140 5456 ‘20
1184 5410 1465 5461 Novembris
1498 5411 1624 5474 apud
1662 5411 1960 5473 Buckcdens,

2065 4477 2116 4522 et
2145 4468 2397 4522 lamentis
2445 4466 2820 4536 indigenarum
2850 4464 3060 4532 excepti
3091 4478 3276 4515 sumus
3298 4502 3311 4528 ,
3360 4469 3415 4513 ut
3458 4460 3654 4513 memi-

2063 4556 2210 4609 nisse
2242 4556 2449 4620 horror,
2484 4553 2724 4606 scribere
2757 4567 2886 4606 vero
2917 4551 3070 4603 labor
3099 4549 3187 4603 sit.

2135 4643 2342 4710 Quarta
2373 4640 2720 4711 profectionis
2751 4639 2896 4692 dieta
2927 4636 3327 4692 Staunfordiam
3359 4635 3507 4703 (378)
3553 4650 3651 4687 ve-

2065 4732 2262 4784 nimus.
2289 4729 2368 4783 Ibi
2398 4729 2526 4782 dum
2558 4727 2776 4798 agmine
2806 4726 2976 4780 denso
3007 4724 3310 4795 frequentia
3355 4721 3536 4792 populi
3569 4721 3662 4773 sti-

2063 4827 2220 4890 patur
2248 4817 2395 4872 circa
2427 4816 2708 4880 feretrum,
2743 4822 2796 4869 et
2814 4814 2941 4868 hinc
2970 4813 3242 4882 virginum
3274 4812 3386 4864 Deo
3417 4816 3662 4864 sacrata-

2065 4997 2145 5057 qui
2175 4996 2300 5045 idem
2327 4996 2423 5044 erit
2448 4994 2600 5054 locus,
2627 4995 2707 5055 qui
2731 5004 2878 5055 supra
2905 5004 2948 5040 c.
2973 4991 3004 5039 9
3032 4990 3195 5051 hujus,
3222 4988 3332 5038 libri
3366 4985 3658 5048 Buggedena

2064 5066 2235 5111 vocatu
2245 5097 2256 5109 .

2137 5144 2280 5207 (378)
2310 5145 2497 5194 Mansio
2522 5148 2694 5205 quarta
2735 5143 2812 5192 die
2854 5141 2908 5189 2|
2949 5138 3235 5207 Novembris
3274 5135 3400 5207 apud
3426 5134 3657 5207 Stanfor-

2063 5201 2214 5268 diam,
2241 5201 2321 5259 ubi
2347 5218 2452 5259 erat
2471 5201 2743 5258 cm'uobium
2769 5207 3007 5266 quondam
3037 5205 3141 5253 ord.
3183 5207 3232 5252 S.
3276 5203 3459 5251 Bened.
3484 5201 3542 5250 de
3569 5213 3659 5268 quo

2063 5278 2370 5326 Mabillonius
2396 5281 2515 5324 tom.
2543 5276 2579 5322 V
2608 5274 2786 5331 Annal,
2815 5287 2867 5334 p.
2890 5273 3009 5331 559,
3032 5271 3112 5318 ιιὶ)ἱ
3139 5268 3369 5331 quosdam
3398 5267 3665 5334 monachos

2063 5341 2472 5403 enumerathujus
2495 5340 2721 5398 caenohii,
2747 5333 2870 5388 forte
2899 5337 3176 5386 monialium
3203 5347 3371 5384 curam
3398 5333 3658 5391 habentes,

2064 5414 2115 5459 ut
2140 5410 2189 5459 in
2213 5409 2433 5471 sequenti
2463 5413 2574 5457 nota
2613 5407 2820 5456 dicetur.
