3960 6062
294 140 431 192 1109

1656 142 1835 197 VITA.
1878 173 1945 182 —
1984 142 2110 197 LIB.
2154 145 2216 199 V.

3456 153 3591 204 1110

303 277 477 317 rume
505 261 684 318 vicino
712 265 1050 321 monasterio
1071 267 1220 340 (579)
1253 270 1471 336 chorus,
1510 268 1634 323 inde
1666 267 1895 323 circum-
1919 269 1971 328 Α
2000 266 2090 321 ille
2149 268 2205 321 in
2260 270 2517 324 extremis
2558 271 2671 338 jam
2730 270 2957 341 positus,
3007 287 3153 336 mox,
3212 280 3267 327 ut
3322 274 3585 345 percepit,

287 349 585 417 jacentium
632 348 885 405 villarum
943 354 1161 422 accolae,
1195 357 1473 427 populosis
1516 356 1688 427 ipsius
1740 355 1895 426 burgi

291 436 466 490 turbis
511 449 847 505 accrescunt,
884 440 969 495 vix
999 451 1123 497 ante
1171 444 1452 514 profundae
1510 444 1685 499 noctis
1736 450 1893 497 tene-

294 523 423 578 bras
455 525 633 580 vicum
661 525 840 596 ipsum
874 528 1084 600 ingredi
1134 532 1421 587 valuimus.
1456 533 1581 587 Istic
1637 547 1770 587 vero
1796 547 1894 600 per

289 612 486 666 merita
536 613 680 667 servi
709 614 792 668 sui
841 616 945 671 tale
994 619 1257 673 Dominus
1305 620 1627 675 miraculum
1682 627 1891 689 patrare

287 698 545 772 dignatus
576 708 677 767 est,
712 711 768 755 ut
798 703 902 759 hoc
944 714 1283 761 mortuorum
1305 707 1699 763 resuscitationi
1731 721 1891 760 nemo

277 786 400 855 jure
429 787 639 843 dubitet
657 789 1073 859 praeferendum.
1124 796 1369 849 Interfuit
1430 805 1577 851 tanto
1635 795 1887 851 occursui

288 874 513 945 quidam
553 876 635 930 vir
690 877 995 935 innocentis
1043 882 1185 949 vitae,
1229 883 1495 953 bonisque
1559 900 1658 954 per
1707 883 1889 937 omnia

292 963 487 1016 studiis
524 964 757 1029 deditus,
802 975 916 1023 arte
961 970 1162 1026 sutoria
1207 971 1312 1025 sibi
1368 988 1587 1043 sumque
1637 971 1886 1027 familiae-

287 1049 492 1105 victum
522 1052 832 1121 quaeritans.
867 1055 966 1111 Hic
998 1058 1208 1112 eminus
1231 1068 1535 1129 conspecta:
1570 1059 1745 1132 glebze
1761 1076 1888 1130 pre-

288 1137 570 1193 tiosissimi
623 1143 917 1211 gestatoris
964 1159 1087 1199 cum
1126 1146 1392 1202 accedere
1437 1146 1715 1211 niteretur,
1786 1148 1884 1202 sed

290 1241 405 1296 prae
428 1226 703 1281 turbarum
756 1229 1021 1286 densitate
1077 1232 1299 1288 nitendo
1338 1250 1529 1304 parum
1575 1233 1879 1305 proficeret,

291 1313 480 1367 multis
508 1315 851 1371 audientibus
880 1318 936 1372 in
968 1334 1133 1375 voces
1154 1321 1787 1391 hujuscemodiprorupit
1807 1322 1881 1376 di-

292 1415 424 1455 cens
458 1419 471 1455 :
511 1424 532 1448 α
569 1401 614 1457 Ο
646 1403 787 1458 bone
816 1406 980 1473 Deus,
1006 1423 1172 1478 quare
1218 1424 1324 1463 non
1356 1410 1639 1479 permittor
1685 1410 1753 1463 ad
1784 1424 1879 1480 op-

288 1489 405 1542 timi
435 1490 579 1544 servi
612 1490 687 1544 tui
716 1507 913 1562 corpus
945 1496 1229 1561 accedere,
1264 1504 1319 1549 ut
1352 1496 1433 1551 vel
1459 1495 1721 1550 fimbriam
1753 1497 1877 1566 pal-

282 1576 510 1644 liorum,
564 1579 759 1649 quibus
789 1581 1006 1652 tegitur,
1040 1583 1272 1637 osculari
1320 1600 1548 1650 merear,
1598 1584 1685 1639 vel
1715 1593 1875 1654 caput
1908 1612 1956 1670 Β

281 1680 463 1718 meum
485 1665 919 1738 indignissimum
941 1670 1113 1725 sacris
1126 1670 1241 1738 ejus
1260 1687 1569 1741 supponere
1592 1672 1834 1743 reliquiis
1850 1673 1876 1726 ξ)

285 1750 333 1806 Ο
357 1752 827 1809 Scrutatorrerum
860 1764 909 1811 et
939 1757 1203 1823 cordium,
1254 1759 1402 1825 Jesu,
1435 1759 1686 1814 Salvator
1717 1760 1875 1814 beni-

283 1840 567 1911 gnissime,
603 1840 657 1894 in
678 1842 780 1897 lioc
810 1843 927 1898 solo
955 1844 1286 1900 desiderium
1321 1863 1499 1901 meum
1530 1847 1784 1917 adimple,
1821 1855 1878 1901 ut

282 1926 561 1992 feretrum,
590 1929 733 1999 quod
775 1931 1073 2001 conspicio,
1117 1933 1282 1988 corde
1311 1942 1362 1987 et
1418 1950 1643 2004 corpore
1699 1951 1873 2005 prono

293 2016 502 2070 valeam
526 2015 726 2083 subire,
758 2025 811 2072 et
841 2018 919 2073 sic
937 2020 1006 2073 de
1033 2021 1192 2088 hujus
1214 2021 1399 2075 mundi
1429 2022 1731 2077 colluvione
1758 2023 1874 2077 ani-

287 2119 431 2156 mam
460 2119 639 2158 meam
662 2105 811 2159 tolle.
841 2124 860 2157 ι
887 2106 1032 2160 Talia
1063 2107 1152 2163 ille
1180 2108 1466 2163 clamitans
1488 2109 1695 2163 nisibus
1721 2110 1871 2165 inde-

284 2190 446 2245 fessis
472 2234 485 2255 ,
519 2191 693 2245 turbis
749 2210 961 2265 quoque
992 2195 1059 2248 ad
1107 2195 1371 2251 clamores
1418 2197 1531 2264 ejus
1559 2198 1797 2252 attonitis
1819 2206 1872 2253 et

281 2277 541 2347 paulatim
588 2280 990 2347 secedentibus,
1022 2282 1287 2337 immersit
1318 2299 1377 2339 se
1405 2285 1618 2339 tandem
1661 2286 1762 2339 sub
1793 2284 1870 2339 fe-

281 2373 507 2419 retrum.
541 2364 699 2433 Quod
746 2375 1031 2439 postquam
1061 2370 1256 2441 attigit,
1290 2379 1341 2424 et
1372 2371 1547 2441 capite
1596 2373 1869 2429 submisso

281 2452 545 2519 adoravit,
579 2453 749 2507 oculis
770 2471 832 2509 ac
849 2457 1101 2511 manibus
1122 2458 1176 2510 in
1198 2458 1394 2512 coelum
1419 2461 1613 2514 erectis
1641 2461 1692 2513 in
1727 2462 1868 2516 hunc

278 2540 501 2594 modum
529 2557 683 2595 orare
712 2544 876 2611 coepit
911 2559 922 2598 :
961 2566 981 2594 ε
1032 2545 1248 2599 Gratias
1278 2546 1373 2599 tibi
1414 2562 1540 2617 ago,
1577 2549 1736 2602 Pater
1767 2549 1865 2602 mi-

274 2628 689 2682 sericordiarum
722 2638 773 2683 et
802 2631 948 2684 Deus
971 2632 1134 2686 totius
1165 2633 1568 2699 consolationis,
1604 2636 1727 2706 quia
1758 2636 1864 2689 mi-

272 2724 450 2770 sertus
500 2732 558 2771 es
616 2717 741 2783 mei,
788 2726 841 2771 et
868 2718 922 2771 in
971 2726 1179 2773 tantum
1225 2721 1531 2776 consolatus
1580 2739 1639 2778 es
1668 2740 1753 2778 me
1786 2732 1859 2789 ut,

266 2804 413 2873 quod
443 2803 497 2856 in
530 2804 630 2859 hoc
658 2806 860 2859 mundo
892 2822 1057 2876 super
1077 2808 1256 2861 omnia
1287 2810 1593 2879 concupivi,
1631 2812 1862 2867 sanctis-

272 2890 410 2946 simo
440 2891 659 2962 corpori
706 2892 847 2947 servi
878 2894 953 2947 tui
1009 2910 1207 2965 corpus
1237 2912 1436 2965 meum,
1494 2906 1569 2951 tot
1624 2899 1861 2968 peccatis

1994 356 2277 424 praemissa
2325 357 2687 423 confessione,
2722 366 2978 429 percepta
3008 360 3366 426 absolutione,
3419 369 3587 416 testa-

1994 451 2285 513 mentoque
2315 444 2554 517 legitime
2578 446 2845 513 confecto,
2876 447 3122 517 spiritum
3142 447 3192 499 in
3223 464 3352 517 pace
3387 450 3582 505 emisit.

2064 531 2338 585 Habuerat
2394 549 2523 587 vero
2582 542 2798 587 sanctus
2855 533 2907 586 in
2964 551 3065 588 usu
3122 534 3390 600 familiari,
3452 537 3579 590 dum

1992 617 2169 673 adhuc
2201 619 2425 685 viveret,
2470 627 2545 686 ut,
2593 635 2715 676 cum
2764 621 2975 675 audiret
3006 622 3272 692 quosdam
3320 622 3587 693 intempe—

1991 705 2198 759 rantius
2246 707 2436 777 lugere
2505 722 2881 779 quemcunque
2930 718 3237 777 mortuum,
3293 710 3436 764 inter
3480 710 3582 766 alia

1990 793 2378 848 consolationis
2407 795 2575 849 verba
2604 796 2684 849 eis
2715 796 2921 850 diceret
2955 811 2966 849 :
3007 820 3028 843 κ
3066 797 3133 850 Et
3164 796 3289 868 quid
3312 805 3395 852 est
3413 797 3576 864 istud,

1990 880 2138 949 quod
2169 881 2331 953 agitis
2352 884 2379 936 ε)
2410 898 2507 952 per
2536 890 2778 938 sanctam
2808 900 2998 938 nucem
3030 884 3133 955 (sic
3162 885 3308 938 enim
3337 885 3456 940 vice
3479 886 3574 954 ju-

1988 968 2219 1021 ramenti
2237 969 2307 1022 ad
2336 968 2797 1024 confirmationem
2831 970 2985 1025 verbi
3014 970 3280 1026 interdum
3308 972 3573 1043 loqueba-

1987 1055 2095 1124 tur)
2125 1071 2224 1125 per
2271 1064 2530 1123 sanctam,
2563 1057 2832 1129 inquiens,
2868 1073 3063 1113 nucem
3118 1059 3403 1115 nobiscum
3432 1060 3578 1115 male

1984 1141 2211 1196 nimium
2239 1152 2512 1215 ageretur,
2539 1144 2584 1198 si
2614 1145 2749 1199 mori
2791 1161 3066 1217 nunquam
3096 1146 3509 1202 concederetur.
3550 1169 3571 1197 ι

1983 1230 2358 1285 Miraculosam
2382 1247 2599 1302 quoque
2631 1240 2964 1287 mortuorum
2995 1234 3397 1289 suscitationem
3452 1234 3575 1290 lau-

1982 1316 2141 1371 dibus
2196 1316 2474 1383 eﬂ'erebat,
2508 1320 2605 1374 sed
2649 1320 2891 1373 virorum
2922 1336 2987 1374 ex
3017 1321 3121 1376 hoc
3150 1322 3347 1376 saeculo
3403 1322 3572 1376 mira-

1981 1404 2168 1459 culose
2198 1405 2483 1475 aliquoties
2518 1406 2718 1460 factam
2760 1407 3097 1476 ereptionem
3146 1408 3325 1477 potius
3354 1410 3571 1464 attolle-

1981 1491 2091 1559 bat,
2127 1500 2184 1545 ut
2218 1492 2360 1546 Petri
2406 1494 2554 1563 (380)
2605 1494 2920 1548 subdiaconi
2975 1503 3137 1565 atque
3195 1496 3391 1549 notarii
3431 1497 3572 1551 beati

1978 1594 2135 1648 papae
2162 1579 2435 1651 Gregorii,
2471 1589 2522 1635 et
2553 1582 2837 1650 cujusdam
2865 1581 3196 1653 paenitentis,
3229 1582 3298 1636 de
3328 1598 3434 1652 quo
3464 1584 3573 1653 agi-

1979 1674 2064 1720 tur
2091 1666 2145 1719 in
2195 1668 2472 1722 miraculis
2532 1669 2703 1723 sancti
2752 1670 3002 1739 martyris
3037 1678 3089 1723 et
3145 1669 3387 1739 episcOpi
3436 1672 3568 1725 Pro-

1971 1754 2101 1822 jecti
2158 1756 2328 1824 (381).
2380 1755 2741 1809 Plurimorum
2806 1772 3019 1827 quoque
3067 1756 3481 1822 monachorum,
3513 1766 3569 1811 ut

1974 1841 2172 1912 legitur
2200 1843 2256 1895 in
2292 1843 2410 1897 Vita
2457 1843 2597 1897 beati
2627 1843 3085 1899 Gemeticensium
3117 1844 3329 1898 abbatis
3352 1846 3562 1899 Archa-

1974 1929 2059 1983 dri
2091 1930 2273 1999 (382);
2307 1945 2408 1985 nec
2437 1946 2547 1984 non
2577 1938 2628 1983 et
2669 1931 2884 1984 illorum
2928 1939 3136 2001 septem
3178 1932 3560 1986 dormientium

1973 2016 2124 2086 (383)
2154 2017 2245 2087 qui
2273 2017 2490 2071 fuerant
2504 2019 2819 2073 consobrini
2848 2019 2903 2073 S.
2936 2019 3151 2073 Martini
3200 2019 3417 2089 patroni
3448 2021 3563 2073 llu-

1972 2105 2132 2173 gonis
2166 2105 2353 2159 nostri.

2042 2191 2151 2246 Sed
2174 2193 2308 2260 jam,
2341 2199 2397 2246 ut
2428 2200 2647 2257 caetera,
2708 2210 2828 2263 quae
2883 2202 3104 2259 restant,
3138 2209 3556 2265 prosequamur,

1967 2279 2021 2332 in
2051 2279 2157 2334 hoc
2203 2279 2322 2335 loco
2379 2288 2771 2350 procuratores
2828 2282 2999 2336 nostri
3036 2282 3273 2335 laternas
3331 2297 3557 2336 corneas

1970 2374 2237 2432 emerunt,
2268 2366 2324 2420 in
2355 2367 2551 2437 quibus
2590 2384 2690 2437 per
2715 2369 2857 2422 diem
2915 2368 3158 2423 candelae
3182 2368 3387 2439 jugiter
3417 2368 3563 2423 circa

1968 2453 2225 2509 feretrum
2286 2453 2551 2509 lucerent.
2614 2456 2767 2509 Cerei
2824 2470 3060 2525 namque
3118 2455 3353 2509 motibus
3399 2455 3563 2509 variis

1966 2542 2317 2611 equitantium
2349 2550 2401 2596 et
2422 2542 2741 2611 impulsibus
2772 2550 3057 2597 ventorum
3090 2543 3405 2597 irruentium
3436 2559 3560 2597 exa-

1964 2627 2138 2698 gitati,
2175 2644 2206 2682 a
2260 2628 2399 2683 facie
2440 2629 2583 2701 ignis
2631 2629 2944 2684 devorantis
2975 2630 3199 2683 nimium
3252 2629 3561 2684 defluebant

1963 2732 2156 2769 manus
2182 2732 2397 2787 quoque
2442 2724 2494 2771 et
2536 2717 2847 2770 indumenta
2904 2718 3230 2787 gestantium
3288 2717 3556 2772 continuis

1961 2803 2396 2858 distillationibus
2477 2804 2756 2859 molestius
2840 2804 3214 2859 infundebant.
3305 2803 3556 2872 Quintam

1960 2891 2321 2959 mansionem,
2355 2892 2512 2945 nobis
2568 2893 2868 2946 Anacastra
2918 2894 3066 2962 (384)
3121 2889 3369 2961 praeﬁxit.
3419 2891 3557 2946 Hinc

271 2949 587 3046 obnoxium,
636 2980 928 3050 quivissem
979 2949 1297 3054 adjungere,
1334 2991 1385 3037 et
1415 2949 1464 3039 ei
1510 2985 1601 3055 qui
1626 2949 1863 3041 fideliter
1888 2949 1933 3008 Ο
1962 2978 2215 3032 milliaria
2246 2978 2329 3033 bis
2356 2980 2498 3033 dena
2535 2980 2678 3047 (385)
2708 2986 3087 3047 computantur
3115 2994 3287 3048 usque
3317 2979 3385 3032 ad
3415 2978 3552 3033 civi-

272 3066 368 3119 tibi
406 3066 627 3121 servivit
674 3068 998 3122 meruissem
1048 3070 1449 3139 approximare.
1499 3073 1779 3142 Deprecor
1809 3081 1860 3129 te

272 3152 455 3226 igitur,
475 3155 998 3225 omnipotentissime
1021 3158 1187 3223 Deus,
1225 3166 1281 3212 ut
1321 3158 1374 3212 in
1407 3160 1509 3214 hac
1549 3168 1705 3215 nocte
1737 3161 1858 3215 ani-

270 3256 414 3295 mam
444 3257 624 3295 meam
656 3260 778 3298 cum
834 3244 1015 3299 anima
1057 3245 1235 3311 istius,
1296 3247 1449 3314 cujus
1514 3262 1717 3317 corpus
1772 3265 1860 3304 me

269 3328 426 3383 adire
452 3328 648 3395 fecisti,
689 3330 744 3384 in
796 3332 983 3401 requie
1030 3333 1279 3402 perenni,
1313 3334 1401 3388 ubi
1431 3350 1548 3389 eam
1580 3351 1703 3389 esse
1751 3352 1858 3390 non

268 3415 476 3481 dubito,
504 3417 697 3485 jubeas
729 3417 1006 3474 collocari.
1048 3440 1068 3468 ι
1102 3420 1199 3474 His
1246 3421 1314 3475 ab
1347 3438 1411 3476 eo
1442 3422 1515 3477 ita
1569 3424 1853 3493 peroratis,

269 3519 369 3558 nos
399 3519 520 3559 cum
552 3512 739 3560 sancto
770 3520 998 3576 corpore
1038 3507 1346 3575 ecclesxam,
1380 3509 1435 3562 in
1467 3526 1574 3581 qua
1622 3528 1855 3581 pernoc-

266 3591 484 3645 tandum
516 3590 631 3657 fuit,
656 3592 1025 3665 ingredimur;
1058 3595 1148 3649 ille
1178 3612 1309 3650 vero
1340 3612 1465 3651 suos
1495 3598 1653 3651 intrat
1682 3615 1853 3668 pena-

265 3685 366 3744 tes,
402 3695 510 3733 una
531 3679 645 3733 sola
672 3687 843 3735 strata
872 3681 1228 3749 interjacente
1250 3683 1422 3738 eidem
1445 3686 1691 3741 ecclesia:
1714 3704 1853 3757 pene

267 3765 574 3838 contiguos.
603 3768 719 3823 Nec
747 3784 918 3835 mora,
943 3768 1247 3840 irrumpunt
1291 3772 1452 3826 vicini
1482 3773 1624 3826 illius
1672 3775 1724 3829 in
1757 3792 1851 3831 ec-

261 3852 505 3923 clesiam,
536 3855 911 3926 presbyterum
932 3858 1158 3911 turbatis
1175 3859 1397 3914 vocibus
1422 3860 1716 3931 inquirunt,
1758 3880 1849 3918 re-

263 3948 472 4009 pertum
505 3942 572 3995 ad
603 3942 822 3997 domum
840 3943 942 3996 viri
967 3953 1182 4015 sumpto
1206 3962 1392 4001 secum
1418 3964 1586 4003 sacrae
1604 3965 1850 4005 commu-

258 4028 437 4084 nionis
471 4028 661 4085 viatico
688 4030 937 4085 celeriter
972 4048 1267 4103 properare
1298 4036 1645 4105 compellunt.
1691 4036 1846 4105 Quod

326 4197 468 4269 (379)
495 4201 562 4269 De
585 4213 676 4269 quo
702 4201 752 4251 in
776 4203 985 4253 Monast.
1013 4203 1278 4267 Anglicano
1302 4207 1460 4267 agitur
1493 4210 1529 4255 t.
1569 4208 1606 4266 I,
1639 4220 1688 4269 p.
1726 4209 1843 4268 487,

258 4265 347 4314 sub
372 4266 466 4348 hoc
492 4266 633 4348 titulo
658 4282 671 4315 :
701 4269 937 4348 stari/33rd
966 4265 1267 4348 incognitam
1305 4265 1654 4348 ρὶηςρζῃὶεηὲὶ-
1676 4265 1848 4348 domus
1874 4291 1924 4348 Ι)

256 4332 695 4383 sanctimonialium
721 4336 770 4384 S.
803 4337 1077 4386 Michaelis.
1104 4337 1157 4385 In
1180 4339 1363 4387 chartis
1406 4338 1584 4387 ibidem
1630 4341 1848 4389 recitatis

258 4409 388 4463 nunc
429 4397 683 4459 Stanford,
724 4403 808 4452 sed
850 4404 1026 4463 saepius
1062 4403 1331 4463 Staunford
1367 4408 1584 4463 vocatur,
1611 4410 1661 4452 et
1702 4407 1848 4455 situm

257 4462 433 4576 giclitur
457 4466 583 4539 apud
606 4467 953 4529 Stanfordiam,
980 4462 1345 4533 subjectumque
1370 4482 1474 4518 esse
1493 4462 1654 4519 abbati
1684 4474 1850 4521 Petro-

295 4541 322 4577 u
352 4541 507 4590 gensx.

326 4645 456 4717 (580)
484 4647 535 4717 in
555 4648 738 4717 Vitas.
766 4651 983 4710 Gregorii
1008 4653 1169 4714 Magni
1192 4665 1219 4701 a
1242 4653 1426 4703 Joanne
1446 4653 1648 4703 diacono
1670 4656 1851 4717 scripta

254 4716 485 4827 3εὲτῖιυῖ
518 4715 739 4778 historia,
780 4729 924 4777 quam
967 4718 1161 4779 quidam
1206 4723 1289 4769 aut
1331 4718 1574 4781 rejiciunt,
1602 4724 1684 4770 aut
1708 4715 1853 4772 de‘ea

289 4790 318 4825 ιι
354 4790 452 4826 ian
482 4815 494 4826 .

289 4790 494 4826 nouant.

325 4878 466 4952 (581)
483 4882 848 4952 Duplexsancti
866 4884 1078 4946 Projecti
1103 4886 1229 4949 apud
1254 4887 1594 4938 Bollandianos
1614 4891 1857 4952 reperitur

259 4942 368 5019 Vita
406 4944 467 5019 ad
512 4942 637 5019 diem
663 4949 729 5019 25
772 4942 1008 5001 Januarii.
1045 4942 1148 5002 Sed
1186 4965 1245 5002 ex
1271 4958 1443 5003 neutra
1470 4942 1699 5017 colligere
1724 4958 1853 5017 potui

257 5012 366 5081 quis
413 5012 557 5062 fuerit
593 5018 837 5075 pmnitens
876 5019 935 5065 de
959 5021 1069 5066 ante
1095 5031 1187 5079 quo
1212 5020 1291 5069 hic
1317 5021 1499 5081 agitur,
1528 5012 1619 5069 nisi
1649 5012 1856 5072 forsitan

258 5076 321 5125 sit
344 5079 605 5129 Amarinus
631 5082 905 5142 Projectum
931 5076 1137 5147 occisus,
1165 5088 1215 5135 et
1242 5076 1423 5146 martyr
1450 5076 1670 5135 eﬁ’ectus.

259 5243 269 5252 .
325 5176 468 5239 (382)
497 5182 647 5253 Hujus
668 5182 826 5235 Vitam
853 5185 960 5237 vide
979 5188 1105 5249 apud
1129 5190 1323 5239 Surium
1350 5189 1427 5240 die
1473 5192 1534 5240 15
1557 5190 1859 5253 Septembris

257 5249 305 5292 in
329 5256 422 5304 qua
448 5259 554 5308 qua:
575 5249 667 5298 huc
693 5256 916 5312 spectant
938 5253 1163 5316 leguntur
1184 5256 1275 5304 sub
1301 5257 1441 5306 Num.
1485 5258 1569 5317 20,
1598 5249 1661 5308 ‘2'?
1688 5264 1738 5309 et
1771 5261 1853 5310 25.

329 5344 473 5410 (583)
519 5350 585 5399 De
624 5351 700 5399 his
748 5356 899 5415 agunt
942 5355 1247 5406 Bollandiani
1294 5362 1413 5408 tom.
1443 5360 1502 5409 VI
1529 5361 1704 5410 Mensis
1724 5363 1855 5423 Julii,

1960 3073 2126 3120 tatem
2165 3066 2315 3135 (386)
2372 3081 2478 3136 qua
2526 3080 2746 3119 eramus
2793 3065 3021 3121 venturi.
3074 3065 3155 3118 Ad
3199 3080 3362 3136 quam
3401 3072 3554 3120 sexta

1959 3152 2312 3222 profectionis
2357 3153 2445 3207 die
2500 3154 2612 3221 jam
2662 3153 2909 3208 cominus
2969 3153 3364 3217 adventantes,
3424 3168 3548 3208 cum

1957 3240 2027 3295 ad
2047 3241 2371 3296 descensum
2397 3241 2596 3295 montis
2633 3257 2741 3296 uno
2771 3258 2911 3312 pene
2969 3240 3225 3295 milliario
3255 3248 3402 3296 extra
3453 3257 3548 3294 ur-

1957 3327 2082 3382 bem
2109 3329 2516 3394 accederemus,
2551 3329 2743 3385 obvios
2772 3328 3081 3395 habuimus,
3106 3344 3229 3384 cum
3259 3327 3545 3383 inmstima-

1956 3415 2049 3468 bili
2077 3415 2417 3470 multitudine
2446 3416 2575 3471 cleri
2603 3425 2653 3471 et
2680 3416 2886 3487 populi,
2917 3433 3108 3488 regem
3154 3416 3365 3487 Angliae
3394 3416 3544 3485 (387)

1956 3511 2007 3557 et
2038 3503 2245 3574 Regem
2276 3504 2469 3559 Scotim
2498 3505 2647 3574 (388)
2679 3504 3117 3575 archiepiscopos
3139 3503 3305 3573 (389),
3326 3503 3541 3572 episco-

1954 3604 2074 3658 pos,
2132 3590 2421 3661 principes,
2478 3592 2725 3657 abbates,
2776 3600 2827 3649 et
2871 3606 3126 3661 proceres
3170 3597 3264 3657 tot,
3300 3597 3430 3659 quot
3459 3589 3545 3645 vix

1953 3692 2192 3748 unquam
2238 3677 2293 3731 in
2340 3678 2536 3749 Anglia
2584 3680 2786 3749 pariter
2835 3686 2958 3733 ante
3025 3684 3350 3733 conventum
3396 3676 3546 3731 illum

1954 3765 2177 3836 contigit
2233 3765 2484 3820 inveniri.
2536 3766 2651 3820 Rex
2709 3766 2903 3821 Scotia:
2957 3782 3071 3836 prae
3126 3780 3383 3830 moerere,
3417 3764 3544 3835 quia

1952 3852 2117 3907 nimio
2139 3868 2354 3922 semper
2383 3868 2569 3908 amore
2590 3853 2854 3907 dilexerat
2883 3852 3058 3908 virum
3088 3852 3260 3917 illum,
3296 3850 3351 3905 in
3383 3860 3538 3922 parte

1952 3955 2196 3995 seorsum
2218 3947 2386 4006 stans,
2418 3955 2520 3996 nec
2545 3941 2769 4011 prepius
2799 3940 3062 3996 accedere
3111 3940 3317 4008 valens,
3351 3938 3535 4011 lacry-

1949 4027 2053 4081 mis
2109 4029 2368 4094 vacabat,
2404 4043 2526 4084 cum
2597 4028 2821 4084 sentiret
2868 4028 3041 4099 magis
3122 4043 3243 4082 esse
3289 4026 3539 4098 gauden-

1948 4219 1997 4269 p.
2026 4209 2143 4267 575,
2170 4212 2220 4257 et
2238 4210 2362 4271 apud
2387 4211 2602 4260 Martene
2627 4213 2675 4260 et
2700 4210 2910 4260 Durand.
2939 4214 3058 4259 tom.
3084 4210 3141 4257 V.
3164 4208 3365 4258 Collect.
3394 4210 3542 4259 Vete-

1948 4285 2054 4322 rum
2079 4274 2299 4323 Column.
2320 4276 2437 4325 998.
2476 4278 2530 4325 In
2562 4277 2795 4326 chronico
2835 4276 3101 4325 Turonensi
3126 4275 3316 4324 illorum
3346 4276 3541 4325 nomina

1949 4339 2303 4455 exprimuntur,
2330 4345 2379 4391 et
2402 4342 2626 4392 dicuntur
2667 4355 2724 4391 ex
2767 4341 2954 4391 duobus
2991 4344 3043 4390 S.
3082 4340 3276 4390 Martini
3312 4341 3543 4391 fratribus

1950 4417 2010 4453 na
2036 4419 2074 4454 ι.

2018 4486 2157 4551 (584)
2203 4490 2377 4549 Quinta
2411 4494 2598 4541 mansio
2624 4492 2703 4541 die
2743 4491 2808 4541 2'2
2848 4490 3153 4539 Novembris.
3184 4489 3317 4550 Apud
3343 4489 3541 4539 Whart.

1952 4559 2060 4613 part
2084 4568 2116 4601 ιι
2140 4557 2282 4617 Angl.
2309 4570 2458 4607 sacrze
2486 4572 2532 4620 p.
2574 4559 2691 4607 409.
2723 4559 2795 4607 De
2811 4558 2994 4617 juvene
3018 4557 3223 4617 quodam
3247 4556 3307 4603 de
3330 4555 3544 4603 Anacas-

1953 4624 2025 4669 tro
2052 4621 2101 4668 in
2126 4623 2380 4671 amentiam
2403 4638 2558 4686 verso,
2578 4626 2642 4672 ad
2666 4624 2871 4673 tumbam
2889 4623 3046 4671 S.viri
3071 4620 3322 4686 (Remigii)
3342 4620 3547 4671 sanitati

1952 4686 2197 4747 restituto,
2229 4688 2281 4736 fit
2304 4693 2503 4739 mentio.

2023 4769 2164 4833 (585)
2194 4772 2349 4820 Parva
2378 4773 2558 4834 utique,
2587 4774 2625 4824 si
2651 4786 2743 4823 una
2769 4773 2847 4822 dic
2872 4776 3090 4834 peracta.

2025 4852 2166 4916 (586)
2208 4854 2526 4914 Lincolniam,
2584 4857 2643 4905 ad
2684 4869 2828 4918 quam
2880 4860 3163 4918 perventum
3208 4855 3300 4904 fuit
3353 4854 3431 4904 die
3481 4854 3545 4902 23

1956 4920 2264 4981 Novembris,
2291 4921 2336 4970 id
2364 4928 2455 4980 est,
2486 4926 2537 4970 ut
2563 4923 2632 4971 ait
2674 4921 2976 4982 Hovedenus,
3006 4937 3056 4971 Ix
3094 4923 3208 4972 Kal.
3243 4920 3543 4971 Decembris.

2020 5001 2168 5066 (587)
2195 5005 2427 5052 Joannem
2458 5017 2543 5065 pro
2587 5018 2679 5054 unc
2705 5018 2865 5065 regem
2894 5006 3097 5067 Anglia).

2027 5086 2161 5148 (288)
2190 5086 2505 5137 Wilhelmum
2532 5091 2593 5139 ab
2618 5100 2744 5139 anno
2774 5088 2901 5136 1165
2922 5101 3070 5150 usque
3109 5090 3167 5141 ad
3194 5101 3372 5140 annum
3400 5087 3548 5148 1?”,

1960 5164 2125 5213 regem
2150 5154 2345 5202 Scotite.

2027 5234 2112 5294 (58
2130 5238 2166 5296 ))
2212 5237 2334 5286 Tres
2381 5237 2458 5285 vel
2507 5239 2728 5298 quatuor,
2774 5236 3089 5287 Humbcrtum
3125 5239 3545 5297 Cantuarienscm,

1956 5300 2241 5367 gaufridum
2283 5303 2659 5362 Eboracensem,
2710 5303 3049 5352 Dublinensem
3097 5305 3173 5354 vel
3221 5307 3547 5367 Raguensem.

1959 5365 2077 5415 Vide
2097 5368 2283 5429 Raynal
2309 5370 2423 5419 dum
2454 5382 2499 5431 p.
2526 5370 2610 5430 49,
2637 5369 2685 5418 in
2712 5369 2889 5419 Annal.
2920 5372 2960 5418 t.
2997 5371 3129 5419 XIII.
