3960 6062
414 125 547 213 IIII

1303 153 1360 208 S.
1402 148 1715 208 HUGONIS
1752 141 1972 201 EPISC.
2013 138 2333 198 LINCOLN.
2376 140 2540 198 0RD.
2581 140 2807 199 CARTH
2851 164 2863 178 -

3594 137 3735 191 1112

424 281 575 346 dum,
608 279 656 336 si
704 278 968 336 rationem
1025 277 1107 333 vis
1166 275 1366 332 doloris
1420 273 1749 330 admitteret.
1804 264 2087 337 ReliquiA
2121 272 2241 333 post
2264 264 2537 319 modicum
2585 264 2638 319 in
2679 264 3025 320 secretiorem
3073 259 3397 316 transfertur
3427 258 3721 323 exedram,

421 377 761 440 magnatum,
793 383 918 423 cum
946 366 1267 439 Anglorum,
1293 372 1405 419 tum
1445 362 1727 417 Scotorum
1759 359 2014 412 humeros
2112 353 2282 422 ipsius
2331 353 2775 407 vestimentorum
2833 348 3451 440 insigniistparvitatis
3508 354 3724 440 nostra

424 464 733 528 supponunt
760 455 909 511 oneri
938 470 1047 510 non
1090 452 1319 526 ignobili
1342 454 1508 520 (390).
1547 450 1663 503 Nec
1693 446 1795 501 sibi
1823 460 2013 516 parum

423 544 758 600 successisse
814 542 1109 615 gaudebat,
1171 540 1417 612 quisquis
1448 554 1544 593 sua
1574 536 1823 591 membra
1869 532 2013 586 illius

425 632 649 703 corpori
678 631 943 702 portando
974 638 1160 699 aptare
1190 627 1499 692 meruisset,
1532 624 1685 694 cujus
1703 621 1897 677 merita
1917 619 2015 674 ob-

430 719 775 790 sequentium
806 719 1017 773 animas
1048 725 1099 772 et
1128 730 1360 785 corpora
1408 713 1691 768 sustollere
1724 711 1792 766 ad
1821 708 2014 765 coeles-

422 806 515 875 tia,
546 814 599 862 et
627 806 698 862 ab
727 805 874 863 omni
902 805 1058 862 clade
1088 804 1269 859 levare
1327 802 1653 874 potuissent.

958 963 1184 1019 CAPUT
1230 961 1478 1016 XXVIII.

425 1092 501 1147 De
553 1090 801 1162 corporis
848 1089 1286 1164 per_civitatc_m
1331 1084 1716 1164 deportatione
1763 1080 2015 1164 eiusdem

494 1156 1102 1233 novafprapdratione,
1143 1156 1557 1233 inimicitiarum
1604 1156 2010 1233 ostentatione,

489 1222 798 1285 oblationis
856 1227 1271 1298 magnitudine,
1298 1230 1351 1281 et
1423 1241 1685 1298 versuum
1732 1222 2014 1298 subscrip—

499 1300 671 1363 tione,
701 1293 1016 1373 Pontiﬁcum
1052 1297 1296 1373 baculus,
1330 1303 1433 1373 etc.
1467 1296 1530 1373 In
1574 1295 1707 1373 loco,
1741 1293 1837 1346 ubi
1860 1306 2014 1373 prce-

500 1373 748 1440 ceperat,
782 1369 1131 1440 sepelitione.
1164 1368 1233 1440 βε
1262 1366 1590 1440 continetur
1620 1363 1716 1418 hoc
1748 1364 1919 1433 capit.
1951 1363 2015 1415 in

500 1436 644 1495 serie
665 1436 889 1507 magna
928 1439 1061 1493 Vita
1089 1437 1188 1492 sub
1215 1436 1466 1509 capitulo
1497 1437 1585 1490 20.

495 1561 667 1633 Igitur
716 1561 845 1615 dum
904 1559 1169 1630 portando
1227 1558 1404 1613 funeri
1452 1565 1529 1612 tot
1575 1572 1633 1611 se
1688 1570 2011 1627 magnorum

422 1647 663 1703 virorum
722 1648 936 1701 humeri
984 1647 1228 1701 certatim
1292 1644 1688 1706 submitterent,
1722 1651 1780 1697 ut
1810 1642 2012 1697 nullius

423 1750 675 1805 persona
705 1734 760 1788 in
795 1734 958 1804 globo
988 1742 1150 1789 tanta
1195 1732 1558 1787 multitudinis
1614 1731 1858 1786 delectus
1889 1746 2011 1785 esse

420 1822 702 1892 potuisset,
734 1838 830 1876 rex
858 1822 1071 1876 tandem
1122 1829 1173 1875 et
1199 1819 1593 1891 archiepiscopi
1616 1819 1729 1873 sive
1747 1817 2007 1889 episcOpi,

422 1917 545 1964 ante
566 1909 716 1964 urbis
746 1908 1057 1980 ingressum
1084 1907 1401 1977 pretiosam,
1436 1923 1595 1979 quam
1650 1907 1789 1960 ferre
1818 1921 2010 1961 susce-

421 2004 631 2067 perant,
664 1996 785 2052 aliis
815 1996 1216 2068 quodammodo
1264 1995 1641 2067 diripientibus
1694 1994 2009 2065 portandam

418 2092 701 2141 cesserunt
732 2084 1095 2156 margaritam.
1128 2085 1225 2149 Ita,
1269 2084 1465 2155 quibus
1520 2083 1715 2138 virium
1744 2089 2010 2152 praestan-

419 2172 527 2228 tior
544 2170 860 2243 magnitudo
888 2171 1142 2226 feretrum
1173 2171 1437 2226 subeundi
1458 2171 1668 2242 copiam
1688 2171 2009 2242 paravisset,

425 2275 569 2314 nunc
609 2259 869 2329 scapulis,
930 2274 1074 2314 nunc
1120 2259 1370 2313 manibus
1424 2259 1554 2314 illud
1613 2258 2010 2330 contingentes,

424 2346 625 2420 gaudio
654 2346 801 2417 pleni
847 2346 1189 2402 incedebant.
1240 2347 1483 2419 Cumque
1528 2347 1727 2402 diutius
1768 2347 1863 2401 tali
1910 2347 2011 2400 tri-

422 2434 591 2507 pudio
620 2434 983 2505 potiebantur,
1015 2442 1236 2506 repente
1267 2435 1335 2490 ab
1363 2435 1483 2490 aliis
1510 2435 1735 2506 explosi,
1769 2435 2011 2506 pradam

424 2532 579 2573 suam
608 2517 765 2573 novis
784 2517 1092 2588 raptoribus
1112 2520 1313 2574 cedere
1368 2518 1846 2589 compellebantur.
1879 2520 2013 2574 Toto

426 2620 643 2677 quoque
675 2605 868 2660 itinere
914 2604 1007 2661 illo
1047 2622 1218 2677 usque
1271 2607 1341 2661 ad
1391 2608 1698 2672 ecclesiam,
1731 2608 1875 2678 quod
1902 2623 2014 2663 non

425 2691 580 2747 brevi
611 2691 785 2761 spatio
814 2693 1069 2759 tenditur,
1102 2710 1202 2764 per
1231 2693 1447 2764 singula
1475 2694 1590 2749 fere
1618 2704 1892 2750 momenta
1916 2710 2013 2750 no-

427 2777 509 2833 vis
539 2778 667 2833 novi
690 2779 1051 2835 succedebant
1068 2780 1263 2848 bajulis
1292 2781 1471 2849 bajuli,
1502 2797 1605 2837 nec
1620 2798 1844 2838 numero
1872 2783 2008 2853 pari,

425 2866 524 2921 sed
552 2871 629 2920 tot
658 2874 809 2921 erant
835 2868 1142 2937 portitores,
1177 2868 1322 2939 quod
1370 2869 1618 2924 machina
1672 2870 1879 2942 grabati
1909 2872 2011 2926 ad-

425 2952 641 3009 mittere
671 2962 882 3024 poterat
909 2956 1259 3011 accedentes.
1300 2957 1405 3011 Sed
1461 2972 1563 3013 nec
1592 2958 1681 3012 alii
1725 2975 1886 3029 quam
1915 2975 2008 3013 su-

427 3036 624 3093 blimes
661 3038 762 3094 viri
812 3046 863 3094 et
917 3040 1353 3110 praeminentes,
1404 3041 1520 3095 istis
1576 3058 1634 3097 se
1674 3043 2011 3098 conﬂictibus

426 3124 668 3181 inserere
698 3127 1116 3196 prasumebant.
1151 3127 1293 3195 Quin
1336 3137 1388 3184 et
1422 3144 1520 3199 per
1564 3130 1775 3199 plateas
1803 3148 1868 3185 ex
1900 3132 2013 3186 hie-

426 3212 643 3267 malium
688 3213 953 3283 profluvio
1017 3230 1297 3285 aquarum,
1328 3216 1440 3271 luto
1494 3217 1756 3273 altissimo
1799 3219 2009 3289 plenas,

425 3299 770 3369 incedebant,
802 3301 1113 3373 frequenter
1140 3318 1319 3370 suras,
1352 3313 1404 3359 et
1434 3320 1578 3375 sape
1622 3306 1781 3360 etiam
1811 3321 2009 3377 genua,

426 3401 585 3442 cano
631 3387 1035 3460 immergentes.
1071 3389 1175 3458 Qui
1209 3392 1473 3447 accedere
1503 3394 1747 3448 cominus
1776 3410 1883 3449 non
1912 3411 2013 3450 va-

425 3473 626 3541 lebant,
684 3492 937 3532 nummos
984 3478 1413 3548 superjaciebant
1469 3495 1630 3548 arca,
1664 3498 1785 3553 qua
1812 3498 2015 3553 corpus

426 3562 735 3630 incluserat,
768 3566 1150 3637 protensisque
1187 3567 1439 3622 manibus
1469 3570 1680 3624 eminus
1704 3570 2010 3637 adorantes,

428 3660 619 3707 sancto
648 3667 772 3707 sese
797 3652 1046 3709 devotius
1077 3656 1541 3713 commendabant.
1589 3658 1758 3713 Judai
1798 3674 2014 3730 quoque

422 3737 675 3812 lugentes
705 3748 758 3794 et
784 3740 1126 3813 plangentes,
1158 3758 1224 3798 ac
1260 3759 1448 3799 verum
1475 3746 1659 3815 magni
1706 3747 1806 3803 Dei
1842 3747 2015 3802 famu-

424 3826 535 3882 lum
564 3827 835 3883 exstitisse
865 3844 990 3883 eum
1017 3830 1438 3897 conclamantes,
1476 3848 1705 3889 occursu
1736 3835 1938 3905 pariter
1963 3844 2014 3890 et

428 3914 557 3969 fletu
600 3915 919 3985 obsequium
949 3917 1095 3987 quod
1123 3926 1390 3987 poterant,
1440 3920 1489 3975 ei
1516 3921 1911 3991 impendentes,
1944 3924 2014 3977 il-

427 4001 537 4055 lam
566 4000 712 4056 circa
740 4001 910 4056 virum
938 4003 1039 4058 Dei
1064 4003 1342 4074 impletam
1380 4022 1502 4062 esse
1552 4010 1872 4064 sententiam
1914 4026 2015 4065 nos

428 4088 714 4144 advertere
735 4089 1148 4159 compellebant,
1173 4108 1279 4162 qua
1295 4093 1493 4150 dicitur
1526 4110 1538 4149 :
1562 4097 2013 4155 Benedictionem

425 4178 685 4234 omnium
730 4178 988 4250 gentium
1017 4179 1170 4234 dedit
1197 4180 1290 4236 illi
1336 4183 1607 4239 Dominus
1636 4185 1831 4254 (Ecclz'.
1863 4202 2010 4253 xuv,

421 4267 536 4335 25y

494 4352 823 4408 Sonantibus
853 4354 1036 4425 itaque
1064 4371 1163 4426 per
1214 4357 1497 4414 universas
1526 4361 1687 4415 totius
1733 4363 1879 4417 urbis
1914 4378 2008 4420 ec-

426 4438 625 4495 clesias
652 4440 894 4497 classicis
935 4459 1058 4497 cum
1095 4444 1310 4514 hymnis
1345 4454 1399 4501 et
1436 4448 1658 4503 canticis
1713 4450 2009 4519 spirituali-

2032 1609 2083 1668 B

2033 2949 2080 3010 C

2113 440 2261 511 (391)
2293 441 2556 511 obsequio
2586 440 2893 495 iuduendus
2936 440 2990 493 in
3047 438 3243 509 quibus
3300 436 3427 490 olim
3484 434 3720 505 pontiﬁ-

2114 527 2284 583 calem
2316 537 2629 599 susceperat
2676 528 3167 584 consecrationem.
3234 525 3364 579 Erat
3419 539 3552 578 vero
3585 532 3719 576 tunc

2113 615 2314 670 ibidem
2370 616 2560 671 videre
2607 616 2942 671 miraculum.
2995 616 3137 670 Caro
3199 628 3433 683 namque
3485 611 3603 678 ejus
3638 610 3718 664 ita

2111 703 2269 758 niveo
2326 704 2563 775 quodam
2620 712 2672 758 et
2729 703 2983 759 uniformi
3022 702 3261 758 candore
3292 700 3618 762 nitescebat,
3655 706 3715 751 ut

2115 790 2348 862 quodam
2399 791 2808 847 resurrectionis
2864 792 3030 846 decus
3054 791 3166 859 jam
3223 796 3300 843 tot
3355 788 3544 841 diebus
3576 801 3717 841 exs-

2114 879 2274 933 tincta
2330 878 2611 933 manifeste
2680 878 2977 949 praeferret.
3026 877 3173 932 Nihil
3228 877 3281 929 in
3340 892 3401 930 ea
3455 874 3711 937 lividum,

2114 966 2248 1020 nihil
2302 966 2584 1037 pallidum,
2638 976 2725 1021 aut
2788 966 3215 1029 submarcidum,
3279 963 3412 1018 nihil
3470 962 3709 1021 fuscum.

2114 1053 2247 1107 nihil
2288 1070 2399 1108 non
2438 1054 2691 1122 lacteum,
2728 1062 2820 1108 aut
2877 1054 3053 1125 potius
3108 1052 3364 1120 liliosum,
3411 1049 3709 1106 renitebat.

2119 1142 2311 1196 Manus
2344 1142 2458 1209 ejus
2512 1150 2564 1197 et
2619 1142 2795 1215 digiti,
2829 1142 3050 1197 brachia
3099 1156 3314 1212 quoque
3371 1148 3423 1194 et
3486 1137 3706 1203 lacerti,

2114 1244 2221 1283 non
2252 1229 2423 1297 aliter,
2466 1230 2844 1301 quampridem
2875 1230 2928 1283 in
2960 1229 3105 1293 vivo,
3168 1242 3313 1282 nunc
3391 1226 3445 1280 in
3502 1224 3710 1280 defun—

2114 1323 2225 1383 cto,
2259 1316 2583 1387 palpabiles,
2646 1316 2838 1372 molles
2881 1324 2935 1371 et
2982 1315 3287 1371 tractabiles
3339 1321 3514 1368 erant.
3576 1312 3709 1367 Bal-

2115 1419 2266 1458 samo
2296 1403 2409 1458 sola
2436 1404 2550 1472 ejus
2581 1404 2762 1469 facies,
2798 1411 2851 1459 et
2880 1419 3074 1458 manus
3104 1404 3222 1470 ejus
3264 1401 3487 1456 dextera
3524 1400 3708 1454 fuerat

2113 1491 2371 1546 delibuta.
2406 1493 2485 1547 De
2506 1492 2733 1547 aliorum
2762 1500 2943 1546 autem
2988 1498 3127 1545 statu
3166 1490 3539 1545 membrorum
3571 1488 3707 1541 nihil

2113 1579 2584 1651 investigavimus.
2625 1580 2808 1652 Digito
2839 1580 3001 1634 etiam
3032 1579 3303 1645 annulum,
3363 1577 3709 1632 chirothecas

2114 1667 2474 1740 baculumque
2516 1668 2841 1739 pastoralem
2896 1668 3147 1721 manibus
3204 1667 3319 1734 ejus
3366 1673 3417 1720 et
3461 1664 3707 1719 brachiis

2112 1755 2435 1823 inserentes,
2461 1755 2529 1810 de
2551 1756 2635 1810 his
2656 1755 3000 1811 solummodo
3021 1770 3086 1810 ea
3108 1769 3228 1827 qua
3276 1753 3529 1821 diximus,
3555 1752 3622 1806 ita
3643 1767 3706 1807 se

2110 1842 2313 1898 habere
2376 1843 2851 1913 deprehendimus.

2185 1930 2453 1986 Omnibus
2483 1930 2668 2003 itaque
2697 1931 3093 2002 pontificalibus
3131 1930 3228 1985 rite
3257 1929 3563 2002 insignitus,
3594 1944 3703 1981 nu-

2111 2018 2240 2074 data
2270 2018 2408 2074 facie
2438 2019 2671 2090 seporati
2702 2020 2879 2090 magis
2920 2035 3082 2090 quam
3135 2017 3419 2073 exanimati
3452 2016 3697 2087 speciem

2112 2105 2454 2177 praeferebat.
2488 2107 2565 2161 Ita
2595 2122 2627 2161 a
2683 2106 3117 2180 glorificantibus
3176 2113 3339 2162 Deum
3397 2104 3621 2159 refertur
3646 2104 3705 2156 in

2112 2190 2357 2244 chorum.
2391 2192 2694 2245 Accurrunt
2750 2190 2987 2262 undique
3042 2190 3216 2245 turba
3262 2188 3700 2260 inspectantium,

2113 2292 2303 2332 cereos
2351 2276 2601 2331 manibus
2624 2277 2876 2333 ardentes
2904 2277 3326 2349 praferentium,
3375 2277 3543 2348 pedes
3582 2277 3703 2344 ejus

2114 2372 2166 2421 et
2192 2380 2387 2419 manus
2415 2364 2795 2432 osculantium,
2830 2382 3023 2420 aurum
3050 2382 3265 2438 quoque
3314 2373 3365 2420 et
3392 2372 3698 2435 argentum,

2112 2452 2427 2525 lapidesque
2457 2452 2727 2524 pretiosos
2767 2452 3129 2509 offerentium.
3155 2455 3364 2509 Interea
3406 2454 3532 2507 dum
3559 2468 3701 2522 pau-

2113 2540 2283 2595 lulum
2303 2540 2565 2596 remotius
2582 2558 2703 2595 cum
2724 2541 2837 2596 viro
2866 2542 3182 2610 venerabili,
3222 2541 3391 2612 ipsius
3438 2540 3699 2596 Ecclesia

2114 2630 2323 2684 decano
2346 2628 2519 2699 (392,)
2576 2629 3032 2697 consedissemus,
3064 2629 3297 2685 invicem
3344 2629 3413 2683 de
3467 2629 3549 2682 his
3580 2644 3700 2699 qua

2114 2716 2253 2772 circa
2310 2716 2583 2772 Christum
2632 2717 2848 2772 Domini
2879 2717 3197 2772 mirabiliter
3225 2717 3537 2772 acciderant
3561 2732 3700 2772 con-

2114 2804 2368 2870 ferentes,
2402 2804 2599 2859 adsunt
2647 2805 2865 2877 quidam
2913 2813 3188 2876 stupentes
3226 2813 3279 2860 et
3313 2806 3541 2873 attoniti,
3578 2805 3699 2859 talia

2113 2893 2272 2947 nobis
2316 2892 2562 2948 dicentes
2593 2913 2611 2948 :
2646 2916 2667 2940 α
2704 2893 2994 2949 Vidistisne
3052 2902 3103 2949 et
3155 2894 3458 2949 attendistis
3500 2902 3699 2966 quanto

2110 2982 2309 3037 decore
2332 2981 2447 3049 jam
2478 2981 2693 3037 vernari
2726 2983 2946 3051 coeperit
2975 2982 3142 3037 facies
3173 2983 3433 3053 episcOpi,
3466 2991 3525 3037 ut
3563 2983 3701 3038 rosis

2110 3059 2426 3124 rubentibus
2482 3084 2653 3140 genas
2684 3069 2889 3124 similes
2932 3070 3266 3140 praetendat,
3299 3078 3357 3124 ut
3386 3071 3701 3125 dormientis

2109 3173 2217 3212 non
2235 3156 2487 3223 defuncti,
2522 3173 2805 3228 nuperque
2835 3158 2903 3212 de
2947 3158 3157 3213 balneis
3196 3158 3408 3228 egressi
3452 3158 3702 3213 hilarita-

2110 3252 2217 3299 tem
2246 3244 2539 3315 praferat?
2567 3266 2587 3294 ι
2620 3245 2701 3299 Ad
2731 3247 2847 3300 hac
2878 3245 3084 3300 decano
3107 3245 3429 3310 admirante,
3451 3248 3552 3301 hoc
3571 3263 3706 3300 nun-

2110 3332 2366 3386 tiantibus
2396 3332 2716 3403 respondit:
2747 3354 2768 3383 ‹
2804 3333 3071 3387 Fallimini
3094 3335 3283 3405 procul
3304 3334 3488 3399 dubio,
3510 3334 3703 3389 fratres

2112 3420 2437 3475 charissimi.
2474 3420 2689 3475 Revera
2720 3421 2861 3475 enim
2894 3422 3129 3476 candore
3174 3422 3405 3476 mirabili
3438 3422 3565 3476 nitet
3587 3423 3705 3475 vul-

2111 3515 2198 3562 tus
2228 3508 2378 3576 ejus;
2414 3508 2567 3561 rubei
2597 3523 2728 3563 vero
2761 3508 2961 3563 coloris
2983 3509 3189 3563 nullum
3221 3510 3276 3563 in
3308 3525 3373 3564 eo
3416 3510 3704 3581 vestigium

2112 3595 2338 3650 relucet.
2372 3594 2509 3649 Satis
2539 3595 2699 3665 paulo
2730 3603 2852 3650 ante
2901 3597 3193 3669 diligenter
3245 3597 3551 3651 notavimus
3581 3614 3705 3651 om-

2113 3698 2237 3737 nem
2267 3683 2383 3751 ejus
2423 3683 2661 3753 speciem
2710 3691 2871 3755 atque
2915 3684 3194 3740 decorem.
3236 3710 3257 3733 η
3307 3686 3457 3740 Tunc
3486 3685 3562 3739 illi
3604 3701 3707 3740 nos

2113 3770 2509 3842 quodammodo
2540 3770 2861 3825 reluctantes
2916 3780 3229 3843 rapuerunt,
3265 3780 3315 3828 et
3347 3773 3400 3827 in
3458 3774 3706 3828 cominus

2114 3858 2362 3915 adductis
2410 3858 2765 3913 ostendebant
2796 3857 2903 3914 fide
2935 3860 3167 3926 oculata,
3202 3876 3260 3915 se
3316 3860 3602 3916 verissima
3635 3862 3704 3917 de

2113 3946 2291 4017 gratia
2319 3946 2547 4012 ruboris,
2582 3962 2687 4017 quo
2717 3947 2919 4001 nitebat
2953 3947 3119 4003 facies
3141 3949 3273 4017 ejus,
3308 3947 3477 4003 fuisse
3504 3965 3706 4019 prose-

2114 4041 2289 4089 cutos.
2313 4034 2615 4087 Permansit
2644 4042 2823 4089 autem
2853 4034 2999 4090 idem
3045 4052 3205 4091 verus
3234 4036 3435 4107 speciei
3466 4036 3708 4092 cmlestis

2114 4128 2366 4191 aspectus
2396 4120 2466 4174 ita
2496 4121 2757 4176 candidus
2788 4131 2841 4175 et
2879 4122 3232 4189 rubicundus,
3272 4124 3511 4195 quandiu
3542 4139 3706 4179 man-

2114 4208 2183 4261 sit
2202 4208 2257 4262 in
2288 4224 2505 4279 sponsa
2521 4209 2621 4263 sibi
2642 4210 2949 4266 commissa
2980 4211 3292 4283 aspectibus
3314 4228 3480 4282 super
3498 4220 3706 4266 terram

2039 4292 2093 4353 Ι)
2112 4296 2442 4352 manifestus.
2469 4298 2657 4353 Utrum
2689 4313 2821 4352 vero
2851 4302 2906 4352 in
2940 4300 3193 4369 sepulcro
3223 4300 3443 4369 corpori
3471 4300 3559 4355 ille
3590 4300 3697 4354 de-

2110 4400 2206 4439 cor
2233 4385 2587 4455 permanserit
2617 4401 2809 4450 necne,
2842 4402 2952 4441 non
2972 4394 3055 4441 est
3075 4394 3319 4442 nostrum
3340 4388 3501 4442 modo
3530 4388 3697 4449 scire,

2112 4472 2311 4527 scietur
2337 4481 2515 4528 autem
2546 4481 2735 4544 postea
2766 4475 2934 4544 (393).
2969 4474 3071 4543 Qui
3129 4475 3172 4529 si
3203 4475 3343 4531 forte
3375 4476 3608 4542 evanuit,
3648 4486 3705 4531 et

425 4528 560 4596 bus!
595 4542 709 4583 sum
752 4530 972 4585 laudem
1018 4531 1246 4587 ‘nferlur
1292 4535 1503 4606 gremio
1561 4537 1826 4592 θοοῙεδίδδ·
1875 4539 2011 4594 Hinc
2112 4576 2235 4615 cum
2256 4561 2439 4630 Moyse
2462 4570 2716 4616 evacuate
2746 4569 2828 4616 est
2858 4563 3038 4633 gloria
3058 4563 3237 4618 vultus
3260 4564 3396 4631 ejus,
3444 4580 3550 4618 non
3574 4563 3699 4628 erit,

489 4699 630 4774 (399)
644 4702 924 4774 _Co_ntirma_t_
948 4704 1052 4774 hac
1074 4705 1371 4768 Coggeshale
1394 4708 1483 4757 col.
1508 4709 1627 4773 866,
1648 4712 1772 4774 apud
1794 4714 2012 4765 Martene

425 4768 544 4817 tom.
572 4768 610 4817 V
635 4768 836 4819 Collect.
886 4770 1115 4821 Veterum
1161 4774 1473 4834 scriptorum,
1523 4768 1623 4826 ubi'
1648 4768 1825 4828 asserit
1863 4780 2008 4830 etiam

422 4845 590 4894 regem
617 4840 668 4884 et
693 4836 1082 4899 archiepiscopos
1106 4840 1412 4901 supposuisse
1448 4842 1671 4893 humeros
1714 4845 1888 4908 loculo,
1912 4851 2007 4897 etc.

488 4914 630 4980 (39I)
673 4918 734 4967 Se
778 4919 932 4980 ipsum
976 4921 1202 4983 intelligit
1247 4928 1433 4986 auctor,
1461 4926 1535 4975 cui
1559 4939 1612 4977 se
1639 4927 1927 4980 induendum
1956 4934 2007 4981 S.

422 4983 557 5044 Hugo
583 4996 748 5046 supra,
777 4998 821 5034 c.
850 4986 934 5047 24,
960 4989 1292 5037 commiserat.

489 5063 625 5129 (592)
653 5068 869 5141 Ro_geru_s
891 5074 995 5141 erat
1022 5071 1099 5120 ille
1119 5071 1179 5141 de
1207 5085 1299 5141 quo
1324 5072 1507 5124 dictum
1551 5077 1598 5125 in
1641 5080 1749 5127 nota
1780 5077 1921 5141 (I52)
1948 5083 2008 5131 ad

420 5130 507 5179 lib.
536 5144 676 5191 tu,c.
706 5134 755 5195 7,
797 5135 856 5184 ad
898 5135 1037 5195 cujus
1081 5130 1235 5187 etiam
1273 5138 1555 5193 instantiam
1600 5130 1824 5193 Giraldus
1869 5130 2011 5195 Cam-

2111 4744 2205 4781 non
2231 4736 2427 4783 auctore
2451 4734 2591 4784 Vita.
2616 4735 2736 4784 Hinc
2758 4739 2806 4785 et
2831 4736 3105 4797 Raynaldus
3130 4739 3228 4786 tom
3270 4737 3381 4787 XIII
3419 4736 3618 4794 AnnaI.,
3646 4748 3703 4797 p.

2109 4798 2194 4865 18,
2224 4803 2358 4849 recte
2383 4800 2583 4862 colligit,
2612 4802 2706 4850 ista
2724 4802 2784 4850 de
2809 4803 3124 4852 translatione
3149 4805 3365 4865 corporis
3388 4804 3448 4852 ab
3474 4804 3568 4852 alio
3593 4814 3704 4851 esse

2109 4864 2321 4927 adjecta,
2346 4878 2440 4915 non
2466 4867 2526 4914 ab
2544 4872 2741 4916 auctore
2757 4868 2894 4917 Vita.
2923 4870 3098 4918 Petrus
3117 4864 3381 4919 Dorlandus
3397 4871 3443 4918 in
3460 4868 3703 4919 Chronico

2108 4931 2430 4981 Carthusiano
2456 4933 2539 4981 lib.
2564 4947 2635 4992 ιιι,
2660 4946 2706 4981 c.
2736 4935 2816 4995 14,
2843 4935 2993 4984 etiam
3033 4936 3257 4985 meminit
3303 4936 3449 4996 hujus
3494 4934 3707 4984 transla-

2109 4996 2273 5057 tionis,
2317 5002 2365 5047 et
2412 4999 2523 5058 quia
2566 4999 2667 5060 ipse
2692 5002 2767 5049 est
2790 5001 3033 5058 antiquior
3055 5002 3215 5063 Surio,
3242 5004 3291 5051 et
3318 5003 3494 5051 asserit
3517 5002 3703 5051 transla

2108 5063 2286 5112 tionem
2338 5064 2515 5113 factam
2563 5077 2687 5113 anno
2737 5070 2846 5128 post
2886 5066 3223 5117 dormitionem
3248 5070 3300 5117 S.
3328 5069 3544 5129 Hugonis
3564 5069 3703 5116 octo-

2108 5130 2289 5186 gesimo
2314 5130 2506 5179 circiter
2524 5135 2683 5192 sexto,
2706 5133 2775 5180 uti
2800 5138 2846 5181 et
2870 5133 3041 5183 Surius
3064 5135 3257 5183 videtur
3296 5135 3375 5183 illa
3416 5135 3539 5183 facta
3590 5145 3701 5183 esse

2107 5195 2237 5262 circa
2260 5208 2437 5243 annum
2471 5196 2613 5257 1285,
2641 5210 2735 5245 non
2762 5210 2875 5247 vero
2898 5211 3024 5247 anno
3056 5199 3201 5259 I280,
3227 5200 3297 5249 uti
3324 5200 3371 5248 in
3400 5200 3615 5262 margine
3639 5201 3701 5249 ad

2104 5260 2285 5310 dictum
2329 5273 2443 5324 cap.
2502 5263 2559 5311 14
2604 5267 2818 5324 notatur,
2864 5269 2911 5313 et
2952 5265 3267 5326 corrigendus
3296 5260 3525 5316 fortassis
3549 5267 3699 5315 etiam

2105 5328 2383 5389 Raynaldus
2408 5333 2523 5377 tom.
2554 5329 2661 5378 XIII
2691 5330 2889 5389 Annal.,
2912 5343 3022 5392 pag.
3051 5332 3129 5380 i8.

416 5196 633 5273 brensis
654 5201 870 5273 quadam
904 5206 1028 5264 part.
1072 5216 1105 5251 ιι
1138 5205 1323 5267 Anglia
1345 5218 1516 5267 sacra,
1542 5220 1600 5271 ρ.
1630 5211 1749 5273 454,
1773 5223 1827 5260 se
1851 5212 2010 5272 diges-

418 5264 540 5313 sisse
567 5264 775 5315 fatetur.

483 5348 622 5423 (.3393)
669 5350 721 5423 In
768 5351 1329 5423 translationeforsitan,
1358 5368 1485 5407 anno
1514 5358 1643 5409 1285
1685 5360 1833 5423 facta,
1861 5375 2005 5423 quam

416 5412 475 5462 ad
494 5412 653 5465 Vitam
692 5418 743 5467 S.
789 5418 1000 5479 Hugonis
1025 5420 1171 5472 edidit
1196 5412 1364 5473 Surius
1391 5424 1552 5476 nescio
1576 5427 1699 5477 unde
1733 5412 2002 5490 acceptam,
