3960 6062
232 206 370 258 1113

1254 190 1861 249 CONSTITUTIONES
1900 190 1973 246 IN
2011 187 2476 246 VISITATIONE.

3399 195 3533 248 1114

236 328 385 384 unde
417 323 877 389 scandalizentur,
911 321 1106 394 quibus
1135 320 1190 376 id
1220 318 1356 374 forte
1386 318 1528 374 scire
1546 316 1908 388 aliquandoA
1937 322 1995 369 ut
2022 315 2099 369 ita
2121 315 2543 387 gesticularetur
2563 315 2618 370 in
2649 316 2770 372 loco
2788 316 2900 385 tali,
2931 316 3269 387 inquirerent
3298 317 3533 374 circum-

234 415 550 477 donabitur,
581 429 704 467 cum
729 412 933 483 jugiter
963 410 1030 465 sit
1068 407 1451 477 conspicabilis
1508 413 1561 460 et
1606 406 1841 459 inexter-

235 502 516 559 minabilis
542 500 755 570 species
793 499 908 567 ejus
943 494 1305 552 invisibilibus
1355 493 1499 559 cmli,
1551 493 1694 547 unde
1730 508 1838 546 non

238 592 415 647 solum
447 590 606 644 detur
626 588 776 659 pacis
806 585 1131 651 formositas,
1156 584 1253 639 sed
1274 592 1325 638 et
1353 581 1644 637 debilitatis
1661 580 1838 651 sospi-

235 688 321 735 tas
354 678 521 732 fluere
553 676 607 731 in
640 692 763 731 eum
790 690 899 729 non
930 673 1172 727 desistat.

307 766 404 821 His
433 781 496 820 ea
525 780 646 836 quae
664 770 964 833 sequuntur
988 760 1228 830 jucunde
1273 758 1401 813 satis
1429 757 1670 828 auspicio
1702 756 1835 809 asti-

232 854 412 925 pulari
442 859 756 909 noscuntur.
788 850 931 903 Nam
987 846 1259 919 regressis
1314 845 1473 901 nobis
1527 845 1595 899 ad
1652 844 1835 899 locum

233 941 520 997 memorati
550 953 865 1003 consessus,
897 936 1119 992 veniunt
1162 934 1415 989 celeriter
1443 932 1512 986 ad
1570 933 1835 988 decanum

233 1029 445 1101 plures,
479 1027 572 1099 qui
620 1026 866 1081 dicerent
921 1024 1206 1078 mulierem
1264 1021 1571 1093 quamdam,
1630 1020 1834 1074 lumine

233 1116 517 1173 oculorum
546 1113 728 1168 multis
758 1111 915 1167 annis
945 1111 1232 1183 privatam,
1265 1110 1443 1181 primo
1474 1108 1647 1163 sancti
1703 1124 1831 1163 cor-

232 1204 383 1276 poris
412 1210 611 1259 attactu
636 1201 812 1257 visum
843 1199 1137 1270 recepisse.
1200 1199 1514 1269 Suggerunt
1570 1196 1753 1261 etiam,
1777 1204 1834 1250 ut

230 1291 523 1348 classicum
554 1289 957 1361 pulsari,atque
991 1289 1055 1343 Te
1074 1289 1250 1345 Deum
1285 1286 1585 1341 laudamus
1608 1284 1831 1340 vocibus

230 1378 474 1434 altisonis
504 1377 768 1433 Dominus
796 1377 1040 1431 decanus
1067 1375 1341 1431 decantari
1366 1374 1568 1442 jubeat.
1629 1374 1830 1428 Verum

228 1468 372 1522 istud
401 1483 502 1521 nos
531 1467 883 1521 vehementer
922 1463 1297 1527 dissuasimus,
1345 1462 1467 1533 quia
1498 1462 1687 1531 ignota
1736 1460 1831 1515 fuit

233 1555 315 1609 eis
353 1554 469 1624 ipsa
498 1554 713 1620 mulier,
765 1568 831 1606 ne
879 1550 1013 1606 forte
1060 1550 1291 1607 conﬁcta
1345 1550 1589 1605 czecitate
1648 1549 1828 1604 lumen

233 1642 556 1697 mentiretur
586 1657 645 1695 se
678 1641 747 1695 de
797 1655 939 1694 novo
979 1639 1255 1709 recepisse
1305 1653 1411 1709 quo
1450 1639 1563 1705 jam
1621 1652 1901 1723 annosaB

233 1730 382 1785 nullo
406 1738 652 1799 tempore
698 1727 986 1783 caruisset.
1012 1728 1167 1783 Unde
1226 1726 1292 1797 [f.
1344 1725 1512 1780 multo
1562 1725 1828 1797 tempore]

234 1817 511 1872 veritatem
564 1832 729 1885 super
758 1816 881 1881 hoc,
916 1823 967 1869 et
996 1831 1159 1885 super
1176 1813 1296 1868 aliis
1327 1830 1446 1884 qua:
1466 1814 1831 1883 proculdubio

233 1904 407 1960 audiri
450 1904 813 1975 contingeret,
847 1902 1020 1973 signis
1048 1901 1466 1972 diligentissime
1498 1917 1713 1971 semper
1742 1901 1828 1954 in-

234 1992 552 2064 quirendam
583 1990 848 2061 primitus,
881 1999 934 2045 et
962 2005 1071 2045 non
1120 1990 1225 2043 nisi
1257 1988 1556 2045 certissime
1584 1990 1825 2059 probata,

231 2080 472 2152 quolibet
502 2080 664 2134 modo
691 2078 1034 2150 propalanda
1068 2094 1190 2134 esse
1220 2086 1311 2132 aut
1368 2076 1581 2148 publice
1625 2077 1827 2147 praedi-

233 2167 406 2223 canda
427 2167 756 2223 monuimus.

304 2256 445 2311 Dum
478 2256 644 2327 igitur
674 2271 837 2325 super
883 2254 968 2308 his
1014 2253 1278 2325 diseeptio
1308 2252 1639 2325 aliquantula
1691 2254 1830 2308 inter

231 2360 334 2399 nos
363 2352 416 2399 et
446 2344 677 2400 clericos
704 2344 1019 2411 haberetur,
1052 2350 1337 2397 accurrunt
1363 2349 1416 2396 et
1460 2341 1567 2408 alii,
1601 2341 1671 2396 de
1712 2358 1830 2396 mu-

234 2432 367 2487 liere
389 2432 553 2487 altera
584 2432 943 2486 indubitatum
972 2430 1267 2485 referentes
1305 2429 1640 2485 miraculum.
1686 2432 1827 2483 Dnm

232 2521 375 2575 enim
408 2528 663 2575 matronae
695 2521 941 2590 quadam
974 2520 1168 2574 devota
1188 2518 1461 2573 oblatione
1492 2517 1636 2573 facta
1672 2519 1827 2587 juxta

232 2608 719 2679 corpusinsisteret
738 2608 841 2678 piis
860 2608 1134 2678 precibus,
1170 2621 1485 2661 crumenam
1510 2607 1612 2660 sibi
1642 2623 1674 2661 a
1694 2622 1825 2661 zona

233 2696 651 2766 dependentem,
688 2704 740 2750 et
760 2696 967 2751 solidos
997 2696 1202 2767 aliquot
1232 2704 1521 2767 argenteos
1551 2695 1828 2749 continen-

235 2792 360 2849 tem,
396 2783 477 2838 [ω’
514 2784 880 2839 clandestinus
902 2792 1122 2855 repente
1144 2784 1352 2838 incidit.
1386 2783 1491 2852 Qui
1509 2799 1651 2851 mox,
1676 2783 1824 2838 nullo

233 2872 409 2926 adhuc
438 2872 740 2925 mortalium
760 2879 962 2941 praeter
993 2872 1187 2941 ipsum,
1221 2871 1363 2942 quod
1397 2871 1619 2937 fecerat,
1653 2886 1824 2941 agno-

233 2967 419 3014 scente
448 2959 745 3029 percutitur
775 2959 953 3013 subita
982 2960 1241 3014 emcitate.
1302 2959 1437 3013 Hinc
1476 2975 1712 3030 quoque,
1765 2966 1822 3011 ut

230 3045 423 3112 refert,’
439 3062 545 3117 quo
578 3064 831 3119 gressum
854 3047 1120 3114 tenderet,
1144 3062 1369 3117 prorsus
1392 3047 1690 3101 nesciebat.
1714 3045 1819 3114 Qui

231 3134 398 3189 nimio
429 3134 643 3188 attritus
675 3136 889 3199 timore,
925 3151 1045 3190 cum
1079 3134 1393 3205 aliquandiu
1424 3136 1527 3188 huc
1568 3133 1821 3204 illucque.

231 3230 483 3292 tanquam
516 3222 701 3276 ebrius
724 3230 773 3277 et
804 3222 1111 3293 crapulatus
1140 3238 1169 3275 a
1200 3223 1344 3289 vino,
1377 3222 1619 3276 nutando
1674 3221 1823 3275 abire

234 3318 485 3377 tentaret,
522 3326 624 3365 nec
658 3320 858 3378 posset,
892 3326 1016 3365 eum
1044 3312 1158 3381 jam
1182 3310 1365 3365 oculos
1392 3310 1445 3364 in
1476 3327 1534 3365 se
1562 3310 1821 3380 plurimo-

230 3414 347 3452 rum
378 3397 461 3451 his
492 3398 737 3469 gestibus
755 3407 1113 3465 converteret,
1149 3408 1220 3465 et,
1248 3400 1507 3470 quidnam
1526 3398 1628 3453 sibi
1650 3405 1819 3462 esset,

1942 411 2168 469 stantes,
2201 419 2419 458 manum
2440 420 2561 458 cum
2593 404 2758 458 bursa
2789 404 2919 458 nihil
2948 404 3181 459 dicendo
3218 407 3441 461 tetendit
3480 407 3535 461 in

1940 490 2125 557 altum,
2159 492 2286 562 quid
2316 493 2538 559 egisset,
2563 493 2725 547 rebus
2757 493 2887 563 ipsis
2910 493 3284 559 manifestans,
3309 502 3381 560 et,
3406 495 3533 564 quid

1940 580 2120 633 statim
2150 579 2479 649 pertulisset,
2519 596 2647 636 voce
2690 580 2903 652 lugubri
2951 580 3315 636 subinferens.
3364 582 3533 652 Inspi-

1939 667 2010 722 cit
2033 667 2348 740 etagnoscit
2386 668 2580 722 mulier
2600 684 2756 722 suum
2796 668 2847 722 in
2880 685 3041 723 manu
3089 669 3346 741 sacrilegi
3393 670 3530 725 inci-

1936 755 2079 809 soris
2107 756 2344 811 loculum
2373 756 2493 812 :cui
2520 756 2606 810 fur
2636 756 2725 811 ille
2756 758 2987 812 restituit
3019 758 3164 828 quod
3195 758 3433 825 abstulit,
3480 766 3534 813 et

1935 858 2060 897 mox
2082 844 2263 898 lumen
2281 844 2484 914 recepit
2514 844 2661 915 quod
2688 845 2885 899 amisit.
2926 846 3149 916 Recepit
3184 854 3236 900 et
3284 846 3378 900 illa
3423 862 3526 916 pe—

1934 933 2148 988 cuniam
2182 948 2342 1004 quam
2370 932 2623 1003 perdidit,
2659 942 2710 988 et
2739 934 3017 988 immensis
3033 934 3530 1005 attollitpraeconiis

1932 1022 2149 1090 patroni
2179 1022 2523 1076 clementiam
2559 1038 2722 1093 quem
2765 1023 2964 1078 devota
2992 1031 3173 1077 mente
3230 1022 3416 1078 adivit.
3448 1023 3529 1078 Dc

1934 1109 2262 1178 praecedenti
2299 1125 2514 1181 quoque
2544 1109 2791 1175 muliere,
2828 1110 2971 1181 quod
3014 1126 3209 1165 revera
3244 1110 3337 1166 diu
3384 1126 3529 1166 caaca

1932 1196 2109 1263 fuerit,
2146 1206 2197 1252 et
2226 1198 2486 1252 amissum
2506 1198 2689 1253 lumen
2722 1198 2923 1254 ibidem
2942 1199 3228 1269 receperit,
3257 1199 3312 1253 in
3342 1199 3528 1255 brevi-

1930 1293 2055 1355 post
2080 1286 2197 1339 haec
2226 1286 2425 1340 certius
2456 1285 2705 1341 innotuit.

2001 1373 2200 1428 Tantus
2249 1374 2459 1428 interea
2522 1372 2683 1427 ﬁebat
2730 1389 3027 1429 concursus
3081 1376 3420 1447 populorum,
3471 1384 3529 1431 ut

1928 1460 2068 1514 infra
2100 1462 2377 1516 modicum
2411 1470 2623 1533 tempus
2644 1462 3007 1535 quadraginta
3034 1479 3343 1519 marcarum
3374 1480 3526 1518 sum-

1928 1564 2075 1603 mam
2105 1550 2414 1609 oblatorum
2444 1550 2714 1621 quantitas
2764 1552 3072 1605 excederet.
3114 1554 3393 1607 Jacentem
3423 1569 3525 1606 au-

1931 1646 2041 1692 tem
2069 1639 2123 1691 in
2153 1639 2332 1693 medio
2373 1638 2539 1692 filium
2584 1638 2719 1692 lucis
2777 1638 2864 1693 die
2923 1647 2975 1693 et
3021 1647 3179 1695 nocte
3218 1640 3529 1693 ambiebant

1931 1726 2033 1780 viri
2066 1736 2117 1781 et
2149 1726 2382 1794 feminae,
2416 1735 2662 1782 tenentes
2693 1726 2745 1780 in
2795 1726 3043 1781 manibus
3081 1743 3272 1783 cereos
3330 1728 3526 1783 arden-

1932 1822 2032 1879 tes,
2068 1823 2120 1868 et
2150 1815 2203 1867 in
2234 1814 2454 1869 modum
2486 1814 2889 1886 coronaagloria
2910 1824 2960 1868 et
2982 1816 3188 1870 honore
3213 1824 3523 1871 coronatum

1928 1919 1957 1956 a
1989 1896 2220 1957 Domino
2259 1902 2511 1958 continue
2541 1902 2843 1974 cingentes.
2869 1904 3018 1959 Tunc
3049 1903 3207 1958 etiam
3266 1903 3525 1975 magister

1930 1990 2357 2061 Leycestrensis,
2390 1990 2473 2043 vir
2501 1990 2762 2044 litteratus
2784 2000 2835 2045 et
2862 1990 3180 2059 industrius,
3219 1991 3526 2059 hujusmodi

1929 2078 2201 2134 distichon
2232 2078 2302 2132 ad
2330 2078 2501 2148 pedes
2532 2079 2647 2145 ejus
2695 2079 2893 2148 posuit,
2929 2078 2984 2132 in
3032 2094 3139 2149 quo
3197 2079 3523 2148 multiplices

1929 2165 2186 2221 virtutum
2217 2167 2332 2235 ejus
2378 2167 2770 2239 praerogativas
2817 2167 3058 2223 breviter
3098 2167 3385 2239 expressit,
3436 2166 3523 2221 di-

1929 2270 2060 2309 cens
2096 2270 2108 2308 Σ
3226 2330 3229 2333 Ι

1960 2342 2280 2399 Pontificum
2302 2342 2546 2403 baculus,
2571 2344 2965 2398 monachorum
2979 2358 3189 2414 norma,
3212 2343 3518 2400 scholarum

1997 2432 2298 2496 Consultor,
2325 2448 2511 2501 regum
2542 2431 2791 2498 malleus,
2823 2432 2983 2503 Hugo
3027 2431 3143 2487 fuit.

1928 2519 2027 2573 Die
2056 2528 2291 2589 postera,
2326 2520 2453 2573 dum
2485 2528 2793 2589 portaretur
2820 2520 2891 2574 ad
2918 2520 3202 2585 tumulum,
3246 2521 3522 2575 mutilatur

1928 2607 2050 2662 hinc
2080 2607 2344 2662 scissione
2371 2608 2564 2662 crebra
2610 2623 2907 2676 sacrarum,
2943 2608 3139 2679 quibus
3194 2608 3521 2663 induebatur

1922 2695 2171 2750 vestium.
2207 2696 2423 2750 Sacrari
2467 2696 2611 2750 enim
2643 2697 2728 2751 vel
2760 2695 3087 2751 sanctiﬁcari
3142 2696 3431 2752 admodum
3464 2713 3523 2751 se

1926 2784 2196 2849 credebat,
2234 2784 2480 2854 quisquis
2511 2784 2855 2856 sacrilegium
2886 2784 2993 2839 tale
3027 2785 3367 2839 committere
3417 2800 3519 2839 va-

1923 2870 2134 2935 luisset,
2160 2879 2216 2924 ut
2246 2885 2277 2925 a
2308 2886 2467 2927 sacro
2496 2872 2636 2927 sacri
2672 2872 2873 2943 aliquid
2922 2872 3207 2942 rapuisset.
3265 2873 3521 2942 Sepultus

1924 2967 2102 3013 autem
2136 2967 2237 3023 est,
2271 2959 2409 3013 sicut
2437 2960 2552 3028 ipse
2574 2960 2730 3014 nobis
2761 2968 3117 3030 prmceperat,
3152 2977 3309 3015 secus
3339 2961 3519 3031 parie-

1922 3054 2049 3113 tem,
2084 3061 2191 3100 non
2223 3048 2411 3115 procul
2432 3048 2499 3100 ab
2549 3047 2705 3101 altari
2752 3048 2932 3102 Sancti
2985 3048 3209 3101 Joannis
3248 3048 3516 3117 Baptistae,

1926 3141 1997 3198 et,
2034 3134 2169 3188 sicut
2220 3134 2394 3187 visum
2428 3142 2530 3203 est,
2578 3142 2798 3205 propter
2859 3150 3141 3190 accessum
3199 3136 3518 3191 conﬂuentis

1923 3221 2107 3291 populi
2140 3221 2317 3293 magis
2353 3237 2681 3294 congruere,
2714 3239 2745 3277 a
2802 3224 3004 3278 boreali
3036 3224 3207 3293 ipsius
3260 3224 3395 3279 aedis
3424 3240 3517 3279 re-

1922 3309 2102 3381 gione,
2136 3310 2200 3363 ad
2232 3311 2464 3381 gloriam
2488 3311 2605 3373 Dei,
2644 3310 2735 3381 qui
2756 3310 2883 3366 vivit
2932 3321 2987 3365 et
3040 3312 3308 3384 gloriatur
3353 3329 3518 3384 super

1922 3398 2105 3451 omnia
2134 3398 2280 3453 Deus
2308 3399 2625 3455 benedictus
2656 3398 2710 3453 in
2740 3399 2958 3455 szecula.
3004 3403 3195 3456 Amen.

1049 3565 1306 3637 Explicit
1340 3567 1461 3621 Vita
1493 3569 1679 3622 sancti
1709 3568 1954 3637 Hugom’s
1986 3567 2230 3638 episcopi
2262 3568 2698 3623 Lincolniensis.

229 3744 3517 3770 _______________—___________________

1182 3905 1707 4038 BEATI
1814 3908 2586 4043 HUGONIS

1426 4120 1965 4178 LINCOLNIENSIS
2004 4124 2321 4179 EPISCOPI

527 4272 1085 4421 LITTER/E
1175 4275 2197 4425 CONSTITUTIONUM
2292 4280 2402 4425 IN
2490 4282 3241 4429 VISITATIONE

1244 4508 1585 4562 Manash'con
1618 4508 1867 4578 Anglia,
1906 4510 1951 4573 Ι,
1997 4514 2118 4575 924,
2165 4512 2294 4565 edit.
2340 4516 2521 4583 1682.)
2579 4510 2585 4516 ’

306 4861 573 4915 Omnibus
607 4862 801 4916 Christi
834 4864 1083 4918 lidelihus
1114 4867 1182 4920 ad
1215 4884 1350 4938 quos
1379 4884 1620 4938 praesens
1652 4870 1818 4940 scrip-
1840 4876 1892 4934 D
1922 4888 2083 4942 quam
2118 4873 2388 4927 sustinere
2419 4874 2633 4929 valeant
2661 4876 2853 4930 domus
2885 4878 3027 4931 illius
3065 4877 3368 4944 facultates,
3412 4880 3514 4934 ha-

226 4957 339 5002 tum
378 4950 701 5019 pervenerit,
737 4952 915 5016 lluuo,
946 4953 1042 5007 Dei
1071 4954 1241 5025 gratia
1276 4956 1567 5011 Lincolnize
1598 4957 1816 5027 episco-

226 5054 349 5106 pus,
388 5036 617 5090 salutem
652 5039 703 5090 in
747 5040 998 5095 Domino.

299 5125 431 5178 Cum
486 5124 550 5177 ad
567 5129 1049 5198 congregationem
1070 5130 1381 5185 ancillarum
1407 5133 1601 5186 Christi
1624 5134 1693 5188 de
1717 5134 1819 5187 Co-

226 5220 340 5277 tun,
371 5228 531 5267 causa
594 5214 915 5269 visitationis
955 5235 1018 5271 ex
1066 5218 1225 5273 ollicii
1284 5221 1449 5273 nostri
1497 5222 1677 5276 debito
1738 5222 1818 5276 fa-

224 5298 434 5354 cienda:
465 5302 863 5365 accederemus,
899 5305 968 5357 ad
1000 5320 1064 5358 ea
1101 5323 1221 5375 quae
1276 5307 1564 5362 didicimus
1616 5310 1818 5364 ibidem

219 5386 575 5458 corrigenda,
610 5390 909 5443 remedium
942 5392 1243 5446 studuimus
1274 5394 1556 5451 adhibere.
1608 5399 1817 5455 Adver-

225 5483 400 5528 tentes
459 5475 622 5539 igitur
682 5478 1073 5533 multitudinem
1131 5481 1443 5537 monialium
1502 5486 1817 5555 ampliorem

1920 4960 2108 5025 bitare,
2143 4962 2446 5030 statuimus,
2483 4978 2603 5016 cum
2638 4980 2907 5018 consensu
2932 4966 3194 5037 magistri,
3216 4967 3513 5036 priorissa),

1920 5056 1971 5100 et
2003 5058 2318 5113 conventus,
2359 5051 2503 5120 quod
2538 5053 2894 5124 congregatio
2948 5053 3283 5120 monialium,
3318 5056 3385 5109 de
3415 5072 3519 5111 ca:-

1920 5144 2054 5200 tero,
2090 5138 2457 5209 trigintarium
2491 5156 2771 5193 numerum
2804 5157 2911 5194 non
2973 5143 3219 5203 excedat,
3272 5160 3520 5198 sororum

1921 5241 2177 5279 numerus
2199 5227 2299 5279 sub
2331 5228 2553 5281 denario
2582 5228 2949 5291 concludatur.
3001 5230 3289 5288 duodecim
3320 5232 3520 5286 fratres

1920 5316 2169 5368 conversi
2205 5316 2269 5368 ad
2302 5315 2475 5369 oﬁicia
2517 5316 2717 5369 ruralia
2776 5317 2881 5370 sint
2936 5318 3135 5372 ibidem
3189 5320 3515 5373 exercenda.

1920 5403 2180 5476 Magister
2200 5402 2532 5473 capellanus,
2568 5420 2691 5459 cum
2722 5406 2929 5460 duobus
2960 5406 3256 5478 capellanis
3290 5415 3522 5475 tantum,

1921 5490 1986 5544 ad
2017 5491 2196 5546 divina
2229 5494 2549 5561 deputentur
2578 5494 2940 5564 adimplenda.
2967 5495 3109 5551 Nulli
3135 5513 3265 5550 vero
3289 5496 3511 5567 religio-
