3960 6062
430 207 567 262 1115

1302 213 1359 268 S.
1399 211 1714 271 HUGONIS
1749 212 1974 269 EPISC.
2021 212 2345 271 LINCOLN.
2386 212 2558 274 0RD.
2622 217 2876 278 CARTH.

3594 227 3741 279 1116

430 331 517 387 nis
543 329 759 386 habitus
795 330 850 386 in
871 331 1060 388 eadem
1088 332 1252 390 domo
1283 334 1565 405 tribuatur,
1583 336 1759 393 donec
1787 337 2025 392 minutus
2044 343 2099 403 Α
2127 346 2181 394 et
2209 354 2448 407 sorores,
2480 356 2640 412 quam
2660 341 2905 413 hospites
2948 350 3253 410 vescantur,
3288 352 3341 399 et
3396 352 3585 417 potum
3618 348 3731 403 ha-

432 417 591 474 fuerit
608 435 852 489 przesens
881 429 1179 476 conventus
1209 422 1278 477 ad
1308 440 1593 479 numerum
1640 433 2019 496 praetaxatum,

430 506 537 560 nisi
564 514 789 577 propter
817 508 1157 564 manifestam
1179 510 1376 566 domus
1406 512 1708 579 utilitatem,
1744 521 1795 567 et
1826 514 1929 568 hoc
1959 529 2024 568 ex

430 594 657 664 speciali
686 594 902 650 licentia
931 596 1246 653 dioecesani.
1282 599 1531 671 Sigillum
1564 601 1757 655 domus
1780 601 1878 655 sub
1902 616 2025 656 cus-

431 682 577 737 todia
608 683 882 755 magistri,
913 684 1187 755 priorissae
1218 694 1267 741 et
1297 688 1612 743 monialium
1644 688 1713 743 ad
1743 690 1847 743 hoc
1876 704 2023 744 com-

430 769 665 825 muniter
695 770 900 841 electae,
934 774 1087 841 cujus
1116 773 1309 845 religio
1338 773 1516 843 fuerit,
1550 784 1601 830 et
1632 776 1889 831 discretio
1921 791 2023 845 ap-

430 857 673 929 probata,
697 859 796 912 sub
835 859 971 915 clavi
1026 861 1218 932 triplici
1266 872 1596 929 reservetur,
1645 879 1748 919 nec
1805 863 2025 935 aliquod

432 945 692 1016 scriptum
714 945 839 1001 inde
868 947 1136 1019 signetur,
1170 952 1286 1005 sine
1308 951 1638 1006 conscientia
1669 951 1828 1006 totius
1869 950 2023 1021 capi-

429 1032 545 1099 tuli,
579 1033 666 1088 vel
696 1034 935 1104 majoris,
970 1036 1055 1091 vel
1085 1037 1315 1093 sanioris
1343 1040 1511 1109 partis
1561 1039 1824 1108 ejusdem.
1873 1038 2023 1093 Bed—

429 1121 574 1176 ditus
594 1137 785 1178 omnes
811 1123 1071 1193 instaura,
1102 1135 1396 1196 proventus
1427 1127 1773 1199 quicumque,
1795 1125 2027 1199 singulis

428 1208 584 1263 annis
612 1210 931 1281 redigantur
957 1212 1011 1267 in
1034 1214 1314 1284 scriptum,
1348 1215 1491 1285 quod
1519 1215 1796 1285 priorissas
1824 1222 1874 1269 et
1896 1214 2024 1268 sub-

423 1296 717 1367 priorissze,
751 1306 803 1353 et
833 1300 1041 1355 caeteris
1072 1310 1305 1372 quatuor
1332 1302 1401 1357 de
1432 1303 1745 1357 melioribus
1802 1310 1855 1357 et
1883 1317 2022 1371 pru-

423 1383 782 1451 dentioribus,
818 1402 849 1441 a
878 1395 989 1443 toto
1019 1389 1256 1459 capitulo
1280 1431 1292 1454 ,
1344 1389 1430 1444 vel
1478 1390 1673 1458 majori
1703 1404 1770 1445 ac
1822 1388 2025 1459 saniori

425 1480 581 1543 parte
611 1475 967 1529 communiter
1012 1476 1218 1543 electis,
1272 1476 1517 1532 tradatur
1575 1476 2016 1532 custodiendum.

428 1560 686 1630 Magister
723 1569 777 1616 et
810 1571 1193 1633 procuratores
1249 1564 1462 1630 domus,
1510 1572 1673 1620 totam
1734 1564 2023 1634 pecuniam

424 1646 620 1701 domus
668 1648 724 1702 in
780 1650 1020 1705 denariis
1079 1651 1165 1707 vel
1222 1652 1531 1720 hujusmodi
1579 1669 1643 1707 ex
1698 1667 2023 1723 quacunque

425 1749 590 1790 causa
619 1736 802 1791 domui
831 1754 944 1793 suae
972 1739 1380 1808 provenientem
1420 1756 1542 1795 cum
1571 1755 1756 1794 coram
1815 1739 2020 1794 eisdem

428 1839 524 1878 sex
552 1833 834 1879 numerata
856 1826 1037 1893 fuerit,
1079 1828 1179 1881 sub
1229 1827 1409 1899 sigillo
1453 1828 1696 1897 magistri
1750 1826 2017 1897 signatam

421 1910 554 1981 ipsis
576 1913 807 1979 tradent,
835 1930 993 1985 quam
1026 1915 1232 1970 caedem
1262 1915 1330 1970 ad
1361 1915 1581 1986 negotia
1611 1916 1802 1969 domus
1853 1930 2019 1985 expe-

424 1998 646 2065 dienda,
684 2000 895 2072 quoties
950 2017 1179 2057 necesse
1228 2002 1407 2073 fuerit,
1466 2010 1519 2057 et
1577 2010 1834 2074 quantum
1880 2018 2018 2072 opus

422 2085 603 2153 fuerit,
637 2089 735 2143 sub
764 2089 910 2145 fideli
942 2090 1271 2159 testimonio,
1304 2098 1415 2145 tam
1439 2090 1681 2162 magistri
1701 2106 1865 2162 quam
1886 2090 2020 2144 alio-

425 2191 544 2230 rum
574 2175 691 2231 sine
720 2176 1032 2233 difficultate
1060 2179 1385 2247 liberabunt,
1418 2186 1472 2234 et
1529 2179 1806 2233 residuum
1838 2176 2018 2249 sigillo

422 2263 666 2335 magistri
699 2264 968 2336 signatum
1001 2267 1196 2321 iterato
1226 2274 1512 2336 reponent.
1564 2266 1805 2337 Singulis
1838 2274 2018 2319 autem

423 2352 703 2407 mensibus
735 2353 939 2408 eaedem
970 2369 1066 2408 sex
1086 2362 1397 2424 compotum
1444 2354 1663 2408 audient
1701 2354 1771 2408 de
1802 2352 2015 2422 simpli-

422 2440 575 2495 cibus
604 2440 843 2509 ejusdem
869 2442 1063 2497 domus
1091 2442 1365 2513 expensis.
1386 2443 1453 2497 Et
1469 2442 1725 2513 quoniam
1746 2440 2015 2496 abdicatio

421 2528 770 2599 proprietatis
799 2530 1523 2601 professionireligiosorum
1544 2538 1625 2584 est
1655 2545 1886 2594 annexa,
1924 2528 2015 2582 fir-

422 2616 581 2671 miter
609 2616 958 2683 inhibuimus,
982 2634 1049 2672 ne
1071 2634 1197 2689 qua,
1226 2619 1313 2673 vel
1344 2618 1465 2688 quis
1495 2618 1549 2671 in
1580 2618 1772 2672 eadem
1830 2617 2011 2681 domo,

422 2709 544 2774 post
573 2713 885 2774 susceptum
926 2705 1207 2774 religionis
1237 2706 1478 2760 habitum
1501 2705 1706 2775 aliquid
1736 2704 2014 2774 proprium

425 2791 627 2846 habere
664 2800 975 2861 praesumat,
1017 2793 1115 2847 sed
1157 2792 1261 2847 sint
1317 2793 1397 2847 eis
1451 2792 1635 2847 omnia
1682 2791 2011 2847 communia.

421 2879 631 2935 Eodem
661 2879 820 2934 etiam
857 2895 1018 2950 pane,
1052 2887 1159 2934 tam
1190 2880 1472 2946 moniales,
1505 2879 1791 2951 capellani,
1824 2879 2015 2934 fratres

2127 427 2291 483 beant
2320 430 2600 495 eumdem;
2634 438 2860 502 excepto
2889 431 3033 502 quod
3088 430 3423 488 infirmorum
3469 436 3731 490 necessi-

2126 515 2242 581 tati,
2274 524 2437 586 prout
2479 526 2838 589 opportunum
2868 518 3048 585 fuerit,
3092 520 3374 575 delicatius
3428 523 3731 592 providea-

2126 611 2230 658 tur.
2260 604 2397 672 Quia
2443 620 2571 661 vero
2620 622 2722 677 per
2777 606 3134 678 frequentiam
3174 609 3512 665 szecularium
3559 612 3729 682 quies

2125 692 2503 765 religiosorum
2532 694 2735 748 turbari
2765 694 2923 764 solet,
2955 695 3348 765 prohibuimus,
3396 713 3463 753 ne
3493 699 3595 763 vir,
3632 699 3724 754 vel

2124 781 2319 835 mulier
2340 780 2630 850 recipiatur
2648 782 2703 835 in
2732 782 2916 836 habitu
2947 782 3193 837 saeculari
3223 799 3429 838 moram
3469 784 3720 841 facturus

2125 867 2179 921 in
2213 867 2376 923 domo
2407 876 2707 924 memorata
2728 910 2744 935 ,
2776 869 2881 923 nisi
2916 869 3099 925 forsan
3138 871 3513 941 hospitalitatis
3542 874 3727 945 gratia

2125 956 2247 1028 quis
2276 956 2351 1011 ibi
2376 957 2793 1028 pernoctaverit.
2824 958 2958 1012 Item
2981 974 3048 1012 ne
3079 958 3201 1030 quis
3231 958 3318 1015 vel
3336 976 3461 1031 qua,
3484 961 3600 1016 sive
3620 978 3726 1017 saa-

2123 1044 2344 1110 cularis,
2379 1044 2492 1099 sive
2521 1044 2793 1116 religiosas
2822 1044 3176 1115 professionis
3206 1046 3425 1103 aliunde
3461 1048 3715 1114 veniens,

2123 1149 2244 1188 cum
2266 1132 2380 1188 sola
2408 1132 2629 1188 moniali
2658 1133 2806 1188 solus
2819 1132 2904 1187 vel
2924 1132 3041 1187 sola
3062 1132 3333 1204 loquatur,
3364 1135 3459 1190 sed
3479 1137 3718 1192 honesto

2125 1221 2453 1287 testimonio,
2486 1220 2594 1287 tali,
2628 1220 2773 1291 quod
2812 1220 3031 1275 sinistra
3063 1229 3242 1277 careat
3299 1223 3630 1293 suspicione,
3666 1233 3721 1279 et

2125 1325 2246 1365 cum
2279 1309 2510 1375 licentia,
2551 1308 2847 1364 secundum
2876 1308 3125 1380 regulam
3172 1326 3323 1364 suam
3355 1311 3424 1365 ab
3467 1311 3551 1365 his
3590 1328 3718 1383 quae

2123 1407 2400 1468 praesunt,
2453 1398 2690 1453 obtenta.
2776 1397 3082 1462 Preterca,
3146 1398 3275 1469 quia
3323 1398 3613 1466 religiosis,
3671 1409 3724 1455 et

2124 1484 2425 1557 prmsertim
2455 1484 2510 1538 in
2536 1501 2669 1539 sexu
2722 1482 2957 1550 mulieri,
3019 1484 3347 1551 discurrere,
3381 1487 3468 1541 vel
3521 1489 3720 1560 vagari

2121 1574 2297 1629 modis
2325 1573 2575 1628 omnibus
2597 1581 2679 1627 est
2706 1571 3071 1629 inhonestum.
3111 1573 3487 1628 constituimus
3516 1592 3586 1630 ne
3614 1593 3715 1631 so-

2125 1662 2237 1711 ror,
2269 1643 2357 1700 vel
2395 1642 2662 1706 monialis,
2696 1642 2841 1712 apud
2897 1643 3179 1713 grangiam
3235 1653 3493 1709 moretur,
3545 1661 3719 1701 causa

2121 1732 2566 1787 nutrimentorum
2598 1729 2930 1794 animalium,
2962 1730 3047 1784 vel
3078 1730 3262 1800 aliqua
3292 1731 3525 1801 qualibet
3558 1748 3720 1788 occa-

2120 1821 2299 1874 sione.
2337 1818 2598 1873 Moniales
2628 1817 2789 1872 etiam
2820 1830 2983 1870 causa
3003 1816 3255 1871 visitandi
3291 1818 3589 1888 proximos,
3620 1829 3721 1874 aut

2119 1915 2392 1978 parentes,
2424 1906 2728 1960 nullatenus
2758 1911 2907 1959 extra
2929 1903 3222 1973 mittantur,
3264 1921 3330 1960 ex
3359 1922 3544 1960 earum
3594 1908 3717 1962 sola

2120 1997 2392 2051 voluntate
2423 1994 2508 2049 vel
2546 1993 2653 2048 levi
2685 1991 2926 2064 qualibet
2982 1993 3293 2055 occasione,
3352 2010 3455 2049 nec
3490 1995 3713 2049 tandem

2120 2083 2230 2138 ullo
2261 2083 2442 2150 modo,
2477 2082 2592 2137 sine
2609 2079 2857 2153 magistri
2876 2087 2926 2133 et
2944 2079 3215 2151 priorissaa
3232 2080 3446 2135 licentia
3463 2083 3713 2151 speciali,

2121 2180 2171 2227 et
2200 2171 2455 2236 maxima,
2490 2185 2555 2225 ac
2584 2170 2802 2240 cognita
2832 2170 3183 2227 necessitate.
3223 2167 3363 2236 Quia
3410 2169 3716 2225 Simoniaca

2119 2259 2353 2330 pravitas
2382 2259 2567 2329 plures
2597 2258 2648 2311 in
2682 2274 2897 2313 errores
2926 2265 2979 2312 et
3007 2257 3285 2311 interitum
3313 2256 3550 2325 adduxit,
3585 2258 3712 2311 ani-

2118 2362 2328 2402 marum
2359 2345 2517 2400 saluti
2535 2346 2824 2416 providere
2850 2345 3115 2409 volentes,
3140 2343 3382 2398 districte
3418 2345 3709 2413 prohibui-

2119 2451 2261 2504 mus,
2292 2450 2361 2489 ne
2390 2434 2474 2489 vir
2503 2433 2589 2488 vel
2617 2433 2827 2499 mulier,
2860 2448 2961 2503 pro
2991 2432 3224 2502 pecunia
3254 2431 3340 2485 vel
3361 2447 3421 2485 re
3469 2432 3713 2503 qualibet

2118 2522 2402 2593 temporali
2426 2520 2713 2591 recipiatur
2751 2536 2989 2591 unquam
3039 2519 3239 2573 ibidem
3288 2536 3354 2573 ex
3398 2528 3576 2589 pacto.
3602 2520 3717 2574 Sub

2116 2609 2474 2666 anathematis
2504 2608 2940 2663 interminatione
2969 2606 3348 2678 praecipientes
3398 2607 3541 2677 quod
3585 2623 3710 2662 om-

2115 2700 2203 2753 nia
2233 2697 2598 2769 przetermissa
2649 2696 2936 2751 salubriter
2992 2711 3024 2749 a
3080 2695 3239 2750 nobis
3293 2695 3577 2751 constituta
3611 2694 3711 2749 ﬁr-

2114 2787 2273 2842 miter
2305 2786 2374 2840 ab
2404 2785 2656 2841 omnibus
2710 2784 2986 2855 utriusque
3028 2799 3192 2837 sexus
3218 2784 3270 2837 in
3300 2783 3489 2838 eadem
3544 2783 3711 2839 domo

2116 2883 2399 2931 serventur
2428 2873 2482 2927 in
2518 2880 2858 2944 perpetuum.

431 3053 3711 3078 ,Μ

1414 3219 1903 3352 BEATI
2002 3212 2722 3349 HUGONIS

1689 3471 2421 3587 DIPLOMATA.

1189 3859 1230 3913 Ι.

432 3997 645 4052 Charta
668 3996 1009 4052 donatorum
1036 3998 1414 4055 concessione:
1438 3999 1688 4053 recitem
1725 4002 1779 4054 ct
1815 3995 2016 4065 conﬁr-

1126 4102 1313 4140 mana.

488 4188 799 4260 (Monastic.
818 4190 982 4262 Ang.,
1001 4196 1129 4245 tom.
1146 4191 1236 4256 ΙΙΙ,
1257 4207 1309 4261 ρ.
1328 4192 1415 4255 84,
1431 4190 1559 4246 edit.
1580 4192 1713 4245 1673
1732 4209 1746 4257 ;
1762 4198 1891 4245 tom.
1919 4190 1961 4259 Ι,

941 4295 997 4350 ρ.
1027 4279 1116 4347 at,
1151 4279 1280 4333 edit.
1317 4278 1500 4349 1682.)

500 4385 778 4443 Universis
808 4387 1006 4442 Christi
1038 4387 1288 4443 fidelibus
1315 4389 1385 4443 ad
1416 4404 1551 4460 quos
1576 4404 1818 4459 prmsens
1849 4387 2017 4458 scrip-

426 4482 541 4528 tum
568 4475 896 4545 pervenerit,
931 4477 1112 4540 Huoo,
1146 4477 1245 4531 Dei
1275 4478 1451 4548 gratia
1481 4475 1874 4532 Lincolniensis
1895 4474 2015 4545 epi-

429 4578 627 4632 scopus
656 4563 885 4617 salutem
917 4563 972 4616 in
1000 4564 1251 4620 Domino.

500 4649 769 4718 Quoniam
810 4665 871 4705 ea
914 4667 1036 4721 quae
1084 4652 1153 4705 ad
1210 4651 1657 4706 sustentationem
1717 4665 2017 4721 pauperum

428 4738 628 4793 Christi
647 4738 831 4793 divino
887 4738 1142 4795 instinctu
1193 4740 1387 4796 collata
1429 4748 1552 4794 sunt
1609 4738 1889 4803 beneficia,
1947 4754 2017 4792 ne

427 4825 841 4897 malignantium
875 4826 1086 4897 possint
1115 4827 1375 4882 retentari
1405 4827 1781 4897 perversitate,
1808 4826 2017 4896 episco-

426 4913 568 4983 palis
596 4914 928 4969 auctoritatis
956 4913 1211 4985 suffragio
1241 4924 1489 4969 tenemur
1543 4914 1899 4970 communire.
1935 4914 2017 4968 Ad

429 4995 793 5051 universitatis
850 5005 1044 5052 vestra:
1109 4996 1353 5052 notitiam
1410 4996 1657 5052 volumus
1704 4996 2014 5067 pervenire,

428 5097 528 5135 nos
552 5089 669 5135 rata
695 5083 818 5137 huic
840 5091 892 5137 et
920 5084 1179 5154 praesenti
1207 5084 1407 5153 scripto
1446 5083 1769 5138 confirmare
1822 5084 1936 5137 Deo
1966 5090 2019 5138 et

2047 3855 2093 3914 C
2114 3849 2394 3908 vocabulis
2422 3847 2732 3904 censuimus
2760 3854 3043 3902 annotare.
3077 3846 3339 3915 lnspectis
3362 3845 3529 3916 igitur
3549 3845 3713 3899 char-

2116 3940 2205 4005 tis,
2239 3954 2376 4009 quas
2403 3938 2603 3991 habent
2631 3935 2877 4006 pradicti
2923 3934 3115 3989 fratres
3145 3949 3212 3988 ex
3241 3934 3383 3988 dono
3411 3933 3567 3987 bonae
3596 3948 3721 3986 me-

2116 4026 2305 4083 moria:
2352 4024 2565 4080 comitis
2595 4023 2663 4077 de
2710 4023 3051 4093 Legircestre
3101 4020 3319 4075 Roberti
3362 4019 3610 4084 senioris,
3664 4028 3717 4074 et

2115 4114 2211 4169 ﬁlii
2242 4114 2358 4181 ejus
2388 4111 2599 4167 comitis
2630 4111 2697 4165 de
2728 4110 3092 4181 Legrecestre,
3129 4107 3349 4163 Roberti
3377 4107 3585 4162 scilicet
3616 4107 3714 4175 ju-

2120 4200 2310 4259 nioris.

2190 4298 2461 4370 Imprimis
2482 4304 2655 4351 ratam
2678 4294 2939 4350 habemus
2985 4301 3038 4348 et
3073 4289 3457 4348 confirmamus
3512 4290 3714 4345 funda-

2119 4388 2321 4443 tionem
2353 4384 2613 4440 Ecclesia:
2659 4383 2842 4438 Sancti
2897 4381 3119 4437 Joannis
3174 4379 3401 4450 apostoli
3446 4386 3497 4433 et
3532 4393 3712 4431 evan-

2118 4475 2328 4548 gelista).
2356 4471 2637 4543 hospitalis
2667 4471 2736 4525 de
2766 4469 3061 4538 Brakeley,
3085 4476 3137 4523 et
3152 4467 3397 4522 eamdem
3426 4465 3718 4521 ecclesiam

2118 4579 2238 4618 cum
2271 4561 2464 4615 eodem
2494 4557 2769 4629 hospitali,
2818 4558 2956 4613 sicut
2997 4557 3052 4610 in
3097 4555 3297 4610 chartis
3338 4553 3720 4624 praedictorum

2119 4658 2489 4719 patronorum,
2522 4662 2659 4717 quas
2706 4645 2955 4713 vidimus,
2997 4643 3369 4713 exprimuntur
3407 4641 3632 4695 liberam
3669 4648 3725 4695 et

2120 4736 2357 4808 quietam
2389 4735 2457 4788 ab
2492 4733 2637 4788 omni
2681 4732 3013 4801 subjectione
3061 4746 3182 4785 esse
3226 4729 3531 4783 statuimus.
3566 4728 3723 4781 Salo-

2118 4824 2266 4878 moui
2295 4838 2425 4877 vero
2454 4820 2699 4891 prazdicti
2728 4819 3013 4889 hospitalis
3044 4816 3328 4889 magistro,
3360 4824 3412 4870 et
3437 4830 3723 4869 successo-

2122 4912 2271 4966 ribus
2294 4910 2409 4979 ejus
2444 4917 2497 4964 et
2524 4907 2782 4963 fratribus
2810 4906 2867 4960 in
2895 4906 3013 4975 ipso
3049 4904 3302 4974 hospitali
3335 4901 3721 4957 commoranti-

2120 5001 2222 5054 bus
2253 4999 2322 5052 ad
2352 4996 2637 5052 sacerdotii
2668 4995 2901 5067 gradum
2931 4992 3201 5063 provectis
3256 4990 3625 5054 concedimus,
3664 4998 3724 5043 ut

2122 5088 2190 5142 ad
2220 5088 2484 5141 honorem
2515 5083 2635 5149 Dei,
2668 5091 2716 5138 et
2747 5097 2848 5153 pro
2876 5080 3048 5136 salute
3094 5079 3461 5145 fundatorum,
3512 5085 3566 5131 et
3591 5092 3721 5131 om-

426 5168 691 5224 Ecclesiae
723 5170 778 5224 S.
810 5171 1033 5225 Joannis
1062 5172 1429 5243 Evangelistze
1475 5172 1759 5242 hospitalis
1788 5172 1857 5226 de
1887 5173 2015 5225 Bra-
2049 5196 2101 5254 D
2124 5172 2268 5226 nium
2301 5171 2539 5228 ﬁdelium
2571 5170 2757 5225 divina
2779 5170 2833 5225 in
2863 5170 2983 5240 ipsa
3020 5167 3223 5238 capella
3254 5167 3533 5222 celebrent
3560 5180 3719 5254 mys-

429 5257 607 5327 keley,
633 5265 684 5311 ct
713 5257 966 5312 fratribus
986 5259 1188 5313 ibidem
1216 5260 1331 5313 Deo
1361 5258 1739 5323 servientibus,
1758 5257 2022 5314 beneficia

429 5346 612 5400 omnia
644 5361 765 5417 quae
796 5345 875 5400 eis
902 5362 934 5400 a
956 5346 1152 5401 Christi
1182 5346 1432 5401 fidelibus
1465 5346 1663 5401 fuerint
1719 5346 1903 5401 divina
1932 5346 2021 5400 in-

429 5434 625 5489 stinctu
657 5434 870 5501 collata,
905 5442 1162 5490 eteorum
1183 5436 1371 5489 usibus
1399 5435 1677 5504 deputata,
1702 5435 1770 5488 de
1802 5435 2018 5505 quibus,

431 5529 483 5577 ut
517 5522 583 5577 ad
616 5522 853 5577 omnium
885 5523 1128 5578 notitiam
1170 5523 1376 5594 possint
1433 5522 1735 5593 pervenire,
1787 5523 2022 5593 propriis

2123 5260 2305 5324 teria;
2364 5260 2435 5313 ita
2476 5267 2655 5313 tamen
2705 5257 2853 5329 quod
2908 5255 3206 5328 parochiali
3262 5254 3492 5309 ecclesia
3538 5252 3725 5322 aliquo

2123 5364 2256 5403 casu
2284 5356 2529 5414 vacante,
2561 5346 2721 5401 liceat
2750 5344 3023 5415 praedictis
3053 5342 3319 5410 fratribus,
3345 5341 3577 5397 exclusis
3608 5356 3715 5393 ex-

2125 5435 2533 5490 communicatis
2561 5442 2612 5488 et
2652 5432 2971 5493 interdictis,
3031 5430 3303 5484 submissa
3356 5445 3491 5484 voce
3537 5426 3731 5481 divina

2124 5522 2300 5578 oﬁicia
2334 5522 2648 5587 celebrare;
2692 5517 2983 5575 venerabili
3014 5524 3163 5587 patre
3217 5526 3269 5571 et
3302 5517 3523 5571 domino
3564 5516 3728 5569 beata
