3960 6062
177 238 317 326 11117

1614 229 2038 290 DIPLOMATA.

3334 240 3470 294 1118

174 360 455 415 memoriae
481 362 547 416 A.
579 359 755 427 tertio,
789 374 1003 415 summo
1031 358 1285 430 pontiﬁce
1330 373 1496 429 super
1541 357 1627 413 his
1674 373 1774 412 au-
1800 358 1850 417 Α
1878 357 2000 427 pale
2031 360 2349 417 auctoritate
2377 361 2639 419 adhibere
2669 362 3054 419 testimonium.
3098 361 3193 418 His
3223 361 3472 433 testibus,

174 448 423 503 ctoritate
451 455 719 519 patrante,
755 448 895 503 sicut
923 448 978 503 in
1016 447 1302 520 privilegio
1334 447 1579 515 ejusdem
1612 445 1780 517 patris

171 536 253 590 eis
286 536 481 591 collato
509 536 844 606 inspeximus
857 578 870 591 .

250 623 591 694 Sepulturam
622 640 837 695 quoque
866 640 1165 695 pauperum
1205 633 1258 679 et
1305 625 1579 696 hospitum
1607 624 1700 695 qui
1728 623 1785 678 in

172 709 297 780 ipso
324 711 579 781 hospitali
606 712 965 779 decesserint,
996 712 1083 767 vel
1112 728 1303 767 eorum
1336 713 1429 783 qui
1455 714 1510 767 in
1540 720 1785 768 extrema

176 798 451 854 voluntate
495 800 549 854 in
581 800 854 855 territorio
883 800 1137 870 hospitali
1184 816 1243 856 se
1286 800 1626 867 devoverint,
1668 800 1785 854 sine

171 886 474 942 vicinarum
524 887 880 943 ecclesiarum
946 888 1140 956 injuria
1203 889 1433 944 liberam
1481 905 1605 945 esse
1652 903 1785 943 san-

176 974 351 1030 cimus
364 1016 377 1030 .

244 1062 549 1119 Libertates
578 1064 633 1117 in
682 1080 816 1136 quas
861 1064 928 1119 R.
978 1063 1135 1120 bonae
1183 1064 1463 1120 memoriae
1513 1065 1680 1119 abbas
1726 1064 1782 1119 S.

177 1148 361 1206 Mariae
388 1150 457 1206 de
488 1151 650 1207 Prato
680 1152 749 1207 de
782 1154 1139 1223 Legrecestre
1171 1159 1223 1208 et
1252 1152 1497 1222 ejusdem
1530 1153 1637 1208 loci
1665 1169 1789 1208 con-

178 1244 373 1292 ventus
404 1238 483 1292 eis
511 1239 858 1303 contulerint,
907 1239 1046 1294 sicut
1076 1240 1131 1294 in
1160 1255 1345 1295 eorum
1394 1240 1596 1311 scripto
1643 1239 1785 1295 vidi-

180 1340 300 1379 mus
330 1324 577 1397 digestus
608 1327 753 1382 felici
801 1328 1163 1398 perpetuitate
1202 1328 1460 1399 gaudere,
1513 1336 1565 1383 et
1601 1335 1790 1383 nostra

180 1408 408 1463 solidari
452 1410 864 1466 confirmatione
912 1428 1237 1478 censemus;
1277 1412 1387 1468 Viz.
1428 1420 1487 1466 ut
1535 1412 1787 1467 Salomon

178 1497 427 1566 predicti
456 1498 740 1569 hospitalis
769 1515 1087 1555 ceconomus
1116 1508 1168 1554 et
1194 1515 1544 1555 successores
1583 1500 1667 1554 sui
1696 1501 1788 1555 ha-

182 1584 346 1639 beant
377 1586 668 1642 ecclesiam
698 1586 841 1642 inter
870 1596 1024 1658 septa
1042 1588 1209 1643 curtis
1230 1588 1474 1658 praedicti
1501 1588 1788 1659 hospitalis

1882 447 1953 501 R.
1993 447 2191 503 abbate
2221 449 2289 503 de
2340 450 2582 519 Nostele,
2635 451 2894 522 magistro
2941 450 3214 521 Stephano
3260 450 3477 506 Lincol-

1884 532 2087 589 niensis
2115 535 2379 592 Ecclesiae
2399 538 2741 605 cancellario,
2762 540 3022 612 magistro
3042 540 3327 604 Womero,
3359 553 3478 592 ma-

1884 620 2057 693 gistro
2095 623 2335 679 Geraldo
2403 626 2472 680 de
2518 627 2744 695 Rowell,
2794 626 3059 699 magistro
3096 625 3365 683 Richardo
3412 626 3481 682 de

1885 709 2175 777 Claleveel,
2207 719 2259 766 et
2288 712 2470 767 multis
2501 713 2641 768 aliis.

2645 837 2713 891 ΙΙ.

1891 956 2098 1041 Charta
2129 959 2344 1042 domini
2378 962 2620 1042 [lagonis
2651 960 2896 1042 episcopi
2924 964 2979 1042 et
3007 960 3250 1042 capituli
3267 961 3486 1042 Lincol-

1958 1030 2174 1083 niensis
2202 1029 2269 1084 de
2295 1030 2509 1085 duabus
2529 1029 2789 1101 partibus
2818 1029 3165 1086 ecclesias—de
3213 1031 3387 1088 Corbi.

1958 1132 2326 1203 (Monasticon
2368 1136 2585 1206 Anglic.
2638 1144 2767 1190 tom.
2802 1136 2844 1202 Ι,
2890 1152 2951 1206 p.
2994 1139 3117 1201 881,
3163 1136 3252 1192 ed.
3304 1136 3486 1206 1673.)

1958 1236 2225 1293 Omnibus
2255 1240 2455 1294 Christi
2485 1239 2734 1295 ﬁdelibus
2779 1242 2848 1296 ad
2896 1257 3031 1313 quos
3060 1258 3301 1312 praesens
3352 1242 3488 1298 scri-

1886 1333 2037 1397 ptum
2068 1328 2397 1397 pervenerit,
2433 1330 2591 1383 Huco
2622 1329 2719 1383 Dei
2750 1329 2926 1401 gratia
2956 1329 3352 1386 Lincolniensis
3383 1330 3493 1402 epi-

1887 1429 2106 1483 scOpus,
2150 1414 2378 1469 salutem
2409 1415 2463 1468 in
2493 1416 2745 1471 Domino.

1958 1502 2183 1557 Noverit
2213 1503 2538 1557 universitas
2570 1511 2768 1571 vestra,
2804 1519 2906 1558 nos
2938 1504 3007 1559 de
3042 1520 3269 1560 assensu
3317 1514 3369 1561 et
3396 1522 3492 1563 vo-

1887 1590 2090 1644 luntate
2137 1591 2454 1646 dilectorum
2514 1591 2567 1644 in
2616 1591 2829 1646 Christo
2899 1591 3150 1659 filiorum,
3195 1594 3483 1649 Willielmi

178 1670 404 1727 liberam
438 1682 490 1727 et
516 1674 755 1744 quietam
784 1675 850 1728 ab
881 1675 1027 1730 omni
1048 1675 1405 1744 subjectione,
1437 1675 1491 1729 in
1524 1691 1632 1746 qua
1660 1692 1785 1745 per-
1806 1703 1860 1764 Β
1890 1677 2084 1732 decani
2116 1686 2166 1732 et
2195 1679 2413 1749 capituli
2452 1679 2625 1733 nostri
2671 1679 2981 1747 Lincolniae,
3033 1680 3230 1735 divina;
3275 1682 3493 1752 pietatis

183 1767 346 1829 petuo
377 1760 618 1816 divinum
647 1763 956 1818 celebretur
986 1762 1241 1828 ofﬁcium,
1273 1770 1324 1816 et
1345 1763 1623 1833 sepultura
1652 1778 1787 1833 pau-

178 1863 371 1918 perum
404 1856 462 1903 et
488 1849 704 1905 familia:
734 1866 863 1918 suae,
900 1858 953 1906 et
980 1850 1332 1906 servientium
1363 1866 1582 1905 suorum
1614 1859 1666 1906 et
1694 1867 1790 1922 pe-

180 1936 551 2007 regrinorum,
585 1947 636 1993 et
668 1938 937 2010 integram
980 1939 1293 1995 facultatem
1324 1938 1554 2009 regendi
1583 1948 1636 1994 et
1666 1939 1789 2009 ple-

180 2023 389 2078 nariam
426 2025 838 2096 dispositionem
887 2026 1150 2093 omnium,
1201 2042 1321 2098 quae
1359 2027 1427 2081 ad
1474 2027 1790 2097 praedictum

178 2111 446 2182 hospitale
474 2114 763 2184 pertinent.

266 2202 655 2258 Confessiones
684 2211 860 2257 autem
880 2218 1181 2273 pauperum
1213 2209 1267 2257 et
1285 2201 1623 2259 infirmorum
1655 2218 1792 2260 con-

186 2293 506 2351 solationem
535 2290 746 2363 integre
775 2291 1031 2361 habeant,
1065 2298 1117 2347 et
1145 2290 1198 2345 in
1247 2298 1571 2362 perpetuum
1598 2291 1790 2362 praesi-

178 2381 362 2437 deant.

255 2470 337 2523 Ex
367 2466 656 2523 donatione
685 2481 817 2522 vero
848 2465 1070 2522 Roberti
1101 2466 1312 2521 comitis
1343 2467 1411 2521 de
1433 2468 1792 2539 Legrecestre

187 2556 413 2612 Roberti
443 2554 908 2622 secundijunioris
937 2555 1072 2608 duas
1101 2570 1255 2609 acras
1297 2562 1347 2608 et
1393 2554 1688 2620 dimidiam,
1724 2555 1792 2609 de

190 2645 331 2701 creis
355 2644 509 2712 juxta
538 2651 750 2697 curtem
780 2642 1062 2712 hospitalis
1080 2651 1131 2697 et
1152 2650 1319 2697 totam
1342 2650 1545 2697 terram
1566 2643 1633 2697 de
1653 2643 1792 2697 creis

184 2733 380 2787 subtus
409 2739 618 2786 curtem
647 2729 859 2785 illorum
889 2732 957 2785 de
989 2746 1160 2801 grava
1189 2730 1408 2785 Domini
1437 2730 1649 2785 comitis
1680 2730 1791 2785 sic-

194 2828 253 2875 ut
282 2820 450 2891 septis
481 2818 593 2873 suis
622 2818 932 2874 includitur.
980 2819 1057 2873 Ex
1099 2819 1241 2873 dono
1289 2818 1533 2886 ejusdem
1582 2818 1795 2873 comitis

199 2908 336 2963 duas
383 2908 624 2979 virgatas
690 2915 867 2973 terra,
920 2921 1083 2960 unam
1148 2907 1356 2961 scilicet
1426 2923 1547 2978 quae
1596 2916 1678 2961 est
1724 2907 1792 2962 de

190 3003 337 3051 terra
365 2996 435 3050 de
466 3003 676 3050 assarta
707 3011 828 3049 cum
860 2994 1163 3065 quietancia
1193 2994 1466 3065 pannagii,
1512 3012 1632 3065 qua:
1662 3011 1792 3065 per-

1893 1764 2105 1834 intuitu,
2162 1766 2380 1821 dedisse
2428 1774 2480 1822 et
2527 1767 2870 1823 concessisse
2923 1767 3136 1823 dilectis
3177 1767 3392 1823 filiabus
3438 1769 3495 1824 in

1893 1852 2130 1919 Christo,
2164 1854 2493 1909 monialibus
2520 1855 2699 1911 Sancti
2730 1855 3007 1910 Michaelis
3057 1862 3216 1910 extra
3264 1857 3496 1928 burgum

1892 1941 2271 2007 Stauneforde,
2305 1943 2440 1996 duas
2487 1951 2670 2013 partes
2715 1944 2964 1999 ecclesiae
3005 1943 3073 1999 de
3124 1943 3321 2014 Corby,
3373 1960 3494 2016 quae

1892 2029 1961 2083 de
1983 2029 2126 2083 dono
2157 2030 2425 2085 Mathildae
2454 2031 2521 2085 de
2546 2032 2697 2097 Diva,
2734 2040 2784 2086 et
2836 2032 2903 2088 de
2932 2032 3077 2087 dono
3128 2032 3397 2088 Ascelinae
3424 2033 3494 2089 de

1892 2118 2215 2173 Watervilla
2248 2127 2300 2173 et
2331 2120 2608 2173 haeredum
2638 2136 2857 2195 suorum
2884 2139 2896 2186 ;
2931 2120 3000 2175 de
3031 2121 3175 2175 dono
3205 2121 3365 2176 etiam
3396 2122 3496 2176 Ha-

1892 2206 2066 2260 monis
2094 2207 2287 2272 Peche,
2323 2207 2392 2261 ad
2422 2207 2666 2277 ipsarum
2721 2208 3037 2263 monialium
3085 2208 3498 2264 advocationem

1891 2294 2163 2364 pertinent
2200 2310 2211 2347 :
2244 2295 2525 2349 habendas
2563 2295 2788 2360 eisdem,
2823 2304 2872 2351 et
2923 2295 2977 2349 in
3026 2296 3264 2367 propriis
3306 2298 3498 2352 usibus

1898 2382 1950 2435 in
1982 2391 2305 2453 perpetuum
2327 2383 2691 2454 possidendas
2728 2398 2740 2437 :
2775 2384 2927 2438 salva
2948 2384 3184 2456 liugonis
3204 2383 3273 2440 de
3293 2384 3497 2440 Osber—

1892 2470 2035 2540 neby
2063 2470 2309 2540 portione
2355 2488 2451 2524 sua
2499 2471 2721 2537 ibidem,
2772 2472 2951 2542 quoad
2997 2471 3229 2539 vixerit;
3264 2479 3315 2527 et
3344 2472 3497 2527 salva

1893 2558 2095 2612 vicaria
2127 2566 2409 2628 perpetua,
2443 2576 2567 2613 cum
2598 2574 2789 2614 manso
2820 2559 3168 2630 competenti,
3203 2575 3363 2631 quam
3395 2561 3496 2615 Hi-

1892 2646 2058 2699 larius
2090 2646 2407 2715 capellanus
2438 2647 2643 2701 obtinet
2690 2647 2758 2701 de
2808 2647 2935 2702 dicti
2978 2647 3341 2717 portionibus,
3393 2647 3498 2703 sibi
3572 2650 3577 2659 ’

1894 2742 1945 2787 et
1981 2734 2393 2789 successoribus
2440 2735 2553 2788 suis
2612 2734 2874 2789 dictarum
2928 2734 3239 2806 portionum
3282 2736 3498 2792 vicariis

1890 2822 2187 2891 assignata.
2226 2822 2501 2877 Praedictae
2550 2830 2730 2876 autem
2784 2822 3054 2878 moniales
3100 2824 3285 2878 omnia
3331 2839 3498 2879 onera

1894 2909 2224 2979 episcopalis
2255 2919 2307 2964 et
2334 2909 2807 2965 archidiaconialia
2838 2926 2982 2980 saepe
3000 2910 3172 2965 dictas
3204 2911 3339 2965 duas
3367 2926 3499 2982 par-

1896 3005 1976 3050 tes
2006 2997 2395 3068 contingentia,
2431 2996 2792 3062 sustinebunt,
2845 2997 3011 3052 salvis
3043 2998 3204 3053 etiam
3234 2998 3288 3051 in
3319 2998 3498 3053 omni-

188 3084 321 3138 tinet
350 3084 418 3138 ad
450 3084 666 3138 Halsow
689 3090 741 3137 et
761 3048 1211 3153 cum‘Messuagio
1233 3099 1353 3151 quae
1372 3048 1793 3153 adipraedictam
1817 3048 1862 3108 Ο
1896 3085 1994 3137 bus
2051 3048 2450 3155 episcopalibus
2514 3048 2997 3139 consuetudinibus
3020 3126 3034 3153 ,
3104 3085 3500 3142 Lincolniensis

189 3170 459 3243 virgatam
508 3171 756 3241 pertinet,
827 3186 946 3241 quae
992 3178 1074 3224 est
1124 3171 1177 3223 in
1234 3168 1480 3236 Brakele,
1529 3170 1597 3224 ad
1638 3178 1795 3240 caput

186 3258 357 3315 fontis
387 3260 455 3314 de
487 3257 857 3323 Gotdewelle;
893 3264 947 3312 et
976 3273 1136 3311 unam
1166 3257 1329 3312 aliam
1375 3258 1639 3329 virgatam
1673 3275 1794 3329 quae

183 3347 414 3419 pertinet
456 3346 523 3401 ad
564 3346 813 3412 Brakele,
865 3360 988 3401 cum
1030 3346 1344 3417 messuagio
1396 3360 1514 3411 suo,
1557 3361 1679 3416 quae
1706 3353 1787 3400 est

186 3436 375 3490 subtus
396 3435 551 3503 juxta
580 3433 815 3489 rivulum
843 3434 1090 3501 ejusdem
1140 3432 1302 3488 fontis
1333 3449 1492 3504 quam
1523 3433 1790 3504 virgatam

120 3518 135 3527 “
189 3523 472 3579 Swerman
503 3530 652 3593 pater
677 3522 919 3593 magistri
948 3521 1253 3576 Salomonis
1293 3521 1481 3577 tenuit.

259 3611 342 3665 Ex
375 3609 667 3665 donatione
700 3609 931 3665 Gilberti
960 3610 1028 3664 de
1060 3611 1241 3664 Monte
1269 3624 1417 3662 xxui
1447 3623 1606 3664 acras
1636 3616 1794 3663 terrae

194 3698 249 3753 in
278 3698 549 3753 dominico
582 3714 681 3752 suo
728 3704 1072 3752 mensuratas
1120 3714 1220 3767 per
1264 3697 1525 3768 perticam
1574 3696 1630 3749 in
1668 3696 1793 3751 Sto-

187 3786 385 3857 chinga
418 3786 470 3839 in
499 3794 651 3855 parte
698 3801 891 3840 versus
941 3785 1165 3839 Brakele
1195 3794 1246 3839 et
1293 3792 1507 3855 pratum
1556 3784 1793 3853 Ringes-

188 3875 333 3939 ham,
365 3881 526 3944 prout
555 3875 741 3927 charta
770 3873 941 3943 ipsius
974 3872 1202 3928 Gilberti
1228 3872 1423 3927 exinde
1454 3871 1591 3926 facta
1620 3870 1794 3925 mani-

185 3961 362 4017 festat.
396 3962 475 4015 Ex
508 3960 649 4015 dono
683 3960 850 4015 Heliae
876 3961 945 4015 de
965 3961 1162 4015 Hinton
1193 3968 1410 4030 pratum
1433 3960 1576 4030 quod
1598 3958 1795 4014 dicitur

179 4049 519 4115 Herlesham,
553 4056 605 4103 et
634 4048 777 4102 aliud
826 4057 1042 4119 pratum
1088 4048 1233 4119 quod
1286 4048 1484 4102 dicitur
1531 4047 1789 4102 Ferham.

184 4139 267 4193 Ex
295 4137 437 4192 dono
468 4136 653 4191 Aliciae
683 4137 751 4190 de
781 4136 990 4191 Romeli
1013 4144 1241 4206 quatuor
1271 4150 1429 4190 acras
1458 4142 1615 4189 terra:
1643 4135 1697 4187 in
1729 4149 1796 4189 ea

186 4232 341 4294 parte
370 4225 598 4279 cultura:
628 4224 695 4277 de
727 4224 1136 4289 Werveldiche,
1171 4230 1221 4277 et
1255 4238 1319 4277 ea
1357 4230 1509 4293 parte
1540 4239 1659 4293 quae
1694 4238 1793 4277 ex-

187 4313 427 4366 tenditur
455 4327 650 4366 versus
680 4312 917 4366 Ilalsow.

1892 3171 2155 3226 Ecclesiae
2211 3173 2472 3244 dignitate
2508 3190 2520 3225 :
2556 3174 2699 3242 quod
2763 3181 2816 3226 ut
2865 3180 3178 3242 perpetuam
3227 3172 3501 3229 obtineant

1894 3258 2222 3325 ﬁrmitatem,
2256 3267 2581 3329 praesentem
2613 3261 2860 3315 chartam
2910 3260 3089 3332 sigillo
3136 3268 3323 3316 nostro
3349 3303 3361 3327 ,
3394 3276 3502 3317 una

1892 3362 2016 3402 cum
2049 3348 2228 3418 sigillo
2255 3347 2500 3418 praedicti
2531 3346 2752 3417 capituli
2782 3347 2949 3401 nostri
2966 3347 3217 3402 duximus
3245 3348 3495 3403 munien~

1890 3436 2039 3489 dam.

1964 3523 2058 3577 llis
2090 3523 2339 3586 testibus,
2368 3523 2670 3578 Willielmo
2718 3523 2946 3591 decano,
3006 3523 3215 3578 Joanne
3262 3539 3502 3595 praecen-

1891 3619 2030 3677 tore,
2064 3619 2167 3667 etc.
2201 3614 2355 3681 Data,
2390 3620 2529 3679 etc.,
2583 3612 2638 3666 in
2693 3612 2935 3682 capitulo
2982 3611 3367 3680 Lincolniensi,
3398 3628 3501 3669 xm

1894 3699 2019 3754 Kal.
2062 3700 2203 3765 Maii,
2239 3700 2585 3771 pontificatus
2618 3700 2789 3755 nostri
2819 3715 2961 3755 xvn.

2631 3842 2724 3895 ΙΙΙ.

1898 3962 2107 4018 Charta
2137 3965 2381 4034 Hugonis
2410 3965 2828 4021 Lincolniensis
2877 3964 3123 4034 episcopi
3168 3964 3504 4020 donatorum

1965 4037 2351 4089 concessiones
2376 4036 2721 4091 monasterio
2754 4036 2809 4091 S.
2849 4034 3097 4090 Osivaldi
3123 4034 3188 4089 de
3220 4035 3505 4106 Bardaney

1965 4106 2216 4159 recitans
2246 4110 2303 4160 et
2333 4106 2702 4172 conﬁrmans.

1966 4210 2333 4279 (Monasticon
2362 4210 2590 4279 Anglic.
2632 4217 2762 4264 tom.
2796 4211 2835 4275 I,
2871 4226 2927 4279 p.
2965 4212 3085 4273 850,
3122 4208 3210 4263 ed.
3245 4209 3430 4279 1673.)

1967 4316 2149 4379 Iluco,
2180 4315 2280 4369 Dei
2312 4315 2491 4387 gratia
2521 4315 2914 4369 Lincolniensis
2936 4314 3245 4384 episcopus,
3278 4314 3499 4369 univer-

256 4400 337 4453 Ex
365 4400 508 4454 dono
540 4400 762 4453 Thomas
812 4400 966 4453 Sorel
999 4406 1050 4453 et
1099 4398 1333 4453 Simonis
1380 4397 1476 4451 filii
1507 4398 1619 4466 ejus
1651 4412 1787 4468 qua-
1810 4393 1861 4451 D
1892 4403 1967 4456 sis
2000 4412 2201 4458 sanctae
2227 4404 2411 4457 matris
2434 4388 2700 4457 Ecclesize
2730 4401 2854 4454 filiis
2886 4400 3137 4456 salutem.

181 4494 304 4541 tuor
333 4502 487 4543 acras
518 4486 571 4540 in
606 4487 881 4540 Siresham
908 4505 921 4551 ;
957 4494 1124 4541 totam
1147 4501 1363 4557 quoque
1400 4493 1602 4539 terram
1629 4500 1791 4556 quam

182 4575 369 4629 habuit
419 4575 472 4628 in
522 4574 759 4641 Eswich,
809 4574 944 4628 sicut
994 4575 1194 4629 charta:
1244 4574 1569 4628 donatorum
1615 4573 1791 4627 mani-

181 4662 395 4717 festant.
778 4720 783 4727 η

250 4750 549 4804 Libertates
582 4749 741 4804 etiam
775 4757 827 4803 et
866 4750 1070 4804 liberas
1118 4749 1540 4804 consuetudines
1588 4749 1790 4819 praedi-

181 4837 284 4893 ctis
313 4836 572 4891 fratribus
602 4852 918 4905 concessas,
954 4837 1093 4893 sicut
1115 4837 1169 4890 in
1206 4837 1411 4893 chartis
1440 4845 1789 4907 patronorum

181 4926 522 4981 continentur
588 4941 938 4995 expresse....
1019 4926 1305 4980 statuimus
1347 4932 1400 4980 et
1448 4926 1790 4996 pratcipimus

178 5012 570 5067 inviolabiliter
606 5013 914 5067 observari.
966 5014 1033 5067 Ut
1079 5012 1337 5084 igitur....
1389 5013 1707 5069 donationes
1739 5017 1791 5067 et

178 5100 463 5154 libertates
494 5101 809 5155 memoratis
849 5100 1124 5165 fratribus,
1162 5100 1302 5155 sicut
1333 5102 1532 5155 charta:
1561 5102 1791 5156 donato-

179 5203 300 5241 rum
330 5194 593 5241 testantur
621 5204 1033 5257 praaconcessae,
1083 5197 1242 5257 prout
1294 5187 1679 5242 rationabiliter
1708 5190 1789 5244 eis

180 5283 305 5329 sunt
355 5274 530 5340 factae,
580 5285 853 5345 perpetuae
918 5276 1225 5330 stabilitatis
1274 5276 1550 5331 obtineant
1597 5276 1787 5330 firma-

178 5370 442 5427 mentum,
477 5370 676 5417 nostrm
705 5363 1131 5419 confirmationis
1188 5364 1393 5420 eisdem
1443 5364 1782 5420 duximus...

179 5464 375 5504 arc....
409 5451 607 5505 sidium
638 5459 688 5505 et
719 5453 788 5506 ad
831 5452 1076 5506 notitiam
1109 5459 1446 5521 posterorum
1493 5469 1656 5524 super
1702 5454 1786 5508 his

180 5538 437 5608 praesenti
469 5538 673 5610 scripto
705 5547 757 5596 et
787 5538 952 5610 sigilli
1000 5540 1169 5594 nostri
1209 5540 1542 5611 appositione
1574 5542 1785 5613 episco-

1968 4492 2366 4561 Religiosorum
2396 4491 2635 4545 virorum
2673 4489 2832 4558 justis
2883 4490 3231 4559 petitionibus
3280 4489 3499 4561 episco-

1892 4580 2032 4649 palis
2062 4579 2355 4634 auctoritas
2386 4578 2615 4632 sollicite
2647 4578 2811 4632 debet
2854 4576 3160 4649 suffragari,
3210 4596 3277 4634 ne
3331 4579 3502 4634 bene-

1892 4667 2015 4723 ficia
2072 4667 2151 4722 eis
2200 4666 2457 4722 canonice
2505 4666 2701 4720 collata
2760 4666 3173 4739 malignantium
3235 4666 3504 4737 inquieta-

1892 4756 2130 4811 tionibus
2177 4754 2517 4825 aliquatenus
2579 4755 2979 4824 perturbentur,
3051 4762 3139 4807 aut
3188 4754 3505 4824 importunis

1891 4844 2267 4899 vexationibus
2298 4842 2618 4896 alienantur.
2655 4842 2888 4897 Proinde
2922 4841 3135 4897 dilectis
3155 4839 3281 4894 filiis
3311 4841 3506 4896 nostris

1892 4933 2076 4988 abbati
2123 4940 2175 4987 et
2236 4931 2519 4985 monachis
2586 4930 2655 4984 de
2704 4930 3011 5000 Bardeney,
3069 4929 3124 4983 in
3176 4928 3507 4984 monasterio

1893 5022 1949 5075 S.
1984 5020 2228 5075 Oswaldi
2259 5020 2437 5073 divina
2468 5018 2647 5090 gratia
2694 5017 3061 5090 congregatis,
3114 5032 3305 5070 omnes
3333 5033 3421 5071 res
3452 5025 3506 5071 et

1892 5108 2271 5179 possessiones
2303 5123 2488 5160 eorum
2523 5106 2577 5158 in
2608 5106 2787 5172 terris,
2838 5106 2892 5158 in
2943 5103 3270 5168 hominibus,
3322 5103 3376 5157 in
3406 5120 3502 5160 ec-

1892 5197 2093 5261 clesiis,
2129 5196 2181 5249 in
2213 5195 2437 5249 decimis
2468 5201 2519 5248 et
2549 5194 2605 5246 in
2635 5192 2847 5247 caeteris
2899 5193 3079 5258 rebus,
3123 5208 3244 5263 quae
3271 5192 3323 5245 in
3355 5208 3501 5262 pra:-

1891 5285 2189 5339 sentiarum
2216 5284 2356 5352 juste
2389 5290 2441 5337 et
2472 5280 2732 5337 canonice
2764 5280 3064 5350 possident,
3102 5288 3154 5334 et
3192 5280 3500 5335 authentica

1891 5373 2093 5443 scripta
2122 5373 2343 5437 habent,
2402 5368 2700 5441 episcopali
2743 5369 3066 5425 auctoritate
3114 5366 3497 5424 confirmamus

1889 5471 1940 5516 et
1969 5460 2254 5531 praesentis
2282 5459 2468 5530 scripti
2498 5456 2795 5513 munimine
2844 5458 3185 5513 roboramus.
3220 5455 3494 5525 Quaacun-

1890 5565 1994 5619 que
2015 5566 2150 5621 ergo
2182 5548 2459 5605 Gilbertus
2508 5548 2574 5603 de
2622 5548 2803 5604 Gaunt
2864 5546 3092 5617 primus,
3148 5554 3201 5602 et
3256 5544 3371 5603 Aliz
3425 5546 3493 5602 de
