3960 6062
447 202 582 253 1119

1686 195 1971 254 ORDINIS
2009 191 2497 253 CARTHUSIANI.

3630 202 3770 257 “20

445 319 705 376 Muntfort
722 333 923 391 sponsa
943 319 1059 388 ejus
1081 326 1428 389 reparatores
1457 320 1667 391 praefati
1689 320 1998 377 monasterii
2023 339 2037 386 ;
2070 318 2127 378 A
2147 321 2294 376 dedit
2324 322 2604 378 monachis
2633 323 2688 377 in
2717 322 3013 378 excambio.
3048 323 3105 377 In
3141 323 3448 379 Horkeston
3478 324 3769 380 decimam

450 408 729 464 Walterus
760 408 828 461 de
881 408 1061 462 Gaunt
1108 416 1161 461 et
1189 423 1372 463 comes
1418 408 1695 465 Gilbertus
1737 410 1881 465 ﬁlius
1911 411 2049 479 ejus,

450 513 550 552 nec
581 512 691 551 non
722 503 773 549 et
802 496 1050 550 homines
1091 495 1448 563 feudicorum,
1500 514 1601 568 pro
1644 498 1818 553 salute
1846 498 2055 551 anima-

451 601 574 640 rum
603 599 839 649 suarum,
875 584 1026 638 titulo
1074 583 1401 649 donationis,
1435 585 1489 638 in
1520 586 1883 657 eleemosyna,
1915 602 2056 656 prae-

453 672 599 729 dicto
640 672 970 728 monasterio
1018 672 1381 738 contulerunt,
1433 673 1569 729 sicut
1616 678 1815 729 chartae
1866 689 2053 729 eorum

453 767 741 825 testantur,
774 758 947 815 libera
974 767 1027 813 et
1057 759 1231 814 soluta
1272 762 1341 814 ab
1400 762 1546 815 omni
1594 770 1807 817 terreno
1838 761 2055 817 servitio

453 855 507 903 et
535 848 882 918 praestatione
913 846 967 901 in
996 856 1316 918 perpetuum
1346 848 1462 904 fore
1494 850 1875 916 decrevimus;
1911 850 2056 903 simi-

456 935 579 990 liter
609 951 738 990 vero
771 950 1104 1007 quaecunque
1136 950 1320 991 comes
1347 937 1552 1006 Simon,
1598 938 1688 1010 qui
1728 938 2057 994 comitissam

456 1022 594 1089 Aliz,
619 1022 784 1077 filiam
815 1022 1025 1079 comitis
1044 1023 1294 1090 Gilberti,
1315 1041 1536 1080 uxorem
1554 1026 1798 1093 duxerat,
1813 1041 1934 1081 cum
1950 1026 2058 1080 ha:-

457 1111 685 1166 reditate
713 1112 1228 1182 praenominatorum
1276 1112 1512 1168 virorum
1560 1113 1726 1179 dedit,
1761 1120 1814 1168 et
1855 1112 2059 1169 chartis

455 1200 571 1255 suis
591 1198 948 1255 conﬁrmavit.

532 1288 660 1343 Haec
690 1296 811 1343 sunt
840 1288 1023 1342 omnia
1070 1288 1477 1359 possessionum
1532 1289 1842 1344 collatarum
1877 1304 1889 1343 :
1921 1289 2059 1344 Bar-

461 1378 659 1447 deney,
695 1384 746 1430 et
768 1375 1031 1449 Osgotebi
1049 1393 1169 1431 cum
1193 1377 1530 1446 pertinentiis
1555 1378 1686 1433 suis.
1719 1378 1778 1431 In
1808 1378 2061 1448 Stepings

462 1464 663 1519 habent
692 1463 998 1534 prmscripti
1028 1464 1278 1519 monachi
1310 1474 1536 1535 quatuor
1572 1473 1850 1521 carucatas
1885 1473 2058 1530 terrae,

469 1560 521 1607 et
552 1553 689 1607 duas
717 1551 967 1617 bovatas,
1000 1558 1050 1607 et
1079 1551 1365 1608 ecclesiam
1404 1554 1472 1609 de
1502 1553 1726 1608 Frisebi.
1759 1554 1817 1607 In
1850 1553 2061 1609 Schen-

2152 410 2393 463 dominii.
2429 412 2485 464 ln
2508 411 2686 481 Torpe
2717 419 2879 465 totam
2912 411 3177 466 decimam
3221 412 3472 467 dominii.
3536 414 3606 466 In
3637 413 3771 467 Fol-

2154 498 2413 568 kingbam
2442 499 2731 553 ecclesiam
2763 514 2883 554 cum
2916 500 3074 553 terris
3095 508 3147 554 et
3176 500 3402 554 decimis
3433 501 3580 554 suis.

2224 588 2302 640 Ex
2332 587 2477 641 dono
2507 587 2724 641 Erberti
2754 587 2822 641 de
2852 586 3031 641 Gaunt
3075 588 3361 643 ecclesiam
3406 588 3475 643 de
3509 589 3768 655 Irnham,

2154 690 2277 728 cum
2307 675 2463 728 terris
2493 683 2544 729 et
2572 675 2795 729 decimis
2825 675 2956 729 suis.
3010 676 3065 728 ln
3110 675 3416 730 Afwardebi
3460 676 3609 729 duas
3641 692 3771 746 par-

2156 770 2236 816 tes
2265 762 2492 817 decima:
2521 762 2745 817 domini.
2780 763 2839 815 In
2870 761 3113 833 Wilegbi
3143 762 3276 816 duas
3306 772 3492 833 partes
3520 764 3768 818 domini.

2156 851 2214 903 In
2247 851 2507 905 Staunton
2536 858 2703 905 totam
2733 850 3001 905 decimam
3027 850 3269 905 dominii.
3322 852 3381 904 ln
3428 851 3649 921 Surray
3682 859 3771 905 to-

2156 946 2263 992 tam
2298 946 2499 992 terram
2547 955 2667 1009 quae
2716 937 2813 991 fuit
2858 937 3037 992 Ivonis
3080 936 3173 991 ﬁlii
3224 938 3588 1003 Schardman,
3648 954 3773 994 cum

2159 1034 2369 1081 essarto
2400 1042 2535 1091 suo;
2569 1034 2619 1080 et
2652 1034 2917 1081 essartum
2965 1024 3248 1081 Willielmi
3276 1025 3369 1080 ﬁlii
3416 1027 3670 1083 Haconis
3721 1028 3774 1081 in

2159 1114 2427 1169 territorio
2458 1114 2700 1183 ejusdem
2748 1114 2906 1179 villae,
2942 1121 2995 1168 et
3041 1122 3305 1169 essartum
3351 1114 3631 1169 Willelmi
3680 1115 3775 1168 Bi-

2159 1211 2272 1274 got,
2306 1218 2425 1257 cum
2456 1210 2604 1257 terra
2626 1201 2849 1273 Gippolf
2890 1202 2945 1255 in
2990 1202 3179 1257 eadem
3228 1202 3371 1257 villa.
3421 1203 3483 1257 In
3532 1203 3775 1258 Suttona

2160 1290 2436 1344 dimidiam
2486 1297 2791 1345 carucatam
2839 1297 2995 1344 terrae
3042 1305 3164 1344 cum
3205 1290 3443 1360 pasturis
3491 1298 3546 1344 et
3594 1291 3777 1360 pratis

2162 1378 2551 1447 adjacentibus,
2605 1385 2653 1432 et
2698 1385 2851 1447 prato
2892 1377 2945 1430 in
3002 1377 3272 1432 territorio
3328 1378 3397 1431 de
3445 1378 3661 1432 Hotoft.
3716 1378 3774 1431 In

2163 1465 2410 1533 Serubbi,
2441 1466 2576 1519 duas
2617 1465 2844 1519 bovatas
2892 1472 2945 1519 et
2979 1464 3285 1519 dimidiam.
3353 1466 3413 1518 In
3460 1465 3775 1535 W’detorpe

2162 1570 2321 1607 unam
2348 1554 2603 1608 bovatam
2643 1561 2839 1619 terrm;
2867 1560 2920 1607 et
2946 1553 3135 1607 Thuait
3182 1568 3307 1608 cum
3354 1561 3499 1607 terra
3550 1568 3772 1622 appen-

466 1638 614 1695 delbi
643 1638 925 1695 ecclesiam
960 1640 1015 1694 S.
1048 1640 1209 1703 Petri,
1246 1656 1367 1695 cum
1391 1642 1551 1696 terris
1583 1650 1635 1696 et
1664 1641 1887 1696 decimis
1914 1642 2059 1706 suis;
2088 1661 2145 1725 Β
2166 1642 2345 1709 dente,
2398 1649 2451 1695 et
2498 1640 2870 1695 molendinum
2921 1640 2989 1694 de
3035 1640 3322 1695 Wilierne.
3394 1640 3773 1695 Hertelholme

468 1734 521 1782 et
551 1726 620 1782 ad
651 1734 895 1781 austrum
914 1727 1157 1796 ejusdem
1170 1727 1329 1794 villze,
1355 1730 1620 1800 capellam
1640 1730 1841 1785 Sancti.
1874 1729 2063 1784 Jacobi

468 1829 590 1871 cum
621 1815 854 1887 virgulto
885 1815 1153 1885 proximo,
1186 1824 1238 1871 et
1284 1816 1393 1871 duo
1440 1818 1749 1873 molendina
1780 1818 2020 1885 ejusdem
2047 1836 2061 1882 ;

467 1911 520 1959 et
550 1912 750 1958 terram
783 1902 957 1969 Tholi,
992 1912 1045 1957 et
1075 1904 1352 1981 servitium
1372 1907 1505 1974 ejus,
1531 1915 1583 1959 et
1612 1914 1810 1960 terram
1843 1907 2066 1961 Gunnes

400 2050 405 2053 ,
467 2005 593 2046 cum
625 1990 843 2045 servitio
873 1991 1008 2059 ejus.
1043 1992 1104 2046 In
1134 1992 1397 2064 Partenay
1426 1994 1713 2049 ecclesiam
1762 1994 1817 2048 S.
1857 1992 2069 2048 Nicolai

466 2095 591 2135 cum
620 2078 955 2150 pertinentiis
982 2079 1112 2144 suis,
1148 2089 1199 2134 et
1230 2081 1490 2151 capellam
1511 2082 1565 2136 S.
1593 2082 1772 2135 Maria:
1791 2080 1846 2136 in
1877 2081 2069 2136 eadem

467 2167 613 2233 villa,
649 2175 701 2222 et
730 2167 995 2222 decimam
1040 2167 1333 2223 molendini
1366 2170 1606 2237 ejusdem
1639 2170 1804 2224 villae.
1844 2171 1902 2222 In
1933 2169 2073 2240 BraL-

471 2256 573 2310 toft
602 2254 826 2309 dominii
861 2254 1097 2311 Simonis
1127 2256 1220 2311 ﬁlii
1259 2257 1565 2325 Willielmi,
1600 2266 1765 2312 totam
1797 2258 2070 2312 dicimam.

476 2344 537 2398 In
568 2342 732 2408 Crot‘t,
767 2359 831 2397 ex
852 2343 997 2398 dono
1025 2343 1255 2416 Philippi
1287 2344 1355 2399 de
1378 2346 1552 2410 Kima,
1578 2347 1682 2400 XX
1714 2345 1947 2400 sextaria
1978 2359 2072 2399 sa-

481 2431 551 2486 lis
580 2446 646 2486 ex
677 2430 995 2497 redditibus,
1030 2432 1275 2500 ejusdem
1306 2432 1465 2499 villa),
1490 2435 1566 2488 Ex
1596 2434 1739 2489 dono
1770 2432 1980 2487 Gatteri
2007 2432 2075 2486 de

474 2518 712 2585 Braitol‘t,
748 2520 798 2574 X
828 2534 979 2575 acras
1012 2520 1167 2590 prati,
1215 2522 1268 2574 in
1317 2521 1590 2576 territorio
1619 2523 1687 2577 de
1736 2521 1963 2576 Frisebi.
1996 2521 2076 2574 Ex

475 2607 620 2663 dono
670 2608 919 2662 Herberti
985 2606 1076 2661 ﬁlii
1124 2608 1349 2673 Alardi,
1400 2609 1503 2663 XII
1562 2625 1715 2665 acras
1756 2609 1895 2679 prati
1937 2607 2078 2661 ultra

480 2694 725 2750 Scalslet.
762 2695 841 2749 Ex
875 2695 1018 2751 dono
1049 2696 1313 2767 Radulphi
1346 2695 1440 2750 ﬁlii
1491 2698 1735 2761 Gilberti,
1770 2713 1870 2766 pro
1900 2699 2080 2749 anima

481 2782 729 2854 Hugonis
758 2782 936 2837 fratris
967 2783 1069 2849 sui,
1104 2791 1301 2838 terram
1334 2800 1495 2855 quam
1544 2784 1711 2840 tenuit
1752 2784 1805 2838 in
1850 2783 2078 2849 Frisebi,

482 2878 535 2925 et
560 2885 723 2941 quam
754 2870 946 2925 habuit
970 2871 1022 2924 in
1054 2871 1470 2944 lngaldelmeles
1500 2880 1552 2927 et
1598 2872 1864 2927 Derﬂetes
1911 2871 2078 2938 Croft,

483 2957 768 3014 ecclesiam
798 2958 866 3013 de
896 2959 1175 3032 Stepinge.

555 3047 614 3101 In
645 3046 907 3102 Wainﬂet
926 3063 1087 3102 unam
1111 3048 1359 3104 bovatam
1391 3063 1513 3104 cum
1546 3049 1753 3104 salimis
1781 3047 2086 3120 appenden-

482 3135 648 3190 tibus.
691 3136 751 3189 In
802 3135 1046 3205 Haltano,
1098 3153 1163 3192 ex
1212 3138 1355 3193 dono
1404 3138 1687 3193 Willielmi
1733 3138 1801 3191 de
1852 3138 2088 3191 Rumara

488 3224 728 3295 quinque
756 3222 980 3279 bovatas
1011 3232 1171 3279 terrae
1199 3234 1252 3280 et
1279 3225 1554 3280 dimidiam
1580 3245 1594 3293 ;
1628 3235 1677 3281 et
1696 3225 2083 3290 molendinum,

488 3320 542 3367 et
570 3328 766 3366 nonam
798 3321 1009 3383 partem
1041 3314 1261 3369 alterius
1292 3314 1606 3369 molendini.
1663 3315 1723 3368 In
1754 3313 2087 3384 llagiordin-

496 3401 682 3473 gham,
717 3416 781 3455 ex
810 3400 956 3455 dono
987 3402 1215 3457 Walteri
1238 3403 1305 3457 de
1322 3402 1518 3469 Gaunt,
1545 3420 1638 3465 sex
1660 3403 1887 3457 bovatas
1904 3408 2086 3465 terrai,

490 3496 543 3543 et
573 3487 859 3544 ecclesiam
890 3489 1133 3558 ejusdem
1164 3490 1328 3559 villae,
1377 3498 1430 3545 et
1460 3506 1525 3546 ex
1554 3491 1700 3546 dono
1750 3489 1980 3545 Gilberti
2023 3488 2089 3542 de

492 3576 673 3631 Gaunt
701 3576 919 3631 feudum
950 3578 1155 3647 militis,
1191 3579 1336 3650 quod
1365 3579 1553 3634 habuit
1598 3580 1653 3633 in
1702 3579 1894 3633 eadem
1942 3576 2087 3631 villa.

490 3666 549 3720 In
582 3664 782 3722 Lucebi
813 3666 945 3720 duas
976 3666 1199 3721 bovatas
1230 3676 1388 3723 terrae
1418 3677 1471 3723 et
1515 3667 1799 3723 ecclesiam
1847 3665 2089 3734 ejusdem

492 3753 651 3821 villae,
686 3770 809 3810 cum
838 3754 1175 3825 pertinentiis
1224 3756 1375 3821 suis;
1410 3764 1464 3811 et
1519 3756 1855 3810 mansionem
1904 3768 2087 3817 unam,

491 3850 543 3898 et
568 3842 939 3897 molendinum
967 3858 1132 3897 unum
1163 3843 1219 3898 in
1250 3844 1521 3900 territorio
1554 3843 1796 3911 ejusdem
1828 3841 2007 3905 villae;
2041 3848 2092 3893 et

492 3945 658 3985 unam
724 3930 973 3985 bovatam
1020 3931 1073 3984 in
1113 3932 1388 4000 Wincebi,
1438 3939 1491 3987 et
1537 3929 1884 3986 Tonnecroft.
1935 3930 2093 3981 Juxta

492 4020 677 4087 Lyme.
710 4018 790 4071 Ex
836 4018 979 4072 dono
1023 4019 1293 4089 Ranulphi
1335 4018 1564 4075 comitis.
1618 4018 1839 4073 Cestrize
1886 4016 2092 4070 molen-

492 4105 678 4160 dinum
708 4106 776 4160 de
819 4106 1136 4173 Bradewad,
1185 4114 1237 4161 et
1276 4123 1435 4161 unam
1478 4121 1719 4161 marcam
1767 4103 1980 4176 argenti
2026 4101 2094 4156 de

492 4194 706 4249 redditu
737 4194 1034 4250 molendini
1082 4194 1149 4250 de
1196 4194 1582 4265 Bracebrigge.
1629 4192 1995 4248 Molendinum
2027 4190 2094 4244 de

493 4286 778 4341 Strattone.
838 4284 1186 4355 Edlingtone,
1252 4299 1374 4339 cum
1436 4282 1707 4337 universis
1759 4278 2097 4352 pertinentiis

2106 3011 2156 3073 Ο

2166 1746 2287 1787 cum
2317 1729 2475 1784 terris
2503 1737 2556 1783 et
2576 1728 2899 1791 redditibus,
2926 1726 3227 1783 Ecclesiam
3259 1728 3325 1782 de
3346 1727 3616 1782 Bulthalm
3651 1743 3775 1782 cum

2163 1816 2500 1889 appendiciis
2529 1816 2663 1870 suis.
2696 1817 2754 1869 In
2787 1816 3137 1886 Bracebrige,
3171 1832 3236 1870 ex
3279 1815 3440 1869 domo
3478 1806 3774 1869 “’illielmi

2166 1905 2259 1959 ﬁlii
2288 1904 2520 1958 Walteri
2565 1903 2937 1965 Winterhard,
2974 1919 3135 1956 unam
3184 1902 3432 1957 bovatam
3472 1910 3661 1956 terrae.
3716 1903 3771 1955 In

2166 1993 2505 2064 Edelesberg
2534 1991 2819 2047 ecclesiam
2849 2007 2972 2046 cum
3001 1990 3343 2061 pertinentiis
3375 1990 3507 2043 suis.
3544 1991 3601 2043 In
3634 1990 3773 2044 Hale

2168 2080 2454 2137 ecclesiam
2479 2096 2597 2134 cum
2632 2079 2967 2149 pertinentiis
3002 2079 3132 2132 suis.
3159 2079 3217 2133 In
3248 2078 3555 2150 Hekington
3583 2077 3772 2133 eccle-

2170 2170 2303 2224 siam
2334 2184 2455 2223 cum
2487 2167 2823 2238 pertinentiis
2855 2166 2988 2221 suis.

2243 2256 2635 2312 Pratnominata
2697 2256 2878 2318 itaque
2925 2254 3105 2309 omnia
3166 2270 3285 2325 qum
3331 2253 3773 2323 praedecessores

2174 2344 2343 2400 nostri
2373 2345 2451 2399 eis
2483 2343 2879 2397 rationabiliter
2905 2342 3381 2405 conﬁrmaverunt,
3426 2357 3550 2397 cum
3599 2340 3772 2394 liber-

2176 2434 2369 2487 tatibus
2403 2440 2455 2487 et
2485 2430 2968 2486 consuetudinibus
2997 2437 3051 2484 et
3080 2429 3503 2483 immunitatibus
3532 2429 3668 2493 suis,
3704 2428 3772 2480 si-

2176 2530 2264 2576 cut
2310 2520 2642 2574 munimenta
2712 2535 2901 2573 eorum
2967 2526 3244 2581 testantur,
3299 2517 3400 2571 sub
3438 2517 3773 2587 protectione

2177 2617 2362 2664 nostra
2391 2608 2736 2677 suscipimus,
2773 2606 3047 2660 tuitionem
3096 2605 3517 2661 ecclesiasticam
3566 2604 3776 2674 impen-

2179 2698 2370 2752 dentes
2395 2715 2410 2761 ;
2442 2696 2605 2749 salvis
2634 2696 2687 2749 in
2718 2695 2968 2749 omnibus
2998 2694 3399 2763 episcopalibus
3426 2693 3767 2748 consuetudi-

2180 2786 2358 2849 nibus,
2411 2792 2463 2838 et
2507 2782 2900 2838 Lincolniensis
2949 2782 3213 2837 Ecclesia:
3258 2780 3631 2852 dignitatibus.
3682 2780 3779 2833 llis

2183 2873 2429 2936 testibus,
2466 2873 2708 2926 llomone
2739 2871 2945 2925 decano
2975 2869 3285 2934 Lincolniae,
3336 2868 3602 2923 Willilmo
3650 2867 3777 2920 sub-

2186 2961 2412 3025 decano,
2440 2960 2704 3030 magistro
2736 2958 3032 3029 Stephano,
3067 2965 3171 3012 etc.

2940 3123 3029 3178 IV.

2193 3269 2399 3326 Charta
2443 3265 2899 3334 Conﬁrmationis
2946 3263 3317 3319 donationum
3356 3278 3455 3334 per
3483 3263 3783 3334 Hugonem

2258 3332 2712 3395 Lincolniensem
2768 3337 3088 3405 episcopum
3151 3349 3250 3405 pro
3291 3333 3526 3387 ecclesia
3585 3332 3783 3386 Sancti

2261 3410 2498 3465 Andreae
2530 3408 3011 3477 Northamptonw.

2190 3534 2502 3604 (Monastic.
2536 3532 2722 3601 Angl.,
2747 3538 2784 3583 t.
2819 3529 2859 3595 1,
2893 3544 2947 3599 p.
3001 3530 3123 3592 681,
3155 3526 3283 3583 edit.
3320 3527 3454 3580 1673
3499 3533 3552 3579 et
3602 3524 3784 3589 1682.)

2264 3656 2528 3713 Omnibus
2558 3653 2757 3709 Christi
2788 3652 3038 3707 ﬁdelibus
3084 3650 3154 3705 ad
3196 3664 3336 3721 quos
3381 3664 3623 3719 praesens
3654 3647 3790 3702 scri-

2192 3754 2338 3817 ptum
2386 3742 2716 3815 pervenerit,
2790 3741 2947 3795 Huco
3012 3739 3112 3794 Dei
3178 3738 3351 3811 gratia
3396 3735 3791 3791 Lincolniensis

2193 3834 2480 3905 episcopus
2509 3830 2737 3886 salutem
2765 3828 2821 3883 in
2860 3826 3111 3884 Domino.

2262 3923 2520 3976 Nostrum
2604 3926 2687 3973 est
2736 3916 2897 3985 justis
2944 3914 3290 3986 petitionibus
3342 3911 3695 3983 acquiescere
3739 3918 3794 3965 et

2195 4008 2457 4082 quidquid
2478 4022 2768 4077 possumus
2797 4005 2976 4059 auxilii
3008 4003 3131 4057 ﬁliis
3162 4008 3361 4057 sanctae
3391 3998 3655 4055 Ecclesia
3686 3999 3791 4052 im-

2195 4096 2421 4169 pertiri;
2454 4095 2598 4150 unde
2626 4102 2678 4149 et
2732 4092 2993 4148 fratribus
3021 4090 3222 4145 nostris
3270 4087 3553 4143 monachis
3599 4085 3793 4141 Eccle-

2196 4186 2291 4240 size
2323 4184 2506 4240 Sancti
2536 4182 2765 4237 Andreae
2790 4181 2857 4237 de
2903 4180 3299 4248 Northampton
3347 4173 3569 4247 speciali
3599 4183 3793 4229 aucto-

2197 4275 2350 4345 ritate
2397 4288 2505 4343 qua
2546 4270 2822 4342 fungimur
2878 4267 3279 4332 conﬁrmamus,
3344 4263 3551 4318 scilicet
3613 4261 3784 4316 eccle-

495 4374 625 4428 suis.
662 4374 738 4428 Ex
770 4373 913 4427 dono
929 4346 1141 4427 comitis
1162 4346 1386 4427 Gilberti
1408 4372 1619 4426 tertiam
1650 4346 1860 4441 partem
1890 4370 2089 4423 Baum-
2113 4356 2167 4418 D
2199 4346 2334 4416 siam
2383 4359 2635 4415 Omnium
2688 4357 3009 4411 Sanctorum
3055 4354 3123 4408 de
3168 4351 3642 4441 Nortbamptonat
3671 4364 3795 4441 cum

497 4461 677 4533 burgi,
712 4470 763 4515 et
792 4460 1159 4515 molendinum
1190 4460 1433 4529 ejusdem
1487 4460 1645 4515 villae.
1694 4456 1996 4513 Ecclesiam
2025 4456 2093 4509 de

496 4548 786 4615 Sotteberi,
847 4564 971 4604 cum
1020 4548 1175 4603 terris
1225 4557 1277 4603 et
1338 4548 1566 4604 decimis
1614 4547 1745 4601 suis.
1790 4543 2095 4600 Ecclesiam

496 4639 553 4693 S.
586 4638 772 4692 Hilarii
805 4638 873 4709 de
904 4637 1359 4709 Spridelingtona,
1414 4651 1535 4691 cum
1582 4634 1811 4690 decimis
1855 4632 1985 4687 suis.
2036 4632 2097 4685 In

494 4728 726 4783 Burtona
773 4734 882 4781 tres
930 4733 1209 4781 carucatas
1258 4733 1436 4780 terra.
1490 4725 1549 4778 In
1597 4724 1926 4779 Schamtona
1973 4734 2096 4775 cum

494 4814 655 4870 terris
706 4823 758 4869 et
797 4813 1026 4869 decimis
1073 4814 1205 4869 suis.
1271 4814 1330 4867 In
1378 4811 1741 4884 Edelingtona
1790 4807 2094 4875 ecclesiam,

496 4919 619 4958 cum
652 4903 903 4957 omnibus
933 4901 1274 4974 pertinentiis
1306 4901 1438 4956 suis.

573 4992 653 5046 Ex
685 4992 828 5046 dono
860 4992 1082 5047 Roberti
1112 4990 1424 5045 Marmirem
1458 4989 1747 5059 Buteyake,
1779 5001 1903 5043 cum
1933 4984 2101 5039 omni-

497 5080 596 5133 bus
638 5080 975 5148 pertinentiis
1026 5079 1157 5133 suis.
1210 5079 1269 5131 In
1312 5079 1535 5131 Bartona
1592 5075 1881 5132 ecclesiam
1930 5069 2102 5127 sancti

502 5168 669 5234 Petri,
702 5184 823 5223 cum
857 5168 1063 5237 capella
1106 5166 1343 5221 omnium
1392 5173 1721 5231 sanctorum,
1774 5180 1897 5218 cum
1944 5160 2103 5215 terris

491 5263 544 5311 et
575 5256 805 5310 decimis
854 5257 983 5322 suis,
1039 5264 1092 5311 et
1139 5256 1391 5310 omnibus
1434 5253 1814 5325 pertinentiis;
1850 5260 1901 5304 et
1948 5248 2103 5304 deci-

498 5361 643 5398 mam
678 5344 1118 5400 molendinorum
1164 5344 1409 5411 ejusdem
1468 5342 1627 5397 villas.
1687 5341 1767 5394 Ex
1817 5340 1961 5393 dono
1992 5337 2107 5392 Gil-

502 5433 640 5487 berti
672 5433 884 5487 comitis
915 5449 1076 5487 unam
1111 5434 1359 5487 bovatam
1392 5440 1553 5485 terrm
1601 5445 1700 5499 pro
1750 5428 1931 5482 anima
1980 5427 2109 5480 Seer

503 5522 570 5574 de
604 5523 793 5577 Arccls
830 5541 839 5575 :
867 5532 911 5576 et
937 5522 1005 5576 ad
1030 5530 1267 5575 austrum
1291 5520 1534 5587 ejusdem
1558 5518 1698 5571 villae
1730 5526 1927 5570 terram
1949 5530 2106 5583 quam

2195 4449 2447 4504 omnibus
2511 4444 2849 4517 pertinentiis
2914 4442 3065 4507 suis;
3140 4448 3189 4495 et
3231 4438 3515 4494 ecclesiam
3609 4436 3798 4490 Sancti

2196 4537 2391 4607 {Egidii
2420 4552 2544 4591 cum
2573 4533 2824 4589 omnibus
2854 4528 3193 4602 pertinentiis
3242 4526 3387 4591 suis;
3422 4533 3475 4579 et
3505 4523 3797 4579 ecclesiam

2196 4625 2379 4681 Sancti
2410 4622 2685 4678 Michaelis
2732 4636 2855 4674 cum
2897 4618 3147 4673 omnibus
3192 4612 3533 4686 pertinentiis
3563 4612 3713 4675 suis;
3748 4619 3799 4664 et

2198 4712 2483 4770 ecclesiam
2516 4710 2700 4766 Sancti
2731 4705 3015 4777 Sepulchri
3060 4720 3184 4760 cum
3234 4701 3486 4757 omnibus
3513 4698 3800 4769 pertinen-

2199 4802 2286 4856 tiis
2309 4801 2460 4865 suis;
2493 4806 2544 4853 et
2573 4796 2860 4852 ecclesiam
2893 4794 3105 4848 Sancta}
3150 4791 3336 4845 Mariae
3379 4803 3501 4844 cum
3546 4785 3805 4840 omnibus

2199 4887 2539 4961 pertinentiis
2571 4886 2681 4939 suis
2706 4904 2720 4950 ;
2744 4892 2797 4937 et
2826 4881 3115 4938 ecclesiam
3158 4877 3341 4934 Sancti
3390 4874 3644 4946 Gregorii
3674 4888 3803 4961 cum

2202 4960 2455 5033 Omnibus
2484 4972 2821 5045 pertinentiis
2852 4970 2984 5034 suis,
3018 4976 3072 5023 et
3115 4966 3400 5023 ecclesiam
3433 4962 3617 5017 Sancti
3659 4960 3808 5014 Petri

2205 5082 2328 5122 cum
2358 5064 2609 5119 omnibus
2638 5058 2979 5131 pertinentiis
3008 5056 3140 5119 suis,
3193 5054 3400 5108 scilicet
3446 5066 3569 5105 cum
3618 5048 3806 5103 eccle-

2206 5156 2282 5209 sia
2314 5155 2381 5207 de
2411 5153 2594 5221 Tliorp
2623 5158 2675 5203 et
2705 5146 2911 5217 capella
2942 5146 3010 5199 de
3038 5145 3217 5214 Upton
3247 5157 3370 5195 cum
3400 5138 3653 5194 omnibus
3682 5135 3809 5190 aliis

2206 5240 2543 5314 pertinentiis
2574 5238 2722 5303 suis;
2756 5244 2807 5289 et
2835 5232 3123 5290 ecclesiam
3162 5229 3335 5285 sancti
3378 5224 3649 5314 Edmundi
3668 5238 3810 5314 cum

2208 5312 2460 5386 omnibus
2490 5324 2829 5398 pertinentiis
2859 5322 3005 5387 suis;
3038 5328 3090 5375 et
3139 5316 3427 5373 ecclesiam
3458 5312 3638 5369 Sancti
3667 5312 3812 5365 Bar-

2208 5417 2465 5473 tholomei
2495 5431 2617 5471 cum
2646 5412 2896 5468 omnibus
2926 5406 3265 5480 pertinentiis
3295 5404 3428 5471 suis,
3462 5410 3513 5457 et
3542 5399 3815 5471 capellam

2213 5506 2391 5562 Sancti
2440 5505 2659 5558 Thomm
2709 5516 2828 5557 cum
2880 5497 3128 5552 omnibus
3175 5490 3513 5565 pertinentiis
3564 5488 3724 5542 suis:
3763 5496 3817 5540 et
