3960 6062
182 186 307 243 1121

1623 180 2042 237 DIPLOMATA.

3332 186 3469 241 1122

178 308 467 363 ecclesxam
500 307 568 361 de
598 305 754 376 Byall
785 320 907 361 cum
957 305 1208 360 omnibus
1248 304 1588 374 pertinentiis
1617 305 1768 370 suis;
1800 307 1854 365 Α
1876 314 1985 361 stro
2016 306 2281 362 Samsone
2331 306 2398 360 de
2454 305 2752 375 Bereheby,
2814 305 3073 376 magistro
3133 304 3367 360 Roberto
3397 303 3466 360 de

177 403 229 449 et
257 394 547 449 ecclesiam
602 394 669 447 de
718 394 887 447 Erton
943 409 1063 447 cum
1120 391 1373 447 omnibus
1430 392 1772 463 pertinentiis

184 483 293 535 suis
319 500 333 547 ;
368 491 420 535 et
450 481 736 536 ecclesiam
770 481 836 535 de
865 482 1167 535 Neweuton
1198 497 1318 535 cum
1360 480 1609 535 omnibus
1638 496 1771 550 per-

183 569 418 623 tinentiis
449 569 602 635 suis;
630 577 681 623 et
711 568 1000 623 ecclesiam
1030 568 1099 622 de
1129 568 1311 639 Syvell
1366 583 1488 624 cum
1519 568 1773 622 omnibus

182 656 522 726 pertinentiis
554 657 699 722 suis;
733 665 784 711 et
811 657 1099 712 ecclesiam
1138 656 1207 712 de
1237 656 1437 712 Multon
1470 672 1593 711 cum
1650 672 1773 711 om-

184 745 343 798 nibus
373 745 714 814 pertinentiis
744 744 892 811 suis;
925 754 977 799 et
1016 744 1307 800 ecclesiam
1362 745 1429 800 de
1487 744 1773 799 Braufelde

184 848 308 888 cum
364 833 617 887 omnibus
689 832 1026 903 pertinentiis
1090 832 1222 899 suis;
1264 840 1317 887 et
1373 833 1663 888 ecclesiam
1704 832 1773 887 de

186 922 415 976 Preston
445 936 570 975 cum
600 920 852 975 omnibus
896 920 1235 991 pertinentiis
1290 921 1437 987 suis;
1498 930 1550 975 et
1592 921 1775 976 eccle-

185 1010 317 1063 siam
349 1010 417 1063 de
446 1009 677 1081 Byllyng
722 1023 844 1063 cum
880 1008 1133 1063 omnibus
1162 1007 1503 1079 pertinentiis
1534 1009 1647 1063 suis
1673 1027 1687 1074 ;
1722 1014 1780 1063 et

188 1096 476 1152 ecclesiam
532 1097 600 1151 de
648 1098 877 1150 llawton
951 1112 1075 1151 cum
1132 1096 1383 1151 omnibus
1438 1096 1777 1166 pertinentiis

191 1186 339 1251 suis;
374 1193 425 1239 et
453 1184 745 1239 ecclesiam
774 1184 844 1239 de
878 1185 1131 1239 Nuenton
1160 1200 1281 1240 cum
1314 1185 1565 1239 omnibus
1613 1185 1781 1255 perti-

186 1272 382 1327 nentiis
403 1272 518 1326 suis
542 1280 625 1337 ;et
646 1272 935 1327 ecclesiam
956 1273 1025 1326 de
1049 1273 1499 1344 Hardyngystorn
1524 1288 1644 1327 cum
1664 1287 1780 1328 om-

189 1360 348 1414 nibus
390 1360 729 1430 pertinentiis
764 1360 911 1423 suis;
944 1368 997 1415 et
1024 1358 1311 1415 ecclesiam
1368 1360 1435 1415 de
1457 1360 1780 1432 Stotysbury

189 1464 311 1504 cum
345 1447 595 1504 omnibus
625 1447 966 1519 pertinentiis
982 1448 1131 1513 suis;
1165 1456 1217 1502 et
1246 1448 1533 1503 ecclesiam
1562 1449 1631 1502 de
1660 1447 1782 1503 Sul-

191 1552 357 1607 grave
388 1551 510 1591 cum
533 1536 784 1591 omnibus
806 1536 1144 1606 pertinentiis
1175 1536 1309 1600 suis,
1343 1543 1395 1589 et
1428 1535 1562 1590 duas
1597 1544 1783 1606 partes

1869 394 2110 461 Mellum,
2144 394 2410 466 magistro
2442 393 2682 448 Roberto
2730 393 3035 448 Grosteste.

1879 589 2244 657 Conﬁrmatio
2267 588 2514 659 Hugonis
2546 588 2788 659 episwpi
2822 587 3233 643 Lincolniensis
3269 585 3335 640 de
3363 584 3470 639 Ec-

2307 661 2485 714 clesia
2525 658 2589 712 dc
2624 658 2902 713 li’aldcnc.

1984 766 2245 835 (Monast.
2298 766 2485 834 Angl.,
2521 772 2650 819 tom.
2684 765 2725 829 Ι,
2760 780 2814 833 p.
2860 767 2983 833 819,
3016 762 3145 818 edit.
3180 762 3363 831 1673.)

1949 852 2216 908 Omnibus
2249 853 2446 907 Christi
2494 852 2746 906 ﬁdelibus
2776 851 2848 906 ad
2877 868 3015 923 quos
3069 866 3310 922 praesens
3341 848 3473 905 scri-

1878 949 2027 1012 ptum
2060 941 2390 1011 pervenerit,
2422 942 2579 995 Huco
2611 940 2711 995 Dei
2740 940 2917 1012 gratia
2936 937 3331 995 Lincolniensis
3352 938 3473 1009 epi-

1880 1045 2097 1098 scopus,
2138 1029 2367 1083 salutem
2396 1029 2448 1082 in
2498 1028 2755 1083 Domino.

1950 1116 2172 1171 Noverit
2230 1116 2554 1170 universitas
2612 1123 2791 1171 vestra
2848 1130 2947 1169 nos
3011 1114 3227 1185 pietatis
3284 1112 3475 1168 intuitu

1882 1204 2222 1260 concessisse
2266 1213 2319 1259 et
2374 1204 2629 1274 praesenti
2664 1204 2848 1258 charta
2894 1201 3250 1257 confirmasse
3304 1217 3475 1257 cano-

1882 1292 2021 1348 nicis
2045 1292 2254 1347 ordinis
2285 1292 2353 1347 de
2386 1290 2797 1363 Semplingham
2827 1290 2969 1360 apud
2998 1290 3221 1357 Malton,
3252 1290 3475 1345 domino

1884 1379 2264 1446 servientibus,
2298 1378 2587 1434 ecclesiam
2617 1378 2686 1434 de
2714 1378 3007 1447 Waldene,
3036 1393 3161 1433 cum
3190 1377 3476 1449 pertinen-

1884 1468 1972 1522 tiis
2006 1467 2119 1523 suis
2148 1468 2205 1522 in
2249 1475 2589 1538 perpetuum,
2624 1466 2762 1522 sicut
2792 1465 2870 1521 eis
2927 1465 3323 1521 rationabiliter
3357 1464 3477 1521 col-

1886 1556 1997 1610 lata
2024 1563 2107 1611 est
2156 1572 2221 1610 ex
2250 1556 2396 1610 dono
2427 1554 2660 1611 Walteri
2708 1554 2777 1609 de
2820 1553 3011 1609 Nevile
3066 1561 3121 1608 et
3177 1554 3333 1608 Alani
3360 1556 3477 1625 Ay-

188 1624 417 1715 decimaa
445 1624 607 1715 totius
623 1624 999 1715 decimationis
1028 1622 1251 1715 dominii
1280 1623 1492 1715 comitis
1522 1623 1697 1679 David
1730 1624 1782 1715 in
1813 1655 1866 1715 Β
1888 1660 2062 1710 ταυτῃ,
2095 1643 2338 1712 ejusdem
2371 1643 2619 1699 ecclesia;
2646 1651 2957 1714 patronum,
2990 1640 3154 1698 salvis
3184 1622 3478 1713 episcopa-

190 1712 441 1777 Yordele,
476 1719 529 1766 et
585 1712 638 1766 in
686 1712 937 1778 Bartone,
982 1719 1035 1765 et
1092 1711 1148 1765 in
1201 1711 1604 1784 Dodyngtonne
1633 1720 1686 1766 et
1715 1713 1784 1768 de

1902 1731 2029 1785 ibus
2090 1711 2594 1797 consuetudinibus,
2648 1711 2709 1787 et
2746 1730 3141 1787 Lincolniensis
3213 1711 3478 1787 Ecclesiae

191 1801 559 1871 llaryngwith.
586 1801 653 1854 Et
682 1800 895 1853 tertiam
939 1806 1149 1869 partem
1207 1799 1372 1853 totius
1430 1800 1656 1855 decimas
1686 1800 1785 1855 do-

190 1888 342 1942 minii
372 1887 583 1943 comitis
612 1886 787 1941 David
818 1887 871 1940 iu
902 1887 1285 1959 Fodryngeya.
1324 1888 1392 1941 Et
1420 1888 1634 1942 tertiam
1665 1904 1787 1959 par-

186 1985 297 2031 tem
332 1976 491 2031 totius
520 1975 747 2031 decimae
777 1974 999 2029 dominii
1029 1975 1098 2029 de
1122 1976 1382 2030 Dverton.
1411 1976 1476 2032 Et
1504 1976 1641 2030 duas
1658 1992 1787 2046 par-

191 2073 272 2120 tes
304 2065 466 2119 totius
495 2064 721 2119 decimaa
750 2062 975 2117 dominii
1006 2063 1074 2117 de
1105 2062 1465 2133 Styvede?Et
1486 2064 1677 2135 viginti
1698 2079 1789 2119 so-

190 2153 331 2207 lidos
361 2152 429 2205 de
461 2151 785 2206 molendinis
813 2152 882 2206 de
933 2152 1128 2205 Parton
1158 2151 1229 2206 ad
1259 2151 1439 2206 vinum
1498 2152 1788 2207 emendum

196 2241 265 2295 ad
305 2242 528 2294 missas.
568 2240 636 2294 Et
665 2239 733 2294 de
762 2239 922 2295 horto
969 2239 1179 2294 comitis
1239 2239 1408 2294 David
1464 2239 1518 2293 in
1556 2240 1790 2295 Bertona

196 2338 304 2384 tres
335 2344 572 2382 summas
601 2327 851 2382 frumenti
880 2327 949 2381 ad
980 2326 1189 2381 oblatas
1221 2326 1521 2382 faciendas.
1555 2329 1621 2382 Et
1655 2328 1789 2382 duas

195 2424 381 2487 partes
410 2416 572 2471 totius
589 2416 816 2471 decimae
845 2415 1068 2469 dominii
1096 2416 1163 2470 de
1191 2415 1524 2470 Wllastona.
1557 2416 1625 2469 Et
1654 2415 1790 2470 duas

199 2513 384 2575 partes
414 2504 641 2559 decima:
705 2503 929 2559 dominii
987 2504 1219 2558 Walteri
1252 2504 1346 2556 ﬁlii
1403 2504 1707 2558 Winemeri
1736 2504 1791 2558 in

197 2594 400 2661 Throp.
435 2592 501 2646 Et
522 2592 657 2646 duas
687 2600 871 2662 partes
888 2591 1114 2647 decimae
1137 2590 1372 2645 Dominii
1394 2591 1631 2645 Walteri
1650 2607 1789 2661 prae-

197 2681 327 2736 dicti
357 2680 411 2733 in
455 2680 708 2734 Wuston.
744 2680 810 2733 Et
866 2680 1001 2734 duas
1047 2687 1233 2750 partes
1286 2679 1515 2735 decimae
1568 2679 1791 2733 dominii

196 2767 429 2824 Achardi
462 2767 531 2822 de
562 2767 831 2837 Sproxton
860 2767 915 2821 in
944 2768 1234 2838 Sproxton,
1279 2775 1329 2822 et
1356 2768 1409 2821 in
1442 2767 1705 2838 Wythyn,
1739 2773 1792 2822 et

202 2858 259 2911 in
290 2856 587 2910 Strattona.
620 2856 684 2909 Et
714 2855 851 2909 duas
871 2864 1053 2925 partes
1082 2856 1245 2910 totius
1292 2856 1518 2911 decimae
1566 2854 1791 2910 dominii

201 2944 347 3014 quod
378 2943 475 2998 fuit
505 2942 706 3015 Rogeri
740 2942 833 2997 ﬁlii
864 2946 972 2998 Aze
1000 2943 1052 2997 in
1086 2944 1301 2998 Psham.
1325 2944 1391 2998 Et
1420 2943 1557 2997 duas
1605 2950 1790 3012 partes

199 3004 363 3083 totius
378 3004 620 3082 decima;
634 3027 858 3081 dominii
881 3027 1097 3083 Henrici
1126 3027 1195 3081 de
1224 3027 1484 3097 Cogenho
1514 3026 1566 3080 in
1585 3027 1793 3081 Horro-
1817 3004 1863 3065 Ο

199 3116 414 3172 wedon.
439 3116 509 3169 Et
536 3115 675 3169 duas
705 3124 887 3184 partes
917 3115 1079 3169 totius
1108 3115 1336 3169 decima
1393 3113 1616 3169 dominii
1645 3112 1794 3167 Wil-

200 3204 366 3259 lielmi
418 3201 510 3257 ﬁlii
539 3203 830 3257 Burchardi
860 3202 913 3256 in
936 3203 1113 3257 Flore.
1145 3203 1211 3257 Et
1240 3202 1376 3256 duas
1418 3210 1601 3272 partes
1634 3201 1795 3257 totius

201 3292 431 3347 decimae
469 3290 693 3346 dominii
737 3290 956 3345 Henrici
986 3290 1054 3346 de
1102 3290 1407 3345 Armenteri
1435 3289 1490 3343 in
1512 3291 1710 3356 Stowe,
1745 3297 1796 3344 et

202 3382 257 3435 in
288 3379 694 3450 Ryslyngburg,
729 3394 865 3450 quas
896 3386 1076 3434 tenent
1106 3379 1174 3433 ad
1195 3377 1405 3432 ﬁrmam
1425 3378 1491 3433 de
1513 3378 1796 3433 monachis

208 3467 393 3523 Sancti
417 3467 645 3534 Projecti
677 3468 744 3520 de
778 3467 1132 3521 Vermendes.
1166 3468 1231 3521 Et
1262 3468 1399 3521 duas
1426 3475 1609 3537 partes
1640 3466 1795 3521 deci-

209 3572 310 3610 ma:
340 3555 565 3609 dominii
588 3554 819 3609 Walteri
841 3554 1006 3610 Luvel
1023 3555 1079 3608 in
1098 3555 1496 3627 Lyslynghury.
1517 3556 1584 3609 Et
1612 3554 1793 3610 eccle-

205 3645 342 3697 siam
377 3643 444 3698 de
468 3644 698 3698 Postona
726 3658 849 3697 cum
897 3642 1148 3697 omnibus
1196 3643 1539 3713 pertinentiis
1579 3642 1712 3708 suis,
1745 3650 1798 3697 et

210 3733 265 3786 in
293 3732 484 3787 eadem
514 3731 641 3786 villa
670 3730 805 3785 duas
855 3730 1093 3801 virgatas
1134 3739 1293 3786 terrae
1334 3740 1385 3786 et
1412 3730 1607 3801 viginti
1639 3744 1797 3784 acras

203 3821 272 3874 de
327 3820 553 3883 bruera;
612 3826 665 3873 et
723 3819 855 3873 duas
896 3826 1077 3888 partes
1141 3817 1367 3873 decimae
1424 3817 1648 3872 dominii
1701 3816 1798 3871 Ri-

204 3907 394 3963 chardi
426 3908 493 3961 de
540 3906 811 3977 lleyforde
868 3906 923 3960 in
981 3906 1286 3961 Herleston.
1321 3907 1388 3961 Et
1435 3907 1570 3960 duas
1616 3914 1798 3976 partes

206 3996 366 4051 totius
410 3995 636 4050 decimae
664 3994 889 4050 dominii
932 3994 1167 4049 Andreae
1212 3994 1282 4050 de
1311 3995 1710 4065 Braybroocke.
1733 3995 1801 4049 Et

206 4084 417 4139 tertiam
475 4091 683 4153 partem
740 4082 904 4137 totius
961 4082 1187 4138 decima:
1246 4082 1468 4138 dominii
1524 4081 1800 4138 Richardii

208 4171 373 4227 Foxle
403 4172 458 4225 in
489 4170 644 4226 Forle
666 4190 679 4237 ;
705 4177 758 4226 et
785 4170 920 4225 duas
951 4178 1133 4240 partes
1156 4170 1316 4225 totius
1345 4170 1570 4226 decima;
1597 4169 1801 4225 domini

208 4261 277 4315 de
306 4275 473 4330 parva
530 4260 775 4314 lIoctona
823 4260 979 4328 juxta
1022 4259 1383 4330 Langeporte,
1441 4274 1573 4328 quas
1603 4258 1803 4312 habent

1886 1819 2167 1890 dignitate.
2202 1819 2297 1875 His
2329 1820 2577 1888 testibus,
2623 1827 2728 1876 etc.

1891 2003 2251 2072 Conﬁrmatio
2282 2005 2471 2060 sancti
2493 2005 2746 2076 iIIugonis
2775 2005 3191 2076 Lincolniensis
3234 2005 3478 2076 episcopi

1954 2075 2320 2146 ecclesiarum
2341 2076 2407 2129 de
2444 2075 2787 2146 Thorneberg
2815 2079 2872 2131 et
2892 2074 3166 2146 Dodeford
3185 2074 3476 2132 monachi:

1958 2145 2330 2215 Luffeldensis
2348 2148 2705 2201 monasterii.

1941 2250 2309 2319 (Monasticon
2340 2252 2528 2321 Αηρι.1
2568 2258 2703 2305 tom.
2744 2252 2787 2318 Ι,
2821 2267 2882 2322 ρ.
2922 2253 3045 2317 522,
3078 2251 3207 2306 edit.
3244 2253 3427 2322 1682.)

1960 2338 2223 2393 Omnibus
2252 2338 2449 2393 Christi
2495 2336 2744 2394 ﬁdelibus
2773 2340 2841 2393 ad
2898 2355 3033 2411 quos
3063 2356 3307 2410 praesens
3338 2339 3480 2395 scri-

1888 2434 2039 2497 ptum
2070 2427 2399 2497 pervenerit,
2435 2428 2594 2481 Hueo
2613 2428 2713 2483 Dei
2744 2428 2922 2500 gratia
2942 2428 3338 2484 Lincolniensis
3367 2428 3480 2501 epi—

1891 2531 2090 2586 scopus
2119 2523 2380 2571 aeternam
2409 2515 2465 2569 in
2511 2516 2763 2584 Domino,
2800 2516 3050 2571 salutem.

1960 2604 2028 2658 Ut
2056 2619 2118 2657 ea
2149 2620 2269 2675 qua:
2312 2603 2581 2675 religiosis
2632 2603 2768 2660 locis
2813 2604 2912 2658 Dei
2949 2603 3140 2658 intuitu
3171 2618 3203 2658 a
3232 2604 3484 2661 fidelibus

1890 2690 2084 2745 collata
2104 2699 2247 2757 sunt,
2266 2691 2473 2763 absque
2492 2692 2898 2761 perturbatione
2917 2692 3316 2762 possideantur,
3334 2693 3484 2763 prio-

1893 2793 2011 2831 rum
2044 2776 2272 2833 sollicite
2312 2777 2619 2848 procuravit
2669 2776 2975 2847 prudentia,
3010 2776 3131 2847 ipsa
3159 2776 3239 2832 eis
3267 2777 3484 2849 scriptis

1891 2865 2213 2920 authenticis
2241 2864 2640 2921 conﬁrmando.
2696 2863 2941 2932 Quorum
2972 2879 3071 2920 nos
3126 2865 3360 2937 vestigia
3388 2881 3481 2922 se-

1892 2960 2123 3018 ctantes,
2158 2952 2371 3008 dilectis
2402 2953 2525 3007 ﬁliis
2556 2952 2759 3007 nostris
2788 2952 2842 3005 in
2872 2952 3089 3007 Christo
3117 2953 3397 3008 monachis
3412 2953 3483 3009 de

1894 3038 2100 3095 Luﬂ‘eld
2132 3040 2396 3095 beneﬁcia
2427 3058 2545 3111 qua
2574 3040 2653 3096 eis
2712 3038 2950 3095 ﬁdelium
2995 3040 3221 3095 contulit
3265 3041 3485 3095 donatio

1896 3128 2032 3183 sicut
2055 3128 2188 3198 ipsis
2216 3136 2267 3183 et
2297 3128 2481 3183 domui
2511 3144 2701 3183 eorum
2718 3127 3106 3183 rationabiliter
3120 3127 3320 3184 collata
3336 3137 3480 3196 sunt,

1895 3214 2213 3272 conﬁrmare
2241 3226 2295 3272 et
2319 3217 2375 3271 in
2410 3217 2663 3288 praesenti
2718 3216 2916 3287 scripto
2970 3225 3231 3273 annotare
3260 3216 3485 3288 dignum

1894 3304 2168 3359 duximus.
2205 3305 2285 3359 Ex
2305 3304 2469 3360 domo
2498 3304 2764 3375 Radulphi
2805 3305 2873 3359 de
2903 3304 3161 3377 Caignes,
3194 3304 3487 3361 ecclesiam

1896 3394 2107 3448 Sanctae
2134 3393 2319 3449 Marize
2348 3394 2417 3448 de
2447 3392 2744 3447 Dodeford.
2806 3393 2886 3447 Ex
2922 3392 3068 3448 dono
3099 3394 3360 3449 Hamonis
3389 3393 3486 3448 ﬁlii

1894 3481 2226 3552 Memphilini
2255 3482 2543 3537 ecclesiam
2575 3482 2643 3535 de
2681 3482 3053 3554 Thorneberg.
3085 3482 3164 3537 Ex
3193 3482 3338 3537 dono
3384 3481 3486 3537 Ri-

1896 3569 2085 3625 chardi
2109 3568 2204 3623 ﬁlii
2223 3569 2442 3641 Nigelli,
2474 3569 2815 3625 medietatem
2842 3569 3089 3625 ecclesiae
3128 3571 3339 3625 Sanctae
3368 3571 3487 3624 Ma-

1896 3657 1992 3712 riae
2036 3658 2105 3711 de
2156 3658 2577 3728 Beckhampton.
2634 3659 2762 3713 Haec
2817 3659 3002 3712 omnia
3050 3658 3312 3714 beneﬁcia
3361 3674 3484 3714 cum

1899 3744 2148 3799 omnibus
2181 3744 2251 3798 ad
2280 3761 2340 3799 ea
2368 3745 2781 3815 pertinentibus,
2816 3746 2953 3800 sicut
2982 3746 3037 3798 in
3078 3747 3281 3801 chartis
3310 3748 3486 3803 dona-

1898 3840 2094 3897 torum,
2128 3841 2292 3903 atque
2321 3834 2829 3889 archidiaconorum
2859 3850 2888 3887 a
2912 3834 3111 3904 quibus
3140 3833 3194 3888 in
3226 3834 3358 3906 ipsis
3374 3836 3487 3905 jam

1898 3921 2029 3976 dicti
2056 3920 2308 3976 monachi
2336 3928 2462 3975 sunt
2489 3922 2736 3992 instituti,
2794 3922 3118 3990 continetur,
3152 3923 3231 3978 eis
3287 3939 3489 3980 conce-

1899 4009 2077 4064 dimus
2107 4009 2161 4063 in
2189 4019 2513 4081 perpetuum
2535 4010 2888 4081 possidenda,
2918 4012 3316 4084 praesentisque
3346 4013 3489 4069 scri-

1900 4106 1992 4168 pto
2033 4106 2192 4169 atque
2251 4098 2417 4169 sigilli
2474 4100 2646 4154 nostri
2701 4099 3003 4170 patrocinio
3058 4100 3491 4167 conﬁrmamus;

1902 4185 2069 4240 salvis
2099 4186 2500 4257 episcOpalibus
2529 4187 3010 4241 consuetudinibus
3054 4195 3103 4242 et
3151 4189 3492 4246 Lincolnien-

1902 4273 1976 4327 sis
2006 4272 2269 4328 Ecclesia:
2284 4273 2563 4344 dignitate,
2587 4274 2670 4327 his
2700 4275 2928 4328 testibus
2951 4275 3188 4331 Roberto
3217 4277 3436 4334 abbate.
3467 4302 3489 4327 »

211 4365 274 4402 ex
324 4347 617 4402 donatione
673 4346 954 4401 Godefridi
1004 4347 1072 4401 de
1122 4346 1404 4417 Boloigne.
1464 4345 1533 4399 Et
1581 4354 1636 4399 ut
1682 4345 1787 4400 hinc

1902 4362 2115 4432 Rogero
2136 4361 2204 4415 de
2220 4361 2533 4428 Rolveston,
2553 4362 2813 4432 magistro
2834 4362 3067 4417 Ricardo
3082 4363 3150 4419 de
3168 4364 3491 4435 Swalewoel,

211 4435 395 4490 omnia
443 4434 680 4504 prtefatis
711 4434 991 4489 monachis
1019 4434 1187 4489 sancti
1208 4433 1439 4487 Andreae
1472 4440 1589 4487 rata
1616 4439 1669 4487 et
1689 4432 1787 4487 illi-

1903 4447 2148 4504 Gall'rido
2174 4448 2243 4503 de
2264 4448 2605 4515 Leichelave,
2632 4449 2868 4505 Roberto
2885 4450 2954 4505 de
2982 4449 3223 4520 Capella,
3247 4432 3493 4510 Johanne

210 4524 332 4578 bata
360 4530 737 4593 permaneant,
780 4522 921 4576 sicut
958 4522 1090 4592 ipsis
1116 4522 1261 4590 juste
1319 4528 1371 4576 et
1409 4520 1803 4576 rationabiliter
1902 4536 2112 4592 decano
2140 4536 2211 4593 de
2238 4537 2475 4606 Lieston,
2527 4537 2815 4593 Eustachio
2872 4538 2941 4593 de
2995 4537 3257 4607 wmona’
3291 4549 3343 4596 ει
3372 4542 3494 4598 aliis

211 4611 405 4667 collata
428 4620 569 4677 sunt,
600 4610 882 4680 prazsentis
913 4610 1096 4679 scripti
1152 4617 1205 4664 et
1242 4608 1406 4678 sigilli
1459 4609 1631 4664 nostri
1661 4617 1803 4664 atte-
1904 4624 2105 4679 multis,

210 4700 443 4755 statione
472 4698 887 4763 communimus,
921 4697 1075 4751 salva
1104 4697 1158 4751 in
1188 4698 1438 4751 omnibus
1468 4696 1807 4753 Lincolnien-
2636 4695 2750 4751 VII.

212 4789 290 4843 δίε
338 4787 598 4842 Εεοιθδίδε
644 4785 1253 4875 dignitéf‘é-“Tﬁmibﬁs
1289 4785 1675 4875 hi3:_RObe”°
1705 4786 1805 4875 ἦδ-
1913 4801 2808 4875 ChartallugonisLiacolnie‘nsis
2836 4805 3077 4875 episcopi
3116 4805 3183 4860 de
3202 4806 3502 4875 conﬁrma-

216 4878 340 4929 bate
386 4875 453 4928 de
484 4873 794 4945 Nuttelega,
828 4872 1143 4927 Walkelino
1173 4872 1368 4927 abbate
1398 4873 1466 4927 de
1505 4880 1689 4927 sancto
1717 4874 1808 4927 Ja-
1985 4874 2135 4927 tione
2194 4872 2520 4929 donationis
2583 4872 2797 4945 Rodulﬁ
2839 4872 2905 4930 de
2963 4872 3062 4931 Abi
3090 4876 3162 4931 ad
3216 4872 3499 4935 abbatiam

211 4964 374 5025 cobo,
407 4943 728 5017 Walkelino
754 4961 933 5032 priore
956 4961 1022 5015 de
1057 4960 1257 5025 Londa,
1289 4959 1550 5031 magistro
1572 4960 1787 5016 Robertt

1982 4945 2425 4999 construendam
2444 4943 2591 5014 apud
2626 4944 2964 5015 Grene/eild.

210 5052 283 5105 de
314 5050 576 5121 Harding,
614 5050 875 5121 magistro
914 5049 1127 5120 Rogero
1150 5049 1216 5102 de
1250 5048 1562 5111 Rolveston,
1595 5049 1810 5119 magis-
1985 5048 2297 5117 (Monastic.
2343 5051 2507 5120 Ang.,
2561 5056 2689 5103 tom.
2725 5051 2765 5116 Ι,
2799 5066 2854 5120 p.
2898 5054 3020 5118 881,
3056 5053 3184 5119 edit,
3222 5056 3404 5125 1682.)

213 5150 295 5193 tro
330 5139 547 5193 Simone
570 5138 637 5191 de
668 5138 867 5209 Sywel,
888 5137 1151 5206 magistro
1182 5136 1480 5191 Willielmo
1511 5137 1578 5190 de
1608 5138 1808 5203 Monte,
1988 5135 2251 5191 Omnibus
2272 5138 2469 5191 Christi
2501 5136 2749 5191 ﬁdelibus
2786 5137 2852 5193 ad
2884 5155 3019 5209 quos
3076 5158 3318 5211 praesens
3365 5142 3503 5199 scri-

210 5228 478 5297 magistro
511 5226 780 5281 Richardo
820 5225 886 5279 de
927 5224 1257 5289 Dodel'orde,
1291 5224 1522 5279 Henrico
1552 5222 1663 5278 ﬁlio
1706 5224 1811 5279 Pe-
1914 5232 2065 5293 ptum
2096 5226 2423 5295 pervenerit,
2455 5227 2612 5279 ΗυΘο
2641 5226 2740 5279 Dei
2770 5229 2948 5297 gratia
2976 5229 3368 5287 Lincolniensis
3385 5232 3506 5303 epi-

212 5317 303 5381 tri,
337 5314 601 5385 magistro
636 5313 865 5367 Warino
913 5313 981 5368 de
1010 5312 1295 5377 Bedt'orde,
1330 5312 1550 5367 Simone
1603 5311 1814 5367 decano
1917 5328 2134 5382 scepus,
2169 5313 2399 5367 salutem
2420 5313 2475 5367 in
2504 5313 2755 5369 Domino.

214 5406 285 5459 de
316 5402 719 5473 Witlyngbere,
755 5403 972 5472 Rogero
1002 5401 1211 5457 decano
1241 5400 1309 5456 de
1321 5398 1614 5470 Pateshyll,
1645 5398 1818 5471 magi-
1988 5401 2070 5455 Ne
2098 5401 2419 5457 donationes
2448 5402 2583 5458 locis
2641 5402 2914 5474 religiosis
2966 5423 2998 5463 a
3054 5406 3302 5464 ﬁdelibus
3352 5408 3510 5466 factae
