3960 6062
235 223 374 279 1125

1533 218 1847 275 STATUTA
1902 216 2236 287 ANTIQUA.

3393 222 3530 276 1126

1025 655 1206 710 ACTA
1245 652 1436 709 PRIMI
1474 650 1794 706 CAPITULI
1833 647 2121 703 ORDINIS
2159 648 2731 705 CARTHUSIENSIS.

1468 776 1572 844 (Ex
1599 789 1702 829 ms.
1742 772 1865 828 cod.
1897 771 2094 828 Montis
2127 772 2285 842 Dei.)

307 953 573 1008 Omnibus
612 963 810 1009 sancta:
852 962 903 1008 et
951 953 1229 1010 catholicae
1275 951 1538 1008 Ecclesiae
1577 949 1904 1010 ﬁdelibusA
2007 948 2244 1003 Primum
2277 949 2457 1020 itaque
2486 950 2842 1020 capitulorum
2879 951 3019 1005 hanc
3057 951 3216 1006 habet
3245 951 3530 1007 continen-

236 1043 598 1112 praesentibus
631 1051 682 1096 et
711 1041 903 1097 futuris
932 1051 1118 1097 notum
1151 1042 1215 1095 sit
1256 1041 1402 1112 quod
1435 1039 1836 1094 Carthusiensis

235 1130 496 1200 propositi
525 1130 757 1200 priores,
810 1132 1087 1185 Portarum
1138 1130 1388 1184 videlicet
1417 1128 1739 1196 Bernardus,
1784 1135 1836 1182 et

236 1216 519 1272 Soll'ordus
548 1218 910 1272 Excubiarum
936 1219 1102 1289 prior,
1138 1217 1410 1272 Durbonis
1441 1232 1655 1287 quoque
1686 1215 1836 1286 prior

240 1305 564 1374 Stephanus,
600 1314 760 1376 atque
779 1307 1012 1360 Alveriae
1033 1306 1183 1375 prior
1209 1307 1467 1370 Joannes,
1500 1305 1592 1358 diu
1621 1320 1722 1374 pro
1750 1311 1835 1356 te-

233 1408 367 1446 nore
399 1394 579 1446 stabili
610 1403 661 1447 et
693 1394 946 1448 firmitate
974 1393 1178 1464 praefati
1205 1393 1468 1464 propositi
1499 1409 1530 1446 a
1561 1391 1836 1462 prioribus

235 1489 288 1536 et
317 1481 572 1535 fratribus
602 1483 899 1536 Carthasim
927 1482 1210 1552 petierunt,
1247 1490 1512 1552 quatenus
1560 1480 1612 1532 in
1646 1480 1834 1534 eadem

234 1568 397 1623 domo
428 1569 727 1624 Carthusize
757 1586 1044 1625 commune
1078 1570 1370 1639 capitulum
1413 1569 1492 1622 eis
1522 1568 1709 1622 liceret
1730 1568 1833 1620 ha-

239 1655 384 1721 bere,
437 1657 656 1712 obtentu
722 1658 1077 1712 correctionis
1131 1666 1182 1712 et
1239 1655 1631 1711 emendationis
1677 1654 1836 1709 totius

237 1745 522 1814 propositi.
557 1746 668 1800 Hac
700 1745 864 1815 igitur
893 1761 1120 1815 precum
1157 1745 1428 1810 instantia,
1463 1752 1515 1798 et
1547 1743 1702 1814 quasi
1731 1742 1835 1795 im-

238 1831 564 1900 portunitate
596 1833 829 1898 assidua,
863 1833 1012 1903 prior
1040 1833 1336 1887 Carthusiae
1365 1832 1684 1886 Anthelmus
1714 1847 1837 1886 cum

238 1917 492 1972 fratribus
523 1920 634 1973 suis
664 1920 891 1974 consilio
921 1921 1106 1975 domni
1135 1921 1380 1992 Hugonis
1411 1921 1476 1986 ll,
1511 1918 1836 1974 venerabilis

239 2005 755 2077 Gratianopolitanae
786 2007 1035 2063 ecclesiae
1065 2008 1326 2079 episcopi,
1368 2008 1584 2062 tandem
1614 2023 1839 2062 consen-

245 2103 449 2162 serunt,
497 2097 598 2150 hac
639 2104 822 2150 tamen
877 2096 1207 2163 conditione,
1254 2104 1310 2150 ut
1356 2097 1555 2167 singuli
1595 2096 1835 2166 priorum

240 2184 480 2252 acceptis
501 2184 570 2237 ab
586 2184 1013 2255 archiepiscopis
1034 2192 1086 2239 et
1103 2184 1376 2255 episcOpis
1402 2185 1534 2252 suis,
1562 2192 1614 2238 et
1630 2200 1660 2236 a
1683 2199 1836 2239 com-

237 2271 388 2324 muni
437 2272 672 2341 capitulo
728 2271 953 2327 fratrum
1003 2288 1222 2328 suorum
1268 2272 1482 2338 litteris,
1534 2272 1587 2326 in
1637 2272 1833 2342 quibus
1863 2297 1914 2356 B

237 2360 478 2428 generali
509 2360 747 2429 capitulo
776 2361 1017 2414 omnium
1046 2377 1164 2431 qua:
1213 2360 1533 2431 corrigenda
1563 2368 1615 2414 et
1643 2376 1834 2414 emen-

239 2447 417 2501 danda
445 2457 624 2502 essent
651 2449 704 2502 in
737 2449 854 2519 ipso
886 2449 1162 2519 proposito
1205 2457 1439 2518 potestas
1484 2449 1702 2503 daretur
1739 2465 1838 2519 per

197 2550 431 2589 .omnes
479 2535 690 2605 domos,
761 2537 1070 2591 annotando
1118 2536 1263 2591 diem
1308 2553 1416 2608 quo
1467 2537 1835 2592 abnvenirent.

238 2626 476 2693 Accepto
506 2623 668 2695 igitur
700 2641 822 2678 cum
872 2624 1167 2696 gratiarum
1215 2625 1426 2680 actione
1476 2634 1586 2678 tam
1617 2625 1837 2679 deside-

239 2711 393 2764 rabili
423 2727 714 2778 consensu,
748 2721 799 2767 et
827 2712 1022 2767 litteris
1052 2713 1370 2783 impetratis,
1423 2713 1510 2767 die
1559 2713 1648 2783 qui
1698 2729 1838 2783 prae-

241 2807 458 2854 notatus
489 2799 680 2867 fuerat,
713 2809 1080 2856 convenerunt
1115 2817 1126 2854 :
1170 2811 1221 2856 et
1251 2802 1508 2872 quoniam
1552 2802 1622 2856 ab
1651 2800 1837 2856 archi-

240 2888 512 2958 episcOpis
545 2897 597 2943 et
626 2889 897 2960 episcOpis
928 2897 979 2944 et
1010 2890 1079 2943 ab
1100 2889 1234 2960 ipsis
1255 2890 1500 2960 capitulis
1529 2889 1839 2944 consimiles

241 2976 381 3031 datae
413 2986 536 3030 sunt
567 2977 781 3046 litterae,
817 2977 1017 3048 placuit
1044 2993 1180 3032 unas
1203 2979 1581 3049 episcoporum
1626 2985 1678 3032 et
1705 2994 1839 3032 unas

245 3064 603 3134 capitulorum
635 3065 936 3120 inscribere
965 3065 1174 3120 litteras
1201 3066 1255 3119 in
1287 3067 1427 3120 hunc
1463 3065 1682 3120 modum
1718 3080 1729 3118 :

316 3177 336 3200 ιι
375 3152 536 3208 Falco
599 3153 977 3226 Lugdunensis
1041 3153 1302 3209 Ecclesia:
1359 3154 1603 3208 minister
1645 3154 1841 3208 dilecto

239 3240 394 3295 fratri
425 3242 712 3297 Anthelmo
744 3243 1038 3297 Carthusiaa
1066 3243 1255 3312 priori,
1296 3243 1610 3314 cunctisque
1640 3242 1840 3313 priori-

240 3329 343 3383 bus
372 3331 472 3383 sub
504 3330 874 3384 Carthusiensi
899 3331 1090 3385 ordine
1123 3332 1238 3385 Deo
1260 3330 1636 3397 militantibus,
1669 3338 1722 3385 et
1751 3331 1841 3402 qui

235 3431 358 3472 cum
389 3433 453 3472 eo
485 3427 608 3472 sunt
639 3418 898 3472 fratribus
920 3419 1252 3489 paupertatis
1265 3419 1547 3489 praemium
1571 3436 1602 3474 a
1622 3419 1842 3475 domino

243 3505 503 3560 obtinere.
539 3508 770 3560 Domum
797 3508 1077 3561 Portarum
1108 3515 1160 3561 et
1191 3507 1410 3562 domum
1457 3509 1712 3576 Majorevi
1742 3525 1842 3564 ve-

242 3601 371 3649 strae
402 3594 682 3665 religionis
713 3596 936 3649 wmulas
966 3611 1063 3666 pro
1095 3603 1220 3650 voto
1250 3603 1302 3651 et
1344 3596 1599 3667 petitione
1648 3612 1746 3651 sua
1775 3597 1842 3651 ad

244 3689 490 3737 tenorem
520 3691 571 3735 et
603 3681 1064 3738 confirmationem
1087 3683 1294 3739 ordinis
1316 3684 1500 3750 vestri,
1529 3684 1664 3739 sicut
1694 3701 1841 3739 com-

243 3770 392 3823 muni
443 3770 670 3826 consilio
729 3771 947 3842 capituli
989 3772 1267 3827 decretum
1316 3771 1494 3839 fuerit,
1546 3772 1841 3843 episc0pali

241 3859 556 3913 auctoritate
608 3860 957 3916 concedimus
1002 3867 1055 3916 et
1095 3860 1362 3915 tradimus
1414 3860 1468 3914 in
1515 3868 1840 3931 perpetuum

242 3945 619 4017 corrigendas.
657 3970 678 3998 ι

320 4056 341 4085 ι
379 4035 626 4089 Patribus
657 4044 709 4091 et
739 4035 973 4091 dominis
1009 4035 1476 4092 reverendissimis
1507 4043 1559 4091 et
1588 4037 1686 4092 Dei
1710 4053 1838 4108 gra-

241 4122 315 4177 tia
345 4122 638 4178 Carthusize
664 4124 830 4194 priori
862 4132 914 4179 et
936 4125 1027 4194 qui
1058 4124 1158 4178 sub
1188 4125 1304 4193 ejus
1334 4125 1596 4198 regimine
1628 4126 1838 4181 Christo

238 4211 469 4265 militant
499 4211 776 4276 fratribus,
809 4213 1092 4267 Portarum
1121 4213 1320 4267 fratres
1367 4214 1608 4269 universi
1649 4229 1837 4284 pacem

244 4307 295 4354 et
326 4299 548 4354 salutem
581 4308 835 4355 aeternam
864 4315 896 4354 a
926 4301 1175 4356 Domino.
1204 4300 1363 4368 Quod
1394 4301 1611 4356 tandem
1641 4317 1836 4358 assen-

243 4402 365 4440 sum
397 4387 725 4456 pra‘buistis,
761 4396 816 4442 ut
845 4388 915 4442 ad
944 4389 1165 4443 domum
1196 4396 1453 4455 vestram,
1504 4406 1624 4460 quas
1671 4391 1838 4445 nostri

244 4475 508 4544 propositi
539 4484 712 4529 mater
741 4484 839 4541 est,
873 4485 1072 4532 nostra:
1101 4485 1154 4531 et
1195 4484 1511 4531 ceterarum
1554 4477 1836 4532 domorum

241 4561 452 4632 priores
490 4571 792 4633 Opportuno
838 4564 976 4620 sicut
1049 4573 1304 4619 statutum
1366 4565 1544 4630 fuerit,
1591 4573 1836 4637 tempore

242 4647 587 4711 conveniant,
619 4656 670 4700 ut
702 4648 768 4700 de
800 4648 882 4700 his
914 4664 1034 4719 quae
1084 4649 1344 4703 unitatem
1375 4664 1438 4703 ac
1488 4649 1835 4705 stabilitatem

243 4734 359 4789 sive
391 4733 690 4788 firmitatem
723 4735 929 4788 ordinis
961 4736 1127 4789 nostri
1175 4736 1391 4790 valeant
1421 4737 1836 4808 diligentissime

241 4831 489 4888 tractare,
525 4838 633 4876 non
673 4823 847 4877 solum
897 4825 1246 4879 concedimus
1292 4833 1345 4878 et
1389 4825 1692 4891 laudamus,
1739 4828 1835 4882 sed

243 4911 402 4966 etiam
436 4926 558 4965 cum
597 4910 889 4982 gratiarum
920 4912 1128 4966 actione
1160 4929 1520 4983 suscepimus.
1573 4915 1632 4968 In
1661 4916 1834 4970 omni-

241 4999 346 5053 bus
367 4999 529 5069 igitur
559 5016 678 5069 qua:
706 5000 776 5052 ad
806 5007 1050 5053 tenorem
1081 5001 1283 5054 ordinis
1331 5003 1503 5056 nostri
1550 5011 1603 5056 et
1632 5004 1833 5058 contir-
1855 4988 1907 5048 D

243 5087 536 5143 mationcm
569 5087 857 5157 pertinent,
891 5088 1030 5142 sicut
1078 5089 1398 5144 universalis
1446 5091 1662 5160 capituli
1693 5108 1840 5146 com-

239 5175 391 5232 muni
422 5175 645 5231 consilio
675 5176 949 5230 decretum
983 5175 1162 5242 fuerit,
1215 5178 1561 5232 concedimus
1593 5187 1646 5233 et
1675 5181 1841 5234 tradi-

240 5280 364 5319 mus
396 5265 551 5318 vobis
582 5272 633 5319 et
662 5265 1074 5319 successoribus
1103 5267 1298 5319 vestris
1338 5267 1559 5320 domum
1601 5277 1840 5323 nostram

239 5352 294 5406 in
327 5361 648 5422 perpetuum
678 5353 1111 5408 conservandam
1143 5362 1302 5425 atque
1334 5354 1736 5425 corrigendam.
1768 5382 1788 5404 η

315 5441 484 5508 Hujus
513 5440 694 5512 itaque
722 5441 1044 5497 universalis
1074 5441 1292 5512 capituli
1339 5441 1556 5498 decreta
1599 5459 1696 5513 per
1725 5445 1839 5500 sin-

243 5527 404 5599 gulas
433 5529 794 5600 capitulorum
823 5529 1199 5587 distinctiones
1220 5530 1416 5601 placuit
1448 5531 1712 5588 adnotari.

1935 1038 2087 1103 tiam,
2119 1046 2175 1091 ut
2205 1038 2445 1092 divinum
2470 1039 2735 1094 Ecclesia:
2765 1039 3001 1095 officium
3033 1056 3256 1110 prorsus
3285 1057 3385 1112 per
3415 1057 3529 1097 om-

1937 1141 2034 1179 nes
2063 1125 2254 1180 domos
2284 1141 2392 1180 uno
2423 1127 2529 1180 ritu
2560 1127 2880 1193 celebretur,
2913 1135 2962 1182 et
3003 1143 3194 1183 omnes
3241 1138 3535 1184 consuetu-

1936 1213 2090 1268 dines
2112 1214 2526 1269 Carthusienses
2547 1215 2762 1281 domus,
2787 1233 2907 1287 quae
2928 1217 2993 1270 ad
3017 1217 3190 1287 ipsam
3212 1217 3537 1289 religionem

1936 1301 2225 1371 pertinent,
2260 1303 2516 1356 unimode
2547 1303 2863 1358 habeantur.

2008 1389 2316 1444 Secundum
2349 1398 2527 1444 autem
2557 1391 2846 1461 capitulum
2867 1391 2935 1446 de
2965 1392 3231 1458 prioribus
3262 1393 3538 1449 decretum

1937 1485 2038 1541 est,
2072 1485 2126 1530 ut
2161 1477 2205 1530 si
2236 1477 2357 1547 quis
2388 1478 2648 1547 priorum,
2682 1479 2826 1550 quod
2870 1479 3043 1534 absit!
3081 1489 3272 1536 contra
3319 1482 3538 1554 religio-

1935 1581 2060 1619 nem
2091 1573 2142 1619 et
2171 1566 2504 1635 propositum
2541 1567 2731 1638 egerit,
2767 1568 2954 1633 semel,
2990 1567 3073 1622 bis
3105 1577 3156 1622 et
3187 1577 3268 1623 ter
3297 1587 3326 1624 a
3360 1570 3539 1625 fratri-

1937 1653 2034 1706 bus
2063 1652 2315 1722 privatim
2345 1661 2398 1706 et
2425 1653 2478 1706 in
2510 1653 2746 1724 capitulo
2777 1670 2876 1708 suo
2909 1655 3236 1721 admonitus,
3273 1657 3318 1710 si
3349 1657 3534 1712 incor-

1937 1749 2116 1794 rectus
2179 1742 2562 1810 permanserit,
2613 1742 2760 1811 prior
2808 1743 3110 1798 Carthusiae
3152 1760 3216 1799 ex
3265 1745 3539 1800 communi

1937 1828 2169 1883 concilio
2199 1828 2474 1899 generalis
2505 1829 2744 1900 capituli,
2778 1839 2870 1884 aut
2901 1847 3043 1899 eum,
3081 1832 3125 1886 si
3175 1831 3292 1887 fieri
3338 1841 3537 1903 potest,

1937 1916 2230 1988 corrigere,
2301 1925 2391 1971 aut
2446 1933 2543 1987 pro
2593 1918 2947 1990 incorrigibili
2994 1919 3161 1973 alium
3212 1921 3538 1977 substituere

1937 2004 2136 2058 habeat
2165 2012 2507 2074 potestatem.
2550 2006 2665 2060 Hoc
2712 2005 2858 2060 idem
2905 2006 2973 2061 de
3013 2007 3192 2077 priore
3240 2008 3539 2065 Carthusia:

1937 2099 1991 2146 et
2035 2092 2413 2147 emendatione
2461 2093 2631 2163 ipsius
2691 2093 2885 2148 domus
2953 2103 3209 2149 statutum
3258 2105 3361 2151 est.
3417 2099 3539 2169 Ipse

1935 2195 2066 2235 vero
2098 2179 2436 2251 supradictus
2465 2180 2849 2253 incorrigibilis
2892 2183 3193 2253 depositus,
3225 2193 3414 2254 postea
3444 2187 3532 2242 vel

1936 2267 1991 2321 in
2021 2267 2212 2322 eadem
2245 2268 2429 2337 domo,
2463 2268 2507 2322 si
2553 2275 2733 2324 tamen
2780 2284 2902 2324 cum
2951 2286 3086 2340 pace
3131 2272 3324 2326 domus
3370 2273 3539 2344 ipsius

1938 2354 2056 2411 fieri
2086 2356 2277 2426 possit,
2311 2364 2647 2427 permaneat,
2682 2355 2766 2411 vel
2795 2357 2862 2412 ad
2883 2357 3042 2412 aliam
3078 2359 3248 2430 ipsius
3275 2362 3541 2432 propositi

1940 2443 2181 2510 domum,
2215 2443 2268 2497 in
2302 2460 2408 2515 qua
2432 2445 2616 2513 jussus
2665 2443 2842 2514 fuerit,
2874 2446 3106 2501 transire
3149 2463 3257 2503 non
3305 2448 3538 2505 differat.

1940 2531 2093 2587 Prior
2123 2540 2303 2586 autern
2338 2532 2428 2602 qui
2461 2532 2871 2587 substituendus
2919 2535 2974 2588 in
3017 2535 3104 2589 illa
3145 2536 3308 2592 domo
3355 2537 3536 2608 fuerit,

1941 2620 2236 2674 secundum
2303 2621 2651 2690 prazscriptas
2730 2622 3092 2677 institutiones
3157 2624 3225 2680 de
3287 2625 3541 2681 fratribus

1941 2708 2184 2776 ejusdem
2215 2708 2429 2773 domus,
2463 2708 2509 2761 si
2537 2716 2722 2763 tamen
2751 2710 3142 2766 rationabiliter
3191 2711 3306 2769 fieri
3348 2715 3538 2786 possit,

1941 2804 2265 2850 assumatur.
2302 2795 2396 2850 Sin
2427 2804 2627 2863 autem,
2666 2796 2816 2864 juxta
2861 2799 3355 2856 considerationem
3385 2818 3539 2858 com-

1940 2884 2119 2937 munis
2149 2883 2368 2954 capituli
2399 2884 2466 2939 de
2496 2884 2678 2955 aliqua
2723 2885 2952 2940 aliarum
2982 2887 3283 2956 domorum,
3317 2901 3541 2963 excepta

1942 2972 2315 3026 Carthusiensi
2343 2972 2526 3038 domo,
2558 2973 2708 3042 prior
2746 2973 3008 3028 desolatis
3064 2975 3318 3032 fratribus
3361 2980 3537 3035 detur.

1941 3059 2001 3113 Id
2033 3075 2248 3130 quoque
2279 3059 2346 3114 de
2378 3060 2639 3115 electione
2669 3061 2868 3130 prioris
2898 3070 3022 3132 post
3085 3064 3290 3120 obitum
3323 3066 3407 3121 sui
3436 3082 3539 3122 an-

1940 3147 2228 3203 tecesseris
2260 3146 2379 3202 fieri
2407 3148 2683 3204 decretum
2714 3155 2816 3203 est.

2012 3235 2256 3291 Tertium
2304 3252 2519 3308 quoque
2567 3237 2853 3307 capitulum
2903 3239 3163 3309 continet,
3211 3250 3269 3297 ut
3298 3243 3342 3297 si
3389 3244 3538 3316 prior

1943 3323 2028 3379 vel
2058 3323 2251 3378 fratres
2277 3325 2562 3392 cujuslibet
2591 3325 2784 3380 domus
2815 3327 2974 3394 hujus
3010 3330 3289 3399 prepositi,
3322 3333 3540 3404 propria

1943 3411 2220 3467 voluntate
2268 3428 2364 3466 sua
2413 3413 2636 3467 domum
2685 3414 2858 3484 ipsam
2902 3415 2970 3469 ad
3008 3417 3229 3472 alterius
3276 3422 3540 3491 propositi

1944 3499 2289 3571 religionem,
2315 3501 2462 3571 quod
2484 3500 2626 3554 absit
2653 3499 2663 3554 l
2691 3501 3282 3572 transferrevoluerint,
3304 3508 3382 3562 eis
3405 3509 3541 3565 sicut

1939 3587 2063 3655 jure
2092 3596 2357 3659 perpetuo
2381 3588 2506 3644 huic
2527 3589 2806 3660 proposito
2827 3591 3210 3648 confmderatis
3236 3594 3541 3653 nullatenus

1942 3675 2118 3731 liceat.
3471 3679 3474 3681 ’

2013 3763 2278 3830 Quartum
2309 3763 2536 3835 proinde
2568 3765 2858 3837 capitulum
2890 3775 2971 3823 est
3000 3776 3279 3838 statutum,
3309 3780 3366 3828 ut
3395 3773 3545 3832 nulla

1941 3852 2134 3908 domus
2165 3869 2304 3908 nova
2335 3854 2493 3922 hujus
2523 3850 2809 3925 p‘ropositi,
2843 3855 2961 3911 sine
2982 3872 3208 3914 assensu
3239 3863 3541 3919 communis

1940 3940 2157 4012 capituli
2231 3949 2559 4008 exstruatur,
2634 3950 2686 3998 et
2743 3944 3107 4003 institutiones
3165 3949 3284 4004 dari
3316 3966 3349 4005 a
3393 3951 3540 4008 nullo

1937 4030 2181 4100 priorum
2211 4038 2599 4100 praesumatur.

2009 4118 2071 4172 In
2101 4117 2288 4188 quinto
2317 4127 2496 4176 autem
2527 4119 2765 4190 capitulo
2807 4122 3132 4192 continetur,
3184 4128 3329 4198 quod
3360 4129 3405 4184 si
3434 4131 3538 4188 do-

1937 4206 2050 4259 mui
2080 4207 2398 4276 Carthusize,
2448 4225 2568 4279 quae
2618 4208 2846 4263 aliarum
2888 4219 3064 4268 mater
3110 4222 3192 4268 est
3239 4225 3290 4270 et
3335 4219 3533 4287 nutrix,

1937 4293 2054 4348 haec
2080 4294 2375 4348 necessitas
2405 4295 2690 4368 ingruerit,
2727 4304 2783 4350 ut
2812 4297 2880 4351 de
2908 4298 3011 4353 alia
3057 4300 3233 4374 aliqua
3281 4321 3439 4377 quam
3472 4309 3541 4365 de

1939 4403 2032 4441 sua
2063 4387 2226 4442 domo
2268 4389 2371 4444 sibi
2417 4389 2658 4459 priorem
2705 4392 2955 4462 asciscat,
3003 4397 3299 4466 quamlibet
3344 4417 3538 4472 perso-

1937 4490 2084 4544 nam,
2117 4477 2357 4547 exceptis
2387 4477 2668 4533 domorum
2700 4481 2990 4550 prioribus,
3041 4484 3108 4540 de
3156 4486 3318 4545 domo
3363 4492 3538 4563 quali-

1938 4563 2027 4620 bet
2055 4565 2212 4632 hujus
2239 4565 2502 4636 propositi
2532 4567 2633 4621 sibi
2661 4577 2919 4624 assumat.

2011 4653 2232 4707 Sextum
2276 4653 2473 4709 deinde
2542 4655 2835 4725 capitulum
2884 4659 3106 4728 hujusce
3153 4665 3538 4722 continentiam

1937 4741 2119 4809 habet,
2153 4748 2210 4794 ut
2237 4741 2282 4794 si
2314 4741 2474 4795 alicui
2504 4742 2789 4798 domorum
2812 4746 2922 4813 jam
2955 4764 3100 4818 saepe
3120 4749 3248 4805 dicti
3279 4755 3540 4824 propositi

1939 4843 2104 4884 causa
2133 4829 2498 4884 intercesserit
2529 4830 2595 4885 de
2643 4848 2746 4901 qua
2796 4834 2866 4887 ad
2907 4850 3148 4904 praesens
3178 4846 3406 4895 tractare
3437 4859 3539 4898 ne-
3613 4865 3616 4868 ·

1938 4917 2240 4972 cessarium
2268 4917 2354 4981 sit,
2389 4917 2540 4986 prior
2569 4919 2869 4975 Carthusize
2920 4923 3097 4977 statim
3146 4927 3215 4980 ad
3263 4929 3538 4998 praefatam

1943 5020 2164 5060 causam
2195 5005 2547 5072 tractandam,
2581 5013 2658 5060 tot
2685 5007 2750 5062 ad
2802 5025 2860 5062 se
2904 5022 3167 5068 convocet
3209 5017 3444 5087 priores,
3494 5020 3540 5075 si

1942 5109 2039 5163 per
2067 5110 2126 5147 se
2156 5093 2338 5148 facere
2366 5109 2476 5148 non
2503 5094 2718 5164 poterit,
2754 5105 2884 5166 quot
2914 5098 2984 5152 ad
3009 5115 3130 5155 eam
3175 5103 3538 5162 definiendam

1942 5181 2043 5234 sibi
2075 5181 2401 5236 sufficientes
2429 5199 2551 5237 esse
2580 5183 2886 5240 videantur.
2912 5187 3114 5242 Horum
3135 5200 3314 5248 autem
3345 5194 3538 5251 defini-

1941 5269 2015 5323 tio
2045 5270 2185 5323 haud
2219 5286 2374 5325 secus
2423 5286 2584 5341 quam
2635 5271 2960 5329 universalis
3005 5277 3222 5348 capituli
3270 5290 3386 5338 rata
3434 5285 3538 5340 ha-

1943 5356 2153 5412 beatur.

2013 5444 2311 5516 Septimum
2341 5445 2562 5502 demum
2603 5447 2898 5521 capitulum
2942 5453 3011 5510 de
3053 5453 3138 5510 his
3185 5457 3436 5528 habetur,
3484 5470 3542 5518 ut

1940 5548 2116 5605 neque
2145 5533 2316 5606 priori
2344 5535 2676 5606 Carthasim,
2727 5553 2906 5614 neque
2952 5544 3162 5604 cateris
3209 5547 3541 5620 quibuslibet
