3960 6062
491 233 622 287 1127
1705 235 1992 291 ORDINIS
2043 237 2508 297 CARTHUSIANI
2522 284 2534 296 .
3647 256 3773 307 1128

482 355 754 445 prioribus
783 354 867 407 his
897 352 1149 445 omnibus
1180 371 1301 445 quae
1330 355 1415 445 vel
1446 356 1791 445 adgrdivinum
1822 358 2075 429 officium,
2098 363 2154 421 A
2182 363 2451 431 diderunt,
2484 380 2536 420 et
2564 367 2725 436 hujus
2757 377 2961 425 sanctae
2999 370 3320 426 obedientiae
3362 374 3559 445 jugum
3591 388 3772 438 suave,

482 444 569 499 vel
599 444 667 498 ad
696 451 920 496 cateras
950 441 1214 512 quaslibet
1258 443 1415 510 hujus
1461 444 1739 516 religionis
1783 447 2077 503 institutio-
2178 460 2231 506 et
2276 468 2413 507 onus
2460 455 2579 509 leve
2628 455 3033 528 infatigabiliter
3099 467 3260 530 atque
3305 441 3681 516 indeiicienter
3720 478 3773 517 se

482 549 580 621 nes
607 532 902 621 pertinent,
914 531 1055 621 eine
1079 531 1351 621 communi
1373 532 1600 621 consilio
1630 535 1899 605 generalis
1930 537 2077 607 capi-
2176 539 2317 594 ferre
2347 541 2579 611 professi
2600 545 2821 598 sunthis
2852 546 3034 600 verbis
3069 564 3081 599 :
3114 549 3224 616 Ego
3243 550 3430 618 frater
3453 548 3772 621 Stephanus

480 620 575 675 tuli
605 620 825 709 demere
855 618 1079 709 aliquid,
1110 618 1201 709 vel
1216 618 1413 709 addere
1433 618 1635 675 licitum
1660 622 1746 675 sit.
1779 623 2075 679 Commune
2172 629 2330 699 prior
2362 631 2621 700 Majorem‘
2635 636 2906 705 promitto
2919 635 3291 691 obedientiam
3312 618 3603 693 communi
3623 641 3771 709 capi-

479 716 679 775 autem,
714 707 828 762 sive
856 706 1157 761 universale
1199 707 1489 777 capitulum
1531 724 1792 764 vocamus
1837 727 1933 767 eos
1983 713 2076 783 qui
2176 719 2321 773 tulo.

475 795 754 852 convocati
782 802 1166 901 θίξηνθηθηξηίς
1216 796 1284 850 Ut
1314 795 1642 901 ξείξυτἭξθ
1686 798 1871 895 ξπηηίδ
1914 799 2073 855 ίηδίί⁹
2244 824 2447 879 Aderat
2497 833 2676 881 autem
2744 844 3007 897 presens,
3059 829 3203 900 quod
3249 831 3767 901 praetermittendum

475 892 757 990 ξυιέιᾏᾳξιδξ
771 884 841 938 ad
863 883 1233 990 sanctze‘hujus
1255 883 1537 982 religionis
1557 884 1883 954 firmitatem,
1908 896 2072 960 atque
2170 927 2277 967 non
2310 913 2655 979 arbitramur,
2691 883 3014 971 vénembilié
3055 883 3169 985 j‘am
3214 883 3766 990 ρξωδίέωέῷξξῶξ

474 972 875 1077 indeﬁcientem
923 972 1263 1077 stabilitatem
1305 972 1662 1077 pertinent,a
1693 976 1893 1031 sanctis
1941 976 2069 1032 viris
2168 1016 2290 1070 pus,
2323 1002 2567 1069 ejusdem
2597 972 3001 1059 Carthusiensis
3049 972 3241 1060 δυηπωέ
3285 972 3536 1077 ﬁatérme,
3558 972 3763 1063 316:1;

470 1061 668 1166 utiliter
696 1060 914 1166 ipventa
954 1067 1007 1115 et
1054 1059 1413 1157 saluberrime
1458 1062 1815 1159 considerata,
1864 1079 2065 1166 p‘erpe-
2167 1059 2322 1154 ξπ]υέ
2350 1059 2513 1158 'cujus
2542 1106 2782 1157 manum,
2818 1092 2875 1145 in
2903 1109 3008 1164 qua
3037 1059 3226 1149 omnes

641 1149 880 1255 mihi”?
907 1156 1604 1255 Ῑξῗξῗῗξῗξξωξλξίτξίςθῑξξλθίξ
1652 1166 1864 1255 ξξτιοξξῖδ
2166 1192 2265 1231 nes
2288 1178 2520 1243 tenebat,
2546 1178 2700 1235 ﬂexis
2715 1149 2948 1251 genibus
2964 1149 3437 1250 osculantes,haric
3458 1149 3761 1255 professio-

468 1238 630 1292 litatis
659 1238 891 1308 vestigia
920 1244 1212 1301 sectantes,
1244 1252 1368 1292 sese
1397 1238 1523 1292 huic
1544 1245 1743 1293 sanctae
1764 1238 2066 1309 disciplina:
2167 1280 2292 1319 nem
2321 1238 2588 1322 feceram.

465 1334 517 1384 et
546 1324 921 1398 perseveranti
949 1324 1271 1381 correctioni
1290 1340 1412 1381 cum
1442 1325 1589 1380 omni
1620 1326 1907 1382 devotione
1930 1326 2062 1381 sub-

2075 1558 2140 1627 II

1378 1707 1547 1761 ITEM
1592 1705 1934 1761 CAPITULA
1980 1705 2319 1761 ALTERIUS
2366 1706 2809 1766 CONVENTUS.

1872 1804 1977 1873 (Ex
2006 1801 2200 1857 eodem
2232 1804 2363 1873 ms.)

525 1935 574 1987 1.
635 1928 941 2001 Capitulum
996 1928 1232 1999 primum
1278 1927 1534 1993 continet,
1582 1926 1725 1998 quod
1775 1925 2056 1997 passiones
2085 1926 2289 1999 Bquia
2317 1930 2541 2000 peccavi
2573 1928 2697 1996 tibi,
2736 1930 3036 2002 eademque
3076 1938 3352 2003 repetatur
3378 1940 3503 2002 post
3536 1933 3744 1989 Gloria.

451 2019 689 2087 Domini,
721 2018 859 2074 sicut
888 2025 940 2072 et
968 2024 1164 2072 caetera
1196 2015 1501 2087 evangelia,
1537 2022 1843 2070 cantentur.
2227 2018 2279 2069 6.
2313 2015 2529 2071 Sextum
2578 2018 2872 2088 capitulum
2915 2028 3017 2085 est,
3049 2027 3104 2074 ut
3150 2020 3243 2074 illa
3289 2036 3411 2090 quae
3458 2021 3745 2075 emendata

518 2113 572 2165 2.
608 2106 915 2164 Secundum
942 2105 1233 2175 capitulum
1262 2104 1423 2160 habet
1455 2102 1617 2174 quod,
1670 2102 1886 2174 quando
1937 2104 2050 2158 Na-
2150 2111 2273 2157 sunt
2304 2103 2357 2158 in
2388 2105 2667 2175 psalterio,
2702 2108 3058 2163 emendentur
3096 2108 3150 2162 in
3181 2110 3555 2178 responsorio,
3588 2108 3741 2163 verbi

448 2197 629 2253 tivitas
659 2194 875 2251 Domini
905 2201 1094 2264 quarta
1141 2192 1275 2248 feria
1321 2192 1581 2258 evenerit,
1636 2191 1883 2262 sequenti
1929 2192 2045 2246 Do-
2146 2192 2319 2262 gratia
2353 2208 2365 2247 :
2398 2194 2457 2249 Si
2484 2197 2599 2249 mei
2618 2211 2734 2249 non
2753 2198 2979 2266 fuerint
3006 2195 3303 2263 deminuti,
3336 2198 3455 2268 Ipse
3482 2198 3742 2252 liberavit

450 2285 647 2340 minica
680 2281 1082 2355 responsorium
1108 2281 1245 2337 sicut
1281 2279 1336 2334 in
1365 2280 1453 2335 die
1480 2279 1784 2335 Nativitatis
1830 2280 2046 2334 Domini
2124 2297 2251 2350 .me,
2286 2288 2337 2335 et
2364 2282 2639 2339 Eaaltabo
2660 2301 2828 2339 mane
2849 2285 3321 2353 misericordiam,
3347 2293 3399 2339 et
3418 2286 3481 2339 in
3500 2301 3739 2356 genera-

446 2381 710 2431 cantetur.
744 2372 803 2426 In
832 2371 1022 2440 missa,
1074 2372 1223 2426 Puer
1259 2374 1433 2425 natus
1477 2373 1558 2425 est
1600 2370 1777 2424 nobis.
1831 2368 2038 2433 Oratio,
2145 2370 2297 2426 tione
2319 2374 2375 2425 et
2402 2374 2846 2441 generationem.

448 2464 712 2529 Concede,
746 2476 1083 2534 quaesumus,
1118 2461 1474 2529 omnipotens
1506 2460 1671 2523 Deus,
1698 2461 1761 2512 ut
1780 2473 1881 2513 nos
1910 2458 2040 2515 Uni—
2211 2460 2261 2511 7.
2298 2459 2594 2529 Septimum
2624 2460 2915 2531 capitulum
2942 2470 3043 2530 est,
3092 2469 3150 2517 ut
3176 2470 3296 2533 post
3351 2462 3559 2529 Venite,
3600 2477 3733 2517 can-

442 2548 1212 2624 geniti.Epistola,Apparuit
1227 2546 2037 2617 benignitas.Evangelium,ln
2137 2553 2279 2601 tetur
2308 2549 2536 2603 zEterne
2558 2564 2749 2604 rerum
2776 2551 3056 2606 Conditor.
3092 2550 3175 2606 Ad
3204 2550 3431 2615 Laudes,
3462 2550 3736 2621 Splendor

436 2641 735 2713 principio,
768 2646 896 2703 etc.,
930 2637 1068 2691 sicut
1098 2635 1152 2689 in
1183 2634 1505 2690 Dominicali
1534 2634 1864 2688 Nativitatis.
2134 2639 2392 2706 paternae
2418 2637 2627 2707 gloriae.
2664 2637 2746 2691 Ad
2764 2639 3057 2708 Vesperas,
3090 2642 3236 2695 Deus
3254 2639 3498 2705 Creator,
3523 2646 3624 2693 etc.
3649 2638 3731 2693 Ad

507 2734 558 2784 3.
591 2727 830 2783 Tertium
862 2724 1155 2794 capitulum
1188 2732 1289 2787 est,
1332 2723 1474 2793 quod
1508 2723 1562 2776 in
1611 2738 1677 2776 ea
1723 2722 2029 2788 Dominica,
2134 2723 2578 2794 Completorium,
2606 2724 2844 2793 Christe,
2867 2728 2962 2799 qui
2985 2729 3087 2782 lux
3119 2744 3196 2783 es.

433 2819 489 2873 in
519 2832 625 2889 qua
654 2824 737 2870 est
779 2812 1120 2886 evangelium
1160 2814 1295 2867 Erat
1325 2812 1555 2882 Ioseph,
1589 2818 1839 2866 cantetur
1886 2811 2031 2865 anti-
2204 2816 2253 2865 8.
2290 2812 2553 2867 Octavum
2585 2814 2879 2884 capitulum
2911 2825 3010 2882 est,
3061 2824 3117 2870 ut
3159 2816 3228 2870 ab
3275 2817 3481 2871 octavis
3529 2817 3724 2871 Pente—

432 2907 616 2977 phona
644 2907 783 2960 Erat
808 2903 1006 2973 Ioseph
1026 2900 1082 2955 in
1112 2899 1350 2955 Sabbato
1382 2898 1449 2953 ad
1479 2900 1769 2969 Vesperas,
1802 2898 2030 2954 eadem-
2129 2907 2326 2965 costes,
2361 2918 2534 2972 usque
2566 2902 2635 2955 ad
2665 2902 2969 2959 Adventum
3002 2904 3217 2959 Domini
3246 2905 3496 2959 omnibus
3525 2904 3725 2959 feriali-

433 3010 537 3066 que
566 3000 837 3064 repetatur
868 2990 938 3045 ad
988 2989 1343 3045 Benedictus.
1395 2987 1654 3059 ldemque
1700 2987 1926 3060 contigit
1974 2988 2029 3042 in
2128 2988 2230 3043 bus
2269 2989 2479 3057 diebus,
2531 2990 2771 3060 exceptis
2812 2990 2984 3059 festis,
3035 2992 3403 3048 Dominicales
3450 2993 3723 3048 orationes

430 3082 713 3139 Dominica
742 3088 863 3151 post
890 3077 1299 3141 Ascensionem,
1333 3084 1390 3131 ut
1438 3076 1690 3133 videlicet
1736 3077 2027 3147 antiphona
2126 3077 2374 3133 dicantur
2394 3078 2461 3131 ad
2490 3079 2759 3149 Vesperas
2785 3087 2838 3135 et
2868 3080 2937 3134 ad
2965 3081 3198 3136 Laudes.

426 3172 495 3226 de
525 3168 831 3241 evangelio,
866 3176 918 3223 et
945 3167 1016 3222 ad
1032 3167 1305 3237 Vesperas
1327 3164 1382 3219 in
1403 3164 1659 3234 Sabbato,
1679 3172 1732 3220 et
1752 3164 1820 3220 ad
1846 3167 2024 3221 Bene-
2196 3170 2247 3219 9.
2280 3167 2497 3221 Nonum
2526 3167 2821 3237 capitulum
2859 3176 2960 3235 est,
2991 3177 3050 3225 ut
3092 3169 3149 3223 in
3190 3169 3536 3241 responsorio
3564 3168 3723 3224 unius

427 3259 631 3329 dictus,
655 3265 920 3314 cantetur.
2045 3277 2091 3339 ο
2121 3253 2374 3325 martyris
2404 3254 2458 3308 in
2489 3254 2647 3310 tertio
2677 3263 2941 3312 nocturno
2989 3257 3201 3314 dicatur
3252 3257 3572 3323 versiculus,
3608 3259 3721 3312 La:-

498 3349 547 3402 4.
584 3347 846 3416 Quartum
876 3344 1168 3416 capitulum
1200 3350 1300 3408 est,
1352 3342 1497 3413 quod
1541 3350 1691 3397 sexta
1738 3342 2021 3398 Dominica
2124 3344 2337 3399 tabitur
2355 3344 2551 3413 justus
2580 3346 2643 3399 in
2671 3345 2925 3403 Domino.

420 3443 544 3505 post
589 3433 986 3506 Epiphaniam,
1053 3448 1174 3503 quae
1222 3430 1483 3501 praecedit
1530 3430 2016 3502 Septuagesimam,
2194 3434 2279 3486 10.
2330 3431 2609 3487 Decimum
2657 3433 2951 3503 capitulum
3001 3441 3101 3503 est,
3152 3441 3211 3488 ut
3259 3433 3311 3487 in
3358 3433 3495 3489 festo
3539 3434 3719 3489 sancti

419 3531 664 3579 cantetur
694 3521 1058 3594 evangelium,
1095 3519 1403 3588 Conﬁtebor
1433 3520 1552 3583 tibi,
1594 3518 1827 3573 Domine
1852 3522 2020 3590 pater
2118 3520 2367 3585 Andreae,
2430 3521 2475 3574 si
2529 3521 2581 3574 in
2639 3522 2887 3576 Adventu
2936 3522 3231 3593 contingat,
3295 3522 3463 3577 semel
3510 3529 3718 3577 tantum

417 3613 544 3668 ειειί
565 3616 620 3667 et
641 3615 827 3675 terrae,
880 3618 933 3663 et
975 3606 1297 3678 Antiphonaa
1352 3622 1418 3660 ex
1464 3606 1657 3660 eodem
1707 3606 2012 3678 evangelio,
2119 3608 2455 3675 comedatur,
2525 3608 2623 3663 sed
2674 3610 3024 3665 nihilominus
3089 3610 3159 3664 ad
3220 3610 3566 3666 collationem
3613 3626 3717 3665 ve-

418 3701 617 3757 Tollite
624 3701 828 3771 jugum
848 3713 1037 3754 meum
1057 3712 1227 3768 super
1244 3712 1333 3751 vos
1345 3695 1413 3750 ad
1433 3696 1789 3761 Benedictus,
1808 3696 2011 3767 Iugum
2116 3695 2307 3751 niatur.

413 3789 567 3845 enim
594 3804 783 3844 meum
810 3786 877 3841 ad
908 3785 1253 3856 Magni/icat.
2181 3787 2266 3838 tt.
2300 3784 2566 3840 Statutum
2595 3792 2679 3840 est
2707 3785 2869 3840 etiam
2901 3794 2955 3840 ut
3001 3802 3102 3857 pro
3147 3786 3326 3841 charis
3353 3786 3410 3841 in
3442 3797 3721 3843 conventu

481 3880 533 3932 5.
567 3876 825 3943 Quintum
856 3874 1149 3945 capitulum
1179 3881 1278 3938 est,
1314 3872 1459 3944 quod
1489 3870 1738 3942 repetitio
1771 3887 2003 3942 respon-
2107 3872 2311 3945 aliquid
2344 3871 2548 3943 facere,
2581 3873 2635 3927 in
2682 3874 3021 3930 ordinatione
3060 3874 3258 3947 prioris
3295 3882 3348 3930 et
3378 3875 3461 3930 sui
3491 3877 3717 3947 capituli

409 3964 559 4031 sorii,
592 3966 701 4035 Ego
731 3962 876 4029 dixi,
909 3962 1163 4028 Domine,
1196 3960 1284 4027 sit,
1318 3961 1471 4016 Sana
1507 3960 1763 4016 animam
1795 3976 2000 4027 meam,
2103 3960 2327 4016 arbitrio
2354 3960 2633 4017 consistat.

2000 4194 2099 4263 III

1704 4341 1913 4396 ALIA
1972 4338 2358 4396 STATUTA
2384 4380 2395 4392 .

1814 4456 1920 4525 (Ex
1948 4454 2144 4510 eodem
2172 4453 2305 4523 ms.)

473 4595 525 4647 1.
558 4589 821 4645 Statutum
842 4585 898 4641 in
919 4578 1289 4640 Carthusiensi
1309 4575 1561 4651 capitulo,
1593 4586 1649 4633 ut
1678 4574 1733 4632 in
1764 4574 1999 4632 claustro
2022 4585 2075 4644 D
2104 4574 2413 4645 contigerit,
2442 4573 2497 4628 in
2524 4573 2735 4630 cunctis
2753 4574 2925 4629 nostri
2947 4573 3155 4628 ordinis
3170 4573 3440 4641 domibus,
3473 4584 3719 4645 excepto

397 4686 520 4752 post
546 4692 745 4733 nonam
778 4673 1076 4731 secundum
1105 4669 1387 4727 arbitrium
1407 4668 1603 4740 prioris
1620 4682 1720 4737 pro
1743 4680 1995 4721 sermone
2096 4662 2492 4728 anniversario,
2527 4670 2580 4717 et
2600 4662 2744 4733 quod
2778 4661 2833 4716 in
2867 4662 3258 4734 martyrologio
3279 4678 3389 4717 non
3411 4662 3717 4729 scribatur,

399 4748 555 4824 solito
586 4765 745 4821 lectio
774 4763 1062 4818 habeatur.
2096 4752 2241 4805 idem
2272 4767 2336 4806 ac
2364 4767 2460 4821 per
2488 4749 2718 4805 officium
2758 4748 2856 4803 ﬁat
2886 4750 3031 4820 quod
3061 4766 3161 4820 pro
3208 4750 3389 4820 priore
3439 4749 3521 4804 vel
3568 4765 3721 4819 pro-

466 4860 519 4912 2.
546 4853 751 4910 Deinde
769 4852 1049 4907 decretum
1067 4856 1165 4912 est,
1202 4855 1257 4901 ut
1279 4844 1549 4917 quomodo
1570 4843 1638 4899 de
1666 4842 1996 4914 equitatione
2097 4839 2243 4894 fesso
2275 4839 2393 4893 fieri
2422 4838 2721 4895 consuevit.
2756 4838 2872 4892 Prae
2904 4838 3117 4893 caeteris
3138 4854 3266 4893 vero
3297 4837 3458 4891 totius
3488 4836 3719 4893 ordinis

395 4943 618 4998 fratrum
649 4948 967 4997 caeterarum
998 4938 1287 4991 domorum
1318 4942 1575 4988 statutum
1606 4932 1792 4999 fuerat,
1837 4931 1912 4987 sic
1944 4939 1995 4986 et
2097 4927 2470 4982 Cluniacensis
2515 4926 2800 4989 defunctis,
2867 4935 3068 4995 praeter
3112 4926 3351 4995 privatas
3398 4926 3713 4997 orationes,

392 5033 447 5087 in
486 5029 853 5086 Carthusiensi
893 5034 1160 5091 servetur,
1197 5024 1269 5078 ita
1315 5024 1573 5077 duntaxat
1620 5027 1695 5083 ut,
1746 5034 1869 5073 cum
1915 5020 1985 5072 ad
2088 5015 2257 5070 semel
2282 5016 2337 5068 in
2368 5030 2509 5068 anno
2540 5015 2798 5085 generale
2817 5012 3073 5079 ofﬁcium,
3098 5022 3208 5067 tam
3239 5014 3306 5067 de
3336 5014 3503 5067 missa
3532 5029 3715 5082 quam

386 5120 681 5191 capitulum
724 5116 989 5183 venerint,
1051 5113 1138 5169 vel
1179 5128 1279 5183 per
1342 5109 1633 5181 capitulum
1678 5106 1843 5178 aliqui
1888 5121 1986 5177 pro
2086 5103 2153 5157 de
2218 5103 2434 5175 agenda
2475 5102 2530 5156 in
2588 5110 2875 5191 conventu,
2947 5101 3326 5191 celebrabitur.
3376 5100 3717 5191 a-singulis

385 5188 568 5283 aliquo
596 5206 816 5278 negotio
846 5204 998 5260 missi
1029 5200 1244 5266 fuerint,
1281 5199 1441 5255 liceat
1470 5198 1676 5253 eisdem
1708 5195 1981 5260 domibus,
2087 5205 2303 5283 quoque
2337 5190 2707 5283 sacerdotibus
2738 5206 2905 5244 unum
2925 5189 3291 5283 psalterium,
3326 5204 3359 5244 a
3388 5188 3539 5243 laicis
3567 5192 3713 5283 -300

383 5276 527 5353 unde
558 5276 756 5351 fratres
777 5295 1073 5360 mittentur,
1104 5297 1263 5360 prout
1296 5286 1594 5342 necessitas
1615 5282 1981 5355 postulaverit,
2087 5278 2384 5334 Dominica:
2437 5277 2710 5334 orationes
2757 5277 3159 5348 persolventur.
3209 5278 3324 5333 Hoc
3369 5292 3496 5332 vero
3530 5276 3715 5332 obse-

382 5386 539 5443 solito
568 5400 722 5441 more
752 5383 972 5438 fratrem
1004 5378 1294 5451 equitando
1325 5377 1469 5431 foras
1503 5374 1733 5428 mittere.
2087 5369 2273 5439 quium
2306 5367 2537 5438 singulis
2568 5366 2725 5421 annis
2756 5366 2823 5420 ab
2844 5366 2964 5436 ipso
2986 5365 3223 5437 capitulo
3243 5380 3416 5437 usque
3442 5364 3513 5419 ad
3541 5364 3718 5421 Nati-

449 5478 501 5531 3.
534 5475 670 5530 Item
712 5469 988 5528 communi
1034 5482 1259 5523 assensu
1303 5461 1665 5530 decrevimus,
1716 5467 1984 5531 quatenus
2086 5456 2305 5511 vitatem
2335 5453 2554 5511 Domini
2583 5453 2791 5525 expleri
2811 5453 3159 5523 injunximus.
3193 5454 3299 5509 Pro
3330 5452 3531 5509 domno
3557 5468 3716 5510 vero

376 5579 480 5636 pro
507 5562 708 5621 domno
738 5561 796 5617 P.
816 5555 1164 5616 Cluniacensi
1182 5553 1394 5623 abbate,
1430 5550 1647 5624 quando
1678 5563 1802 5605 eum
1834 5545 1983 5602 obire
2087 5543 2316 5601 Ainrico
2344 5542 2716 5601 Wintoniensi
2771 5543 3055 5614 episcopo,
3089 5556 3304 5601 necnon
3348 5556 3450 5613 pro
3478 5541 3719 5612 praefati
