3960 6062
210 197 344 249 1129

1514 195 1825 251 STATU'I‘A
1864 194 2195 263 ANTIQUA.

3370 203 3507 257 1130

207 316 415 369 abbatis
443 318 868 383 successoribus,
897 326 1017 388 post
1040 318 1244 373 obitum
1267 318 1529 388 ipsorum,
1554 319 1808 391 generale
1836 323 1892 381 A
1913 319 2130 389 capituli
2189 309 2488 375 'deferatur
2513 362 2525 385 ,
2578 312 2818 391 ejusque
2873 321 3079 388 judicio
3162 322 3501 380 terminetur.

210 404 443 459 cilicium
482 407 531 458 in
563 415 831 461 conventu
865 407 1107 461 similiter
1147 407 1523 461 celebrabitur.

285 495 335 547 4.
371 495 603 548 Rursum
635 496 900 549 sancitum
931 503 1012 549 est
1036 539 1051 560 ,
1094 503 1148 548 ut
1180 495 1221 548 si
1249 496 1462 561 domus,
1496 503 1587 550 aut
1619 496 1811 566 quaali-

209 581 298 635 bet
350 598 577 651 pcrsona
623 584 791 636 nostri
820 583 1023 637 ordinis
1055 599 1087 636 a
1135 583 1378 637 Romana
1419 583 1569 639 curia
1598 600 1698 653 per
1728 599 1807 649 se,

205 669 291 723 vel
321 687 420 740 per
452 671 615 724 alium
648 671 856 726 litteras
887 680 1077 726 contra
1108 672 1349 726 instituta
1380 672 1683 728 communis
1715 687 1810 727 ca-

206 758 358 828 pituli
392 758 763 828 postulaverit,
804 775 834 813 a
858 759 1116 815 societate
1146 760 1383 815 universi
1414 760 1620 815 ordinis
1652 775 1812 830 sepa-

210 855 389 910 retur,
445 848 547 901 nisi
596 864 694 917 per
723 847 863 902 idem
896 864 1183 903 commune
1214 848 1512 920 capitulum
1561 848 1810 904 reconci-

207 934 386 989 lielur.

277 1025 629 1078 5.1’ra3terea
678 1025 973 1079 stabilitum
1022 1034 1144 1092 est,
1197 1034 1290 1091 ut,
1342 1024 1471 1097 quia
1519 1032 1699 1081 certus
1727 1032 1810 1079 est

200 1128 458 1165 numerus
508 1113 871 1167 habitatorum
917 1114 1163 1170 locorum
1215 1121 1560 1179 nostrorum,
1623 1120 1810 1168 certus

200 1198 359 1253 etiam
392 1200 445 1253 in
475 1200 799 1255 animalibus
829 1208 880 1255 et
904 1202 1255 1257 mercenariis
1287 1202 1582 1256 haberetur
1615 1209 1668 1256 et
1691 1216 1807 1255 mo-

199 1287 323 1342 dus.
360 1289 582 1358 Propter
610 1290 916 1344 modestam
948 1290 1112 1362 igitur
1142 1290 1401 1345 unitatem
1431 1290 1634 1361 ubique
1682 1305 1806 1345 ser-

199 1377 457 1441 vandam,
494 1385 746 1432 statutum
779 1388 881 1445 est,
914 1386 971 1433 ut
1003 1378 1149 1433 nulla
1179 1379 1381 1434 ordinis
1403 1377 1582 1433 nostri
1612 1378 1807 1433 domus

199 1464 340 1519 ultra
370 1468 439 1521 25
471 1466 841 1521 mercenarios
872 1482 971 1521 nec
1001 1467 1146 1521 ultra
1179 1470 1313 1524 1200
1346 1475 1456 1521 tam
1487 1482 1619 1522 oves
1641 1481 1806 1538 quam

197 1568 428 1623 capras,
480 1553 719 1624 exceptis
778 1554 981 1620 hircis,
1040 1570 1141 1610 nec
1188 1554 1323 1609 ultra
1374 1558 1437 1611 12
1470 1570 1671 1619 canes,
1704 1570 1805 1610 nec

193 1641 334 1695 ultra
367 1646 433 1696 32
465 1642 657 1707 boves,
684 1657 747 1697 ac
776 1645 843 1700 20
876 1642 1092 1710 vitulos,
1124 1659 1226 1699 nec
1258 1642 1401 1698 ultra
1432 1647 1463 1698 6
1492 1642 1802 1715 sagmarios
1822 1674 1875 1734 B

193 1729 422 1784 ulterius
449 1730 661 1785 habeat.

264 1822 315 1872 6.
350 1819 429 1873 De
462 1818 846 1874 submovendis
885 1835 1100 1891 quoque
1132 1834 1195 1875 ac
1224 1819 1618 1874 substituendis
1651 1818 1799 1891 prio-

195 1906 385 1971 ribus,
441 1907 542 1962 hoc
593 1906 749 1961 etiam
775 1907 1137 1976 judicavimus
1168 1924 1291 1963 esse
1324 1907 1693 1977 servandum,
1743 1915 1799 1961 ut

194 1994 326 2047 nulli
358 1995 564 2049 ordinis
596 1995 765 2049 nostri
800 1996 1215 2068 congregationi
1244 1995 1516 2051 viventem
1558 1996 1795 2066 priorem

197 2081 359 2137 liceat
388 2082 456 2136 ab
488 2081 665 2137 ofﬁcio
695 2098 793 2137 suo
824 2099 1101 2152 amovere,
1126 2082 1229 2137 nisi
1260 2100 1324 2138 ex
1355 2099 1626 2139 consensu
1649 2098 1795 2139 com-

196 2168 375 2223 munis
410 2170 628 2240 capituli
654 2212 667 2238 ,
720 2188 898 2241 neque
946 2171 1050 2242 ipsi
1080 2171 1317 2243 capitulo
1362 2171 1521 2227 liceat
1551 2171 1793 2239 ejusdem

194 2259 605 2330 aggregationis
632 2300 646 2327 ,
702 2259 957 2314 fratribus
988 2259 1307 2315 inconsultis
1352 2274 1415 2315 ac
1462 2260 1791 2325 nolentibus,

194 2346 403 2417 absque
434 2347 595 2417 culpa
626 2348 916 2420 condigna,
942 2348 1180 2418 priorem
1204 2348 1337 2403 dare
1367 2347 1455 2403 vel
1484 2347 1713 2403 auferre.
1739 2348 1794 2403 Si

192 2451 324 2489 vero
354 2451 383 2488 a
412 2434 665 2489 fratribus
686 2435 974 2504 cujuslibet
993 2436 1186 2513 domus
1216 2452 1351 2509 erga
1369 2436 1607 2507 priorem
1630 2452 1787 2490 suum

188 2538 291 2593 pro
324 2523 437 2577 suis
466 2523 800 2593 excessibus,
828 2525 1054 2594 quaestio
1088 2524 1311 2579 suborta
1334 2523 1511 2589 fuerit,
1534 2524 1789 2594 idemque

188 2611 341 2681 prior
369 2611 438 2665 ab
470 2612 679 2666 eisdem
708 2612 904 2681 saepius
936 2612 1273 2678 admonitus,
1307 2612 1549 2683 seipsum
1597 2628 1788 2666 emen-

188 2698 322 2754 dare
370 2699 637 2766 noluerit,
688 2716 854 2754 causa
892 2700 1012 2771 ipsa
1056 2699 1124 2755 ad
1166 2700 1449 2756 consilium
1482 2700 1790 2756 communis

1983 411 2036 462 7.
2070 408 2282 462 Dictum
2330 417 2407 463 est
2458 408 2649 477 etiam,
2675 417 2731 463 ut
2761 409 2905 463 nulla
2936 410 3155 465 omnino
3187 412 3378 467 domus
3407 428 3509 484 pro

1912 511 2028 561 suo,
2063 504 2155 551 aut
2217 497 2394 551 alieno
2436 496 2689 568 negotio,
2725 497 2794 551 ad
2824 513 3116 568 personam
3147 499 3329 554 domui
3360 516 3515 572 papae

1911 585 2151 640 scribere
2210 594 2533 656 prazsumat,
2586 586 2702 641 sine
2734 586 2961 642 consilio
3018 588 3317 643 communis
3354 590 3506 661 capi-

1910 673 2027 726 tuli.

1982 764 2034 814 8.
2070 761 2205 815 Item
2237 768 2494 815 statutum
2524 769 2639 828 est,
2674 770 2731 816 ut
2760 761 2805 816 si
2836 762 3061 833 quilibet
3087 761 3255 833 prior,
3294 761 3382 818 vel
3411 778 3508 833 per

1910 865 1988 915 se,
2014 848 2100 903 vel
2123 864 2222 919 per
2245 849 2548 919 subjectum
2595 866 2754 903 suum
2784 850 3022 905 instituta
3054 849 3270 920 capituli
3299 849 3505 905 violare

1908 938 2337 1007 praesumpserit,
2359 946 2648 1009 postquam
2680 938 3051 1011 transgressio
3077 937 3367 993 manifesta
3387 936 3505 993 fue-

1909 1024 2009 1091 rit,
2062 1024 2116 1078 in
2164 1033 2459 1095 conspectu
2490 1026 2651 1081 totius
2696 1026 2916 1097 capituli
2963 1026 3181 1097 culpam
3222 1024 3505 1096 professus

1909 1120 2064 1168 extra
2093 1112 2382 1184 capitulum
2408 1114 2735 1186 egrediatur,
2769 1114 2999 1169 nudatus
3030 1114 3229 1185 pedes,
3260 1113 3506 1168 vestibus

1907 1216 2009 1272 pro
2057 1202 2449 1257 consuetudine
2500 1203 2791 1269 detractis,
2839 1219 3002 1257 manu
3044 1202 3229 1272 virgas
3283 1208 3508 1272 portans

1906 1296 2034 1345 ante
2085 1297 2410 1346 conventum
2456 1305 2558 1361 pro
2597 1290 2944 1361 suscipienda
2971 1290 3256 1361 disciplina
3283 1288 3506 1345 humili-

1906 1385 1991 1432 ter
2043 1385 2364 1433 revertatur.
2423 1378 2545 1448 Ipse
2602 1394 2817 1450 quoque
2875 1378 2931 1432 in
2990 1378 3152 1433 domo
3212 1392 3343 1445 sua,
3392 1376 3508 1433 suis

1906 1465 2167 1534 subjectis
2211 1482 2314 1538 pro
2364 1465 2527 1521 simili
2575 1465 2734 1538 culpa
2782 1465 3016 1522 similem
3058 1465 3303 1538 imponat
3332 1465 3503 1522 disci-

1905 1553 2133 1625 plinam.

1981 1646 2033 1696 9.
2066 1642 2356 1698 Decretum
2407 1649 2490 1698 est
2530 1641 2689 1697 etiam
2717 1683 2730 1708 ,
2778 1648 2836 1696 ut
2883 1640 2929 1696 si
2977 1640 3098 1713 quis
3127 1640 3506 1712 praescriptum

1905 1729 2221 1786 animalium
2252 1746 2534 1787 numerum
2567 1728 2893 1797 excesserit,
2914 1746 2980 1785 ex
3011 1729 3235 1787 decreto
3262 1729 3503 1802 capituli,

1905 1819 2053 1890 quod
2084 1819 2446 1890 superfuerit,
2500 1818 2827 1890 pauperibus
2866 1825 3146 1891 erogetur.

1979 1912 2066 1963 10.
2101 1909 2375 1963 Praeterea
2402 1907 2701 1963 institutum
2735 1914 2849 1973 est,
2896 1914 2953 1961 ut
2980 1906 3375 1962 monachorum
3402 1922 3497 1962 ve-

1900 1996 2156 2051 stimenta
2185 2011 2217 2049 a
2249 1995 2527 2068 semipede
2560 2004 2759 2051 terram
2788 2009 2899 2050 non
2928 2002 3187 2067 tangant,
3234 1993 3501 2050 laicorum

1899 2100 2117 2157 quoque
2140 2083 2369 2139 fratrum
2391 2091 2571 2141 vestes
2601 2083 2745 2139 ultra
2763 2097 2863 2139 ora
2892 2082 3371 2140 calciamentorum
3390 2097 3503 2138 non

1899 2173 2257 2229 descendant.

1970 2264 2056 2315 11.
2113 2261 2292 2316 Etiam
2340 2261 2443 2315 hoc
2474 2258 2796 2326 statuimus,
2847 2266 2906 2313 ut
2933 2259 3001 2314 de
3032 2256 3495 2326 Cisterciensium,

1898 2349 2013 2404 sive
2040 2348 2441 2419 pramonstrati
2472 2346 2987 2419 congregationibus
3008 2354 3229 2417 prOpter
3252 2346 3497 2417 ipsorum

1892 2436 2261 2493 reverentiam
2289 2445 2342 2491 et
2367 2450 2580 2507 pacem,
2613 2435 2763 2490 nulla
2792 2434 3015 2489 ulterius
3040 2449 3284 2505 persona
3311 2433 3367 2488 in
3396 2448 3496 2489 no-

1890 2532 2059 2579 strum
2089 2524 2333 2579 ordinem
2363 2523 2709 2594 suscipiatur.
2743 2521 2903 2590 Quod
2929 2521 3231 2576 institutum
3278 2521 3324 2575 si
3370 2521 3492 2592 quis

1890 2621 2200 2668 nostrorum
2256 2619 2638 2683 transgressus
2693 2610 2887 2676 fuerit,
2951 2610 3113 2665 etiam
3182 2608 3488 2680 professum

1890 2701 2163 2773 expellere
2192 2707 2426 2771 cogatur
2450 2743 2464 2766 ,
2496 2707 2549 2755 et
2586 2714 2619 2754 a
2644 2706 2758 2755 toto
2788 2697 2981 2755 ordine
3028 2712 3308 2769 separare.

1788 3004 1889 3074 IV

633 3177 947 3247 ANTIQUA
994 3177 1307 3234 STATUTA
1359 3175 1646 3233 ORDINIS
1700 3174 2256 3233 CARTHUSLENSIS
2303 3174 2397 3230 DE
2447 3173 2691 3231 SACRIS
2736 3174 3028 3231 RITIBUS.

1445 3328 1549 3399 (Ex
1577 3343 1679 3383 ms.
1726 3326 1974 3382 Colbert.
2015 3326 2211 3395 3808.)

256 3492 311 3543 1.
354 3488 414 3541 In
435 3485 580 3541 omni
612 3484 775 3538 missa
797 3483 865 3539 de
895 3481 1030 3538 vivis
1050 3496 1171 3552 quae
1191 3477 1423 3535 volvitur
1442 3476 1774 3533 celebranda
1797 3502 1843 3562 Ο
1873 3474 2033 3539 festo,
2069 3489 2135 3529 eo
2166 3472 2271 3527 ritu
2316 3480 2367 3527 et
2410 3487 2475 3527 ea
2506 3471 2848 3528 solemnitate
2867 3514 2882 3539 ,
2916 3473 3113 3545 quibus
3140 3482 3345 3532 octava:
3370 3478 3480 3534 As-

179 3594 281 3648 per
311 3575 555 3647 singulos
586 3573 778 3629 dicitur
811 3588 823 3626 :
859 3572 1220 3640 Omnipotens
1247 3568 1592 3639 sempiterne
1630 3567 1777 3621 Deus

220 3682 277 3719 υι
304 3679 576 3718 vworum.

220 3685 277 3719 υι
304 3685 576 3718 υιυοναιη.

179 3685 211 3738 q
248 3757 301 3809 2.
350 3751 700 3805 Declaramus
746 3746 888 3817 quod
936 3746 1099 3799 missa
1155 3742 1564 3798 benefactorum
1629 3757 1773 3795 nun-

174 3857 341 3913 quam
392 3840 555 3894 debet
603 3836 751 3891 reddi
782 3836 837 3888 in
885 3833 1036 3888 festis
1090 3847 1170 3886 xu
1229 3831 1557 3895 lectionum,
1610 3828 1771 3883 etiam

170 3928 465 4000 tricenario
499 3932 784 3990 currente,
834 3921 877 3975 si
910 3929 1089 3975 tamen
1121 3919 1229 3974 alia
1259 3918 1531 3973 vacaverit
1564 3917 1617 3971 in
1668 3932 1773 3988 qua

171 4018 347 4090 possit
379 4015 550 4070 reddi.

246 4110 298 4160 3.
334 4102 666 4172 Quacunque
698 4099 785 4153 die
807 4097 1123 4168 contingant
1146 4102 1352 4150 octava:
1380 4092 1765 4165 Apparitionis.

172 4194 221 4248 si
254 4192 407 4246 aliter
427 4189 531 4245 dici
554 4204 659 4242 non
686 4187 859 4257 possit
881 4183 1288 4255 responsorium
1310 4184 1386 4238 Ne
1417 4184 1477 4237 in
1499 4183 1607 4246 ira,
1633 4180 1767 4249 ipsa;

171 4288 382 4336 octavae
414 4277 541 4332 fient
572 4276 624 4328 in
656 4274 915 4328 Sabbato.

245 4370 297 4421 4.
333 4365 687 4419 Declaramus
710 4361 855 4432 quod
876 4360 1043 4413 missa
1073 4356 1424 4413 Dominicalis
1455 4371 1561 4408 non
1593 4354 1765 4423 impe-

170 4457 355 4512 diatur
383 4459 609 4523 prOpler
644 4450 865 4503 missam
912 4446 1304 4509 anniversarii;
1337 4443 1434 4497 scd
1467 4450 1591 4495 tunc
1619 4441 1765 4495 dica-

167 4554 256 4600 tur
287 4543 451 4596 missa
500 4537 859 4594 anniversarii
904 4535 1183 4606 privatim,
1218 4540 1270 4587 et
1300 4532 1466 4585 missa
1515 4528 1761 4584 Domini-

166 4633 303 4689 calis
334 4631 387 4684 in
417 4635 703 4689 conventu,
731 4626 834 4677 nisi
867 4624 973 4678 alia
1002 4624 1118 4677 dies
1144 4628 1296 4676 vacet
1326 4620 1379 4673 in
1410 4619 1525 4688 ipsa
1555 4617 1761 4671 hebdo-

165 4716 350 4780 mada,
385 4714 438 4765 in
473 4728 574 4782 qua
607 4710 710 4763 dici
739 4708 907 4778 possit
940 4708 1101 4760 missa
1133 4704 1494 4759 dominicalis.

239 4809 296 4859 ὃ.
337 4803 471 4857 Cum
502 4798 750 4852 dominus
783 4804 967 4850 noster
999 4811 1238 4848 summus
1270 4792 1507 4862 pontifex
1539 4790 1759 4845 ordina-

1886 3561 2210 3633 sumptiouis
2239 3561 2297 3614 B.
2332 3560 2514 3615 Mariae
2545 3560 2909 3617 celebrantur.

1955 3655 2007 3705 6.
2044 3649 2393 3719 Praecipimus
2424 3656 2477 3703 et
2504 3664 2788 3703 monemus
2817 3665 3007 3704 omnes
3034 3649 3247 3721 priores
3274 3659 3325 3707 et
3353 3667 3480 3709 con-

1879 3746 2073 3793 ventus
2105 3737 2273 3791 nostri
2305 3736 2534 3801 ordinis,
2555 3744 2610 3790 ut
2640 3736 2881 3807 quolibet
2912 3753 3054 3792 anno
3084 3754 3192 3792 non
3226 3739 3476 3795 omittant

1876 3825 2056 3881 facere
2078 3825 2418 3881 tricenarium
2442 3825 2568 3879 olim
2587 3840 2908 3880 concessum
2930 3825 3150 3881 domino
3170 3825 3471 3883 Amblardo

1876 3915 2132 3985 episcopo
2163 3912 2585 3967 Mauriennensi.

1945 4006 1997 4056 ’7.
2044 4002 2400 4057 Declaramus
2450 4001 2596 4072 quod
2643 3999 2858 4072 quando
2889 4000 3073 4073 vigilia
3102 4002 3314 4057 Natalis
3346 4003 3462 4059 Do-

1872 4090 2002 4143 mini
2032 4090 2225 4145 accidit
2256 4089 2309 4143 in
2341 4090 2429 4143 die
2462 4088 2746 4144 Dominico
2771 4131 2783 4154 ,
2827 4090 3173 4159 responsoria
3203 4099 3461 4157 mutuata,

1869 4178 2094 4234 scillicet
2115 4180 2252 4233 Ecce
2275 4178 2391 4232 dies
2416 4178 2671 4241 veniunt,
2693 4184 2740 4230 et
2756 4177 2883 4239 Ave,
2909 4178 3102 4243 Maria,
3118 4177 3461 4234 debentdici.

1940 4270 1992 4319 8.
2016 4264 2333 4320 Declaratur
2350 4264 2495 4334 quod
2526 4263 2579 4316 in
2599 4264 2687 4317 die
2715 4262 3072 4318 Exaltatiouis
3100 4272 3304 4321 sancta:
3329 4266 3467 4321 Cru-

1867 4352 1945 4408 cis
1967 4352 2137 4423 possit
2168 4351 2282 4406 fieri
2311 4350 2562 4405 dormitio
2594 4350 2891 4404 secundum
2921 4351 3139 4422 antiqua
3170 4360 3388 4409 statuta.

1937 4442 1988 4493 9.
2049 4438 2379 4494 Ordinamus
2435 4437 2580 4509 quod
2626 4437 2694 4492 de
2742 4446 2938 4493 caetero
2985 4454 3091 4508 pax
3136 4450 3379 4495 sumatur
3406 4441 3463 4496 in

1864 4527 2096 4582 ecclesia
2125 4527 2177 4581 in
2208 4525 2418 4595 tabula,
2470 4526 2524 4579 in
2572 4540 2677 4597 qua
2707 4525 2775 4579 sit
2806 4525 3020 4596 depicta
3049 4527 3232 4599 imago
3260 4528 3457 4584 Christi

1860 4614 2117 4670 crucifixi.

1934 4706 2020 4756 10.
2070 4702 2229 4757 Omni
2280 4710 2519 4773 tempore
2566 4701 2619 4755 in
2651 4700 2953 4757 elevatione
2985 4703 3231 4773 corporis
3260 4703 3457 4758 Christi

1860 4790 1915 4844 in
1941 4790 2123 4844 missis
2145 4791 2590 4845 conventualibus
2622 4806 2814 4845 cereus
2845 4790 3196 4857 accendatur,
3230 4798 3453 4861 excepto

164 4893 324 4961 verit,
359 4899 410 4944 ct
440 4887 681 4942 districte
712 4883 1029 4954 praeceperit
1058 4882 1113 4935 in
1143 4882 1338 4935 virtute
1371 4888 1572 4933 sancta:
1618 4880 1757 4932 obe-
1786 4848 1837 4905 D
1859 4886 2102 4948 tempore
2132 4877 2402 4931 interdicti
2435 4885 2485 4931 et
2512 4877 2831 4932 cessationis
2870 4894 2900 4930 a
2947 4877 3163 4931 divinis.

1930 4969 2015 5019 Μ.
2044 4966 2393 5020 Declaramus
2424 4965 2568 5033 quod
2608 4964 2909 5020 secundum
2937 4964 3225 5036 privilegia
3266 4973 3452 5021 nostra

1857 5061 1909 5107 et
1935 5061 2154 5117 statuta,
2190 5060 2240 5105 et
2272 5051 2567 5106 secundum
2598 5050 2928 5105 decretalem
2952 5052 3181 5121 positam
3212 5053 3266 5107 in
3296 5054 3449 5109 titulo

1854 5142 1922 5195 de
1953 5139 2251 5212 privilegiis
2283 5139 2337 5193 in
2360 5138 2600 5194 secundo
2629 5138 2771 5193 libro
2798 5138 2853 5192 in
2888 5136 2995 5193 ﬁne
3025 5139 3182 5195 dictae
3211 5141 3451 5197 decreta.

1853 5229 1953 5295 lis,
2004 5244 2295 5298 possumus
2343 5226 2651 5281 ministrare
2699 5224 3070 5281 ecclesiastica
3106 5238 3446 5286 sacramenta

1852 5315 2209 5371 servitoribus
2240 5315 2439 5371 nostris
2470 5312 2807 5370 domesticis.

1924 5408 2010 5461 12.
2032 5403 2389 5459 Declaramus
2423 5402 2567 5474 quod
2595 5401 2808 5472 priores
2830 5401 3083 5457 etvicarii
3102 5403 3439 5473 monialium,

1852 5492 1897 5546 si
1927 5492 2269 5563 contingeret
2300 5479 2395 5547 eos
2425 5489 2564 5554 mori
2594 5490 2650 5545 in
2676 5487 2930 5546 domibus
2960 5490 3158 5563 quibus
3202 5501 3445 5563 praesunt

3110 5590 3228 5661 se

160 4980 380 5040 dientizc
412 4973 723 5031 solemniter
745 4970 1002 5027 celebrari
1024 4970 1092 5024 ab
1123 4969 1374 5022 omnibus
1406 4967 1602 5021 festum
1626 4966 1757 5020 Cor-

154 5071 308 5145 poris
338 5064 563 5129 Christi,
599 5078 698 5116 nos
728 5061 794 5114 ob
828 5060 926 5113 Dei
975 5066 1026 5112 et
1075 5057 1248 5111 sancti
1296 5055 1552 5126 praecepti
1595 5070 1755 5109 reve-

157 5142 384 5217 rentiam
414 5152 761 5213 ordinamus,
796 5155 848 5203 et
878 5148 1070 5202 eodem
1100 5144 1263 5199 modo
1295 5144 1477 5212 quoin
1497 5142 1755 5198 decretali

154 5244 486 5320 praecipitur,
521 5236 882 5309 prmcipimus,
917 5242 975 5289 ut
1006 5234 1201 5289 festum
1234 5230 1324 5320 fith
1353 5230 1407 5320 in
1438 5240 1624 5320 nostro
1655 5246 1751 5285 or-

154 5318 314 5401 dine,
348 5340 401 5387 et
432 5339 539 5384 tam
569 5327 622 5380 iu
654 5322 841 5379 officiis
864 5366 877 5385 ,
930 5339 1090 5394 quam
1134 5321 1189 5375 in
1236 5318 1419 5373 missis
1466 5319 1580 5373 aliis
1629 5334 1751 5374 cum

156 5421 404 5483 candelis
446 5413 759 5471 solemniter
787 5411 1109 5475 celebretur,
1144 5408 1371 5463 scillicet
1410 5405 1543 5460 feria
1571 5422 1602 5459 v
1632 5413 1752 5474 post

152 5519 403 5568 octavam
436 5507 809 5560 Pentecostes.
867 5501 932 5554 Et
979 5498 1110 5554 fiant
1140 5506 1346 5554 octavae
1376 5494 1445 5549 de
1492 5492 1750 5563 praedicto

299 5607 538 5661 Parnon.
581 5597 760 5655 CLIII.
