3960 6062
461 132 589 187 1131

1693 118 1979 176 0RDINIS
2018 113 2505 171 CARTHUSIANI.

3621 112 3767 162 1132

462 272 573 313 non
623 253 871 309 amittant
917 248 1306 306 associationes
1353 246 1640 300 domorum
1683 241 2048 313 pnopriarum,
2073 240 2128 298 Î‘
2157 239 2367 301 Petrus,
2392 233 2612 299 Paulus,
2650 232 2920 298 Andreas,
2944 230 3208 295 Jacobus,
3234 238 3285 285 et
3304 231 3567 294 Joannes,
3593 230 3769 285 Zebe-

463 344 566 400 nisi
618 342 670 397 in
720 340 969 395 domibus
1012 337 1065 391 in
1114 336 1310 408 quibus
1341 342 1462 388 sunt
1492 333 1696 403 priores
1742 330 1829 385 vel
1867 328 2056 384 vicarii

469 432 695 487 fecerint
738 428 1153 500 professionem.

541 524 626 574 13.
710 516 939 585 Quando
1007 515 1202 570 festum
1257 509 1693 569 Annuntiationis
1749 506 2057 563 celebratur

465 607 609 663 infra
649 614 870 661 octavas
906 604 1123 659 Pascha:
1148 647 1160 668 ,
1214 603 1267 657 in
1314 601 1500 672 primis
1539 597 1785 668 vesperis
1816 595 2057 649 dicantur

465 695 543 750 illi
572 693 787 765 psalmi,
814 692 903 764 qui
932 692 1182 746 dicuntur
1210 689 1349 744 infra
1374 689 1544 743 dictas
1574 694 1816 750 octavas,
1852 681 2058 737 scilicet

470 782 632 839 Dixit
664 781 933 837 Dominus
946 822 958 833 .

539 872 624 924 14.
660 868 1010 923 Declaramus
1058 866 1202 938 quod
1248 863 1488 920 secunda
1532 862 1702 915 missa
1751 855 2057 913 Nativitatis

468 957 683 1013 Domini
741 957 1075 1021 celebretur;
1126 963 1177 1010 et
1221 954 1266 1008 si
1311 969 1419 1007 non
1469 948 1780 1022 apparuerit
1837 960 2053 1010 aurora,

467 1047 692 1101 redeant
733 1044 983 1099 monachi
1039 1044 1109 1097 ad
1163 1042 1329 1098 cellas
1379 1049 1663 1110 antequam
1713 1036 1879 1091 missa
1908 1033 2056 1088 cele-

465 1134 676 1189 bretur.

543 1224 630 1275 15.
682 1220 995 1275 Inhibcmus
1038 1219 1187 1289 quod
1233 1233 1352 1272 cum
1397 1214 1622 1271 cucullis
1673 1214 1739 1267 de
1769 1211 1872 1266 tela
1903 1208 2059 1264 factis

470 1308 703 1380 amplius
751 1323 860 1363 non
908 1306 1178 1363 serviatur
1223 1306 1277 1359 in
1327 1311 1632 1368 conventu,
1681 1315 1783 1355 nec
1813 1299 1972 1353 etiam
2004 1298 2059 1349 in

468 1397 697 1469 privato.

542 1489 628 1539 16.
684 1483 896 1538 Priores
941 1481 1028 1536 vel
1074 1480 1319 1534 monachi
1350 1476 1522 1533 nostri
1551 1474 1775 1540 ordinis,
1798 1472 1895 1544 .vel
1925 1487 2060 1526 con-

467 1572 613 1628 versi
658 1571 726 1625 de
773 1578 969 1625 caetero
1016 1584 1124 1623 non
1155 1575 1278 1622 eant
1315 1567 1383 1620 ad
1433 1565 1757 1635 sepulturas,
1791 1560 1896 1615 nisi
1924 1560 2061 1614 forte
2084 1585 2133 1643 B

471 1660 777 1731 principum
826 1665 879 1713 et
910 1672 1234 1729 magnorum
1264 1655 1608 1725 praelatorum
1632 1694 1644 1718 ,
1695 1650 1779 1705 vel
1812 1649 1978 1719 patris
2010 1655 2062 1701 et

469 1747 658 1802 matris
705 1761 891 1800 eorum
941 1745 1007 1799 de
1038 1744 1226 1799 ordine
1252 1786 1265 1809 ,
1315 1743 1360 1797 si
1391 1740 1751 1813 sepelirentur
1779 1737 1919 1792 infra
1948 1745 2060 1791 ter-

470 1836 647 1889 minos
676 1834 959 1888 domorum
986 1848 1224 1887 suarum.

544 1924 637 1977 17.
677 1921 941 1976 Statutum
973 1920 1170 1975 factum
1220 1919 1288 1973 de
1334 1916 1625 1988 prazsentia
1656 1914 2058 1986 episcOporum,

473 2010 618 2083 quod
648 2010 861 2080 priores
891 2008 1162 2063 dimittant
1207 2008 1367 2061 sedes
1415 2021 1539 2059 suas
1586 2004 1643 2057 in
1671 2001 1899 2058 ecclesia
1931 1998 2062 2069 ipsis

473 2097 745 2169 episcopis
772 2096 1151 2167 praesentibus,
1190 2094 1509 2166 intelligitur
1538 2091 1756 2163 quando
1780 2097 1902 2144 sunt
1924 2102 2064 2159 prae-

474 2193 657 2240 sentes
686 2185 740 2238 in
780 2184 1034 2239 ecclesia.

547 2276 633 2327 18.
665 2271 996 2327 Ordinamus
1043 2278 1099 2325 ut
1141 2270 1345 2339 jejunia
1376 2269 1546 2340 quarti
1587 2266 1844 2336 temporis
1875 2265 1929 2319 in
1960 2263 2063 2318 Se-

472 2359 704 2431 ptembri
730 2358 786 2413 in
824 2359 1062 2429 qualibet
1110 2358 1271 2412 domo
1304 2357 1472 2411 nostri
1528 2355 1732 2409 ordinis
1764 2351 2064 2408 secundum

472 2448 916 2503 consuetudinem
947 2464 1059 2501 sum
1088 2445 1343 2501 dioecesis
1375 2444 1742 2499 celebrentur.

546 2538 633 2590 19.
667 2534 994 2591 Ordinamus
1025 2534 1169 2604 quod
1218 2534 1265 2588 si
1295 2532 1572 2603 contingat
1618 2529 1838 2585 evenire
1869 2527 2066 2583 festum

478 2622 643 2677 trium
690 2622 981 2678 lectionum
1025 2622 1234 2677 habens
1274 2620 1510 2676 officium
1553 2618 1734 2673 missas
1764 2615 2061 2687 proprium,

477 2709 614 2764 feria
644 2725 700 2765 tv
727 2710 946 2779 capituli
974 2709 1245 2779 generalis
1273 2709 1485 2762 dicatur
1514 2707 1685 2760 missa
1705 2704 1857 2770 festi,
1899 2703 2068 2757 missa

477 2812 611 2853 vero
654 2797 819 2853 Salus
866 2797 1060 2868 papuli
1102 2795 1357 2866 privatim
1387 2795 1455 2849 ab
1485 2793 1670 2864 aliquo
1699 2790 2063 2863 persolvatur.

546 2886 642 2941 20.
706 2883 1015 2939 Secundum
1062 2882 1514 2939 consuetudinem
1543 2881 1739 2936 domus
1769 2876 2067 2933 Carthusiaa

477 2971 785 3042 antiphonaa
813 2978 1180 3036 resumantur,
1215 2970 1420 3025 scilicet
1449 2970 1505 3024 in
1525 2983 1660 3024 voce
1692 2967 1748 3021 in
1786 2982 1889 3037 qua
1917 2963 2065 3036 psal-

474 3059 656 3115 modia
686 3066 768 3114 est
797 3057 962 3113 finita.

545 3151 633 3204 2t.
669 3146 961 3201 Criminosi
988 3145 1318 3202 reconciliati
1344 3144 1523 3199 ordini
1566 3143 1845 3215 spirituale
1891 3142 2065 3196 bene-

475 3234 656 3290 ficium
688 3234 955 3301 habeant,
986 3233 1137 3302 juxta
1166 3233 1394 3305 gradum
1425 3232 1495 3287 ad
1525 3248 1687 3302 quem
1717 3230 1934 3285 fuerunt
1974 3244 2065 3282 re-

474 3321 659 3376 stituti.

545 3411 634 3466 22.
660 3407 989 3464 Ordinamus
1008 3408 1153 3480 quod
1176 3408 1393 3479 quando
1422 3407 1577 3477 plura
1607 3404 1893 3461 tricenaria
1910 3410 2069 3458 erunt

474 3497 801 3564 inchoanda,
823 3497 1060 3567 incoepto
1090 3496 1267 3567 primo
1299 3495 1590 3551 tricenario
1621 3510 1653 3549 a
1672 3494 1851 3564 priore
1883 3491 1968 3548 vel
1998 3490 2068 3545 ab

475 3583 765 3655 antiquiori
786 3626 803 3650 ,
854 3592 1050 3639 caztera
1079 3583 1403 3654 incipiantur
1432 3583 1500 3637 ab
1529 3582 1637 3651 eis,
1680 3581 1877 3653 quibus
1904 3580 2069 3633 missa

475 3671 751 3727 tricenarii
793 3672 903 3739 jam
935 3671 1155 3741 incoepti
1187 3670 1477 3742 contigerit
1505 3670 1854 3725 celebranda.

544 3763 632 3816 23.
678 3759 989 3829 Praecipitur
1034 3767 1091 3813 ut
1140 3758 1438 3814 districtius
1483 3766 1534 3812 et
1578 3756 1846 3813 efficacius
1894 3761 2071 3825 potest

475 3846 611 3910 fieri,
647 3846 897 3901 omnibus
926 3846 1177 3917 personis
1206 3846 1412 3900 ordinis
1442 3855 1497 3899 ut
1518 3846 1665 3899 nullo
1695 3845 1857 3899 modo
1883 3884 1895 3910 ,
1929 3857 2068 3913 quo-

476 3934 558 3987 vis
582 3933 802 3998 colore,
855 3950 955 4004 per
1003 3951 1061 3989 se
1108 3935 1194 3988 vel
1226 3934 1413 3997 alium,
1462 3934 1668 3988 directe
1696 3932 1779 3987 vel
1806 3932 2069 3985 indirecte

476 4019 651 4085 factis,
685 4021 886 4083 verbis,
921 4021 1005 4074 vel
1037 4021 1231 4074 litteris
1265 4021 1502 4091 aliquam
1534 4036 1853 4090 personam,
1886 4024 2069 4091 cujus-

476 4124 689 4178 cunque
719 4108 1045 4163 conditionis
1075 4108 1298 4173 existat,
1335 4108 1551 4162 inducat
1581 4109 1647 4161 ad
1676 4109 1966 4178 petendum
1999 4112 2069 4165 ab

477 4196 668 4251 ordine
696 4196 915 4267 aliquod
946 4194 1268 4250 beneficium
1300 4195 1575 4265 spirituale
1607 4204 1803 4266 prazter
1851 4214 2068 4253 recom-

478 4284 882 4338 mendationem
911 4283 1245 4354 generalem,
1281 4301 1399 4354 qua:
1430 4284 1680 4353 precibus
1719 4284 1921 4339 ordinis
1954 4285 2069 4341 fieri
2093 4268 2145 4327 D

480 4369 797 4438 consuevit,
842 4386 947 4425 nec
994 4370 1185 4425 leviter
1229 4371 1530 4425 concedant
1558 4371 1988 4426 anniversarium
2019 4374 2073 4427 in

476 4456 787 4511 dominibus
817 4456 949 4522 suis,
983 4474 1085 4511 nec
1115 4458 1226 4512 ullo
1256 4458 1417 4512 modo
1446 4474 1543 4528 pro
1573 4459 1958 4528 temporalibus
2002 4461 2073 4515 ad

475 4543 779 4615 spiritualia
809 4560 869 4599 se
901 4545 1162 4615 obligent,
1215 4545 1319 4599 nisi
1347 4553 1504 4616 prout
1534 4545 1677 4601 licite
1709 4544 1823 4601 fieri
1854 4549 2067 4616 poterit,

471 4633 625 4702 juxta
655 4632 938 4686 consilium
969 4633 1288 4703 peritorum.

545 4721 636 4776 24.
687 4719 1018 4774 Ordinamus
1067 4721 1211 4791 quod
1260 4721 1326 4775 de
1356 4728 1575 4784 caetero,
1610 4729 1828 4792 propter
1856 4738 2069 4791 praece-

473 4815 626 4878 ptum
654 4806 913 4862 Ecclesiae
935 4850 947 4873 ,
981 4808 1127 4879 quod
1157 4825 1253 4877 per
1280 4824 1471 4862 omnes
1515 4809 1708 4863 domos
1756 4809 1964 4863 ordinis
2015 4810 2069 4863 in

473 4893 632 4948 festis
662 4894 950 4949 duodecim
972 4894 1338 4964 apostolorum
1370 4880 1539 4949 semel
1568 4896 1624 4948 in
1652 4912 1813 4961 anno,
1841 4912 2071 4969 evange-

471 4981 718 5035 listarum
738 4989 1033 5053 etquatuor
1051 4982 1332 5036 doctorum
1352 4982 1481 5035 olim
1501 4998 1607 5037 non
1630 4982 1855 5037 fecimus
1874 4984 2069 5038 festum

481 5068 697 5138 capituli
724 5087 737 5133 ;
771 5067 861 5122 fiat
891 5069 1088 5123 festum
1119 5068 1331 5138 capituli
1361 5078 1615 5139 quantum
1646 5071 1714 5124 ad
1745 5073 2068 5149 monachos,

473 5156 793 5211 etconversi
841 5156 895 5209 in
937 5156 1214 5226 pragdictis
1244 5156 1393 5210 festis
1422 5156 1475 5210 in
1508 5158 1763 5226 operibus
1794 5161 2065 5230 occupati,

471 5254 584 5296 non
604 5246 821 5295 cessent
846 5239 911 5293 ab
940 5240 1038 5304 eis,
1064 5256 1165 5294 nec
1186 5247 1409 5311 pr0pter
1430 5240 1723 5310 capitulum
1754 5242 1820 5295 ad
1848 5243 2069 5296 domum

466 5326 809 5399 superiorem
876 5326 1192 5383 ascendant.

1267 5327 1501 5382 Nomina
1549 5328 1915 5398 apostolorum
1946 5337 2093 5407 sunt.

2156 325 2279 390 diei,
2315 323 2624 391 Philippus,
2657 322 2919 387 Thomas,
2954 320 3409 387 Bartholomaeus,
3444 320 3765 380 Matthaeus,

2153 413 2389 468 Jacobus
2419 409 2646 479 Alphaei,
2683 409 2895 472 Simon,
2930 408 3097 461 Judas
3130 416 3180 462 et
3212 408 3458 461 Mathias.

2224 504 2313 556 25.
2348 501 2412 553 Ut
2442 496 2800 562 uniformitas,
2837 495 2975 549 sicut
3004 495 3056 548 in
3090 495 3298 549 statutis
3327 496 3674 557 continetur,
3713 496 3769 548 in

2156 588 2341 644 divino
2371 585 2592 641 servitio
2626 592 2868 638 servetur
2900 584 2952 637 in
2983 584 3202 645 ordine.
3236 593 3531 654 procurent
3565 598 3772 637 omnes

2156 677 2369 747 priores
2421 662 2471 729 et
2518 673 2707 728 vicarii
2753 672 2958 726 habere
2985 671 3274 742 legendam
3305 688 3422 743 qua)
3465 672 3675 743 legitur
3716 672 3773 724 in

2158 762 2446 819 Carthusia
2502 762 2553 815 in
2610 760 2817 815 octavis
2872 769 2923 814 et
2979 776 3077 831 per
3124 768 3342 815 octavas
3385 760 3771 823 eucharistiae,

2158 853 2309 921 cujus
2340 850 2592 923 legendae
2621 848 2777 919 copia
2807 849 2860 901 in
2893 848 3175 903 Carthusia
3205 848 3398 917 poterit
3428 849 3693 918 reperiri.

2227 944 2317 996 26.
2351 939 2528 993 Priori
2578 946 2625 992 et
2678 937 2963 991 conventui
3013 936 3278 1001 Liminati,
3327 945 3377 990 et
3408 937 3528 990 aliis
3560 936 3775 1006 quibus

2157 1027 2425 1098 placuerit
2455 1026 2787 1090 conceditur,
2823 1034 2878 1079 ut
2910 1024 3105 1078 festum
3138 1025 3520 1095 Conceptionis
3551 1026 3618 1078 Î’.
3655 1026 3773 1078 vir-

2159 1116 2303 1187 ginis
2334 1114 2513 1168 Mariae
2545 1113 2753 1183 possint
2776 1113 3090 1167 solemniter
3109 1112 3409 1177 celebrare,
3443 1120 3495 1166 et
3527 1111 3621 1165 fiat
3655 1111 3773 1166 0111-

2159 1205 2302 1258 cium
2334 1203 2471 1257 sicut
2505 1202 2555 1255 in
2587 1201 2905 1264 Nativitate,
2932 1200 2984 1252 in
3006 1216 3201 1254 nomen
3240 1200 3643 1272 Conccpliomâ€˜:
3663 1216 3773 1254 no-

2159 1292 2304 1347 mine
2336 1291 2669 1346 Nativitaltâ€™s
2719 1297 3065 1343 commutato.

2230 1382 2319 1436 27.
2355 1378 2685 1433 Conceditur
2715 1374 2898 1430 domui
2930 1376 3257 1441 Carthusite,
3289 1385 3343 1430 ut
3372 1376 3545 1446 possit
3576 1376 3768 1431 facere

2162 1466 2359 1521 festum
2407 1466 2620 1536 capituli
2667 1465 2735 1518 de
2767 1464 2966 1518 domno
2998 1465 3186 1535 Ugone
3234 1464 3603 1519 Lincolniensi
3646 1465 3767 1535 epi-

2167 1571 2334 1624 scopo
2356 1596 2369 1622 ,
2406 1554 2499 1623 qui
2531 1552 2627 1606 fuit
2658 1552 2956 1606 monachus
2986 1552 3296 1606 Carthusim.

2236 1646 2324 1699 28.
2358 1643 2625 1711 Tempore
2648 1640 2891 1711 paschali
2912 1640 3124 1695 dicatur
3142 1640 3481 1712 evangelium
3508 1643 3623 1710 Ego
3640 1658 3767 1695 sum

2161 1732 2292 1786 vitis
2325 1747 2451 1784 vera
2484 1730 2538 1782 in
2585 1728 2721 1783 festo
2754 1730 2812 1782 B.
2846 1727 3117 1781 Ambrosii
3166 1736 3217 1780 et
3262 1728 3325 1781 B.
3364 1728 3593 1797 Ugonis,
3634 1728 3682 1782 si
3715 1730 3766 1782 in

2163 1820 2304 1873 dicto
2336 1826 2579 1887 tempore
2611 1817 2752 1871 dicta
2786 1816 2917 1870 festa
2949 1816 3238 1887 contigerit
3284 1817 3577 1871 celebrari.

2234 1911 2322 1963 29.
2348 1907 2627 1961 Monemus
2659 1913 2715 1958 ut
2744 1905 2799 1957 in
2821 1905 3073 1958 omnibus
3092 1905 3344 1959 domibus
3366 1921 3767 1959 conversorum

2164 2012 2192 2048 a
2224 1994 2473 2049 domibus
2496 1993 2863 2064 superioribus
2887 1993 3171 2063 separatis,
3198 1993 3391 2064 quibus
3410 2002 3489 2047 est
3516 1995 3764 2063 capella;

2165 2090 2415 2137 cessante
2466 2082 2612 2149 justo
2669 2080 3091 2151 impedimento,
3151 2080 3455 2135 celebretur
3503 2082 3679 2135 missa
3737 2098 3771 2135 a

2165 2170 2348 2240 priore
2377 2169 2463 2224 vel
2513 2178 2862 2239 procuratore
2889 2212 2901 2232 ,
2953 2168 3037 2222 bis
3079 2169 3163 2223 vel
3203 2178 3282 2222 ter
3300 2169 3369 2222 ad
3400 2170 3672 2223 minus...
3709 2170 3765 2224 Si

2166 2274 2296 2312 vero
2343 2257 2494 2327 prior
2522 2257 2576 2309 in
2606 2256 2901 2326 praemissis
2930 2256 3187 2310 defecerit
3218 2256 3515 2327 explendis,
3564 2256 3765 2311 clamet

2166 2346 2377 2415 culpam
2412 2360 2566 2398 suam
2597 2344 2649 2397 in
2679 2343 2913 2413 capitulo
2954 2344 3219 2413 proximo.

2239 2436 2325 2486 30.
2358 2432 2749 2494 Tricenarium,
2773 2432 2918 2502 quod
2941 2446 3261 2486 concessum
3292 2440 3373 2487 est
3394 2432 3613 2486 domino
3634 2435 3767 2485 Ain-

2166 2520 2360 2575 blardo
2390 2519 2547 2573 annis
2578 2519 2809 2591 singulis
2837 2520 3281 2591 persolvendum,
3304 2520 3449 2575 circa
3478 2520 3679 2574 festum
3704 2521 3760 2574 S.

2166 2608 2336 2663 Marci
2368 2607 2719 2678 evangelista:
2746 2608 2927 2662 debite
2957 2608 3319 2677 persolvatur,
3371 2608 3505 2663 sicut
3534 2607 3592 2661 fit
3621 2609 3764 2661 Car-

2168 2696 2391 2762 tbusiae,
2444 2696 2697 2751 videlicet
2740 2703 2798 2749 ut
2827 2712 2924 2766 pro
2956 2697 3075 2766 ipso
3104 2704 3157 2751 et
3185 2696 3295 2751 suis
3325 2696 3641 2767 parentibus
3676 2697 3769 2750 di-

2168 2791 2320 2838 catur
2348 2783 2527 2854 prima
2556 2784 2729 2837 oratio
2762 2785 3076 2839 Inclina....
3110 2786 3459 2855 famulorum
3481 2788 3535 2839 et
3565 2786 3768 2853 famu-

2171 2872 2355 2927 larum
2379 2891 2396 2938 ;
2428 2871 2625 2925 deinde
2654 2879 2947 2926 consuetae.

2239 2963 2325 3013 31.
2360 2959 2507 3013 Licet
2536 2967 2793 3014 statutum
2824 2960 2891 3012 sit
2923 2960 3067 3029 quod
3092 2977 3254 3030 super
3278 2976 3479 3015 annum
3504 2960 3763 3015 dicantur

2167 3046 2268 3101 sub
2320 3054 2469 3102 certo
2518 3063 2744 3101 numero
2788 3055 3005 3102 centum
3053 3049 3265 3115 breves,
3324 3057 3377 3103 et
3420 3064 3527 3103 non
3558 3048 3765 3103 debent

2167 3134 2355 3201 omitti,
2390 3151 2490 3189 nec
2519 3134 2586 3189 de
2614 3143 2808 3190 caetero
2857 3136 3126 3190 omittatur
3155 3136 3370 3207 antiqua
3419 3136 3764 3191 consuetudo

2167 3221 2222 3275 in
2268 3221 2480 3275 statutis
2528 3229 2781 3276 contenta
2821 3222 2890 3277 de
2938 3224 3199 3278 mittendo
3242 3232 3294 3278 et
3321 3224 3621 3277 nuntiando
3662 3239 3766 3293 per

2168 3309 2359 3363 domos
2415 3309 2621 3363 ordinis
2678 3310 2873 3364 breves
2904 3311 3221 3365 obeuntium
3274 3327 3652 3382 personarum,
3709 3319 3770 3364 ut

2167 3412 2267 3467 pro
2299 3396 2378 3450 eis
2408 3396 2621 3451 dicatur
2652 3397 2824 3450 oratio
2856 3398 3129 3468 specialis,
3163 3408 3215 3455 et
3235 3408 3633 3471 consequenter
3660 3414 3768 3469 pro

2170 3484 2291 3539 aliis
2319 3484 2526 3539 dicatur
2556 3485 2849 3555 generalis,
2884 3486 3137 3543 videlicet
3162 3503 3264 3557 pro
3294 3503 3401 3541 uno
3442 3487 3765 3559 singularis,

2169 3581 2222 3627 et
2263 3588 2360 3643 pro
2407 3572 2653 3643 pluribus
2693 3572 3017 3645 singularis,
3068 3575 3202 3631 sicut
3233 3575 3461 3630 habetur
3490 3575 3545 3629 in
3582 3582 3767 3630 statu-

2172 3668 2264 3719 tis.

2242 3761 2334 3813 32.
2374 3757 2785 3812 Ordinationem
2816 3755 2943 3811 olim
2975 3753 3173 3808 factam
3203 3751 3548 3806 admonendo
3578 3758 3774 3822 quate-

2169 3860 2269 3898 nus
2300 3845 2445 3899 omni
2492 3845 2578 3899 die
2624 3845 2829 3898 dicatur
2860 3843 3023 3896 missa
3053 3842 3111 3894 Î’.
3145 3840 3326 3894 Mariae
3370 3846 3493 3909 post
3540 3839 3768 3892 missam

2170 3932 2579 3986 conventualem
2601 3974 2613 3997 ,
2659 3932 2762 3986 alio
2793 3930 3178 4000 impedimento
3208 3935 3454 3983 cessante
3474 3968 3488 3993 ,
3540 3927 3675 3981 sicut
3706 3926 3770 3981 ï¬t

2171 4020 2468 4074 Carthusiaa
2488 4063 2503 4085 ,
2540 4020 2940 4090 approbamus,
2976 4026 3028 4072 et
3057 4025 3110 4070 ut
3140 4015 3481 4086 prazmissum
3512 4022 3621 4083 est,
3650 4014 3764 4068 ï¬at.

2171 4108 2301 4161 Item
2333 4108 2647 4161 ordinamus
2678 4115 2729 4161 et
2762 4107 3009 4162 volumus
3057 4104 3199 4175 quod
3244 4104 3473 4158 dicatur.

2244 4198 2336 4248 33.
2393 4194 2752 4249 Declaramus
2783 4194 2928 4266 quod
2977 4193 3031 4247 in
3079 4191 3333 4246 domibus
3362 4188 3679 4244 monialium
3714 4196 3774 4243 et

2175 4283 2597 4350 monachorum,
2658 4284 2852 4354 quibus
2899 4297 3008 4337 non
3042 4288 3165 4334 sunt
3194 4286 3269 4334 tot
3301 4278 3612 4333 sacerdotes
3645 4286 3779 4347 quot

2173 4370 2370 4423 missas
2423 4369 2671 4438 debitas,
2718 4369 2926 4425 etiamsi
2974 4368 3109 4422 ultra
3154 4367 3301 4421 illam
3351 4382 3455 4437 qua
3500 4365 3773 4419 debentur

2173 4457 2570 4511 hebdomadam
2592 4456 2921 4523 differantur,
2942 4456 3171 4511 reddere
3201 4470 3310 4509 non
3333 4452 3603 4508 sufï¬ciunt
3629 4470 3643 4517 ;
3667 4468 3771 4523 pro

2173 4544 2412 4615 qualibet
2428 4545 2593 4598 missa
2616 4545 2793 4598 debita
2814 4586 2827 4613 ,
2853 4560 2972 4615 qua:
2992 4544 3129 4597 solvi
3159 4558 3267 4597 non
3296 4540 3545 4612 potuerit,
3569 4540 3773 4610 psalmi

2173 4632 2561 4703 quinquaginta
2589 4632 2853 4697 dicantur,
2882 4632 3032 4699 juxta
3061 4630 3457 4686 ordinationem
3486 4636 3537 4682 et
3573 4627 3775 4699 dispo-

2171 4719 2421 4773 sitionem
2451 4719 2649 4789 prioris
2680 4720 2765 4773 vel
2797 4719 3000 4773 vicarii.

2243 4809 2329 4860 34.
2363 4807 2821 4861 Consuetudinem
2850 4806 3135 4861 domorum
3164 4806 3371 4860 ordinis
3398 4848 3409 4871 ,
3466 4806 3521 4861 in
3564 4807 3772 4877 quibus

2171 4894 2398 4964 singulis
2445 4895 2638 4948 diebus
2686 4895 2852 4948 missa
2896 4895 2962 4948 de
3013 4896 3071 4947 B.
3107 4893 3273 4947 Maria
3303 4894 3515 4966 virgine
3544 4895 3774 4961 dicitur,

2170 4989 2421 5052 tanquam
2452 4990 2695 5036 sanctam
2725 4991 2774 5036 et
2807 4981 3132 5035 laudabilem
3161 4982 3525 5052 approbamus
3554 4990 3606 5036 et
3638 4998 3777 5039 con-

2170 5068 2469 5135 firmamus,
2502 5078 2551 5124 et
2582 5069 2937 5124 admonentes
2959 5070 3012 5122 in
3045 5070 3275 5123 Domino
3306 5070 3595 5125 nonnullos
3616 5072 3780 5141 prio-

2169 5173 2256 5211 res
2282 5165 2335 5212 et
2364 5158 2657 5212 monachos
2687 5157 2895 5211 ordinis
2923 5157 3161 5227 praefatae
3200 5158 3575 5212 consuetudini
3624 5175 3777 5214 con-

2170 5245 2386 5308 trarios,
2422 5245 2565 5315 quod
2591 5244 2657 5297 ad
2689 5245 2947 5299 honorem
2980 5246 3077 5299 Dei
3105 5254 3156 5299 et
3202 5246 3260 5299 B.
3284 5234 3530 5316 Virginis
3562 5246 3775 5303 dictam

2169 5332 2614 5388 consuetudinem
2637 5331 2938 5389 devotionis
2968 5332 3223 5404 specialis
3242 5333 3433 5389 intuitu
3464 5333 3777 5391 imitemur.
