3960 6062
199 162 333 213 1133

1437 158 1748 215 STATUTA
1788 159 2119 229 ANTIQUA.

3348 168 3483 221 1134

269 284 356 336 35.
399 281 535 349 Quia
564 297 661 351 per
689 281 787 336 Dei
834 281 1066 353 gratiam
1114 297 1371 337 numerus
1430 285 1865 351 personarumA
1895 293 1971 339 tot
2002 284 2314 340 sacerdotes
2354 293 2483 355 quot
2510 285 2707 340 missas
2744 286 2976 352 debitas,
3037 286 3199 342 etiam
3259 289 3304 343 si
3340 289 3485 344 ultra

198 375 579 440 augmentatur
610 378 662 421 et
694 369 1409 439 domorum,consequenter
1430 369 1663 423 breviter
1692 386 1785 423 or-

199 456 469 523 dinamus,
503 456 649 526 quod
679 472 710 510 a
740 456 974 526 capitulo
1003 457 1247 526 generali
1280 473 1450 527 usque
1482 457 1550 510 ad
1580 457 1795 509 instan-

201 552 309 597 tem
330 544 673 599 Nativitatem
704 544 922 598 Domini
951 544 1099 598 omni
1145 560 1289 599 anno
1335 545 1528 599 breves
1557 548 1644 607 50,
1680 552 1732 599 et
1764 561 1793 597 a

198 632 488 686 Nativitate
518 648 691 703 usque
722 632 791 686 ad
822 632 1113 702 capitulum
1156 648 1392 703 sequens
1422 632 1646 687 totidem
1686 632 1795 686 dici

200 720 428 789 possint,
464 720 722 775 brevibus
753 720 871 773 aliis
901 720 989 791 qui
1038 736 1202 790 super
1254 736 1455 774 annum
1511 720 1794 774 mittuntur

199 809 253 860 in
286 810 387 862 hoc
416 824 645 863 numero
667 808 988 879 computatis
1024 808 1129 861 :ita
1162 816 1342 862 tamen
1373 808 1517 879 quod
1549 808 1655 862 duo
1674 807 1795 862 bre-

200 912 297 950 ves
328 898 381 949 in
412 896 755 950 hebdomada
784 896 1181 965 persolvantur.

273 987 367 1037 36.
404 984 615 1038 Novam
646 983 1078 1039 constitutionem
1114 983 1180 1039 de
1226 983 1509 1039 monachis
1539 982 1709 1039 semel
1738 982 1793 1036 in

202 1088 392 1125 mense
422 1072 888 1127 communicandis
918 1088 1017 1142 per
1048 1072 1232 1127 sedem
1265 1071 1619 1142 apostolicam
1665 1087 1794 1143 spe—

200 1158 413 1213 cialiter
444 1159 663 1228 editam,
696 1174 857 1214 causa
886 1158 1189 1214 devotionis
1218 1159 1435 1214 extendi
1456 1160 1705 1215 volumus
1726 1158 1796 1213 ad

201 1254 433 1312 nostros,
468 1262 591 1301 cum
621 1263 735 1317 pra:
764 1248 976 1302 caeteris
997 1246 1270 1318 religiosis
1288 1246 1562 1302 devotioni
1593 1247 1795 1302 debea—

202 1350 323 1387 mus
352 1334 669 1389 intendere:
700 1341 998 1389 statuentes
1027 1342 1082 1389 ut
1109 1334 1335 1406 quilibet
1363 1335 1665 1389 monachus
1686 1350 1796 1389 non

201 1422 480 1487 sacerdos,
515 1422 762 1485 clericus,
795 1422 1036 1477 redditus
1056 1423 1201 1493 apud
1242 1438 1341 1477 nos
1370 1423 1425 1476 in
1452 1422 1623 1492 prima
1680 1423 1796 1476 Do-

202 1509 403 1565 minica
433 1511 639 1565 mensis
694 1502 998 1577 cujuslibet,
1024 1510 1093 1564 ad
1129 1510 1307 1564 minus
1350 1511 1503 1579 juxta
1552 1518 1797 1565 tenorem

1891 373 2040 426 illam
2072 389 2177 444 qua
2199 373 2466 427 debentur
2483 374 2881 428 hebdomadam
2903 374 3230 444 differantur,
3258 378 3487 433 reddere

1892 476 2001 514 non
2033 460 2323 529 sufﬁciunt,
2358 477 2456 531 pro
2515 462 2751 532 qualibet
2797 462 2984 530 missa,
3028 480 3147 533 quae
3203 464 3342 518 solvi
3375 481 3483 520 non

1893 550 2083 619 potuit,
2103 549 2298 618 psalmi
2330 552 2396 602 50
2418 548 2667 603 dicantur
2681 550 2830 617 juxta
2860 550 3255 604 ordinationem
3287 560 3339 605 et
3369 552 3486 606 dis-

1894 636 2216 705 positionem
2249 635 2433 691 vicarii
2480 644 2532 691 et
2580 637 2826 703 rationis,
2890 653 2997 692 non
3030 646 3211 692 tamen
3269 647 3487 710 propter

1893 723 1996 778 hoc
2027 723 2291 778 moniales
2320 724 2568 778 omittant
2598 725 2827 779 reddere
2857 741 2956 795 pro
2987 725 3139 780 brevi
3156 742 3323 779 unum
3343 726 3489 797 psal-

1895 810 2107 879 terium,
2131 811 2266 867 sicut
2294 812 2350 866 in
2378 813 2533 866 novis
2577 813 2789 866 statutis
2819 812 3140 867 continetur.

1965 901 2057 954 4t.
2098 900 2381 955 Dominica
2432 900 2565 954 infra
2623 909 2839 955 octavas
2896 901 3238 957 eucharistiae
3293 902 3490 958 dicitur

1894 986 2078 1041 titulus
2107 988 2294 1057 primae
2322 988 2571 1043 lectionis
2598 990 2685 1043 Ex
2715 988 2886 1043 dictis
2904 994 3255 1046 sanctorum.

1968 1076 2053 1131 42.
2087 1074 2417 1130 Ordinamus
2460 1078 2605 1146 quoi
2633 1075 2826 1131 festum
2858 1078 2917 1131 B.
2976 1077 3221 1149 Hugonis
3252 1078 3494 1150 episcopi

1895 1162 2309 1230 Lincolniensis,
2345 1163 2618 1235 quondam
2648 1164 2901 1219 monachi
2932 1165 3226 1221 Carthusize
3258 1172 3309 1220 et
3338 1166 3493 1236 prio-

1896 1249 1973 1303 ris
2003 1249 2072 1305 de
2105 1251 2279 1307 Vifam
2303 1266 2426 1306 cum
2457 1251 2697 1306 candelis
2726 1260 2779 1306 et
2810 1252 3041 1322 capitulo
3072 1268 3172 1323 per
3201 1260 3371 1308 totum
3397 1268 3492 1308 or-

1897 1338 2079 1392 dinem
2111 1338 2435 1393 celebretur.
2471 1340 2729 1394 Conversi
2758 1340 2827 1394 ab
2844 1340 3103 1409 operibus
3123 1356 3230 1395 non
3253 1349 3491 1408 cessent,

1897 1441 1999 1481 nec
2028 1426 2265 1481 habeant
2320 1426 2631 1498 capitulum.
2678 1429 2737 1481 In
2788 1428 2975 1497 primis
3022 1429 3267 1498 vesperis
3328 1445 3495 1500 super

1896 1514 2138 1585 psalmos
2160 1514 2321 1569 debet
2350 1514 2765 1586 diciantiphona
2795 1514 2970 1585 prima
2999 1514 3066 1570 de
3095 1515 3496 1574 laudibusEcce

205 1597 479 1669 praedictae
540 1597 938 1653 constitutionis
983 1613 1105 1653 cum
1164 1598 1347 1652 debita
1401 1598 1869 1691 praeparationeB
1898 1602 2154 1657 sacerdos
2191 1620 2449 1673 magnus,
2492 1610 2543 1658 et
2601 1604 2899 1659 secundum
2958 1605 3390 1675 responsorium,
3442 1612 3495 1661 et

205 1686 546 1741 eucharistiae
576 1686 799 1755 recipiat
838 1693 1263 1742 sacramentum.

277 1777 370 1828 37.
410 1774 691 1828 Monemus
722 1782 899 1829 autem
929 1773 1240 1829 sacerdotes
1272 1788 1400 1828 raro
1434 1773 1794 1841 celebrantes,

207 1862 353 1932 quod
386 1862 453 1915 de
479 1870 678 1916 caetero
710 1877 769 1916 se
816 1869 1126 1931 praeparent
1154 1869 1205 1916 et
1236 1860 1546 1931 disponant.

1900 1689 2068 1745 missa
2097 1690 2213 1745 sine
2254 1690 2522 1761 symbolo.

1970 1780 2060 1832 43.
2094 1778 2415 1833 Declaratur
2444 1779 2590 1849 quod
2619 1778 2788 1833 missa
2828 1778 2950 1834 festi
2980 1779 3141 1834 trium
3197 1779 3494 1836 lectionum

1904 1866 2163 1920 eveniens
2184 1865 2239 1920 in
2256 1866 2343 1921 die
2370 1866 2628 1921 Cinerum
2650 1874 2702 1921 et
2719 1866 2999 1937 deinceps,
3024 1876 3250 1938 propter
3269 1867 3496 1923 missam

278 1953 364 2003 38.
400 1951 623 2019 Pr0pter
661 1948 898 2003 ofﬁcium
939 1948 1344 2004 benefactorum
1395 1949 1450 2002 ὃ.
1514 1947 1796 2017 Stephani,
1894 1953 2087 2022 jejunii
2118 1969 2229 2008 non
2256 1954 2569 2025 impeditur,
2605 1955 2701 2009 sed
2732 1955 2796 2008 ab
2836 1955 3265 2011 hebdomadario
3294 1963 3378 2013 est
3406 1956 3495 2012 di-

206 2036 581 2091 Cluniacensis
612 2044 665 2091 et
694 2036 912 2106 capituli
943 2037 1238 2108 generalis,
1273 2053 1342 2091 ne
1374 2036 1539 2089 nimis
1570 2035 1799 2089 differa-

206 2132 314 2191 tur,
344 2124 593 2179 concedit
622 2124 764 2195 quod
792 2124 964 2195 possit
985 2124 1267 2179 transferri
1318 2123 1749 2179 anniversarium
1783 2140 1797 2176 :

208 2212 312 2267 alia
343 2228 451 2267 non
487 2212 861 2267 anniversaria
890 2229 1008 2283 quae
1057 2211 1474 2277 transferuntur,
1525 2211 1804 2265 solvantur

208 2308 262 2356 et
290 2300 583 2355 reddantur
612 2300 830 2372 quando
862 2307 915 2355 et
946 2300 1080 2355 sicut
1108 2300 1163 2353 in
1208 2299 1413 2354 nostris
1463 2298 1801 2354 constitutio-

209 2389 367 2443 nibus
396 2388 723 2443 continetur.
1576 2412 1579 2413 ν

283 2480 369 2530 39.
406 2476 705 2545 Qumstioni
736 2475 889 2531 factae
933 2476 1001 2530 de
1055 2474 1193 2529 festo
1222 2476 1283 2529 B.
1344 2473 1563 2529 Antonii
1612 2480 1665 2528 et
1685 2473 1802 2541 ejus

212 2563 391 2620 ofﬁcio
413 2565 793 2634 respondetur,
843 2571 895 2618 et
925 2563 1060 2619 sicut
1092 2561 1148 2616 fit
1178 2563 1231 2616 in
1282 2562 1590 2625 Carthusia,
1623 2576 1802 2615 sermo

213 2662 269 2715 in
300 2662 573 2716 matutinis
606 2662 779 2717 Omne
810 2662 954 2733 quod
981 2663 1222 2731 agimus,
1274 2668 1402 2724 etc.,
1455 2658 1804 2729 evangelium

210 2757 322 2805 tam
353 2751 423 2805 ad
451 2750 740 2804 matutinas
762 2766 920 2821 quam
942 2750 1010 2803 ad
1040 2749 1288 2815 missam,
1322 2748 1517 2818 Siquis
1558 2748 1708 2802 venit
1731 2747 1803 2801 ad

209 2855 318 2904 me,
344 2846 471 2903 etc.,
502 2838 792 2893 homiliaB.
814 2837 1070 2909 Gregorii
1087 2851 1261 2905 papze,
1291 2835 1799 2891 Siconsideremus.

210 2926 461 2980 Introitus
482 2925 663 2980 missae
695 2927 762 2981 Os
768 2927 935 2997 justi,
971 2932 1022 2979 et
1053 2923 1282 2993 epistola
1302 2924 1527 2978 Iustum
1540 2922 1800 2977 deduxit.

283 3015 367 3067 40.
403 3014 536 3068 Cum
563 3014 860 3069 secundum
891 3020 1147 3067 statutum
1179 3011 1384 3065 ordinis
1416 3010 1667 3065 monachi
1697 3024 1808 3063 non

213 3102 531 3156 sacerdotes
570 3111 620 3157 et
650 3101 915 3156 moniales
944 3100 1066 3156 loco
1086 3097 1559 3154 misszetricenarii
1583 3100 1649 3151 50
1670 3096 1808 3167 psal-

210 3206 330 3244 mos
362 3189 545 3244 dicere
575 3197 861 3244 teneantur
893 3204 906 3243 :
968 3188 1214 3243 similiter
1253 3186 1613 3249 declaramus,
1665 3184 1808 3254 quod

212 3278 267 3331 in
299 3277 551 3332 domibus
579 3277 896 3332 monialium
926 3284 978 3332 et
1006 3274 1416 3339 monachorum,
1442 3273 1533 3327 ubi
1553 3288 1662 3326 non
1684 3279 1809 3325 sunt

1902 2042 2095 2096 cenda.

1974 2130 2060 2183 44.
2094 2130 2228 2183 Item
2263 2128 2572 2185 declaratur
2601 2129 2744 2201 quod
2792 2130 3010 2201 quando
3069 2130 3254 2202 plures
3300 2133 3497 2190 breves

1903 2216 2157 2271 eveniunt
2186 2216 2240 2270 in
2279 2217 2645 2283 hebdomada,
2679 2226 2732 2272 et
2770 2218 2966 2272 missas
2997 2219 3152 2273 reddi
3200 2221 3500 2276 secundum

1903 2304 2121 2374 antiqua
2141 2311 2343 2358 statuta
2391 2320 2513 2359 cum
2544 2304 2655 2358 suis
2684 2306 2922 2375 prepriis
2981 2306 3337 2377 orationibus,
3389 2320 3501 2362 non

1904 2391 2149 2446 obstante
2172 2392 2318 2463 quod
2346 2392 2415 2447 de
2437 2392 2646 2447 duobus
2677 2393 2933 2447 brevibus
2981 2394 3226 2449 dicendis
3254 2393 3309 2448 in
3364 2395 3499 2450 heb-

1904 2480 2138 2535 domada
2188 2488 2270 2534 est
2315 2487 2588 2534 statutum.
2640 2480 2696 2534 Si
2728 2488 2907 2536 tamen
2935 2481 3120 2550 plures
3177 2497 3340 2552 quam
3395 2483 3503 2538 duo
3564 2487 3574 2498 '

1903 2568 2101 2623 breves
2128 2567 2183 2621 in
2209 2567 2549 2621 hebdomada
2576 2568 2901 2637 contigerint
2949 2569 3188 2637 evenire,
3223 2567 3354 2641 quot
3380 2570 3502 2640 plus

1906 2655 2174 2722 evenient,
2210 2662 2287 2710 tot
2314 2655 2493 2709 minus
2522 2655 2770 2711 dicentur
2807 2656 2863 2710 in
2903 2657 3243 2712 hebdomada
3298 2658 3499 2714 subse-

1908 2743 2112 2814 quenﬁ.

1979 2832 2065 2885 45.
2098 2831 2158 2885 In
2188 2830 2325 2885 festo
2356 2832 2425 2886 de
2447 2831 2811 2901 Conceptione
2840 2833 2897 2885 B.
2934 2832 3113 2887 Mariae
3141 2832 3354 2889 dicatur
3382 2832 3502 2892 loce

1910 2918 2318 2989 Coneeptionis,
2352 2920 2858 2988 Sanctiﬁcationis.

1981 3007 2065 3061 46.
2098 3007 2453 3061 Declaramus
2483 3007 2627 3077 quod
2670 3008 2887 3076 quando
2916 3010 3156 3064 occurrit
3184 3011 3505 3067 anniversa-

1907 3094 2044 3148 rium
2077 3103 2347 3163 praesente
2370 3094 2643 3161 defuncto,
2666 3095 2784 3147 duae
2817 3095 3047 3165 agendae
3078 3098 3269 3153 eodem
3283 3099 3372 3154 die
3402 3099 3505 3155 de-

1908 3182 2038 3235 bent
2066 3181 2194 3246 dici,
2230 3197 2337 3236 una
2368 3182 2619 3237 videlicet
2641 3182 2998 3237 anniversarii
3028 3193 3153 3254 post
3173 3201 3429 3258 vesperas
3448 3185 3505 3242 in

1909 3268 2162 3337 ecclesia,
2196 3277 2248 3325 et
2279 3270 2384 3324 alia
2414 3285 2566 3325 more
2595 3269 2752 3325 solito
2764 3286 2936 3341 prope
2962 3270 3141 3327 funus.

1804 3501 1905 3571 V.

498 3654 810 3721 STATUTA
853 3651 1169 3708 CAPITULI
1209 3648 1607 3705 GENERALIS
1648 3645 1935 3702 ORDINIS
1974 3643 2524 3699 CARTIIUSIENSIS
2562 3644 2775 3699 EDITA
2813 3647 3011 3703 ANNO
3066 3652 3223 3705 1261.

1500 3746 1605 3812 (Ex
1635 3760 1738 3797 ms.
1770 3742 2004 3798 Colbert.
2038 3742 2223 3810 3807.)

285 3881 337 3931 1.
371 3878 527 3929 Anno
550 3873 764 3928 Domini
796 3876 951 3939 1261,
986 3879 1242 3926 statutum
1284 3876 1367 3924 est
1397 3868 1543 3939 quod
1572 3866 1725 3937 prior
1755 3872 1807 3918 et

213 3972 535 4034 procurator
559 3968 787 4032 possunt
809 3961 993 4015 dicere
1044 3960 1275 4014 Ptacebo
1335 3964 1388 4009 et
1437 3958 1624 4025 Dirige
1686 3960 1809 4022 post

214 4067 436 4113 nonam,
471 4050 684 4120 quando
719 4056 839 4102 sunt
888 4056 1041 4102 extra
1098 4052 1444 4108 conventum,
1501 4052 1555 4098 et
1609 4040 1809 4096 inﬁrmi

218 4139 487 4193 similiter.

283 4232 342 4285 2.
374 4229 528 4290 Item,
563 4225 708 4296 quod
738 4225 932 4280 domus
956 4222 1120 4277 Vallis
1144 4221 1338 4276 Viridis
1367 4217 1537 4289 possit
1568 4216 1809 4271 scribere

217 4315 438 4371 domino
468 4330 620 4383 papae
651 4328 747 4382 pro
778 4312 880 4365 sibi
910 4310 1258 4366 necessariis.

288 4408 341 4457 3.
376 4404 530 4466 Item,
555 4409 854 4457 conventus
885 4416 991 4454 non
1022 4398 1308 4454 comedent
1339 4402 1491 4448 extra
1515 4392 1732 4445 domos.

289 4493 342 4545 4.
375 4490 600 4558 Recepti
639 4497 690 4543 et
748 4486 1045 4558 recipiendi
1102 4487 1170 4539 de
1218 4482 1407 4538 ordine
1466 4480 1733 4533 Minorum
1762 4484 1814 4532 et

216 4578 638 4633 Przedicatorum
669 4592 776 4631 non
807 4583 1033 4645 possunt
1080 4573 1283 4627 habere
1324 4566 1659 4623 obedientias
1689 4582 1813 4621 cum

218 4682 367 4730 cura,
392 4666 508 4718 sine
539 4663 944 4733 dispensatione
976 4662 1172 4715 summi
1202 4657 1489 4730 pontificis.
1511 4654 1621 4724 Ipsi
1651 4654 1812 4707 etiam

221 4754 312 4825 qui
341 4753 573 4823 professi
605 4752 818 4806 fuerunt
846 4752 900 4804 in
930 4749 1203 4821 praedictis
1234 4746 1512 4802 ordinibus
1542 4742 1628 4796 vel
1648 4742 1704 4795 in
1721 4741 1813 4796 Ci-

222 4841 525 4905 stercieusi,
560 4857 669 4894 non
714 4847 940 4909 possunt
986 4839 1199 4908 aliquas
1256 4831 1594 4889 obedientias
1654 4830 1813 4883 etiam

222 4930 338 4983 sine
369 4946 501 4984 cura
532 4929 736 4983 habere
764 4928 817 4981 in
848 4926 1035 4981 ordine
1066 4934 1252 4980 nostro
1276 4924 1391 4977 sine
1409 4917 1816 4988 dispensatione

221 5018 441 5088 capituli
472 5016 762 5087 generalis.

295 5109 347 5159 5.
380 5105 596 5159 Priores
625 5121 729 5158 non
774 5104 904 5158 dent
934 5102 1145 5157 vicariis
1203 5096 1517 5172 generalem
1576 5099 1817 5163 potesta-

223 5202 353 5259 tem,
386 5192 490 5246 nisi
521 5193 575 5245 in
632 5207 764 5247 casu
813 5190 1079 5246 evidentis
1146 5185 1488 5243 necessitatis
1536 5180 1622 5235 vel
1678 5179 1819 5233 utili-

228 5282 376 5337 tatis.

266 5374 269 5375 ⁷
299 5374 351 5424 6.
383 5367 655 5424 Beneficia
683 5365 1175 5423 anniversariorum
1192 5364 1528 5435 privatorum
1557 5380 1667 5419 non
1696 5362 1822 5418 fiant

225 5458 421 5515 diebus
470 5456 773 5513 secundum
823 5455 1099 5526 antiquam
1157 5452 1609 5509 consuetudinem
1665 5451 1822 5507 absti-

1836 4297 1886 4354 D

1908 3863 2105 3917 nentiaa
2135 3862 2408 3932 deputatis
2442 3881 2455 3928 ;
2492 3871 2715 3933 possunt
2748 3873 2926 3919 tamen
2956 3864 3071 3921 fieri
3090 3867 3145 3921 in
3177 3866 3514 3938 quibuslibet

1909 3951 2061 4005 festis
2109 3950 2348 4021 capituli,
2402 3951 2688 4018 cujuslibet
2717 3952 2912 4007 domus
2955 3957 3346 4012 consuetudine
3403 3973 3513 4015 non

1910 4040 2185 4094 obstante.
2230 4038 2366 4092 lllud
2386 4039 2549 4093 etiam
2572 4039 2717 4109 quod
2746 4040 2961 4095 dabitur
2977 4042 3113 4097 feria
3144 4058 3225 4111 III,
3259 4045 3345 4099 vel
3364 4045 3506 4100 Sab-

1912 4128 2053 4194 bato,
2088 4128 2257 4196 possit
2302 4143 2401 4196 pro
2447 4127 2715 4182 beneﬁcio
2768 4130 3131 4185 anniversarii
3185 4135 3512 4203 computari,

1912 4215 2170 4285 quidquid
2194 4215 2264 4267 sit
2290 4214 2444 4267 illud.

1989 4304 2041 4355 7.
2076 4303 2343 4355 Statutum
2374 4301 2442 4355 de
2472 4300 2721 4355 facienda
2771 4303 3006 4373 coquina
3061 4320 3158 4374 per
3212 4308 3511 4364 monachos

1917 4388 2087 4443 semel
2118 4388 2170 4441 in
2196 4404 2381 4442 mense
2413 4398 2722 4443 revocatur.

1986 4481 2036 4530 8.
2070 4476 2259 4529 Nullus
2289 4476 2525 4545 appellet
2554 4476 2659 4529 nisi
2689 4476 2758 4530 ad
2788 4477 3080 4546 capitulum
3137 4482 3395 4553 generale
3423 4484 3512 4540 vel

1915 4565 1983 4619 ad
2004 4563 2237 4633 priorem
2271 4563 2591 4627 Carthusiae,
2626 4564 2777 4617 aliter
2792 4567 3068 4634 appellans
3084 4569 3331 4624 ordinem
3354 4571 3513 4626 amit—

1914 4660 2006 4706 tat.
2041 4652 2096 4706 Si
2136 4659 2315 4705 autem
2363 4650 2564 4718 judicio
2623 4652 2843 4720 capituli
2898 4657 3299 4722 pronuntiatum
3350 4658 3512 4714 fuerit

1914 4741 2085 4809 ipsam
2117 4739 2535 4809 appellationem
2563 4740 2815 4807 injustam
2856 4740 3045 4807 fuisse,
3086 4743 3132 4796 is
3161 4744 3251 4813 qui
3283 4745 3363 4799 sic
3408 4762 3509 4817 ap-

1914 4828 2134 4897 pellavit
2162 4828 2315 4893 juxta
2348 4826 2567 4878 modum
2597 4826 2768 4895 culpae
2790 4828 3033 4898 graviter
3060 4830 3331 4899 puniatur.

1988 4927 2038 4975 9.
2072 4922 2264 4975 Nullus
2285 4921 2535 4990 appellet,
2582 4930 2633 4975 et
2690 4924 3081 4978 correctionem
3134 4926 3237 4979 nisi
3290 4944 3510 4999 gravem

1918 5018 1970 5064 et
2000 5010 2343 5064 manifestam
2375 5009 2674 5062 contineret
2694 5009 3049 5079 iniquitatem.
3084 5014 3513 5082 Appellationem

1920 5106 2101 5153 autem
2126 5113 2441 5168 quacunque
2470 5112 2535 5151 ex
2566 5112 2729 5150 causa
2769 5096 3021 5150 emissam
3070 5115 3179 5154 non
3209 5118 3513 5175 prosequa_

1921 5196 2005 5241 tur
2031 5187 2084 5240 in
2107 5185 2327 5256 propria
2348 5199 2603 5254 persona,
2637 5184 2732 5237 sed
2763 5200 2861 5254 per
2902 5186 3147 5241 nuntium
3178 5198 3231 5243 et
3284 5191 3511 5259 litteras,

1921 5283 1974 5330 et
2001 5275 2211 5346 priores
2241 5281 2527 5327 teneantur
2555 5272 2608 5325 in
2640 5273 2744 5327 hoc
2773 5288 2900 5326 casu
2928 5273 3236 5331 ministrare
3287 5279 3515 5335 subditis

1922 5362 2034 5417 suis
2064 5360 2312 5416 nuntium
2345 5368 2399 5415 et
2432 5375 2724 5431 expensas.

1994 5452 2080 5505 10.
2118 5448 2379 5507 Conversi
2410 5455 2462 5503 et
2490 5447 2687 5502 redditi
2716 5454 3003 5504 teneantur
3032 5451 3319 5509 ostendere
3346 5459 3397 5510 et
3419 5468 3517 5510 ex-
