3960 6062
460 110 596 163 1135

1699 94 1984 151 ORDINIS
2022 93 2513 151 CARTHUSIANI.

3622 89 3774 144 1136

460 246 663 302 ponere
738 227 996 284 voluntati
1052 224 1265 296 prioriS,
1300 223 1403 278 vel
1472 222 1631 277 etiam
1685 217 2124 290 procuratoriSA
2156 221 2579 293 professionem,
2632 227 2687 273 ut
2716 217 2992 289 promittat
3067 217 3236 289 priori
3288 216 3671 272 obedientiam
3722 215 3779 269 in

461 317 721 389 quidquid
755 316 952 369 habent
980 314 1033 368 in
1068 313 1219 368 cellis
1267 311 1351 366 vel
1381 310 1527 371 alibi,
1591 307 2052 379 quostiescunque

458 407 528 460 ab
559 406 691 475 ipsis
709 420 873 474 super
901 405 1003 457 hoc
1032 401 1230 455 fuerint
1289 396 1550 469 requisiti,
1604 413 1671 450 ne
1731 394 2051 449 sententiam

460 489 1033 549 excommunicationis
1053 497 1237 543 contra
1268 483 1660 557 proprietarios
1692 484 1847 537 latam
1866 482 2051 536 incur-

460 588 599 636 rant.

530 672 652 722 110.
685 666 915 735 Quando
961 663 1154 735 aliquis
1196 661 1494 717 monachus
1524 660 1591 713 de
1623 659 1813 713 ordine
1846 658 2049 712 Cister-

457 756 627 812 ciensi
651 756 735 811 vel
767 755 1061 825 Nigrorum
1122 750 1263 821 apud
1316 766 1415 803 nos
1462 748 1585 801 facit
1632 746 2045 817 professionem,

456 860 563 900 non
595 842 950 906 benedicitur,
986 840 1031 893 si
1061 841 1111 892 in
1144 855 1240 893 suo
1282 838 1473 892 ordine
1500 836 1653 890 fuerit
1709 834 2046 889 benedictus.

458 932 666 987 Cmtera
698 939 877 985 tamen
912 928 1052 991 facit,
1100 926 1353 981 videlicet
1401 940 1613 980 versum
1660 925 1886 993 Suscipe
1938 938 2047 986 me,

458 1022 709 1083 Domine,
739 1018 879 1071 orari
912 1032 1011 1087 pro
1043 1032 1101 1068 se
1136 1014 1389 1083 postulat,
1424 1010 1972 1083 professionemlcgit
1997 1016 2049 1063 et

452 1106 827 1163 communicat.

526 1198 611 1249 12.
643 1194 698 1247 Si
729 1192 921 1263 aliquis
977 1190 1282 1244 intirmetur
1335 1187 1475 1241 infra
1514 1186 1773 1240 terminos
1829 1192 2048 1239 nostros

450 1291 561 1337 tam
591 1281 841 1352 graviter,
867 1278 1012 1350 quod
1033 1294 1140 1332 non
1172 1285 1357 1346 posset
1396 1274 1601 1328 intrare
1660 1274 1917 1328 terminos
1945 1289 2042 1343 pe-

452 1371 550 1425 des
590 1368 675 1423 vcl
708 1384 894 1438 eques,
923 1382 1031 1420 non
1057 1372 1231 1435 potest
1262 1363 1433 1432 recipi
1463 1362 1547 1415 vel
1579 1361 1727 1415 indui
1775 1361 2043 1415 ordinate.

524 1462 610 1511 13.
644 1456 846 1511 Novitii
876 1471 979 1508 non
999 1453 1195 1507 faciant
1224 1450 1625 1520 professionem
1682 1448 1784 1501 nisi
1825 1447 2046 1518 proprio

2156 317 2443 365 conventu.

2224 400 2318 453 24.
2360 400 2416 450 In
2450 406 2641 452 octava
2672 396 2982 451 Nativitatis
3013 394 3226 449 Domini
3260 393 3457 449 dicitur
3504 392 3777 464 prmfatio

2154 486 2221 541 de
2243 486 2541 550 nativitate,
2577 494 2630 539 et
2662 485 3176 544 Communicanles,
3200 490 3252 536 et
3290 484 3442 537 Hanc
3475 483 3699 551 igitur.

2222 578 2316 631 25.
2371 573 2603 641 Quando
2633 572 2912 643 Apparitio
2942 570 3156 626 Domini
3186 570 3240 623 in
3296 569 3570 624 dominica
3623 585 3771 624 con-

2153 662 2329 733 tingit,
2366 661 2423 715 fit
2455 660 2899 717 commemoratio
2930 660 2997 714 de
3026 658 3319 728 dominica,
3352 668 3399 713 et
3432 665 3561 711 sunt
3615 656 3773 710 anti-

2152 752 2348 820 phonze
2372 751 2507 805 Cum
2528 754 2719 821 factus
2751 753 2914 813 esset,
2961 757 3064 802 etc.

2221 841 2309 895 26.
2355 839 2479 892 Post
2506 838 2765 892 lectiones
2797 837 2862 891 de
2893 835 3189 907 prophetis,
3226 850 3347 890 cum
3388 833 3769 889 terminantur

2153 943 2276 982 cum
2308 928 2582 999 Explicit,
2617 925 2846 981 dicitur:
2891 926 2964 979 Tu
2998 929 3207 991 autem,
3247 924 3499 978 Domine.

2221 1018 2311 1071 27.
2348 1017 2405 1068 In
2430 1015 2567 1068 festo
2599 1013 2925 1068 inventionis
2947 1013 3001 1067 S.
3030 1011 3290 1082 Stephani
3320 1011 3575 1065 dicuntur
3609 1008 3764 1063 anti-

2149 1105 2347 1176 phonre
2371 1112 2422 1158 et
2445 1102 2814 1172 responsoria,
2832 1100 2967 1155 sicut
2990 1101 3044 1153 in
3066 1108 3251 1155 octava
3270 1098 3457 1153 natalis
3477 1098 3759 1166 ejusdem.

2219 1214 2308 1268 28.
2352 1210 2584 1264 Feriaiv
2624 1215 2676 1261 et
2723 1222 2775 1260 vr
2809 1206 3137 1275 jejuniorum
3169 1203 3760 1276 quadragesimalium,

2148 1307 2272 1369 post
2304 1298 2436 1352 alias
2466 1294 2742 1352 orationes
2771 1295 2969 1349 dicitur
2989 1294 3179 1359 oratio,
3228 1294 3617 1362 Omnipotens,
3660 1293 3762 1362 qui

2148 1402 2419 1442 vworum.

2218 1478 2305 1532 29.
2342 1476 2398 1529 In
2429 1473 2609 1527 missis
2639 1471 3037 1536 defunctorum,
3073 1469 3128 1521 in
3186 1467 3381 1538 quibus
3426 1483 3493 1521 ex
3550 1466 3755 1520 ordine

448 1547 632 1617 priore
662 1551 951 1631 “mm,
986 1540 1071 1595 vel
1104 1540 1210 1593 alio
1241 1538 1306 1593 de
1328 1538 1513 1631 omni“:
1537 1545 1723 1591 Ποδῃό
1744 1535 2040 1606 permlun'
2064 1566 2115 1623 B
2147 1565 2308 1619 debet
2338 1562 2445 1618 dici
2478 1570 2677 1617 tractus
2721 1563 2796 1615 De
2838 1557 3155 1631 pro/undis,
3204 1535 3414 1611 dicatur
3466 1554 3749 1618 introitus,

450 1642 612 1689 tatem
637 1634 771 1700 ejus,
799 1630 841 1683 si
874 1645 1117 1699 prmsens
1159 1643 1266 1681 non
1307 1626 1473 1695 possit
1507 1641 1649 1679 esse.

522 1736 606 1787 14.
644 1731 877 1787 Cuilibet
913 1738 1141 1783 statuum
1181 1727 1353 1782 nostri
1384 1726 1609 1791 ordinis,
1672 1724 1880 1779 scilicet
1919 1739 2043 1777 mo-

446 1823 768 1885 nachorum,
800 1832 1193 1875 conversorum
1223 1824 1275 1869 et
1325 1814 1679 1878 redditorum,
1730 1812 1849 1866 loco
1882 1811 2043 1864 trium

445 1908 710 1964 inutilium
740 1912 968 1978 possunt
996 1904 1121 1959 addi
1152 1912 1262 1957 tres
1292 1901 1470 1955 utiles.

518 2014 605 2065 15.
638 2009 832 2065 Nullus
853 2013 1148 2078 praesumat
1170 2019 1472 2074 proponere
1494 2001 1692 2072 aliquid
1712 2001 1781 2055 ad
1803 2007 2043 2055 statuen-

446 2099 596 2163 dum,
630 2113 730 2167 per
757 2095 903 2167 quod
932 2092 1185 2163 antiquus
1214 2092 1360 2161 rigor
1378 2089 1586 2144 ordinis
1615 2089 1906 2155 minuatur,
1924 2088 2042 2157 qui-

447 2201 662 2256 cunque
695 2199 822 2239 vero
873 2184 977 2236 hoc
1020 2179 1227 2243 fecerit,
1258 2187 1309 2233 et
1364 2177 1597 2231 monitus
1627 2193 1657 2229 a
1686 2176 1869 2245 priore
1900 2176 2039 2231 Car-

447 2274 638 2327 thusize
668 2271 753 2326 vel
784 2285 815 2324 a
836 2268 1207 2324 definitoribus
1239 2282 1457 2321 cessare
1487 2264 1736 2330 noluerit,
1764 2263 1881 2332 ipso
1895 2262 2040 2318 facto

446 2360 635 2415 ordine
658 2359 725 2413 sit
754 2357 1013 2428 privatus.
1786 2424 1791 2425 γ

516 2466 604 2520 16.
637 2463 985 2517 Visitationes
1038 2460 1321 2514 domorum
1380 2457 1690 2521 Catalonim,
1727 2455 1939 2526 Anglize
1987 2463 2040 2509 et

442 2551 745 2609 Sclavoniae
775 2558 828 2606 et
858 2550 914 2604 S.
959 2546 1336 2603 Bartholomaei
1383 2553 1437 2600 et
1494 2552 1818 2599 caeterarum
1846 2542 2035 2597 domo-

444 2656 564 2696 rum
581 2640 809 2694 multum
840 2644 1171 2692 remotarum
1203 2649 1235 2688 a
1291 2632 1572 2687 Carthusia
1606 2647 1715 2685 non
1773 2629 1903 2684 fiant
1932 2629 2037 2684 nisi

440 2743 584 2782 anno
607 2725 889 2789 bissextili,
926 2723 1030 2777 nisi
1050 2721 1285 2791 capitulo
1315 2720 1403 2773 vel
1432 2718 1603 2789 priori
1624 2718 1921 2773 Carthusias
1949 2717 2035 2772 vi-

440 2816 658 2871 deretur
690 2811 1015 2884 quandoque
1046 2809 1200 2864 aliter
1242 2807 1569 2862 faciendum.

2146 1653 2405 1721 Requiem
2429 1655 2727 1705 (eternam.

2216 1744 2304 1793 30.
2339 1737 2591 1806 Qualibet
2622 1734 2966 1790 hebdomada
2996 1732 3160 1786 totius
3188 1731 3313 1784 anni
3344 1730 3598 1784 dicuntur
3642 1730 3752 1784 duo

2143 1828 2357 1891 breves,
2391 1833 2442 1880 et
2472 1842 2579 1879 non
2609 1824 2794 1894 plures
2824 1837 2997 1892 usque
3025 1820 3092 1874 ad
3121 1819 3412 1889 capitulum
3455 1817 3747 1888 generale,

2144 1914 2319 1969 nisiin
2370 1929 2477 1967 una
2525 1910 2869 1967 hebdomada
2915 1908 3100 1979 plures
3148 1923 3398 1977 persona:
3446 1906 3500 1960 in
3559 1905 3749 1976 aliqua

2144 2004 2304 2058 domo
2337 2002 2679 2064 decederent,
2713 1999 2796 2053 vel
2817 1998 2920 2051 alia
2952 1996 3204 2050 subesset
3234 1995 3409 2065 aliqua
3438 1994 3583 2061 justa
3616 2009 3748 2049 cau-

2144 2107 2220 2144 sa.
2254 2092 2392 2144 Nam
2424 2098 2543 2159 post
2571 2087 2864 2157 capitulum
2896 2083 3156 2156 generale
3186 2084 3438 2137 dicuntur
3454 2081 3667 2152 plures,
3696 2082 3743 2135 si

2142 2194 2253 2233 non
2290 2175 2603 2232 sufficerent
2632 2173 2909 2228 antedicti.

2212 2287 2299 2337 3t.
2325 2282 2542 2336 Priores
2570 2295 2679 2334 non
2716 2286 3000 2333 teneantur
3058 2276 3210 2346 sequi
3270 2275 3558 2330 consilium
3602 2290 3745 2329 con-

2141 2387 2419 2426 vcrsorum
2456 2370 2510 2422 in
2540 2366 2851 2436 receptione
2871 2365 3121 2429 aliorum,
3156 2363 3259 2418 nisi
3282 2363 3511 2418 viderint
3564 2379 3741 2433 expe-

2139 2459 2277 2513 dire.

2209 2550 2297 2603 32.
2331 2544 2593 2600 Conversi
2636 2550 2690 2620 et
2718 2540 2911 2623 redditi
2940 2539 3344 2596 communicare
3359 2538 3742 2594 debentindie

2137 2633 2495 2705 professionis
2524 2646 2657 2687 suae.

2208 2744 2295 2794 33.
2321 2738 2669 2809 Hospitantes
2697 2736 2753 2791 in
2783 2736 2945 2791 domo
2964 2734 3033 2789 de
3054 2734 3315 2789 Plantatis
3340 2733 3474 2788 nihil
3504 2732 3735 2801 ibidem,

2136 2836 2335 2899 praeter
2371 2843 2437 2882 ea
2491 2842 2612 2898 qua:
2655 2841 2751 2896 per
2796 2824 2919 2878 illos
2958 2824 3025 2878 de
3084 2823 3141 2877 S.
3178 2823 3414 2878 Roberto
3459 2821 3736 2893 promissa

511 2921 599 2975 17.
632 2917 951 2988 Quicunque
980 2915 1050 2970 de
1079 2911 1471 2970 incontinentia
1500 2910 1766 2966 indicibili
1799 2909 2037 2965 convicti
2068 2909 2113 2969 Ο
2134 2924 2276 2981 sum,
2310 2915 2605 2986 requiram,

437 3008 633 3064 fuerint
664 3005 749 3061 vel
787 3003 1042 3067 confessi,
1096 3008 1357 3072 perpetuo
1416 3000 1619 3055 carceri
1660 2998 2035 3070 mancipantur

437 3096 554 3152 sine
582 3111 679 3165 spe
733 3090 1155 3148 deliberationis.

510 3205 597 3255 18.
632 3198 873 3270 Singula:
902 3198 1092 3251 domus
1122 3195 1293 3249 nostri
1323 3194 1525 3249 ordinis
1572 3209 1849 3249 carcerem
1881 3191 2033 3246 suffi-

438 3288 669 3344 cientem
699 3287 950 3353 habeant,
983 3285 1038 3338 in
1069 3299 1175 3355 quo
1208 3284 1275 3336 ad
1308 3283 1582 3354 agendam
1639 3281 2029 3351 paenitentiam,

436 3376 784 3431 recludantur
801 3372 1097 3437 criminosi,
1134 3379 1185 3425 et
1215 3370 1390 3425 omnis
1420 3370 1511 3440 qui
1541 3369 1773 3422 minatur
1800 3376 2031 3422 mortem

435 3465 523 3520 vel
552 3464 757 3536 ignem,
791 3463 965 3518 donec
994 3461 1061 3515 de
1093 3460 1225 3529 ipsis
1253 3475 1352 3529 per
1382 3458 1673 3527 capitulum
1697 3456 1849 3511 aliter
1877 3456 2030 3510 ordi-

434 3560 610 3607 netur.
645 3552 727 3605 Ad
757 3548 1176 3605 incarcerandos
1208 3562 1341 3601 vero
1388 3545 1678 3615 praedictos
1708 3543 2030 3599 criminosos

432 3647 718 3695 teneantur
748 3637 947 3693 subditi
978 3636 1087 3690 suis
1117 3634 1390 3705 prioribus
1413 3633 1497 3687 vel
1536 3632 1775 3697 vieariis,
1833 3639 1919 3685 aut
1943 3632 2027 3685 vi-

433 3726 745 3783 sitatoribus
785 3725 1030 3780 obedire.

504 3836 589 3887 19.
616 3832 767 3886 Prior
790 3828 1089 3884 Carthusire
1109 3826 1279 3898 possit
1302 3825 1653 3881 reconciliare
1667 3824 1841 3879 ordini
1864 3840 2027 3895 quos-

431 3936 644 3990 cunque
675 3918 1016 3981 criminosos,
1051 3923 1267 3969 servata
1297 3914 1504 3968 ordinis
1535 3912 1841 3982 disciplina,
1891 3928 2025 3981 pro-

428 4015 549 4077 pter
577 4005 878 4061 cavendum
910 4003 1224 4058 scandalum
1256 4010 1308 4056 et
1335 4000 1637 4070 perieulum
1679 3999 1980 4053 animarum
2008 4043 2020 4065 ,

430 4102 485 4150 et
504 4093 666 4149 etiam
696 4091 846 4163 prior
896 4089 1153 4162 proprius
1210 4089 1450 4159 ipsorum
1509 4087 1925 4142 criminosorum
1967 4087 2024 4142 in

429 4181 654 4237 articulo
685 4179 892 4235 mortis.

496 4291 588 4344 20.
622 4285 853 4355 Fugitivi
884 4283 1078 4353 reperti
1107 4283 1313 4353 absque
1343 4281 1532 4337 litteris
1572 4281 1772 4351 prioris
1803 4282 2021 4336 Carthu-

426 4375 523 4430 aias
553 4374 639 4430 vel
667 4372 911 4443 priorum
953 4386 1196 4435 suorum,
1256 4386 1353 4440 per
1408 4385 1760 4441 quoscunque
1806 4370 2022 4439 priores

426 4461 637 4518 ordinis
660 4460 804 4515 licite
832 4467 1060 4529 possunt
1088 4458 1231 4529 capi.

492 4569 588 4623 21.
618 4564 948 4620 Difiinitores
984 4564 1331 4636 fugitivorum
1362 4578 1468 4617 non
1494 4579 1552 4616 se
1599 4562 1801 4616 debent
1843 4562 2018 4616 intro-

419 4655 635 4709 mittere
666 4654 735 4707 de
756 4652 1192 4707 reconciliatione
1215 4650 1299 4704 vel
1323 4650 1607 4718 disciplina
1640 4650 2014 4720 fugitivorum,

420 4743 512 4813 qui
543 4757 703 4796 causa
732 4739 1191 4795 reconciliationis
1216 4739 1433 4792 veniunt
1464 4738 1532 4791 ad
1573 4738 1884 4807 capitulum,
1920 4740 2013 4793 sed

417 4828 735 4883 diﬁinitores
761 4827 979 4898 capituli
1011 4826 1299 4898 generalis.

484 4939 575 4990 22.
601 4934 898 5003 Capitulum
932 4931 1187 5004 generale
1217 4937 1395 4999 potest
1426 4946 1489 4983 ex
1520 4930 1853 4999 plenitudine
1867 4940 2015 5001 pote-

414 5021 567 5076 statis
596 5036 971 5091 quameunque
1012 5019 1221 5073 ordinis
1267 5034 1557 5086 personam
1616 5018 1886 5073 collocare
1943 5036 2007 5073 ex

411 5123 577 5165 causa
610 5108 911 5162 rationabili
944 5108 999 5160 in
1030 5122 1353 5177 quacunque
1376 5106 1536 5160 domo
1568 5107 1775 5160 ordinis
1794 5107 1861 5160 ad
1881 5123 2009 5176 pro-

407 5196 703 5253 fessionem
726 5196 887 5250 etiam
934 5194 1257 5249 faciendam.

478 5305 567 5357 23.
603 5301 659 5357 Si
682 5300 802 5372 quis
835 5300 1002 5354 semel
1034 5299 1313 5369 professus
1360 5298 1518 5353 fuerit
1549 5298 1601 5351 in
1632 5298 1812 5369 aliqua
1841 5299 2003 5353 domo

406 5389 633 5456 ordinis,
667 5396 719 5444 et
744 5388 941 5444 iterum
995 5385 1308 5458 profiteatur
1338 5386 1391 5440 in
1431 5386 1557 5453 alia,
1592 5385 1820 5442 sufﬁciat
1852 5387 1901 5442 ei
1932 5387 2002 5443 ad

2206 3022 2292 3076 3i.
2329 3022 2389 3075 In
2430 3020 2623 3075 stando
2663 3018 2717 3073 in
2758 3017 2987 3073 ecclesia
3047 3016 3314 3088 superiori
3368 3014 3621 3072 conversi
3680 3022 3734 3069 et

2134 3110 2332 3166 redditi
2362 3109 2560 3163 debent
2598 3107 2897 3162 monachos
2940 3105 3159 3160 imitari.

2205 3218 2292 3270 35.
2325 3214 2606 3270 Laicorum
2636 3229 2915 3279 numerus,
2952 3228 3089 3283 quos
3124 3226 3419 3267 conversos
3449 3226 3729 3281 vocamus,

2133 3302 2420 3358 tresdecim
2454 3309 2537 3356 est
2568 3308 2828 3366 statutus,
2870 3309 2923 3355 et
2986 3299 3327 3354 redditorum
3360 3300 3468 3354 duo
3501 3306 3733 3371 possunt

2133 3408 2255 3445 esse
2284 3390 2487 3454 clerici,
2521 3397 2572 3443 et
2603 3389 2809 3444 intrare
2843 3389 3068 3444 chorum
3096 3388 3511 3453 monachorum,
3563 3389 3729 3443 etiam

2132 3480 2249 3534 sine
2276 3494 2472 3548 cappa,
2509 3484 2562 3532 et
2590 3475 2827 3533 officium
2878 3477 3272 3531 monachorum
3304 3484 3501 3546 prater
3526 3476 3731 3530 missas

2132 3567 2330 3631 facere,
2364 3564 2601 3635 capitulo
2632 3565 2918 3630 interesse,
2978 3572 3031 3620 et
3082 3564 3135 3617 in
3181 3564 3471 3619 refectorio
3528 3578 3729 3618 mona~

2131 3656 2362 3710 chorum
2420 3653 2728 3721 comedere,
2776 3668 2900 3708 cum
2936 3669 2966 3706 a
2996 3652 3269 3724 prioribus
3325 3667 3534 3721 eorum,
3583 3653 3729 3707 utin

2127 3742 2423 3813 praedictis,
2457 3742 2630 3812 gratia
2647 3740 2725 3795 eis
2756 3741 2866 3796 fiat.

2199 3851 2287 3901 36.
2319 3846 2535 3902 Redditi
2566 3846 2684 3901 laici
2718 3847 3007 3902 comedant
3025 3847 3077 3901 in
3106 3846 3393 3903 refectorio
3431 3862 3555 3904 cum
3585 3862 3728 3902 con-

2127 3935 2319 3999 versis,
2354 3943 2600 4005 tempore
2632 3951 2739 4006 quo
2770 3934 3059 3991 comedent
3101 3935 3206 4006 ipsi
3235 3935 3428 3990 redditi
3472 3935 3529 3989 in
3556 3934 3728 3990 domo

2126 4038 2413 4093 superiori.

2195 4130 2283 4182 37.
2314 4127 2476 4183 Nulla
2502 4128 2755 4183 monialis
2784 4129 2952 4199 possit
2983 4128 3111 4200 eligi
3155 4128 3223 4183 de
3254 4137 3449 4185 caetero
3486 4129 3539 4182 in
3564 4129 3724 4199 prio-

2040 4253 2095 4313 Β
2124 4216 2338 4303 rissam,
2371 4215 2475 4269 nisi
2506 4216 2730 4283 triginta
2757 4232 2927 4271 annos
2955 4218 3126 4271 aetatis
3146 4216 3363 4272 habeat.
3389 4219 3448 4271 In
3480 4216 3727 4288 qualibet

2124 4298 2287 4358 dumo
2364 4303 2679 4358 monialium
2727 4304 2993 4374 priorissa
3035 4305 3306 4375 promittat
3353 4305 3721 4359 obedientiam

2123 4392 2342 4458 vicario,
2375 4400 2429 4446 et
2458 4392 2722 4446 moniales
2751 4394 3126 4447 tantummodo
3155 4393 3725 4463 priorissze.Monachi

2118 4494 2247 4533 vero
2279 4478 2370 4549 qui
2400 4479 2591 4532 suntin
2646 4479 2829 4550 aliqua
2859 4479 3021 4535 domo
3068 4481 3403 4546 monialium,
3451 4480 3721 4551 eapellani

2118 4574 2279 4636 atque
2327 4568 2574 4621 conversi
2624 4575 2674 4621 et
2730 4568 2928 4623 redditi
2984 4570 3302 4639 promittant
3349 4569 3720 4624 obedientiam

2116 4654 2319 4708 vicario
2342 4662 2564 4708 tantum.

2186 4762 2273 4813 38.
2306 4759 2582 4829 Capellani
2617 4769 2668 4814 et
2712 4761 2895 4816 clerici
2943 4770 2995 4816 et
3017 4763 3210 4818 redditi
3259 4780 3380 4819 cum
3430 4764 3723 4818 monachis

2121 4845 2208 4899 vel
2242 4847 2571 4901 monialibus
2627 4859 3037 4917 conversantes,
3098 4860 3318 4907 teneant
3375 4851 3621 4906 ordinem
3665 4853 3723 4906 in

2104 4933 2331 5001 jejuniis
2362 4934 2501 4989 sicut
2540 4936 2807 4991 moniales
2838 4946 2885 4991 et
2908 4940 3159 4993 monachi
3192 4940 3533 5010 supra'dicti.

2181 5043 2267 5093 39.
2302 5040 2659 5095 Declaramus
2683 5043 2827 5113 quod
2867 5044 3113 5099 ordinem
3154 5054 3341 5101 tenere
3390 5054 3469 5100 est
3520 5045 3665 5101 feria
3686 5063 3727 5103 ιι

2109 5133 2160 5179 et
2192 5142 2247 5179 ιν
2280 5143 2402 5181 esse
2434 5138 2747 5184 contentum
2777 5147 2917 5201 pane
2946 5141 2998 5187 et
3019 5133 3145 5188 vino
3176 5142 3227 5189 et
3264 5134 3495 5205 coquina
3524 5153 3543 5199 ;
3576 5133 3726 5191 feria

2107 5229 2167 5267 ιιι
2200 5222 2250 5267 et
2277 5215 2534 5283 Sabbato,
2570 5233 2729 5287 pane,
2752 5219 2878 5274 vino
2913 5229 2964 5275 et
2992 5221 3227 5293 coquina
3259 5222 3377 5276 sine
3421 5222 3681 5293 pittantia
3708 5244 3723 5289 ;

2104 5300 2239 5355 feria
2268 5318 2345 5369 γι,
2379 5320 2519 5373 pane
2552 5314 2603 5359 et
2625 5322 2805 5377 aqua;
2837 5306 2990 5363 festis
3004 5310 3225 5381 capituli
3256 5318 3307 5366 et
3338 5309 3474 5365 feria
3494 5325 3550 5376 v,
3573 5309 3728 5367 sicut

2102 5395 2153 5443 et
2182 5388 2271 5443 alii
2301 5406 2367 5445 ex
2387 5391 2585 5447 debito.
