3960 6062
188 306 324 360 1137

1495 296 1808 357 STATUTA
1847 296 2180 370 ANTIQUA.

3354 308 3493 361 1138

257 432 347 486 LO.
383 429 558 498 Quam
588 429 694 486 cito
722 429 964 487 Sanctus
992 428 1265 501 incipitur,
1307 426 1580 499 caputium
1611 422 1789 479 indui-
1814 423 1864 481 Α
1893 431 2339 499 correctionibus,
2373 432 2594 487 domum
2613 448 2765 486 suam
2787 440 3054 502 perpetuo
3074 437 3337 495 amittant,
3373 445 3491 485 mo-

193 525 299 574 tur.

262 607 348 662 Li.
382 608 440 661 In
462 606 704 678 pluribus
733 605 1037 661 tricenariis
1068 605 1228 660 simul
1259 603 1600 668 inchoandis,
1635 600 1793 673 quili-

189 696 280 751 bet
310 710 461 751 suam
511 695 672 750 habet
719 695 942 749 missam
978 702 1029 749 et
1076 693 1351 764 propriam
1386 693 1707 755 orationem,
1743 696 1794 742 et

189 792 378 855 postea
406 785 674 839 addentur
704 782 861 837 simul
892 783 947 836 in
968 783 1207 837 oratione
1256 781 1471 852 plurali.

264 874 350 929 42.
382 872 605 943 Tapetia
626 871 877 927 universa
909 879 962 925 et
1012 870 1264 942 quarrelli
1304 868 1554 940 pictutari
1580 867 1666 922 vel
1692 882 1793 920 cu-

193 956 326 1014 riosi
355 956 425 1012 de
455 956 608 1013 cellis
638 965 1014 1012 amoveantur.

263 1048 354 1102 43.
389 1045 617 1101 Pictum
646 1044 876 1100 curiosae
930 1045 998 1099 de
1055 1043 1306 1101 ecclesiis
1337 1050 1386 1098 et
1416 1038 1667 1112 hospitiis
1699 1038 1794 1092 de-

191 1133 428 1190 leantur.

260 1224 349 1278 44.
383 1222 650 1277 Statutum
681 1228 764 1277 est
791 1236 860 1275 ne
891 1219 1088 1292 aliquis
1119 1219 1187 1274 de
1217 1219 1407 1274 ordine
1438 1224 1627 1272 nostro
1661 1230 1795 1286 pos—

191 1311 262 1366 sit
289 1309 491 1383 praefici
520 1309 575 1364 in
602 1310 846 1380 priorem
873 1308 942 1363 de
963 1315 1181 1373 caetero,
1208 1306 1384 1379 quoad
1405 1321 1578 1377 usque
1609 1319 1641 1358 a
1661 1312 1797 1357 tem-

194 1414 330 1471 pore
373 1397 730 1471 professionis
785 1413 886 1469 per
941 1397 1080 1451 duos
1126 1411 1297 1451 annos
1355 1392 1694 1449 laudabiliter
1742 1391 1797 1445 in

194 1487 384 1544 ordine
414 1494 598 1541 nostro
628 1485 791 1540 fuerit
812 1491 1186 1540 conversatus.

268 1577 355 1631 45.
388 1574 589 1630 Novitii
618 1574 711 1645 qui
756 1574 977 1630 veniunt
1006 1573 1073 1627 ad
1130 1572 1378 1627 ordinem
1427 1577 1668 1626 nostrum
1699 1566 1799 1621 sibi

194 1664 513 1736 provideant
544 1663 612 1717 de
642 1662 905 1728 vestibus,
938 1660 983 1714 si
1028 1661 1261 1715 habeant
1289 1660 1452 1714 unde.

265 1755 353 1808 46.
381 1752 650 1807 Sacerdos
682 1751 771 1823 qui
801 1766 909 1805 non
936 1757 1117 1821 potest
1160 1740 1438 1804 celebrare
1468 1748 1708 1816 missam,
1747 1748 1799 1801 in
1820 1771 1873 1831 Β

197 1849 466 1898 conventu
494 1840 697 1894 inutilis
737 1847 1041 1909 reputatur.

268 1931 355 1985 47.
390 1928 659 1983 Clericum
691 1927 962 1983 redditum
992 1926 1206 1998 priores
1229 1925 1509 1996 recipiant,
1537 1925 1798 1981 consultis

199 2017 501 2074 monachis.

269 2109 355 2161 48.
389 2106 650 2159 Statutum
673 2105 818 2176 quod
850 2103 1065 2159 termini
1087 2103 1345 2172 deinceps
1372 2118 1467 2171 per
1487 2101 1624 2155 duos
1654 2101 1798 2171 prio-

196 2210 285 2250 res
314 2193 523 2248 limitati
544 2209 697 2249 more
727 2193 885 2248 solito
913 2200 965 2247 et
994 2191 1181 2261 scripti
1223 2190 1290 2244 ad
1323 2206 1557 2261 sequens
1588 2190 1797 2259 capitu-

198 2282 309 2338 lum
336 2290 702 2355 apportentur,
742 2290 794 2336 et
824 2281 897 2335 ibi
938 2279 1325 2335 rationabiliter
1379 2278 1670 2333 examinati
1699 2294 1799 2347 per

196 2387 386 2428 omnes
418 2371 735 2425 diﬁinitores
757 2369 1161 2433 confirmentur,
1187 2376 1240 2421 et
1269 2367 1590 2439 sigillentur,
1627 2373 1677 2420 et
1708 2383 1799 2419 ex-

194 2468 323 2517 tunc
349 2460 589 2515 habeant
618 2458 833 2514 roboris
867 2456 1196 2523 firmitatem,
1226 2455 1558 2527 approbatur
1587 2463 1638 2509 et
1669 2469 1799 2510 con-

198 2548 463 2604 firmatur.

264 2638 352 2693 49.
410 2637 465 2692 Si
519 2636 804 2708 contigerit
872 2634 1013 2689 mori
1060 2632 1424 2706 equitaturam
1499 2631 1790 2693 visitando.

192 2724 602 2783 emendationes
633 2723 943 2797 quindecim
970 2722 1233 2776 librarum
1282 2737 1389 2776 non
1422 2720 1684 2777 excedant
1711 2738 1724 2786 ;
1751 2719 1797 2773 si

194 2814 375 2869 minus
406 2813 567 2883 valet,
601 2812 905 2867 emendatio
932 2811 1227 2866 minuetur.

267 2906 355 2957 50.
388 2901 550 2957 Nulla
578 2901 773 2955 domus
800 2900 993 2955 habeat
1023 2898 1354 2971 colloquium
1382 2906 1577 2970 praater
1598 2897 1793 2952 festum

194 3004 279 3046 xu
309 2990 623 3046 lectionum.

234 3082 358 3135 ~51.
391 3080 683 3134 Hortamur
706 3084 760 3133 et
798 3076 1046 3133 volumus
1104 3076 1248 3148 quod
1292 3074 1507 3148 priores
1566 3089 1797 3147 quorum

196 3176 496 3226 conventus
526 3174 752 3239 propter
804 3172 1179 3237 paupertatem
1236 3164 1568 3230 dividuntur,
1617 3162 1798 3218 nullos

198 3257 433 3312 novitios
488 3256 705 3312 interim
763 3254 1026 3325 recipiant
1072 3254 1278 3324 absque
1339 3251 1556 3308 licentia
1602 3250 1798 3327 prioris

197 3345 500 3402 Carthusia:
526 3344 613 3401 vel
650 3342 874 3414 capituli
903 3341 1197 3415 generalis.

273 3438 360 3492 52.
408 3431 631 3489 Monitio
677 3433 745 3488 sit
793 3430 1084 3487 eﬂ'ectuosa
1106 3438 1158 3486 et
1212 3429 1480 3495 districta,
1529 3436 1587 3484 ut
1620 3427 1799 3483 nullus

200 3523 349 3595 prior
376 3521 465 3579 vel
494 3522 599 3577 alia
628 3535 867 3592 persona
888 3519 1096 3575 ordinis
1124 3519 1294 3574 libros
1324 3518 1411 3574 vel
1460 3532 1799 3589 quaecunque

197 3612 307 3669 alia
328 3611 600 3667 obstinate
628 3610 731 3665 sibi
761 3608 1078 3682 apprOpriet
1123 3624 1223 3680 per
1253 3624 1412 3662 usum
1443 3606 1675 3664 fructum
1697 3604 1799 3660 sibi

201 3714 548 3758 concessum.

270 3792 359 3844 53.
428 3786 532 3858 Qui
588 3786 970 3843 reconciliatus
1044 3784 1203 3840 fuerit
1232 3784 1446 3850 ordini,
1508 3784 1634 3840 licet
1671 3782 1801 3838 alibi

196 3875 407 3942 obierit,
439 3883 494 3931 et
521 3874 761 3946 sepultus
790 3873 971 3940 fuerit,
1022 3889 1129 3929 non
1157 3880 1307 3929 caret
1361 3871 1626 3929 beneficio
1656 3872 1801 3928 ordi-

202 3966 309 4021 nis.

268 4054 357 4108 54.
391 4052 775 4107 Procuratores
805 4050 1013 4106 ordinis
1051 4050 1107 4105 in
1165 4050 1327 4107 domo
1384 4050 1654 4123 superiori
1684 4049 1801 4105 sine

196 4141 416 4199 licentia
437 4140 660 4211 Speciali
690 4139 823 4195 nihil
862 4140 1062 4196 debent
1084 4140 1216 4195 dare
1272 4140 1359 4195 vel
1404 4146 1651 4210 possunt,
1697 4138 1801 4193 nisi

200 4228 487 4286 manifeste
508 4228 586 4283 eis
613 4228 931 4284 conceditur
958 4229 1015 4282 in
1071 4229 1301 4283 statutis.

275 4323 364 4374 55.
398 4317 483 4372 Illi
509 4317 600 4387 qui
629 4317 815 4372 volunt
845 4317 1038 4371 ostium
1074 4318 1223 4372 chori
1253 4317 1483 4388 aperire,
1528 4315 1582 4369 in
1615 4314 1801 4375 eleva-

203 4403 351 4458 tione
418 4400 654 4455 habeant
713 4399 995 4456 fracticum
1062 4401 1279 4466 ostium,
1318 4401 1463 4472 quod
1528 4398 1804 4469 aperiatur

203 4498 412 4545 tantum
448 4490 504 4543 in
544 4488 878 4555 elevatione,
915 4496 968 4543 et
995 4496 1185 4560 postea
1215 4489 1513 4543 claudatur.

276 4581 364 4633 56.
410 4578 543 4633 Cum
582 4577 943 4632 communitas
980 4576 1311 4647 przeferenda
1362 4576 1430 4630 sit
1467 4575 1800 4646 proprietati,

204 4682 367 4722 nemo
396 4665 465 4721 de
485 4673 681 4721 caetero
710 4666 957 4733 suadeat,
994 4664 1239 4721 consulat
1268 4664 1351 4719 vel
1383 4672 1631 4735 procuret
1660 4663 1803 4719 clee-

204 4770 466 4825 mosynas
486 4754 754 4825 assignari
794 4754 862 4807 ad
883 4754 1201 4823 pittantiam,
1235 4752 1587 4807 infirmariam
1608 4752 1693 4807 vel
1724 4768 1806 4807 sa-

208 4843 449 4899 cristiam
480 4842 567 4897 vel
603 4841 808 4914 aliquid
846 4842 973 4897 tale.

279 4934 367 4987 57.
402 4932 683 4986 Monemus
712 4947 780 4986 ne
810 4938 1059 5002 portetur
1086 4937 1247 5002 potus
1276 4946 1305 4985 a
1333 4929 1615 4986 monachis
1647 4930 1802 4997 foris,

203 5036 307 5076 nec
328 5035 490 5091 super
515 5020 621 5075 hoc
652 5020 907 5075 credatur
940 5019 1209 5090 prioribus
1253 5019 1337 5074 vel
1366 5018 1669 5090 hospitibus
1703 5020 1804 5073 ad-

204 5107 459 5175 ventitiis,
498 5116 549 5164 et
578 5116 757 5180 patres
790 5109 1095 5176 domorum,
1128 5118 1385 5182 quantum
1406 5118 1652 5182 possunt,
1687 5110 1804 5165 dis-

206 5204 465 5253 suescant
477 5238 490 5251 .

277 5289 364 5340 58.
399 5284 727 5341 Ordinamus
750 5286 995 5357 praecise,
1028 5294 1081 5341 et
1112 5286 1530 5343 irrevocabiliter
1558 5287 1806 5342 volumus

204 5374 506 5443 observari,
557 5375 703 5446 quod
743 5375 996 5431 conversi
1027 5383 1079 5430 et
1109 5375 1326 5442 redditi,
1359 5376 1449 5448 qui
1507 5376 1573 5430 de
1606 5384 1806 5431 caetero

206 5463 276 5519 ad
303 5462 555 5518 dominos
585 5464 873 5520 saculares
893 5472 1185 5530 recurrent,
1223 5466 1606 5536 conquerendo
1637 5473 1691 5520 et
1719 5466 1809 5519 de-

212 5550 512 5612 nuntiando
535 5569 634 5627 per
655 5568 715 5611 se
745 5552 830 5610 vel
856 5570 955 5625 per
974 5552 1137 5610 alium
1167 5553 1234 5610 de
1262 5554 1687 5611 ordinationibus
1711 5570 1808 5609 seu

1894 519 2056 573 nachi
2098 537 2225 575 vero
2258 537 2391 577 voce
2435 529 2654 576 careant
2682 520 2737 574 in
2766 529 3048 575 aeternum.

1965 611 2057 663 59.
2120 610 2175 663 Si
2232 610 2353 681 quis
2410 610 2639 664 voluerit
2697 609 2845 663 exire
2900 608 3164 670 ordinem,
3200 605 3284 660 vel
3332 606 3498 659 alium

1895 697 2041 751 exire
2098 698 2493 763 sollicitaverit,
2551 714 2649 768 per
2704 697 3013 752 visitatores
3069 702 3332 766 perpetuo
3362 709 3498 749 voce

1895 786 2157 855 privetur.

1966 876 2052 926 60.
2089 873 2433 944 Prmcipimus
2464 882 2519 928 ut
2547 889 2670 929 cum
2700 874 2807 927 duo
2838 873 2890 925 in
2909 871 3046 926 cella
3069 869 3287 933 fuerint,
3324 868 3499 939 primo

1894 962 2033 1017 ostio
2079 962 2293 1032 penitus
2324 971 2530 1032 aperto,
2590 962 2891 1017 secundum
2945 958 3139 1013 ostium
3186 957 3498 1011 nullatenus

1895 1050 2204 1105 obseretur.
2804 1106 2805 1109 η

1967 1142 2055 1193 61.
2081 1138 2410 1195 Ordinamus
2440 1147 2491 1192 et
2520 1138 2771 1193 volumus
2798 1136 2941 1208 quod
2975 1134 3171 1189 redditi
3201 1132 3385 1188 clerici
3443 1132 3499 1186 in

1896 1227 2003 1281 illis
2035 1227 2273 1292 casibus,
2308 1228 2362 1280 in
2391 1226 2586 1299 quibus
2618 1224 2871 1281 conversi
2902 1223 3151 1277 amittunt
3179 1222 3409 1275 barbam
3445 1226 3499 1274 et

1896 1315 2108 1382 cellam,
2142 1331 2207 1370 ex
2235 1331 2379 1370 nunc
2408 1315 2702 1385 puniantur
2733 1312 2831 1377 sic,
2867 1311 3013 1383 quod
3057 1325 3338 1381 nunquam
3368 1324 3498 1379 por-

1894 1410 2007 1459 tent
2039 1419 2267 1474 cappam
2295 1403 2399 1457 nisi
2430 1403 2659 1475 grisam,
2693 1408 2744 1456 et
2774 1399 2988 1470 caputia
3028 1399 3268 1453 habeant
3298 1398 3369 1451 ad
3391 1410 3500 1451 mo-

1897 1492 2027 1546 dum
2058 1492 2400 1557 novitiorum,
2431 1490 2710 1545 dimidiam
2754 1496 2953 1543 tortam
2983 1487 3142 1557 panis
3203 1484 3500 1540 monacho-

1899 1596 2020 1634 rum
2070 1596 2193 1635 cum
2224 1596 2363 1650 pane
2396 1578 2610 1634 familia)
2638 1575 3028 1632 tantummodo.
3080 1576 3145 1628 Et
3184 1574 3325 1628 idem
3359 1571 3498 1628 dici-

1900 1683 2021 1722 mus
2041 1668 2109 1722 de
2138 1668 2365 1722 redditis
2398 1667 2547 1722 laicis
2578 1682 2677 1720 suo
2708 1665 2892 1720 modo.

1976 1759 2063 1813 62.
2098 1755 2430 1811 Ordinamus
2476 1763 2529 1809 et
2561 1754 2809 1808 volumus
2842 1751 3018 1806 modis
3047 1748 3319 1813 omnibus,
3354 1747 3501 1819 quod

1902 1844 2155 1916 quaelibet
2190 1844 2384 1899 domus
2433 1842 2703 1898 custodiat
2762 1840 3011 1910 deposita
3038 1838 3141 1892 sub
3171 1837 3385 1890 duabus
3416 1834 3502 1889 vel

1898 1933 2069 1987 tribus
2123 1932 2400 1999 clavibus,
2462 1947 2689 2001 quarum
2775 1944 2937 1983 unam
3014 1925 3277 1981 custodiat
3350 1923 3503 1994 prior

1899 2022 2058 2076 aliam
2092 2021 2176 2075 vel
2212 2020 2345 2074 alias
2407 2018 2715 2074 custodiant
2742 2017 2815 2070 illi
2848 2016 3046 2087 quibus
3102 2014 3255 2085 prior
3285 2011 3500 2067 duxerit

1898 2109 2367 2165 committendum.

1920 2216 1925 2221 ·
1971 2202 2057 2253 63.
2094 2194 2813 2253 Associationemtricenarii
2872 2192 3173 2248 faciendam
3222 2189 3505 2245 statuimus

1898 2286 2075 2357 primo
2102 2286 2472 2341 anniversario
2503 2293 2626 2355 post
2675 2281 3061 2351 incucptionem
3093 2278 3391 2335 tricenarii.

1970 2377 2057 2429 64.
2092 2376 2211 2429 Non
2244 2374 2517 2429 credimus
2548 2372 2779 2427 clericos
2797 2370 3038 2425 redditos
3060 2367 3230 2423 teneri
3260 2367 3329 2421 ad
3358 2365 3505 2437 psal-

1898 2464 2027 2519 teria
2038 2505 2050 2517 .

1970 2554 2056 2606 65.
2089 2551 2358 2607 Sacerdos
2385 2550 2452 2604 ad
2483 2550 2674 2615 altare,
2697 2548 2915 2621 quando
2941 2562 3000 2601 se
3034 2544 3195 2601 vertit
3222 2543 3292 2599 ad
3321 2558 3501 2614 popu-

1901 2640 2028 2709 lum,
2054 2639 2249 2711 jungat
2306 2655 2519 2707 manus,
2571 2653 2673 2693 nec
2724 2643 3041 2707 retorqueat
3085 2633 3154 2689 ad
3197 2640 3390 2704 pectus
3436 2630 3505 2685 ad

1897 2731 2169 2784 Dominus
2207 2728 2504 2784 vobiscum.

1968 2820 2057 2872 66.
2090 2816 2288 2873 Novitii
2316 2816 2566 2873 conversi
2612 2823 2663 2869 et
2694 2814 2886 2869 redditi
2916 2818 3143 2884 possunt
3172 2809 3313 2866 mitti
3340 2815 3498 2865 extra

1897 2906 2158 2962 terminos
2214 2921 2313 2976 pro
2343 2905 2569 2960 utilitate
2609 2904 2804 2959 domus
2832 2918 2969 2956 suae.

1970 2997 2063 3049 67.
2117 2992 2381 3048 Conversi
2412 3009 2471 3047 se
2528 3000 2722 3047 vocent
2754 2991 2824 3045 ad
2853 2989 3086 3046 invicem
3144 2986 3374 3054 fratres;
3408 2984 3502 3059 qui

1898 3091 2087 3139 contra
2118 3080 2326 3147 fecerit,
2358 3080 2569 3136 veniam
2599 3079 2849 3150 accipiat.

1970 3173 2056 3226 68.
2087 3171 2204 3226 Nec
2231 3169 2501 3234 monachi,
2536 3183 2639 3224 nec
2669 3156 2921 3223 conversi
2943 3171 3273 3239 praesumant
3295 3163 3365 3219 de
3388 3177 3501 3220 ca:-

1899 3268 2017 3316 tero
2039 3259 2220 3331 sigilla
2253 3273 2497 3324 servare,
2530 3257 2617 3313 vel
2675 3256 2962 3329 sculpere;
2998 3254 3097 3311 sed
3128 3254 3220 3326 qui
3275 3252 3497 3319 habent,

1898 3349 2077 3404 statim
2108 3348 2337 3403 reddere
2368 3354 2674 3402 teneantur.

1971 3440 2057 3492 69.
2082 3435 2306 3506 Quoties
2326 3436 2521 3508 aliquis
2540 3433 2881 3491 constituitur
2897 3433 3152 3499 novitius,
3176 3431 3503 3488 novitiorum

1900 3533 2125 3597 propter
2156 3523 2495 3595 disciplinam
2526 3523 2747 3578 ultimus
2786 3522 3107 3594 intelligitur
3132 3535 3324 3578 eorum
3346 3533 3503 3591 _quos

1901 3614 2190 3679 invenerit,
2222 3613 2326 3667 nisi
2354 3612 2501 3667 allud
2531 3612 2884 3683 exprimatur.

1971 3706 2059 3759 70.
2086 3702 2313 3772 Quando
2344 3701 2401 3756 in
2429 3700 2568 3756 festo
2597 3700 2870 3756 Trinitatis
2926 3697 3503 3755 commemorationem

1901 3790 2018 3849 fieri
2041 3792 2348 3865 contigerit,
2393 3789 2485 3845 ﬁat
2513 3791 2581 3845 de
2612 3787 2785 3845 ofﬁcio
2814 3788 3079 3860 paschali.

1971 3883 2059 3936 71.
2110 3880 2373 3937 Volumus
2420 3887 2472 3933 et
2502 3893 2788 3933 monemus
2842 3885 2898 3932 ut
2937 3877 3246 3933 visitatores
3274 3873 3503 3947 vigilent

1896 3977 1950 4028 et
1979 3970 2282 4036 intendant,
2315 3983 2417 4024 nec
2446 3968 2662 4023 mittant
2690 3966 2953 4038 hospites,
2991 3966 3084 4022 ubi
3111 3964 3357 4036 h05pites
3387 3971 3501 4018 tres

1901 4058 2162 4116 sciverint
2191 4074 2332 4114 esse.

1971 4150 2061 4204 72.
2096 4148 2243 4202 Stola
2275 4162 2383 4201 non
2423 4145 2748 4211 concellata,
2792 4145 2890 4200 sed
2919 4142 3263 4200 uniformiter
3293 4141 3501 4212 depor-

1902 4244 2059 4290 tetur.

1972 4326 2066 4377 73.
2135 4324 2366 4377 Caveant
2422 4322 2763 4387 visitatores,
2807 4327 3069 4392 quantum
3116 4326 3387 4390 poterunt,
3434 4332 3503 4372 ne

1902 4411 2154 4467 conversi
2184 4419 2237 4464 et
2265 4410 2568 4465 servientes
2599 4410 2681 4464 sui
2711 4410 2894 4480 culpas
2951 4417 3005 4463 et
3047 4408 3266 4463 modum
3310 4406 3503 4463 visita-

1820 4483 1873 4541 D
1901 4501 2105 4555 tionum
2136 4499 2418 4554 domorum
2453 4515 2586 4571 quas
2616 4497 2925 4564 visitabunt,
2973 4496 3167 4562 sciant,
3193 4495 3280 4553 vel
3322 4495 3504 4567 inqui-

1903 4597 2022 4644 rant
2054 4596 2105 4643 et
2137 4588 2395 4645 revelent.

1972 4681 2058 4733 74.
2088 4676 2192 4745 Qui
2224 4677 2491 4732 voluerint
2525 4677 2593 4732 de
2627 4685 2825 4732 caetero
2848 4676 3026 4747 aliqua
3064 4689 3374 4747 proponere
3404 4687 3503 4727 ca-

1902 4767 2072 4839 pitulo
2099 4766 2363 4839 generali,
2415 4774 2717 4837 proponant
2746 4766 2798 4820 in
2845 4765 3062 4835 scriptis
3109 4763 3210 4818 sub
3244 4761 3501 4817 brevibus

1906 4856 2107 4921 verbis,
2143 4863 2196 4909 et
2219 4856 2431 4910 tradant
2473 4854 2681 4909 lectori.

1974 4947 2062 4999 75.
2096 4943 2374 5015 Capellani
2408 4952 2460 4999 et
2489 4942 2674 4999 clerici
2703 4958 2827 4998 cum
2849 4941 3129 4997 monachis
3162 4948 3214 4995 et
3244 4937 3502 4994 moniali-

1904 5034 2007 5088 bus
2036 5041 2427 5090 conversantes
2467 5038 2683 5086 teneant
2711 5030 2957 5085 ordinem
2988 5029 3125 5084 sicut
3154 5026 3421 5083 moniales
3450 5035 3503 5083 et

1904 5123 2152 5178 monachi
2182 5121 2237 5176 in
2251 5120 2489 5190 jejuniis.
2524 5118 2793 5174 Beneﬁcia
2824 5117 3146 5188 temporalia
3201 5117 3401 5172 habent
3422 5116 3501 5171 si-

1906 5218 1995 5267 cut
2024 5210 2293 5275 conversi,
2319 5218 2370 5264 et
2396 5208 2696 5280 spiritualia
2727 5208 2864 5263 sicut
2895 5207 3165 5275 monachi,
3200 5214 3253 5261 et
3276 5206 3345 5260 ad
3375 5205 3502 5259 red-

1906 5300 2082 5355 denda
2105 5316 2169 5354 ea
2196 5314 2294 5369 pro
2322 5299 2442 5353 aliis
2473 5299 2612 5353 sicut
2641 5306 2693 5352 et
2723 5296 2826 5368 ipsi
2858 5304 3157 5352 teneantur.

1978 5390 2067 5442 76.
2098 5389 2221 5443 Non
2264 5389 2422 5443 detur
2482 5387 2729 5459 pittantia
2773 5385 3050 5441 monachis
3081 5385 3137 5438 in
3175 5399 3331 5438 ccena
3374 5397 3502 5438 car-

1910 5477 1994 5532 nis
2022 5477 2181 5547 privii
2229 5477 2283 5531 in
2342 5476 2653 5542 refectorio,
2696 5492 2796 5531 nec
2827 5474 3107 5531 conversis
3135 5473 3190 5527 in
3220 5470 3395 5527 cellis.

1981 5568 2069 5621 77.
2105 5567 2220 5622 Fiat
2251 5566 2700 5622 commemoratio
2730 5566 2784 5619 in
2816 5564 2953 5621 festo
2983 5570 3186 5619 sancta;
3217 5561 3423 5627 Crucis,
3458 5560 3505 5616 si
