3960 6062
482 286 620 340 1139

481 406 550 461 sit
580 423 639 462 in
669 409 970 475 Dominica,
1003 411 1181 481 primo
1210 412 1279 466 de
1308 410 1611 478 Dominica,
1642 417 1767 482 post
1796 411 1865 465 de
1892 415 2081 464 octava
2100 404 2153 462 Α

481 494 687 563 Maria),
724 505 777 552 et
804 506 928 567 post
956 499 1025 554 de
1055 500 1403 570 martyribus.

553 585 642 637 78.
681 583 784 652 Qui
816 586 1211 656 professionem
1234 587 1421 642 fecerit
1469 587 1523 641 in
1552 588 1744 642 ordine
1786 593 1995 651 nostro,
2029 592 2085 640 et

482 669 695 737 exierit,
723 681 772 727 et
794 682 986 743 postea
1015 675 1252 741 redierit,
1287 691 1395 729 non
1448 675 1603 731 faciat
1636 676 1830 731 iterum
1862 673 2079 745 profes-

485 756 721 825 sionem,
757 762 853 815 sed
878 763 1053 816 statim
1086 765 1361 833 promittat
1389 765 1773 819 obedientiam.

551 846 639 900 79.
673 848 919 904 Monachi
952 851 1041 920 qui
1073 868 1183 906 non
1213 861 1334 907 sunt
1356 853 1690 919 sacerdotes,
1716 853 1897 907 dicant
1916 866 2078 906 unum

480 933 796 1002 psalterium
827 954 929 1008 pro
962 939 1253 994 tricenario
1284 956 1548 997 concesso
1578 941 1683 995 illis
1713 940 1806 1011 qui
1826 955 1932 995 non
1957 946 2082 993 sunt

477 1019 547 1077 de
576 1021 758 1078 domo.

560 1114 647 1165 80.
681 1112 917 1169 Sabbato
943 1116 1291 1183 jejuniorum,
1326 1117 1474 1189 legat
1502 1118 1651 1188 prior
1681 1116 1920 1187 quintam
1962 1116 2079 1172 lec-

478 1206 703 1271 tionem,
738 1204 864 1259 licet
900 1204 957 1256 in
1001 1220 1159 1258 mane
1202 1206 1580 1261 celebraverit.

551 1298 638 1348 81.
672 1294 755 1347 Ad
784 1308 979 1363 preces
1010 1292 1248 1362 priorum
1273 1293 1791 1363 supervenientium,
1824 1293 1925 1346 nisi
1948 1292 2080 1363 ipsis

479 1382 860 1455 prmsentibus,
888 1396 997 1435 non
1026 1382 1184 1435 detur
1216 1382 1497 1436 monachis
1526 1381 1773 1451 pittantia
1793 1380 1983 1435 diebus
2012 1382 2079 1435 ab

477 1470 668 1526 ordine
725 1469 1023 1536 concessis,
1084 1484 1185 1524 nec
1243 1478 1434 1524 exeant
1488 1470 1729 1535 domum,
1763 1484 1925 1525 causa
1950 1486 2079 1540 spa-

476 1558 666 1613 ﬁandL

549 1650 634 1701 82.
673 1644 997 1700 Ordinatum
1031 1652 1113 1698 est
1143 1653 1199 1699 ut
1228 1644 1446 1710 novitii,
1481 1645 1702 1700 recitata
1749 1645 1980 1700 lectione
2026 1645 2080 1698 in

479 1733 712 1804 capitulo
748 1775 760 1798 ,
823 1741 872 1785 et
938 1733 1232 1803 propositis
1280 1750 1401 1803 qum
1457 1734 1813 1803 proponenda
1868 1741 1990 1787 sunt
2047 1750 2149 1811 aB

477 1822 678 1893 priore,
713 1820 996 1876 confestim
1027 1837 1057 1874 a
1080 1822 1332 1892 capitulo,
1368 1830 1419 1876 et
1446 1823 1667 1877 omnino
1717 1823 1784 1876 de
1839 1822 2073 1892 capitulo

478 1910 727 1984 generali
757 1910 1129 1964 excludantur.

549 2003 634 2053 83.
661 1998 847 2053 Oratio
874 1999 942 2053 de
973 1998 1153 2069 vigilia
1184 1999 1239 2053 S.
1273 1999 1503 2054 Andreze
1551 2006 1605 2053 et
1629 1998 1755 2053 festi
1792 2000 1847 2054 S.
1900 1999 2075 2070 Syleze

476 2088 561 2144 bis
582 2086 934 2144 continuatim
964 2087 1227 2143 dicantur.

548 2178 636 2233 84.
690 2164 1081 2231 Ἰοοὺεόίεηῐθε
1167 2177 1403 2231 scienter
1459 2176 1908 2242 visitatoribus,a
1963 2176 2073 2231 suis

475 2265 751 2337 prioribus
788 2264 995 2319 absolvi
1024 2280 1132 2319 non
1155 2273 1401 2335 possunt.

552 2358 638 2410 85.
673 2354 1013 2419 Visitatores,
1048 2354 1138 2408 ubi
1159 2354 1460 2409 invenerint
1490 2354 1635 2425 quod
1691 2355 1942 2410 monachi
1974 2371 2073 2410 ex-

478 2450 565 2498 tra
620 2442 903 2499 clausuras
958 2443 1243 2499 domorum
1308 2443 1596 2498 comedere
1652 2451 2070 2510 consueverunt,

478 2531 928 2589 consuetudinem
961 2532 1361 2603 reprehendant
1391 2540 1445 2587 et
1472 2532 1761 2603 castigent.

548 2624 635 2677 86.
666 2622 789 2676 Non
833 2620 1146 2677 revelentur
1178 2629 1391 2677 secreta
1419 2621 1640 2676 ordinis.

547 2712 635 2764 8’1.
668 2708 851 2765 Credit
878 2710 1034 2777 ordo,
1068 2711 1213 2781 quod
1246 2718 1497 2764 statutum
1528 2710 1909 2781 Lugdunensis
1936 2725 2072 2765 con-

475 2797 585 2854 cilii
612 2812 724 2853 non
751 2806 927 2853 arceat
955 2814 1057 2853 nos
1087 2799 1154 2853 ad
1186 2798 1572 2865 inclinandum,
1605 2799 1816 2870 quoties
1845 2800 1948 2855 hoc
1969 2816 2073 2855 no-

475 2902 603 2943 men
629 2888 761 2944 Jesu
786 2886 1029 2953 auditur;
1061 2887 1158 2942 sed
1190 2885 1280 2941 fiat
1319 2887 1455 2942 sicut
1500 2894 1645 2943 ante.

544 2980 636 3033 88.
669 2976 860 3048 Aliqua
890 2976 1141 3031 monialis
1169 2992 1277 3031 non
1306 2976 1547 3032 mittatur
1578 2976 1645 3031 de
1676 2978 1839 3032 domo
1869 2993 2075 3048 suaper

475 3063 798 3132 visitatores,
832 3063 935 3119 nisi
966 3081 1066 3135 pro
1104 3081 1247 3121 nova
1293 3066 1537 3136 plantula
1592 3067 1973 3136 construenda,
2020 3074 2073 3121 et

474 3161 604 3211 tunc
632 3153 701 3209 de
732 3153 958 3209 licencia
987 3141 1187 3225 prioris
1216 3155 1510 3210 Carthusiae
1540 3155 1628 3210 vel
1656 3155 1872 3225 capituli
1901 3171 2076 3227 gene-

475 3243 609 3299 ralis
622 3285 634 3297 .

548 3336 635 3387 89.
696 3332 946 3388 Monachi
977 3332 1067 3404 qui
1120 3333 1271 3388 missi
1302 3341 1442 3398 sunt,
1476 3341 1528 3388 et
1557 3333 1648 3405 qui
1702 3332 1981 3388 mittentur
2006 3333 2075 3388 de

477 3428 677 3478 caetero
708 3422 776 3477 ad
802 3422 994 3477 domos
1016 3422 1223 3478 ordinis
1241 3423 1309 3477 ad
1325 3422 1723 3493 professionem
1743 3422 2071 3490 faciendam,

475 3509 626 3566 illam
653 3511 854 3567 faciant
892 3511 1033 3566 infra
1063 3528 1326 3566 mensem.

547 3604 635 3655 90.
684 3601 898 3655 Priores
949 3601 1041 3672 qui
1089 3608 1454 3656 exoneramur
1490 3600 1559 3656 de
1615 3601 1936 3671 hospitibus,
1968 3598 2074 3653 illis

476 3695 727 3744 tenentur
765 3705 1035 3761 expensas
1076 3689 1421 3745 necessarias
1449 3689 1780 3745 ministrare.

547 3780 637 3833 91.
688 3778 854 3833 Missa
902 3777 1295 3834 beneficiorum
1341 3778 1505 3834 debet
1543 3779 1697 3834 reddi
1730 3779 1785 3833 in
1814 3778 1950 3834 festo
1991 3793 2073 3834 xu

478 3865 792 3932 lectionum,
837 3867 997 3923 etiam
1029 3868 1324 3923 tricenario
1362 3868 1609 3921 durante.

549 3959 644 4012 92.
685 3954 1015 4027 Quacunque
1045 3956 1134 4010 die
1162 3956 1425 4028 contingit
1455 3963 1653 4011 octava
1682 3955 2068 4027 Apparitionis,

475 4043 524 4099 si
551 4043 710 4099 aliter
745 4043 851 4099 dici
895 4059 1002 4099 non
1032 4044 1205 4114 possit
1250 4044 1659 4114 responsorium
1706 4047 1965 4110 Domine,
2002 4063 2073 4102 ne

472 4133 537 4189 in
565 4133 675 4200 ira,
709 4139 848 4199 etc.,
882 4131 1015 4203 ipsa)
1043 4140 1244 4188 octavae
1274 4132 1402 4187 fiant
1431 4132 1671 4188 Sabbato
1686 4134 2032 4204 praecedenti.

544 4243 633 4295 93.
668 4239 997 4295 Ordinamus
1019 4246 1069 4294 et
1092 4239 1361 4305 volumus,
1400 4248 1455 4294 ut
1485 4240 1849 4311 prmbendarii
1896 4257 2070 4297 sacu-

470 4328 619 4383 lares
651 4328 720 4383 de
764 4336 957 4384 czetero
986 4344 1095 4383 non
1150 4329 1483 4399 recipiantur
1513 4329 1567 4382 in
1599 4328 1785 4383 ordine
1826 4329 1942 4384 sine
2000 4330 2069 4384 li-

473 4416 654 4473 centia
683 4410 1205 4489 capituli'generalis
1236 4417 1319 4474 vel
1351 4417 1547 4488 prioris
1577 4417 1873 4474 Carthusiae
1904 4435 2070 4489 super

473 4521 692 4561 annunL

540 4614 628 4667 94.
697 4612 901 4668 Omnes
974 4612 1088 4667 ludi
1144 4614 1419 4669 manuales
1477 4629 1509 4667 a
1557 4613 1803 4683 personis
1863 4614 2070 4669 ordinis

471 4702 760 4759 evitentur.

540 4811 627 4863 95.
664 4807 959 4864 Garciones
992 4824 1099 4863 non
1139 4809 1519 4879 permittantur
1563 4809 1711 4864 exire
1745 4816 2067 4879 potestatem

467 4897 786 4965 Carthusiae,
830 4897 1052 4952 sedente
1116 4898 1351 4968 capitulo
1413 4898 1675 4968 generali,
1707 4914 1808 4952 nec
1856 4898 2068 4969 priores

467 5000 656 5042 eorum
686 4986 815 5040 dent
849 4986 927 5041 eis
950 4986 1237 5057 pecuniam
1280 4988 1347 5040 ad
1396 4986 1710 5041 bibendum.

537 5094 625 5147 96.
671 5091 1002 5148 Ordinamus
1029 5102 1082 5149 et
1112 5094 1381 5157 volumus,
1417 5092 1560 5164 quod
1592 5092 1637 5146 si
1669 5092 1863 5164 aliquae
1884 5110 2070 5164 perso.

461 5195 549 5237 nae
581 5180 649 5236 de
677 5181 867 5237 ordine
902 5182 1321 5237 Mendicantium
1350 5189 1583 5251 recepta
1614 5189 1756 5246 sunt,
1791 5182 1875 5237 vel
1921 5183 2065 5238 reci-

461 5269 678 5339 piantur
702 5270 873 5340 (quod
902 5271 986 5326 vix
1018 5269 1129 5337 fiat)
1160 5286 1271 5325 non
1328 5270 1535 5340 possint
1567 5270 1771 5324 habere
1799 5270 2065 5325 obedien-

461 5358 592 5413 tiam
621 5358 737 5413 sine
768 5358 979 5413 licentia
1011 5359 1231 5429 capituli
1266 5360 1559 5431 generalis.

531 5466 617 5518 97.
654 5466 828 5521 Priori
862 5465 1026 5519 Vallis
1084 5466 1280 5519 Viridis
1334 5466 1647 5522 conceditur
1693 5467 1878 5521 tertius
1910 5466 2064 5521 cleri-

462 5568 580 5608 ΟΠΞ.

1715 285 1934 343 ORDIN
1940 282 2003 338 IS
2042 279 2515 341 CARTHUSIANI
2527 329 2539 342 .

3676 288 3803 341 1H0

2256 411 2343 462 98.
2380 410 2691 466 Inhibemus
2719 428 2787 468 ne
2841 413 2911 468 de
2962 420 3159 469 catero
3187 428 3433 469 conversr
3465 411 3562 468 vel
3604 410 3802 466 redditi

2182 495 2423 566 equitent
2452 500 2509 552 in
2539 502 2745 571 campis
2776 501 2841 573 [Γ.
2876 502 2931 556 in
2974 502 3181 575 cappis]
3212 502 3399 575 nigris.

2252 587 2674 659 99.1njungitur
2702 589 2976 660 prioribus
3034 592 3088 645 in
3144 590 3339 646 virtute
3398 597 3613 645 sanctae
3667 589 3800 642 obe-

2179 672 2397 729 dientiae
2424 683 2478 729 et
2511 677 2819 748 prmcipitur
2839 694 2906 733 ne
2935 686 3266 749 praesumant
3294 680 3423 733 dare
3459 678 3800 749 parentibus

2181 763 2266 818 vel
2317 766 2566 837 cognatis
2604 766 2722 822 sine
2779 782 3048 822 consensu
3088 768 3291 840 aliquid
3346 768 3434 823 vel
3476 768 3683 839 aliqua
3741 765 3803 819 de

2182 854 2337 908 bonis
2370 855 2583 922 domus,
2618 856 2762 911 unde
2793 856 2986 912 domus
3007 864 3283 929 gravetur.

2253 946 2372 997 100.
2408 944 2762 1000 Declaramus
2793 954 2845 1000 et
2864 945 3131 1013 volumus,
3159 946 3301 1017 quod
3330 946 3398 1001 de
3426 954 3639 1001 cmtero
3672 944 3797 998 nul-

2179 1029 2264 1083 lus
2295 1031 2442 1101 prior
2473 1032 2696 1102 recipiat
2720 1032 2957 1104 aliquam
2984 1050 3268 1105 personam
3290 1035 3358 1089 ad
3387 1035 3649 1089 ordinem
3678 1033 3792 1087 sine

2179 1134 2450 1174 consensu
2472 1129 2523 1175 et
2544 1121 2815 1176 voluntate
2837 1132 3136 1178 conventus
3170 1124 3251 1178 sui
3283 1123 3368 1178 vel
3399 1123 3631 1191 majoris
3657 1137 3792 1193 par-

2180 1214 2266 1269 tis.

2253 1306 2374 1358 101.
2412 1304 2761 1376 Ordinamus,
2804 1307 2949 1378 quod
2979 1307 3195 1378 redditi,
3233 1314 3343 1362 tam
3372 1307 3582 1371 clerici,
3619 1322 3787 1378 quam

2180 1391 2303 1447 laici
2323 1399 2604 1449 teneantur
2630 1394 2697 1449 ad
2729 1394 3001 1450 silentium
3036 1411 3048 1449 :
3081 1396 3371 1466 aliquando
3427 1396 3649 1449 ratione
3682 1394 3787 1449 loci

2181 1481 2320 1535 sicut
2347 1482 2401 1534 in
2440 1482 2675 1537 ecclesia
2705 1491 2757 1537 et
2794 1484 2849 1537 in
2877 1483 3185 1549 refectorio,
3226 1484 3312 1539 vel
3362 1484 3417 1537 in
3445 1499 3667 1547 mensa,
3701 1483 3783 1537 vel

2181 1568 2235 1622 in
2282 1568 2557 1636 claustro;
2593 1571 2882 1642 aliquando
2910 1572 3121 1627 ratione
3168 1587 3436 1643 personae,
3470 1572 3617 1627 sicut
3658 1587 3780 1627 curn

2181 1658 2432 1727 personis
2469 1676 2588 1729 quae
2618 1667 2873 1727 tenentur
2898 1661 2966 1715 ad
3012 1660 3305 1716 silentium.

2252 1750 2371 1803 102.
2406 1747 2485 1801 De
2515 1747 2666 1801 festis
2690 1749 2787 1803 SS.
2834 1749 3126 1813 Benedicti,
3175 1749 3442 1821 Hugonis,
3474 1748 3777 1813 Ambrosii,

2176 1835 2391 1904 quando
2411 1837 2653 1905 paschali
2682 1845 2926 1907 tempore
2948 1838 3247 1902 evenerint,
3272 1837 3404 1892 nihil
3433 1838 3776 1903 immittatur,

2177 1922 2304 1992 quin
2336 1922 2429 1977 ﬁat
2480 1924 2617 1979 sicut
2673 1933 2797 1979 ante
2823 1927 3058 1993 Pascha,
3096 1934 3351 1997 quantum
3384 1927 3452 1981 ad
3509 1926 3782 1981 homelias

2177 2018 2227 2065 et
2258 2012 2542 2083 evangelia
2582 2021 2635 2067 et
2666 2015 2941 2084 epistolas,
2977 2022 3084 2069 tam
3117 2015 3169 2069 in
3198 2016 3363 2069 missa
3394 2031 3551 2087 quam
3576 2016 3634 2068 in
3664 2031 3777 2068 ma-

2176 2099 2381 2154 tutinis.

2250 2192 2369 2242 103.
2404 2189 2722 2246 Visitatores
2751 2207 2859 2247 non
2888 2192 3098 2263 possint
3130 2192 3376 2248 emittere
3406 2192 3651 2262 hospites
3683 2208 3782 2247 ex-

2175 2283 2255 2330 tra
2286 2277 2619 2348 provinciam
2650 2296 2810 2350 quam
2835 2280 3073 2347 visitant,
3108 2281 3211 2335 nisi
3257 2281 3535 2336 mitterent
3578 2281 3634 2335 in
3676 2281 3780 2335 do-

2173 2380 2320 2418 mum
2365 2366 2508 2422 unde
2555 2368 2742 2423 ultimo
2772 2369 2966 2423 fuerint
2994 2370 3246 2441 professi.

2250 2455 2370 2510 104.
2405 2456 2668 2511 Statutum
2687 2457 2754 2512 de
2774 2458 3040 2515 velatione
3083 2459 3417 2525 monialium,
3451 2475 3574 2531 quae
3605 2458 3781 2515 oﬂicia

2173 2544 2463 2599 habuerint
2493 2553 2545 2600 et
2573 2545 2892 2612 dimiserint,
2929 2548 3259 2618 approbatur
3288 2556 3341 2603 et
3371 2547 3740 2603 confirmatur.

2247 2636 2368 2688 105.
2429 2634 2762 2705 lnjungimus
2801 2636 3169 2691 visitatoribus
3208 2636 3437 2702 ordinis,
3471 2637 3617 2706 quod
3670 2652 3778 2691 non

2175 2731 2464 2778 vereantur
2510 2723 2792 2795 injungere
2836 2724 3109 2794 prioribus
3141 2725 3285 2796 quod
3341 2733 3524 2796 petant
3554 2724 3776 2780 miseri-

2174 2811 2437 2880 cordiam,
2476 2812 2900 2884 quotiescunque
2945 2814 3318 2869 rationabilem
3373 2829 3595 2870 causam
3624 2814 3777 2868 vide—

2174 2899 2277 2954 rint
2305 2915 2597 2971 apparere,
2632 2908 2684 2955 et
2721 2901 2954 2957 maxime
2985 2902 3088 2957 illis
3138 2919 3274 2975 quos
3321 2902 3376 2957 in
3406 2903 3511 2958 hoc
3541 2901 3773 2957 viderint

2176 2988 2500 3044 obstinatos.

2250 3080 2370 3133 106.
2394 3077 2795 3133 Deliberatione
2826 3079 3057 3148 provida
3086 3079 3449 3146 statuendum,
3484 3080 3630 3152 quod
3664 3079 3771 3151 qui-

2178 3181 2393 3237 cunque
2425 3167 2674 3221 subditus
2719 3168 3017 3223 monachus
3049 3168 3137 3223 vel
3158 3183 3456 3224 conversus
3479 3186 3575 3226 seu
3596 3173 3774 3229 reddi-

2178 3264 2282 3321 tus,
2335 3256 2664 3311 commiserit
2719 3257 2927 3311 crimen
2973 3256 3116 3325 furti,
3152 3273 3248 3312 seu
3296 3257 3656 3328 alienationis,
3689 3263 3773 3318 vel

2175 3345 2526 3415 prOprietatis
2572 3345 2711 3399 ultra
2786 3345 3029 3401 valorem
3076 3346 3235 3400 trium
3296 3346 3612 3415 solidorum,
3673 3366 3775 3407 nec

2174 3433 2291 3504 ipse
2322 3434 2489 3505 priori
2522 3449 2619 3488 suo
2652 3433 2839 3488 saltem
2876 3434 3177 3489 constitutis
3208 3436 3541 3506 temporibus
3573 3438 3630 3492 in
3660 3448 3774 3492 sta-

2174 3522 2301 3577 tutis
2333 3522 2617 3578 confessus
2640 3522 2816 3588 fuerit,
2848 3523 2966 3594 ipso
2996 3523 3135 3579 facto
3193 3525 3515 3580 sententiam
3544 3542 3773 3582 excom-

2174 3611 2555 3666 municationis
2603 3610 2859 3678 incurrat,
2896 3620 2945 3667 et
2992 3613 3133 3668 hanc
3188 3614 3508 3668 sententiam
3564 3615 3777 3669 denun-

2173 3701 2307 3754 tient
2354 3701 2511 3754 annis
2562 3700 2790 3771 singulis
2847 3701 3080 3771 priores,
3128 3700 3214 3756 vel
3262 3701 3395 3772 ipsis
3453 3701 3776 3758 absentibus

2173 3788 2365 3844 vicarii
2395 3789 2448 3843 in
2470 3789 2721 3843 domibus
2744 3789 2855 3843 suis
2876 3788 2929 3843 in
2954 3789 3234 3846 Dominica
3255 3789 3439 3845 Ramis
3470 3790 3776 3861 palmarum

2174 3877 2335 3932 latam
2399 3894 2497 3947 per
2551 3876 2839 3947 capitulum
2917 3878 3206 3949 generale;
3255 3879 3359 3934 hoc
3400 3878 3586 3935 addito
3626 3881 3774 3951 quod

2174 3966 2388 4037 priores
2403 3966 2613 4037 possint
2636 3966 2921 4021 absolvere
2951 3967 3090 4022 sicut
3108 3966 3277 4037 prius,
3304 3975 3356 4021 et
3385 3967 3572 4024 vicarii
3595 3984 3772 4042 usque

2174 4054 2241 4109 ad
2264 4054 2553 4108 adventum
2586 4054 2807 4125 prioris.

2247 4143 2366 4197 107.
2403 4143 2669 4197 Statutum
2700 4150 2781 4197 est
2811 4150 2866 4197 ut
2899 4143 3205 4215 quicunque
3239 4158 3539 4199 conversus
3569 4144 3638 4200 de
3667 4159 3769 4200 ca:-

2174 4238 2287 4286 tero
2325 4240 2607 4301 peccatum
2687 4232 3087 4287 incontinentiae
3135 4232 3487 4302 commiserit,
3545 4233 3766 4288 domum

2174 4335 2325 4373 suam
2362 4328 2624 4391 perpetuo
2658 4320 2881 4384 amittat,
2916 4329 2968 4375 et
3016 4320 3084 4374 ad
3108 4328 3306 4375 statum
3338 4320 3553 4385 redditi,
3588 4322 3767 4391 quoad

2172 4408 2367 4463 victum
2427 4417 2477 4463 et
2533 4409 2752 4463 barbam
2802 4410 3143 4475 reducantur,
3179 4418 3231 4464 et
3286 4409 3480 4465 cellam
3521 4410 3769 4464 amittant

2171 4497 2288 4553 sine
2328 4514 2424 4567 spe
2471 4497 2912 4568 dispensationis.

2244 4589 2364 4640 108.
2401 4585 2662 4641 Similiter
2720 4586 2913 4641 cellam
2944 4586 3135 4640 amittit
3175 4587 3481 4660 quicunque
3530 4587 3769 4658 priorem

2171 4690 2325 4728 suum
2368 4673 2745 4741 diffamaverit,
2781 4683 2872 4729 aut
2912 4675 3167 4729 damnum
3218 4676 3409 4730 domus
3440 4691 3775 4746 procurave-

2171 4763 2255 4828 rit,
2290 4762 2635 4818 sollicitando
2694 4764 2992 4819 creditores
3023 4764 3093 4818 ad
3141 4764 3512 4834 recuperanda
3557 4764 3771 4829 debita,

2170 4850 2256 4905 vel
2302 4852 2636 4906 exhortando
2692 4851 2902 4923 aliquos
2941 4852 3007 4905 ad
3056 4852 3319 4923 capienda
3378 4853 3517 4908 bona
3546 4853 3769 4919 domus,

2170 4939 2255 4995 vel
2285 4940 2388 4993 alia
2411 4940 2609 4994 damna
2638 4940 2937 4995 inferendo.

2244 5031 2362 5083 109.
2398 5028 2533 5082 Illud
2564 5028 2706 5085 idem
2730 5030 3050 5085 observetur
3076 5029 3132 5083 in
3161 5029 3230 5084 de
3260 5029 3398 5084 furto
3425 5036 3474 5083 et
3518 5029 3775 5101 proprie-

2168 5124 2274 5171 tate
2307 5116 2590 5172 convictis.

2241 5208 2361 5259 110.
2397 5206 2663 5259 Statutum
2693 5206 2891 5262 factum
2921 5206 3069 5262 circa
3090 5206 3342 5262 victualia
3371 5220 3773 5261 conversorum

2167 5300 2290 5357 stet,
2322 5292 2392 5349 de
2422 5293 2699 5347 duobus...
2746 5310 2945 5365 panum
2996 5303 3049 5350 et
3067 5311 3206 5365 pane
3264 5309 3557 5358 avenaceo,
3591 5302 3645 5348 et
3697 5295 3775 5350 de

2165 5381 2289 5437 vino
2340 5382 2521 5436 dando
2597 5382 2936 5437 solummodo
2986 5383 3322 5453 temporibus
3375 5381 3607 5448 statutis,
3672 5400 3773 5438 sc-

2162 5470 2397 5524 cundum
2462 5469 2690 5525 formam
2740 5472 2793 5524 in
2879 5472 3111 5539 statutis,
3164 5480 3469 5527 contentam
3535 5468 3775 5526 firmiter

2161 5558 2476 5615 observetur
2502 5577 2515 5617 :
2548 5559 2617 5613 ita
2639 5561 2800 5631 quod,
2836 5577 2942 5616 non
2984 5561 3318 5616 obstantibus
3349 5560 3621 5631 aliquibus
3646 5576 3781 5617 con~

3898 5530 3914 5883 Α
