3960 6062
254 290 384 345 1141

1558 293 1871 349 STATUTA
1910 295 2238 367 ANTIQUA.

3422 302 3558 357 1142

259 411 634 468 suetudinibus
663 413 954 470 contrariis
983 414 1285 487 aliquarum
1315 414 1621 479 domorum,
1656 416 1853 486 praedi—
1882 418 1935 477 A
2032 423 2151 475 115.
2188 421 2269 476 Ad
2298 429 2551 477 statutum
2583 423 2727 495 quod
2755 424 3008 480 conversi
3038 442 3097 480 se
3128 435 3320 484 vocent
3350 427 3421 483 ad
3464 426 3551 481 in-

261 508 406 557 ctum
440 509 692 557 statutum
724 518 756 558 a
786 503 948 558 modo
977 510 1260 570 teneatur;
1292 503 1397 557 nisi
1427 503 1661 573 priores,
1687 504 1860 575 quali-

259 596 367 644 tate
385 590 623 661 regionis
645 599 698 646 et
718 607 1077 661 personarum
1106 601 1157 646 et
1179 592 1463 647 domorum
1484 592 1853 657 considerata,

259 678 514 737 duxerint
560 694 686 735 cum
733 680 811 733 eis
840 679 1269 735 misericorditer
1314 681 1765 751 dispensandum.
1801 680 1856 736 Si

258 782 391 821 vero
430 775 653 838 propter
688 768 791 822 hoc
822 766 907 822 vel
941 768 1085 822 aliud
1108 783 1139 822 a
1169 759 1449 822 laboribus
1480 784 1539 822 se
1571 769 1857 822 subtraxe-

260 855 387 922 rint,
421 864 516 911 aut
544 856 721 910 minus
752 855 985 911 fideliter
1012 856 1401 923 laboraverint,
1435 864 1591 911 aut...
1615 856 1857 911 laborem

260 942 507 1009 fecerint,
540 952 593 998 et
621 945 723 999 hoc
753 944 1051 1000 constiterit
1079 944 1251 1015 priori
1281 944 1365 999 vel
1397 944 1734 1015 procuratori
1760 987 1772 1003 .
1807 953 1859 999 et

260 1031 452 1086 moniti
479 1048 537 1086 se
565 1048 674 1087 non
705 1032 1075 1098 correxerint,
1120 1032 1272 1103 prior
1318 1033 1386 1086 de
1444 1040 1742 1087 conventus
1774 1032 1858 1086 sui

260 1120 347 1175 vel
396 1120 620 1189 majoris
669 1121 835 1191 partis
882 1121 1110 1177 consilio
1157 1122 1329 1175 mittat
1360 1135 1455 1175 eos
1503 1120 1571 1175 ad
1619 1120 1857 1191 priorem

262 1209 561 1263 Cartbusize
589 1208 719 1264 alibi
750 1210 1155 1264 sustentandos.

333 1300 457 1352 111.
490 1297 625 1352 Cum
651 1297 905 1353 conversi
936 1306 988 1353 et
1018 1298 1212 1353 redditi
1242 1297 1569 1369 recipiantur
1598 1305 1721 1369 post
1765 1314 1857 1352 sa-

258 1384 427 1440 lutem
476 1386 781 1441 animarum
810 1387 1082 1458 praecipue
1112 1402 1211 1457 pro
1242 1386 1429 1455 labore
1455 1429 1468 1451 ,
1519 1394 1570 1440 et
1615 1387 1857 1441 nonnulli

258 1474 483 1546 propria
511 1490 677 1529 manu
708 1475 959 1530 laborare
990 1483 1263 1543 recusent,
1298 1474 1603 1540 statuimus,
1638 1482 1694 1528 ut
1739 1475 1860 1545 quii-

261 1578 475 1633 cunque
503 1579 668 1634 super
716 1564 821 1619 hoc
872 1579 903 1619 a
934 1563 1110 1635 priore
1160 1564 1245 1619 vel
1276 1570 1630 1634 procuratore
1662 1579 1856 1633 repre-

260 1652 417 1707 hensi
446 1651 677 1717 fuerint,
722 1659 773 1707 et
803 1652 993 1707 moniti
1021 1668 1130 1707 non
1161 1668 1218 1707 se
1251 1651 1681 1715 emendaverint,
1732 1652 1857 1705 vino

1958 508 2129 563 vicem
2180 509 2406 576 fratres,
2464 512 2680 565 additur
2726 512 2871 584 quod
2920 514 3012 584 qui
3043 522 3231 569 contra
3259 515 3465 581 fecerit,
3498 516 3555 570 in

1958 599 2203 668 sequenti
2235 600 2469 668 capitulo
2500 600 2695 654 clamet
2724 601 2936 671 culpam
2968 619 3139 668 suam,
3164 611 3216 658 et
3250 604 3366 659 sine
3398 604 3557 658 mise-

1959 685 2187 740 ricordia
2218 686 2443 756 accipiat
2473 687 2839 758 disciplinam.

2034 778 2152 827 116.
2206 775 2412 829 Statuta
2461 776 2530 829 de
2577 792 2719 831 novo
2766 776 2905 833 facta
2938 779 3216 833 conversis
3246 779 3554 835 immediate

1957 869 2081 931 post
2139 879 2450 917 sermonem
2508 864 2765 935 legantur
2794 865 2864 919 ab
2894 865 2987 921 illo
3020 866 3108 921 cui
3155 867 3305 937 prior
3343 867 3556 923 duxerit

1958 948 2350 1021 injungendum
2371 994 2385 1017 ,
2437 962 2625 1023 quater
2650 952 2705 1007 in
2736 968 2880 1008 anno
2910 954 2996 1010 vel
3027 955 3280 1026 amplius,
3312 956 3357 1009 si
3386 955 3557 1027 priori

1959 1038 2250 1093 videbitur.

2033 1147 2153 1198 H7.
2188 1146 2365 1200 Terrae
2398 1146 2633 1212 inutiles,
2668 1155 2887 1202 remotae
2920 1155 2972 1202 et
3005 1147 3217 1203 steriles
3248 1149 3314 1203 ad
3344 1158 3555 1219 tempus

1958 1232 2169 1302 possint
2195 1233 2315 1287 dari
2345 1235 2398 1287 in
2433 1235 2849 1305 emphitlieosim
2881 1236 2950 1289 de
3002 1250 3273 1291 consensu
3319 1252 3555 1292 conven-

1958 1328 2128 1386 tuum,
2165 1322 2461 1376 secundum
2507 1323 2652 1393 quod
2699 1324 2800 1377 sibi
2844 1324 3114 1378 videbitur
3142 1324 3471 1380 faciendum.
3500 1325 3559 1379 Si

1958 1424 2091 1463 vero
2122 1409 2289 1481 aliqui
2333 1410 2585 1465 conversi
2632 1411 2894 1481 praedicta
2937 1411 3202 1482 impedire
3246 1412 3427 1483 palam
3474 1413 3559 1468 vel

1958 1496 2543 1620 ogultettentaverint,
2582 1499 2654 1553 ita
2685 1500 2829 1571 quod
2861 1501 3033 1570 possit
3061 1501 3309 1571 probari,
3361 1500 3559 1557 redditi

1960 1583 1988 1620 e
2049 1583 2166 1620 cran
2194 1585 2274 1620 ur.

1960 1576 2274 1622 etiiciantur.

2033 1678 2160 1728 118.
2228 1674 2553 1729 Ordinamus
2611 1675 2773 1731 etiam
2841 1676 2987 1748 quod
3040 1676 3302 1748 praedicta
3359 1684 3559 1732 statuta

260 1749 312 1795 et
342 1741 590 1810 pittantia
620 1740 928 1812 priventur,
962 1742 1199 1812 quandiu
1231 1739 1398 1811 priori
1430 1738 1717 1807 videbitur,
1750 1740 1855 1793 nisi
1880 1782 1930 1840 Β
1961 1763 2137 1817 ειδίίη]
2167 1770 2465 1833 probemur.
2494 1772 2545 1818 et
2578 1738 2987 1819 conﬁrmatur.

259 1842 354 1882 eos
384 1829 608 1883 evidens
637 1830 934 1883 necessitas
964 1838 1269 1885 excusaret.

333 1920 454 1973 “2.
504 1918 767 1972 Conversi
810 1917 953 1971 infra
1000 1919 1259 1973 terminos
1308 1920 1591 1974 domorum
1636 1933 1855 1971 suarum

259 2021 370 2060 non
399 2006 660 2077 equitent,
692 2005 796 2059 nisi
828 2007 901 2060 ita
932 2014 1114 2061 essent
1136 2006 1343 2061 debiles
1374 2016 1426 2061 et
1457 2007 1675 2072 inﬁrmi,
1711 2006 1856 2077 quod

259 2094 432 2165 pedes
488 2094 568 2149 ire
624 2110 731 2149 non
760 2101 1001 2165 possent,
1038 2110 1138 2149 nec
1182 2102 1365 2160 extra,
1400 2094 1504 2149 nisi
1560 2094 1857 2150 secundum

260 2182 405 2254 quod
437 2182 697 2252 scriptum
730 2191 811 2237 est
832 2183 885 2236 in
914 2184 1145 2237 statutis.

332 2274 460 2325 113.
520 2270 675 2325 Prior
721 2279 773 2325 et
821 2280 1137 2341 procurator
1167 2271 1596 2343 quotiescunque
1627 2271 1706 2326 eis
1736 2270 1859 2341 pla-

261 2359 454 2426 cuerit,
490 2358 576 2414 vel
608 2359 801 2414 saltem
832 2360 1000 2414 semel
1033 2361 1087 2413 in
1118 2376 1304 2415 mense
1335 2361 1502 2416 cellas
1533 2370 1584 2414 et
1614 2359 1859 2414 ofﬁcinas

259 2462 641 2503 conversorum
673 2448 961 2519 diligenter
992 2448 1234 2513 visitent,
1269 2456 1319 2503 et
1343 2449 1646 2520 inquirant,
1681 2457 1733 2502 et
1756 2447 1859 2518 ipsi

264 2537 513 2591 conversi
543 2537 622 2591 eis
653 2538 831 2591 omnia
862 2553 1137 2607 exponere
1162 2546 1465 2592 teneantur.
1490 2538 1558 2591 Et
1587 2537 1633 2590 si
1663 2536 1860 2607 aliquis

259 2624 470 2680 cibaria
499 2632 698 2695 praeter
728 2625 875 2680 licita
905 2634 957 2680 et
987 2626 1171 2680 debita
1201 2626 1257 2679 in
1286 2626 1421 2681 cella
1449 2632 1696 2679 assuetus
1746 2624 1859 2678 fue-

260 2713 328 2767 rit
349 2728 618 2783 reponere
650 2722 700 2768 et
721 2721 923 2779 tenere,
959 2722 1011 2768 et
1042 2714 1278 2768 monitus
1308 2730 1418 2768 non
1445 2729 1503 2767 se
1536 2712 1855 2779 correxerit,

256 2801 393 2858 cella
423 2809 688 2872 perpetuo
715 2802 971 2872 privetur.
998 2804 1061 2856 Et
1091 2802 1289 2857 amodo
1310 2818 1465 2856 seras
1488 2800 1860 2857 clandestinus

260 2905 371 2945 non
399 2890 635 2945 habeant
666 2890 766 2944 sub
794 2906 957 2961 pugna
984 2899 1240 2945 contenta
1271 2890 1325 2944 in
1355 2890 1565 2945 statutis
1590 2909 1602 2955 ;
1636 2889 1688 2943 in
1721 2889 1858 2943 ostio

261 2994 394 3035 vero
424 2978 680 3034 anteriori
712 2994 861 3034 seras
892 2978 1103 3049 possint
1123 2980 1348 3045 habere,
1372 2979 1418 3034 si
1450 2978 1622 3049 priori
1649 2978 1861 3032 videtur

263 3066 539 3137 expedire,
571 3068 727 3135 cujus
762 3067 973 3123 clavem
996 3066 1426 3139 quotiescunque
1455 3074 1610 3121 extra
1638 3066 1860 3120 domum

2033 1872 2151 1923 119.
2187 1871 2265 1925 De
2297 1860 2467 1925 tribus
2500 1887 2632 1926 vero
2663 1871 2930 1941 personis,
2966 1872 3016 1924 in
3041 1872 3235 1942 quibus
3266 1870 3415 1941 prior
3431 1870 3563 1926 Car-

1961 1959 2150 2014 thusiaa
2198 1967 2404 2030 poterat
2452 1960 2772 2030 dispensare
2820 1975 2986 2030 supra
3034 1976 3237 2014 annum
3274 1959 3416 2014 ultra
3452 1975 3559 2014 nu-

1959 2064 2170 2101 merum
2203 2048 2494 2103 tresdecim
2526 2063 2941 2114 conversorum,
2976 2048 3202 2103 ulterius
3231 2064 3352 2103 cum
3382 2048 3560 2102 domi-

1962 2136 2062 2189 bus
2091 2153 2210 2207 qum
2240 2136 2461 2189 multum
2494 2136 2841 2207 indigebant,
2893 2136 3209 2191 ordinamus
3249 2136 3393 2207 quod
3452 2135 3557 2191 illae

1960 2232 2067 2277 tres
2115 2240 2363 2294 persona:
2410 2224 2463 2278 in
2520 2224 2747 2278 redditis
2797 2224 3159 2295 recipiantur,
3212 2225 3317 2279 hoc
3347 2224 3558 2293 adjecto

1961 2312 2106 2383 quod
2136 2311 2182 2365 si
2211 2312 2393 2383 aliqua
2429 2328 2666 2383 persona
2696 2312 2854 2367 valde
2884 2312 3135 2367 domibus
3168 2311 3473 2367 necessaria
3504 2321 3558 2367 et

1959 2400 2102 2454 utilis
2132 2408 2437 2471 appareret,
2463 2402 2607 2472 quod
2638 2401 2928 2471 prmdictus
2958 2402 3107 2471 prior
3135 2400 3385 2471 inspecta
3413 2416 3555 2472 qua-

1959 2489 2105 2545 litate
2156 2504 2404 2559 personae
2434 2489 2605 2559 possit
2634 2490 2953 2559 dispensare
2981 2506 3103 2544 cum
3152 2505 3258 2545 uno
3306 2489 3388 2545 vel
3417 2490 3559 2544 duo-

1961 2578 2061 2631 bus
2092 2578 2158 2633 de
2188 2578 2292 2631 illis
2324 2578 2530 2645 tribus,
2581 2585 2636 2631 ut
2668 2578 2919 2632 conversi
2952 2577 3270 2633 efﬁciantur.

2036 2687 2158 2739 120.
2214 2684 2473 2739 Volumus
2522 2682 2834 2738 omnimodo
2882 2683 3029 2755 quod
3071 2683 3331 2754 praxdicta
3362 2691 3563 2739 statuta

1961 2772 2322 2828 observentur
2351 2780 2403 2827 et
2432 2772 2487 2826 in
2518 2772 2766 2844 sequenti
2797 2771 3034 2843 capitulo
3075 2771 3483 2828 confirmentur.

2034 2881 2154 2934 121.
2190 2876 2390 2946 Quater
2418 2878 2471 2932 in
2504 2894 2648 2933 anno
2675 2877 2925 2951 legantur
2953 2879 3069 2935 haec
3100 2885 3294 2933 statuta
3324 2893 3556 2934 conver-

1961 2967 2037 3021 sis
2069 2980 2122 3022 et
2145 2967 2372 3021 redditis
2398 2967 2651 3022 omnibus
2680 2967 3032 3039 congregatis
3062 2967 3117 3022 in
3146 2966 3380 3038 capitulo
3409 2966 3557 3038 ipso-

1962 3072 2102 3122 rum,
2134 3055 2385 3111 videlicet
2417 3055 2468 3109 iu
2497 3055 2635 3110 festo
2668 3054 3074 3122 Puriticationis,
3108 3055 3165 3111 S.
3197 3054 3459 3122 Joannis,
3506 3062 3560 3111 et

262 3155 492 3210 exierint
524 3156 740 3209 tradant
771 3137 1088 3226 coquinario
1125 3170 1138 3209 :
1172 3158 1315 3227 quod
1338 3137 1441 3226 uni
1471 3170 1580 3209 non
1612 3153 1859 3220 fecerint,
1881 3137 1926 3197 Ο
1956 3144 2356 3215 Assumplionis
2387 3145 2445 3199 Β.
2489 3143 2694 3199 Maria?-

257 3243 509 3316 sequenti
536 3243 623 3298 die
656 3260 761 3315 quo
789 3243 998 3299 dabitur
1024 3244 1208 3301 vinum
1239 3252 1291 3299 et
1319 3244 1561 3314 pittantia
1586 3286 1598 3310 ,
1632 3248 1859 3298 careant

259 3331 386 3403 ipsi.

329 3422 452 3475 114.
498 3421 857 3476 Exhortamur
902 3421 1139 3492 priores,
1174 3430 1231 3477 ut
1260 3421 1315 3475 in
1354 3420 1693 3477 correctione
1724 3434 1858 3475 con-

255 3525 539 3565 versorum
568 3510 677 3565 sint
705 3510 1001 3583 pervigiles
1030 3519 1083 3567 et
1110 3511 1332 3579 intenti,
1380 3518 1432 3565 et
1460 3510 1515 3565 in
1546 3508 1858 3579 receptione

256 3613 445 3654 eorum
493 3615 600 3655 non
662 3607 944 3655 teneantur
1002 3600 1157 3671 sequi
1214 3598 1504 3655 consilium
1543 3610 1859 3654 oconverso-

257 3702 378 3742 rum
394 3729 407 3742 .

2033 3324 2212 3377 Nora.
2244 3354 2312 3362 —
2344 3322 2459 3378 Etsi
2485 3323 2600 3378 haec
2630 3329 2829 3378 statuta
2856 3337 3058 3377 annum
3092 3325 3223 3378 1261
3274 3320 3559 3393 praeﬁxum

1962 3412 2216 3478 habeant,
2251 3427 2358 3467 non
2383 3412 2565 3466 omnia
2597 3418 2777 3466 tamen
2806 3426 2871 3467 eo
2900 3426 3061 3477 anno,
3095 3410 3195 3466 sed
3222 3410 3405 3482 aliqua
3435 3410 3557 3465 sub-

1961 3500 2310 3573 sequentibus
2358 3499 2513 3554 annis
2562 3499 2702 3555 edita
2749 3515 2871 3554 esse
2912 3506 3145 3570 oportet.
3205 3498 3266 3554 Id
3311 3506 3458 3570 patet
3487 3514 3552 3555 ex

1961 3597 2158 3645 statuto
2191 3591 2257 3643 87
2296 3589 2352 3642 in
2382 3604 2489 3660 quo
2522 3587 2579 3643 tit
2607 3588 2810 3643 mentio
2841 3586 3049 3644 decreti
3080 3586 3211 3644 editi
3240 3587 3295 3643 in
3325 3586 3558 3644 concilio

1958 3677 2329 3751 Lugdunensi.

1859 3968 1960 4039 VI

504 4143 817 4200 STATUTA
856 4143 1067 4198 EDITA
1106 4144 1180 4199 IN
1218 4143 1561 4200 CAPITULO
1604 4144 1965 4200 GENERAIJ
2003 4142 2290 4200 ORDINIS
2330 4141 2880 4198 CARTHUSIENSIS
2918 4140 3117 4198 ANNO
3159 4144 3314 4199 1289.

326 4299 377 4349 1.
410 4296 566 4348 Anno
613 4293 829 4349 Domini
864 4297 999 4350 1289
1028 4337 1040 4361 ,
1098 4294 1165 4349 de
1216 4309 1356 4349 novo
1388 4294 1671 4348 statuimus
1713 4294 1859 4364 quod

1960 4293 2186 4365 dignum
2219 4292 2410 4357 fuerit,
2463 4291 2785 4346 obedientiis
2814 4290 3135 4360 priventur;
3180 4290 3273 4346 alii
3304 4306 3434 4347 vero
3467 4291 3561 4364 qui

253 4382 505 4454 quaelibet
535 4381 728 4437 domus
757 4382 966 4437 ordinis
995 4382 1169 4453 possit
1205 4382 1408 4437 habere
1440 4383 1578 4435 duos
1626 4382 1855 4437 clericos
1876 4393 1927 4451 1)
1961 4381 2233 4436 evasionis
2254 4396 2474 4436 causam
2500 4380 2765 4444 dederint,
2783 4377 3118 4433 obedientias
3140 4378 3207 4435 de
3227 4386 3427 4436 caetero
3447 4395 3555 4437 non

252 4471 514 4535 redditos,
549 4470 639 4542 qui
668 4471 774 4525 sint
802 4471 869 4524 de
900 4485 1129 4525 numero
1161 4485 1236 4523 vn
1280 4470 1633 4524 redditorum.

323 4563 377 4614 2.
427 4559 558 4613 Item
603 4575 702 4629 pro
750 4558 1003 4630 personis
1034 4559 1087 4613 in
1121 4558 1371 4612 domibus
1404 4557 1692 4614 associatis
1723 4575 1851 4628 per—

256 4647 470 4702 solvant
523 4647 737 4717 priores
761 4691 773 4712 ,
824 4647 962 4701 sicut
1008 4662 1108 4717 pro
1138 4647 1387 4725 personis
1418 4648 1655 4717 propriis
1682 4690 1694 4713 ,
1748 4646 1853 4700 nisi

254 4742 442 4790 mutua
471 4735 648 4805 pactio
678 4735 820 4789 aliud
852 4735 1143 4790 contineat.

330 4827 383 4878 3.
413 4823 548 4877 Item
576 4823 645 4878 de
675 4839 816 4878 novo
847 4823 1131 4877 statuimus
1154 4864 1167 4887 ,
1218 4831 1275 4876 ut
1332 4822 1589 4894 deinceps
1637 4822 1853 4878 termini

259 4928 361 4983 per
405 4910 542 4965 duos
598 4911 809 4981 priores
838 4926 990 4965 more
1023 4911 1181 4965 solito
1210 4910 1419 4964 limitati
1468 4918 1521 4965 et
1569 4910 1757 4981 scripti
1785 4911 1854 4965 ad

259 5015 498 5070 sequens
528 4999 825 5069 capitulum
854 5006 1225 5070 apportentur,
1278 5005 1332 5053 et
1358 4998 1433 5053 ibi
1462 4999 1854 5054 rationabiliter

257 5086 551 5143 examinati
606 5104 704 5157 per
757 5102 946 5143 omnes
1004 5086 1323 5143 ditiinitores
1377 5088 1745 5158 approbentur
1801 5095 1854 5141 et

255 5175 597 5249 sigillentur,
658 5184 711 5231 et
767 5185 963 5233 extunc
1034 5176 1269 5231 habeant
1326 5176 1538 5232 roboris
1617 5174 1851 5231 ﬁrmita—

258 5272 389 5320 tem.

331 5354 389 5408 4.
418 5352 552 5408 Item
582 5352 650 5409 de
678 5368 818 5409 novo
850 5353 1135 5410 statuimus
1166 5353 1310 5424 quod
1338 5352 1548 5424 priores
1579 5362 1631 5408 et
1660 5369 1852 5425 procu-

258 5449 485 5507 ratores,
514 5442 605 5513 qui
636 5441 835 5513 reperti
866 5441 1065 5497 fuerint
1094 5441 1395 5513 culpabiles
1418 5442 1749 5515 negligentia
1770 5442 1856 5498 vel

261 5530 368 5586 alio
396 5530 559 5586 modo
589 5530 658 5585 de
685 5531 943 5587 evasione
972 5531 1456 5597 incarceratorum,
1490 5531 1738 5602 sequenti
1770 5548 1858 5586 ca-

268 5618 441 5690 pitulo
469 5618 705 5675 clament
760 5618 977 5691 culpam
1006 5634 1199 5687 suam,
1253 5619 1353 5677 etsi
1376 5620 1580 5690 judicio
1638 5618 1859 5691 capituli

1960 4470 2195 4525 habeant
2224 4477 2276 4524 et
2303 4468 2485 4524 locum
2518 4469 2746 4522 subeant
2776 4468 3080 4525 evadentis.

2033 4562 2084 4613 5.
2117 4559 2270 4623 Item,
2294 4558 2363 4613 de
2392 4573 2533 4613 novo
2565 4556 2849 4613 statuimus
2872 4559 3016 4631 quod
3033 4559 3283 4615 monachi
3304 4558 3558 4615 conversi

1962 4654 2016 4702 et
2061 4646 2254 4702 redditi
2304 4647 2372 4701 de
2419 4646 2805 4702 incontinentis
2854 4647 3087 4703 convicti
3130 4655 3186 4703 et
3222 4648 3476 4711 confessi,
3511 4646 3559 4700 si

1962 4735 2250 4807 contigerit
2302 4734 2482 4805 aliquo
2539 4742 2783 4805 tempore
2839 4735 3183 4792 reconciliari
3234 4751 3328 4789 eos
3359 4734 3555 4800 ordini,

1962 4823 2112 4877 nullo
2141 4822 2302 4877 modo
2332 4822 2424 4876 ﬁat
2454 4822 2510 4876 in
2556 4822 2807 4878 domibus
2838 4824 2891 4877 in
2922 4822 3119 4894 quibus
3148 4822 3379 4878 convicti
3435 4821 3558 4879 fue-

1962 4911 2088 4977 rint,
2123 4911 2227 4966 nisi
2254 4911 2325 4965 ad
2356 4918 2675 4981 perpetuum
2703 4927 3001 4977 carcerem,
3035 4911 3104 4966 de
3132 4926 3241 4983 quo
3271 4910 3317 4966 si
3358 4911 3559 4969 educe-

1963 5008 2167 5065 rentur,
2200 4999 2346 5055 nullo
2376 5000 2540 5055 modo
2569 5000 2643 5055 ibi
2687 5006 3041 5067 remaneant,
3076 4999 3176 5055 sed
3204 4998 3333 5055 alibi
3380 5000 3557 5057 collo-

1963 5096 2153 5144 centur
2181 5088 2281 5142 sub
2311 5087 2493 5143 debita
2523 5088 2829 5158 disciplina.

2034 5181 2091 5231 6.
2132 5177 2299 5244 Item,
2349 5192 2470 5232 cum
2520 5176 2835 5232 scandalum
2878 5191 2987 5232 non
3034 5178 3306 5234 modicum
3336 5185 3389 5235 et
3417 5178 3559 5233 inter

1962 5280 2192 5336 magnos
2222 5265 2277 5318 in
2312 5272 2456 5320 terra
2495 5266 2600 5319 ista
2648 5272 2827 5320 ortum
2876 5265 3033 5321 fuerit
3066 5276 3291 5337 pr0pter
3322 5266 3558 5337 scyphos

1962 5361 2253 5426 argenteos
2282 5370 2311 5407 a
2358 5354 2684 5425 quibusdam
2716 5354 2988 5424 prioribus
3018 5355 3363 5426 deportatos,
3416 5353 3555 5409 inhi-

1958 5444 2149 5499 bemus
2180 5443 2418 5498 districte
2449 5459 2517 5497 ne
2547 5443 2614 5497 de
2645 5452 2843 5498 (τίθει)Γο
2877 5452 3022 5498 extra
3054 5444 3245 5498 domos
3296 5460 3395 5514 per
3450 5441 3556 5499 ali-

1959 5549 2122 5603 quem
2152 5532 2219 5587 de
2249 5532 2438 5586 ordine
2470 5532 2837 5602 deportentur.

2030 5624 2083 5677 7.
2118 5622 2272 5687 Item,
2309 5620 2376 5677 de
2404 5636 2544 5678 novo
2577 5620 2863 5677 statuimus
2895 5621 3039 5693 quod
3070 5619 3378 5677 visitatores
3425 5635 3562 5694 quos
