3952 6070
390 210 527 265 1143
1615 212 1837 271 ORDIN
1842 215 1902 270 IS
1955 212 2441 271 CARTHUSIANI.

392 332 545 389 obire
589 334 875 406 contigerit
916 335 1057 391 intra
1100 339 1321 394 domum
1370 338 1607 411 aliquam
1635 338 1876 405 ordinis,
1911 338 2059 399 ibiA

394 422 629 477 habeant
683 425 1107 494 monachatum;
1166 436 1219 482 et
1269 428 1313 482 si
1380 444 1581 499 prope,
1644 427 1990 483 tricenarium

394 510 626 566 habeant
659 511 712 566 in
745 512 908 568 domo
940 514 995 567 in
1024 532 1130 586 qua
1174 515 1524 587 sepelientur.

467 603 518 654 8.
553 601 718 666 Item,
769 600 1075 658 inhibemus
1125 620 1193 659 ne
1240 605 1361 676 quis
1408 622 1509 675 per
1537 621 1595 659 se
1627 606 1875 675 impetret
1906 604 1993 659 vel

394 687 677 758 impetrari
724 689 883 744 faciat
924 706 955 745 a
1004 691 1334 763 principibus
1362 694 1449 748 vel
1481 694 1603 748 aliis
1635 694 1983 765 quibuscum-

397 792 502 849 que
532 776 737 832 litteras
767 780 1076 851 rogatorias
1105 797 1203 852 pro
1234 782 1449 852 seipsis.

466 868 518 918 9.
553 866 686 920 Item
709 909 721 932 ,
772 867 1189 924 associationem
1236 869 1513 925 tricenarii
1541 869 1844 925 faciendam
1876 877 1992 924 sta-

394 952 595 1007 tuimus
621 955 798 1025 primo
829 956 1203 1013 anniversario
1233 966 1356 1029 post
1401 959 1783 1030 incmptionem
1829 957 1991 1013 trice-

399 1056 557 1097 nam.

3551 210 3687 265 1144

2162 341 2246 392 10.
2300 339 2465 404 Item,
2518 338 2587 392 ad
2634 336 2880 409 quaedam
2925 334 3092 390 verba
3148 333 3344 404 prioris
3402 334 3570 389 Vallis
3618 333 3679 387 S.

2094 426 2234 481 Petri
2268 426 2645 497 respondetur,
2679 426 2825 496 quod
2857 440 2957 494 per
2981 423 3203 477 modum
3236 422 3418 476 statuti
3447 438 3555 476 non
3592 420 3689 475 fuit

2092 530 2414 570 concessum
2461 516 2606 585 quod
2636 514 2788 585 prior
2818 512 3116 568 Carthusize
3146 520 3331 582 posset
3362 510 3689 580 compellere

2092 620 2192 673 per
2214 618 2499 658 censuram
2531 602 2956 657 ecclesiasticam
2986 601 3180 656 domos
3212 616 3330 670 quae
3361 598 3408 653 ei
3432 599 3687 663 debeant,

2094 699 2147 745 et
2174 691 2299 746 ideo
2347 707 2456 745 non
2507 698 2719 762 oportet
2750 690 2894 762 quod
2942 697 3200 745 statutum
3233 696 3535 753 revocetur,
3570 687 3695 758 quia

2095 779 2321 834 nullum.

2167 872 2252 923 11.
2285 869 2419 922 Item
2444 912 2456 933 ,
2507 869 2702 923 domus
2749 867 2882 923 Belli
2932 866 3108 923 Larici
3137 874 3361 923 vocetur
3392 865 3459 920 de
3491 872 3692 921 caetero

2098 956 2275 1012 Bellus
2308 957 2502 1012 Locus.

1985 1280 2118 1351 VII

1553 1425 1863 1481 STATUTA
1900 1426 2130 1485 EDITA.
2153 1423 2348 1481 ANNO
2392 1427 2547 1481 1290.

475 1533 528 1584 1,
562 1532 719 1587 Anno
769 1532 983 1589 Domini
1035 1536 1169 1590 4290
1219 1540 1475 1588 statutum
1523 1535 1591 1589 de
1639 1535 1851 1589 duobus
1882 1535 1989 1591 cle.
2178 1524 2231 1577 4.
2265 1524 2418 1588 Item,
2450 1530 2707 1577 statutum
2742 1522 2886 1595 quod
2918 1522 3172 1577 monachi
3201 1521 3289 1576 vel
3315 1522 3568 1577 conversi
3616 1531 3708 1577 aut

403 1618 527 1675 ficis
582 1621 852 1676 habendis
908 1622 1277 1692 approbatur,
1335 1631 1387 1677 ει
1443 1623 1511 1678 de
1567 1623 1905 1679 comedendo
1944 1624 2000 1678 in
2108 1610 2308 1665 redditi
2354 1611 2422 1665 de
2464 1611 2852 1667 incontinentia
2899 1611 3160 1677 convicti,
3222 1611 3268 1664 si
3307 1611 3583 1682 contingat
3612 1628 3706 1666 eos

402 1706 693 1763 refectorio
724 1725 845 1765 cum
878 1710 1178 1765 monachis,
2109 1699 2292 1771 aliquo
2344 1707 2588 1770 tempore
2633 1700 2973 1756 reconciliari
3005 1699 3210 1768 ordini,
3261 1700 3577 1754 nullomodo
3605 1700 3709 1755 hoc

473 1800 526 1852 2,
558 1798 689 1852 nem
717 1840 729 1864 ν
783 1798 829 1851 εί
876 1799 1132 1854 cathedra
1165 1800 1220 1853 s,
1255 1800 1399 1855 perri
1430 1800 1625 1857 accidit
1653 1801 1708 1855 ίη
1756 1802 1998 1873 quadra-
2110 1787 2199 1842 ﬁat
2240 1788 2294 1841 in
2325 1788 2576 1843 domibus
2608 1789 3023 1860 principalibus,
3053 1788 3137 1844 vel
3166 1788 3221 1842 in
3241 1788 3439 1860 quibus
3469 1788 3706 1843 convicti

404 1884 641 1956 gesima,
690 1887 857 1941 missa
907 1888 1023 1955 ejus
1055 1888 1266 1943 dicetur
1313 1888 1367 1943 in
1397 1904 1575 1956 mane,
1611 1890 1713 1944 nisi
1746 1889 1999 1946 acciderit

2146 1875 2331 1943 uerint,
2365 1877 2469 1931 nisi
2500 1877 2564 1930 ad
2596 1886 2915 1948 perpetuum
2948 1893 3249 1945 carcerem,
3284 1885 3386 1932 etc.
3407 1920 3420 1944 ,
3456 1885 3511 1931 ut
3543 1892 3709 1948 supra

404 1973 459 2027 in
494 1973 730 2029 Sabbato
762 1976 846 2030 vel
877 1976 1180 2032 Dominica.

2146 1966 2441 2036 pprobatur
2468 1974 2519 2020 et
2548 1966 2921 2021 conﬁrmatur.

476 2066 528 2116 3,
568 2062 740 2129 nem,
790 2063 1101 2136 quicunque
1148 2080 1374 2120 causam
1423 2065 1695 2121 evasionis
1751 2067 2005 2123 dederint
2184 2056 2236 2108 5.
2270 2055 2400 2108 Item
2452 2062 2711 2109 statutum
2742 2055 2809 2109 de
2841 2055 2989 2110 brevi
3018 2055 3199 2111 dando
3247 2054 3354 2110 illis
3385 2054 3476 2127 qui
3505 2054 3714 2110 habent

404 2149 775 2217 incarceratis,
806 2152 1147 2207 obedientias
1179 2154 1454 2221 amittant,
1485 2163 1537 2211 et
1563 2154 1743 2211 locum
1774 2156 2006 2211 subeant

2146 2141 2576 2214 uarticipationem
2621 2142 2991 2199 confirmatur.

408 2238 691 2295 evadentis
719 2240 959 2312 quandiu
989 2241 1248 2312 placuerit
1277 2242 1516 2314 capitulo
1556 2244 1824 2317 generali.

1973 2527 2142 2598 VIII

1708 2672 2020 2729 STATUTA
2063 2674 2235 2731 ΛΝΝΙ
2275 2679 2433 2733 1291.

478 2794 529 2845 1.
562 2792 720 2846 Anno
769 2791 986 2846 Domini
1034 2796 1164 2849 1291
1220 2808 1481 2850 concessa
1528 2803 1653 2849 sunt
1694 2797 2007 2852 auctoritate
2107 2814 2276 2855 causa
2304 2800 2390 2856 vel
2424 2800 2539 2855 utili
2570 2815 2691 2857 eam
2741 2801 2937 2857 viderit
2983 2800 3315 2857 faciendam.
3371 2803 3523 2868 Item,
3572 2801 3722 2872 quod

412 2878 633 2950 capituli
680 2880 954 2952 generalis
1003 2897 1101 2952 per
1146 2882 1463 2938 difﬁnitores
1507 2883 1662 2938 datos
1708 2884 1778 2939 ab
1816 2885 2011 2941 eodem
2119 2889 2429 2962 ubicunque
2479 2890 2533 2944 in
2584 2890 2899 2945 tractatibus
2944 2890 3149 2945 ordinis
3198 2891 3468 2961 duplicem
3524 2904 3721 2945 vocem

412 2984 580 3039 super
607 2967 758 3024 litem
786 2986 907 3041 qua:
936 2978 1052 3025 erat
1077 2970 1131 3024 in
1154 2971 1364 3037 ordine,
1389 2987 1490 3042 pro
1520 2972 1699 3027 littera
1728 2989 1759 3027 a
1790 2974 2010 3030 domino
2121 2977 2315 3033 habeat
2345 2979 2412 3033 ad
2443 2978 2682 3050 rigorem
2713 2979 2920 3034 ordinis
2947 2979 3370 3035 observandum.
3398 2980 3550 3047 Item,
3573 2978 3721 3049 quod

416 3056 688 3130 Gregorio
716 3074 854 3129 papa
881 3059 934 3114 X
963 3059 1280 3129 impetrata,
1333 3060 1534 3116 domno
1576 3061 1744 3132 priori
1775 3062 2008 3117 Carthu-
2118 3067 2345 3138 quilibet
2371 3067 2519 3137 prior
2548 3067 2848 3123 Carthusiae
2875 3068 3044 3123 semel
3095 3068 3151 3121 in
3187 3076 3299 3122 toto
3328 3076 3575 3139 tempore
3622 3082 3722 3120 suo

415 3147 510 3201 site
542 3146 635 3219 qui
665 3163 806 3203 nunc
834 3155 949 3214 est,
1001 3156 1054 3202 et
1099 3148 1205 3202 illis
1234 3150 1487 3204 omnibus
1517 3150 1609 3222 qui
1637 3167 1738 3221 pro
1764 3160 2007 3221 tempore
2052 3189 2097 3248 Ο
2125 3164 2333 3209 tantum
2364 3155 2535 3225 possit
2554 3156 2764 3211 mittere
2784 3157 2922 3210 duos
2953 3171 3018 3210 ex
3041 3156 3323 3211 monachis
3345 3156 3455 3209 suis
3483 3156 3555 3209 ad
3584 3154 3727 3209 alias

415 3233 652 3299 fuerint,
697 3234 813 3291 haec
866 3253 987 3307 quae
1020 3245 1374 3308 “sequuntur,
1407 3238 1661 3294 videlicet
1699 3240 2008 3295 omnimoda
2056 3233 2096 3248 ν
2128 3245 2320 3298 domos
2368 3244 2539 3314 ipsius
2587 3244 2822 3309 ordinis,
2872 3261 2991 3299 cum
3024 3259 3158 3315 pace
3190 3253 3365 3299 tamen
3396 3244 3641 3314 ipsorum
3678 3251 3731 3297 et

415 3330 657 3394 potestas
704 3324 757 3378 in
806 3323 924 3380 foro
967 3325 1325 3396 pmnitentiali
1354 3327 1611 3382 audiendi
1642 3327 2016 3384 confessiones
2128 3340 2424 3387 conventus
2470 3332 2629 3388 dictze
2659 3334 2872 3401 domus,
2909 3334 2954 3386 si
2985 3333 3325 3403 contingeret
3372 3332 3520 3403 quod
3548 3332 3732 3403 aliqua

416 3411 700 3482 priorum,
740 3420 794 3467 et
853 3414 1172 3470 absolvendi
1218 3415 1441 3471 eosdem
1494 3417 1585 3488 qui
1644 3417 1692 3471 ei
1750 3417 2021 3473 voluerint
2131 3421 2274 3475 bona
2303 3437 2540 3491 persona
2570 3421 2779 3476 veniret
2807 3421 2875 3475 ad
2905 3421 3108 3476 dictam
3137 3421 3361 3476 domum
3405 3420 3730 3489 Carthusiae,

423 3499 686 3556 contiteri.
719 3501 887 3567 Item,
940 3502 1087 3574 quod
1124 3504 1311 3573 .possit
1360 3503 1541 3560 facere
1590 3504 2022 3561 misericordiam
2132 3525 2235 3564 nec
2280 3517 2466 3579 posset
2519 3509 2597 3564 ibi
2651 3510 2823 3581 recipi
2852 3517 3079 3581 propter
3105 3508 3499 3564 multitudinem
3531 3524 3734 3563 mona-

422 3588 700 3660 prioribus
727 3605 890 3662 super
918 3605 1119 3647 annum
1149 3607 1270 3647 eam
1300 3594 1609 3664 petentibus
1632 3635 1646 3664 ,
1697 3594 1743 3649 si
1784 3610 1847 3650 ex
1872 3596 2027 3663 juxta
2134 3598 2382 3653 chorum.

2030 3879 2135 3950 IX

1406 4024 1720 4080 STATUTA
1756 4024 1953 4080 NOVA
1994 4026 2311 4081 CAPITULI
2352 4025 2769 4081 GENERALIS.

502 4143 553 4193 1.
607 4136 877 4193 Professio
923 4154 1033 4194 non
1063 4139 1131 4193 sit
1160 4153 1192 4193 a
1221 4137 1470 4205 novitiis,
1529 4138 1634 4193 nisi
1677 4139 1856 4211 priore
1882 4154 2025 4211 prae-

432 4235 603 4283 sente.

500 4338 554 4391 2.
607 4333 829 4404 Recepti
876 4334 943 4388 ad
976 4340 1233 4388 statutum
1278 4333 1567 4388 terminum
1626 4334 1938 4404 venientes,
1982 4336 2027 4390 si

434 4420 585 4492 prior
612 4421 810 4476 absens
860 4421 1023 4477 fuerit
1050 4430 1103 4476 et
1130 4422 1355 4477 multum
1386 4430 1644 4490 remotus,
1678 4424 2027 4479 nihilominus

436 4524 470 4564 a
502 4518 773 4565 conventu
801 4509 1094 4565 induantur
1121 4518 1173 4565 et
1221 4510 1565 4567 incellentur.

509 4620 563 4671 3.
596 4615 840 4672 Visitatio
870 4616 1045 4672 Scalae
1075 4616 1175 4671 Dei
1204 4615 1298 4670 fiat
1326 4632 1470 4672 anno
1500 4616 1784 4674 bissextili.

508 4724 559 4777 4.
592 4721 928 4778 Concessum
977 4730 1059 4776 est
1103 4721 1355 4777 domibus
1413 4722 1582 4778 Scalae
1625 4724 1752 4791 Dei,
1799 4724 2030 4797 Anglizr,

439 4811 496 4865 S.
549 4809 951 4875 Bartholomaai,
1001 4810 1273 4865 Hibernia:
1294 4854 1308 4876 ,
1342 4812 1674 4876 Sclavonim,
1710 4812 1854 4883 quod
1884 4813 2033 4867 vica-

440 4899 551 4954 rius
595 4914 716 4955 cum
765 4898 1064 4969 antiquiore
1110 4899 1283 4969 possit
1331 4899 1656 4956 conﬁrmare
1715 4901 2035 4955 electionem

440 4987 638 5058 prioris
687 5002 720 5042 a
750 4994 1017 5043 conventu
1036 5028 1050 5052 ,
1104 4987 1150 5041 si
1177 4987 1327 5058 prior
1358 5004 1467 5043 non
1496 4988 1654 5042 fuerit
1684 4988 1737 5041 in
1768 4988 1874 5041 illis
1904 5005 2003 5059 par
2022 5018 2035 5029 -

437 5076 584 5130 tibus
605 5117 618 5141 ,
669 5074 760 5146 qui
809 5091 910 5145 pro
940 5074 1306 5130 conﬁrmanda
1336 5076 1601 5131 electione
1630 5076 1801 5146 possit
1831 5077 2033 5132 vocari.

511 5184 563 5235 5.
600 5180 900 5251 Injungitur
928 5181 1202 5252 prioribus
1230 5222 1244 5249 ,
1291 5189 1348 5234 ut
1379 5196 1436 5235 se
1467 5180 1761 5235 defendant
1791 5198 1891 5251 per
1922 5183 2037 5252 pri-

441 5268 702 5340 vilegium
734 5268 998 5323 indultum
1032 5284 1065 5323 a
1095 5269 1442 5338 praestatione
1469 5268 1821 5325 decimarum.

513 5377 564 5430 6.
600 5375 727 5430 Post
774 5373 1182 5444 completorium
1235 5374 1444 5429 dicatur
1490 5375 1786 5446 antiphona
1828 5379 2041 5433 Sancta

446 5463 639 5530 Maria,
672 5470 728 5518 et
757 5462 932 5518 oratio
966 5462 1210 5517 Concede
1243 5479 1363 5519 nos.

513 5658 586 5723 (1)
613 5660 813 5722 Agenda
842 5662 920 5712 est
942 5660 1151 5713 cilicium
1178 5662 1537 5715 defunctorum.

2206 4144 2258 4196 ’7.
2293 4144 2337 4196 Α
2387 4150 2580 4212 quarto
2611 4143 2798 4196 Nonas
2826 4141 3149 4197 Novembris
3174 4158 3346 4214 usque
3388 4142 3457 4196 ad
3497 4142 3742 4212 Septua-

2136 4230 2433 4302 gesimam,
2467 4222 2733 4303 agendam
2765 4230 2843 4299 (1)
2888 4238 3084 4300 praeter
3113 4230 3304 4285 laudes
3343 4231 3395 4283 in
3426 4230 3561 4285 cella
3590 4230 3745 4286 dici-

2137 4334 2292 4383 mus,
2348 4325 2470 4388 post
2517 4318 2727 4371 Nonam
2772 4318 2857 4372 vel
2904 4327 3027 4388 post
3056 4335 3313 4389 vesperas
3361 4319 3414 4371 in
3447 4317 3601 4373 festis
3638 4334 3747 4372 xm

2137 4405 2483 4472 Lectionum;
2542 4406 2824 4461 ferialibus
2880 4423 3009 4462 vero
3066 4407 3257 4461 diebus
3314 4414 3435 4477 post
3478 4423 3753 4477 vesperas

2062 4495 2369 4579 Ddicimus
2416 4496 2689 4565 prepriam
2738 4496 2853 4549 sive
2897 4495 3188 4567 specialem
3234 4512 3356 4550 cum
3388 4494 3559 4549 tribus
3600 4496 3755 4549 anti-

2142 4582 2368 4654 phonis,
2414 4592 2465 4637 et
2508 4599 2568 4636 ιιι
2596 4583 2953 4651 lectionibus,
3007 4583 3376 4654 quotidianam
3436 4599 3564 4638 vero
3620 4599 3755 4639 cum

2144 4671 2319 4740 prima
2348 4672 2643 4741 antiphona
2686 4680 2738 4725 et
2782 4672 2957 4726 tribus
2988 4672 3328 4727 lectionibus.
3361 4672 3427 4726 Et
3458 4671 3760 4726 sciendum

2144 4760 2286 4829 quod
2335 4760 2389 4812 in
2444 4760 2707 4828 praedicto
2756 4767 3002 4830 tempore
3068 4759 3321 4814 dicuntur
3379 4769 3491 4813 tres
3550 4761 3762 4829 prima:

2145 4846 2406 4901 lectiones
2436 4848 2627 4901 diebus
2658 4847 2965 4915 dominicis,
3000 4856 3103 4903 etc.
3125 4891 3141 4913 ,
3176 4865 3276 4917 per
3313 4848 3581 4901 ordinem.

2218 4941 2267 4988 8.
2324 4935 2479 4989 Prior
2510 4935 2806 4991 Carthusiae
2853 4944 3027 5007 potest
3068 4942 3275 4990 mutare
3324 4936 3639 4990 visitatores
3698 4954 3767 4991 ex

2148 5038 2331 5077 causa.

2219 5115 2269 5164 9.
2318 5112 2527 5181 Corpus
2586 5112 2802 5167 Domini
2852 5120 3095 5168 servetur
3144 5113 3197 5166 in
3246 5111 3456 5182 capella
3502 5111 3767 5167 inferiori

2149 5215 2270 5251 cum
2304 5215 2429 5253 sera
2459 5214 2490 5253 a
2522 5201 2932 5272 quibuscumque
2962 5201 3258 5271 placuerit,
3292 5201 3361 5254 ita
3395 5209 3570 5253 tamen
3610 5201 3771 5272 quod

2150 5295 2443 5342 renovetur
2474 5289 2526 5341 in
2559 5289 2801 5359 qualibet
2831 5289 3189 5355 hebdomade,
3224 5289 3268 5342 si
3299 5288 3588 5344 commode
3644 5288 3773 5343 fieri

2151 5383 2349 5445 potest.
2383 5376 2546 5429 Missa
2575 5377 2633 5430 B.
2669 5378 2853 5431 Marirr.
2880 5377 2935 5431 in
2958 5378 3233 5443 Sabbatis,
3271 5377 3323 5430 in
3346 5376 3499 5431 festis
3528 5377 3775 5447 capituli

2152 5471 2205 5517 et
2258 5462 2612 5520 candelarum
2670 5466 2880 5521 dicatur
2934 5466 3213 5537 privatim,
3274 5466 3515 5536 exceptis
3556 5465 3779 5520 diebus
