3960 6062
241 251 381 305 1145

240 463 305 518 Β.
333 463 537 517 Mariae.

316 555 402 606 10.
440 551 689 607 Vicarius
719 552 864 607 dicat
891 554 1211 609 Benedicile
1256 553 1416 608 etiam
1446 552 1723 623 prioribus
1754 568 1850 606 ex-

244 640 444 695 traneis
478 641 1004 711 supervenientibus,
1039 643 1267 697 absente
1294 642 1493 713 priore.

315 732 402 783 11.
455 731 560 784 Pro
626 731 919 786 tricenario
995 731 1302 787 inchoando
1349 731 1519 802 possit
1568 730 1854 785 transferri

242 818 698 874 anniversarium.

315 910 401 963 12.
438 907 776 979 Agricultura
809 922 917 962 non
948 916 1266 964 exerceatur
1293 909 1346 962 in
1381 908 1707 981 agirelariis.

317 999 401 1050 13.
454 997 597 1051 Loco
663 995 823 1050 trium
882 1013 1242 1067 personarum
1306 997 1575 1051 inutilium
1626 1004 1854 1067 possunt

247 1083 411 1155 recipi
444 1092 556 1139 tres
612 1084 791 1151 utiles,
853 1085 923 1139 ita
982 1086 1124 1157 quod
1174 1085 1399 1157 quilibet
1443 1100 1696 1139 numerus
1746 1100 1854 1139 non

244 1173 561 1228 excedatur.

319 1262 404 1314 14.
438 1261 639 1316 Novitii
670 1270 901 1332 possunt
929 1263 1213 1318 celebrare
1260 1262 1460 1318 missas
1508 1262 1768 1334 privatas,
1802 1269 1853 1316 et

244 1348 311 1403 ad
343 1365 434 1403 eas
467 1350 672 1405 servire
704 1351 770 1405 ad
800 1352 1085 1406 arbitrium
1117 1352 1337 1422 prioris.

318 1440 403 1491 15.
438 1439 630 1492 Nullus
672 1448 967 1509 pra‘sumat
1013 1440 1342 1495 contendere
1391 1439 1478 1495 vel
1525 1439 1713 1494 ludere
1758 1454 1853 1509 pa-

246 1526 355 1582 lam
385 1528 472 1581 vel
504 1528 752 1598 privatim
787 1545 911 1584 cum
941 1530 1125 1601 priore
1158 1530 1458 1586 secundum
1508 1528 1757 1601 regulam
1791 1528 1846 1583 S.

244 1616 543 1671 Benedicti.

1549 252 1865 309 STATUTA
1904 253 2240 324 ANTIQUA.

232 373 445 429 Natalis
478 374 712 441 Domini,
765 374 1005 430 Sabbato
1051 380 1277 442 sancto,
1312 383 1365 431 et
1414 382 1644 447 quatuor
1691 375 1841 431 festis
1868 381 1921 438 Α

3410 259 3552 316 1146

2026 382 2113 435 32.
2151 379 2357 439 Omnes
2397 382 2651 437 monachi
2696 380 3023 454 sepeliantur
3065 397 3189 439 cum
3235 383 3435 452 cilicio,
3471 391 3561 440 tu-

1956 468 2077 522 nica
2109 476 2160 523 et
2186 470 2395 524 cuculla
2426 478 2477 525 et
2506 471 2695 543 caligis
2728 481 2779 526 et
2808 472 3115 543 pedulibus.

2029 561 2115 611 33.
2150 558 2461 613 Conversus
2493 560 2690 631 aliquis
2718 577 2825 615 non
2858 561 3059 615 serviat
3103 561 3170 615 ad
3201 560 3417 618 missas.

2028 649 2114 700 34.
2151 646 2380 714 Quando
2411 649 2700 719 contigerit
2747 649 2855 703 duo
2908 649 3041 704 festa
3094 650 3391 717 transferri,
3434 650 3557 706 otii-

1956 734 2100 789 cium
2133 736 2354 803 majoris
2385 736 2509 790 festi
2536 735 2626 790 fiat
2654 738 2824 808 prima
2856 738 2963 803 die,
2998 746 3049 793 et
3080 738 3226 793 aliud
3273 740 3556 810 sequenti;

1956 829 2007 877 et
2039 823 2084 877 si
2106 824 2383 896 contingat
2407 824 2840 881 anniversarium
2860 827 2948 883 die
2968 826 3081 893 illa,
3106 842 3215 882 non
3234 826 3558 898 impediatur

1956 912 2323 967 translatione.

2026 1004 2113 1054 35.
2151 1000 2355 1056 Omnes
2385 1002 2474 1073 qui
2504 1001 2815 1058 minitantur
2843 1012 3074 1061 mortem
3104 1005 3191 1063 vel
3232 1006 3440 1078 ignem,
3472 1003 3560 1061 vel

1953 1088 2153 1160 aliquid
2186 1090 2381 1156 simile,
2416 1090 2720 1163 cuicunque
2776 1109 3029 1162 personas
3076 1095 3301 1165 ordinis,
3346 1093 3558 1165 possint

1953 1177 2283 1233 incarcerari
2307 1179 2457 1247 juxta
2486 1179 2769 1235 arbitrium
2818 1198 3062 1238 suorum.

2026 1270 2112 1321 36.
2143 1267 2307 1321 Missa
2337 1267 2405 1321 de
2437 1268 2710 1323 Cathedra
2739 1270 2795 1324 S.
2850 1271 2992 1326 Petri
3024 1273 3079 1326 in
3108 1272 3196 1327 die
3223 1272 3477 1328 Cinerum
3509 1278 3562 1327 et

1954 1363 2077 1423 post
2125 1355 2333 1410 dicetur
2401 1355 2470 1409 ab
2535 1356 2982 1425 hebdomadario,
3042 1360 3146 1415 nisi
3188 1359 3449 1416 acciderit
3504 1359 3561 1414 in

1955 1443 2207 1506 Sabbato,
2240 1444 2324 1497 vel
2356 1444 2656 1510 Dominica,
2693 1462 2795 1502 nec
2824 1448 3039 1503 dicetur
3068 1456 3275 1504 tractus
3308 1448 3362 1502 in
3394 1464 3475 1503 ea.

2023 1532 2109 1584 37,
2146 1532 2201 1585 Si
2230 1531 2425 1601 aliquis
2454 1533 2606 1602 prior
2624 1534 2888 1604 prioratui
2920 1536 3121 1591 cedens
3151 1553 3258 1591 non
3288 1534 3556 1591 invenerit

1948 1614 2126 1669 locum
2158 1624 2440 1669 vacantem
2472 1616 2526 1670 in
2557 1617 2718 1671 domo
2759 1634 2875 1686 sua,
2920 1620 3068 1689 prior
3096 1620 3267 1690 possit
3296 1636 3418 1674 eum
3448 1636 3552 1690 po-

314 1708 400 1759 16.
453 1706 754 1776 Capitulum
801 1706 1071 1777 privatum
1125 1706 1419 1777 compellat
1465 1723 1589 1761 eum
1630 1714 1921 1794 pr0pterB
1954 1719 2085 1757 nere
2116 1703 2168 1756 in
2203 1704 2435 1773 hospitio
2465 1705 2551 1759 vel
2583 1705 2635 1758 in
2666 1706 2824 1771 cella,
2875 1715 2927 1762 et
2957 1708 3118 1762 alium
3167 1708 3235 1762 de
3279 1708 3561 1765 monachis

244 1809 409 1865 quem
436 1795 712 1849 vocabitur
733 1795 800 1849 ad
823 1795 1115 1850 solvendas
1128 1811 1403 1865 expensas
1420 1794 1675 1865 qumtient
1693 1795 1745 1848 in
1762 1810 1846 1849 eo.

320 1884 405 1936 17.
442 1884 543 1936 Pro
592 1884 867 1953 sepultura
910 1884 1243 1939 redditorum
1292 1883 1550 1939 laicorum
1600 1899 1708 1936 non
1755 1898 1853 1937 co—

249 1971 485 2024 meditur
513 1971 568 2024 in
598 1971 909 2036 refectorio,
943 1989 1043 2028 nec
1072 1972 1327 2045 vigilatur
1355 1988 1388 2026 a
1417 1971 1715 2036 monachis,
1750 1971 1855 2025 nisi

246 2074 344 2113 eos
374 2060 528 2113 obire
560 2060 850 2132 contigerit
876 2060 932 2115 in
961 2062 1127 2115 domo
1169 2060 1460 2131 superiori.

316 2152 403 2201 18.
438 2148 591 2203 Prior
620 2164 727 2203 non
753 2156 929 2204 cesset
975 2150 1043 2202 ab
1092 2148 1268 2205 oﬂicio
1308 2149 1362 2203 in
1417 2148 1556 2203 festo
1601 2148 1854 2220 reliquia-

247 2253 369 2290 rum
401 2236 647 2291 ecclesia:
669 2237 943 2292 inferioris
969 2246 1194 2308 propter
1226 2236 1576 2310 fragilitatem
1598 2238 1697 2305 (2),
1718 2237 1857 2292 sicut

248 2340 351 2381 uec
380 2325 434 2379 in
463 2325 602 2380 festo
633 2326 989 2383 dedicationis
1019 2327 1285 2395 ejusdem.

324 2417 407 2469 19.
446 2415 506 2467 In
548 2413 701 2469 festis
735 2415 1132 2470 Puriﬁcationis
1182 2424 1233 2469 et
1283 2414 1721 2469 Annuntiationis
1768 2413 1857 2468 di-

253 2510 409 2557 catur
440 2504 627 2559 Gloria
656 2505 719 2558 in
752 2505 1019 2569 excelsis,
1056 2504 1487 2575 quandocunque
1517 2503 1855 2575 contingant.

326 2594 416 2647 20.
449 2591 576 2647 Sine
606 2592 835 2647 consilio
866 2592 1255 2663 procuratoris,
1309 2592 1494 2648 vicarii
1525 2600 1576 2649 et
1619 2592 1860 2647 sacristae

254 2680 410 2751 prior
440 2696 548 2735 non
578 2680 749 2751 possit
796 2689 985 2737 mutuo
1028 2681 1158 2737 dare
1184 2680 1319 2735 ultra
1368 2681 1556 2737 decem
1586 2681 1752 2735 libras
1786 2680 1859 2735 si-

249 2767 363 2822 mul
397 2768 480 2823 vel
509 2784 606 2839 per
625 2776 825 2839 partes.

323 2861 412 2913 21.
464 2856 755 2912 Orationes
800 2858 856 2912 in
904 2858 1086 2912 missis
1152 2859 1516 2929 septenarium
1576 2875 1859 2913 numerum

255 2962 365 3001 non
397 2946 677 3009 excedant,
713 2946 816 3000 nisi
847 2946 1145 3001 necessitas
1167 2947 1468 3002 orationum
1497 2947 1787 3002 incumbat.

324 3038 414 3091 22.
467 3035 769 3101 Dedicatio,
824 3050 931 3089 non
989 3044 1222 3089 mutetur
1251 3035 1353 3089 nisi
1409 3044 1627 3107 propter
1664 3035 1862 3090 festum

255 3122 628 3191 candelarum,
663 3132 717 3178 et
747 3132 871 3180 tunc
903 3139 1026 3179 cum
1060 3132 1165 3178 tota
1204 3124 1549 3179 solemnitate
1581 3140 1675 3178 sua
1713 3124 1859 3179 cele-

248 3212 457 3277 bretur,
490 3220 541 3266 et
571 3211 879 3266 comeditur
927 3212 980 3266 in
1038 3212 1326 3267 refectorio
1360 3231 1373 3266 :
1408 3222 1588 3268 tamen
1636 3221 1864 3284 possunt

255 3300 508 3356 conversi
540 3309 592 3354 et
639 3300 841 3355 familia
876 3300 1150 3355 laborare.

326 3392 415 3443 23.
450 3387 683 3456 Quando
742 3388 930 3459 vigilia
976 3389 1241 3460 contingit
1283 3390 1371 3444 die
1415 3389 1697 3445 Dominico
1771 3388 1865 3444 fiat

250 3476 515 3546 jejunium
547 3484 600 3531 et
628 3477 1073 3533 commemoratio
1128 3478 1215 3532 die
1259 3478 1502 3533 Sabbati.

328 3566 418 3621 24.
452 3564 701 3621 Inﬁrmus
729 3566 785 3619 in
833 3566 1067 3621 ecclesia
1110 3567 1295 3622 sedeat
1341 3568 1395 3621 in
1440 3567 1561 3622 loco
1608 3582 1727 3631 suo,
1780 3567 1865 3622 vel

258 3661 366 3709 stet
395 3654 442 3707 si
469 3654 753 3725 placuerit,
787 3670 885 3709 nec
918 3662 1161 3710 transeat
1206 3655 1273 3709 ad
1316 3655 1496 3711 locum
1526 3654 1860 3710 inferiorem.

334 3744 422 3799 25.
457 3744 784 3798 Comedatur
824 3743 880 3798 in
923 3743 1214 3799 refectorio
1243 3743 1298 3798 in
1344 3744 1621 3815 sepultura
1666 3745 1863 3815 praela-

264 3839 441 3887 torum
452 3873 464 3885 .

332 3924 422 3977 26.
479 3921 581 3974 Pro
615 3921 904 3977 tricenario
953 3921 1068 3976 sive
1129 3920 1402 3992 psalteriis
1449 3921 1634 3977 dicant
1678 3921 1863 3978 clerici

262 4009 349 4064 vel
395 4009 644 4064 monachi
688 4026 797 4066 non
844 4010 1158 4067 sacerdotes
1208 4026 1237 4060 ι.
1287 4008 1529 4081 psalmos
1582 4018 1635 4065 et
1679 4010 1802 4068 laici
1834 4028 1865 4066 L

266 4100 443 4153 Pater
462 4102 671 4154 noster.

334 4188 424 4241 27.
461 4185 699 4240 Clericus
729 4187 971 4242 redditus
1001 4187 1217 4258 quando
1250 4186 1307 4242 fit
1338 4187 1649 4255 monachus,
1683 4188 1737 4241 in
1760 4205 1859 4244 suo

265 4274 453 4328 habitu
484 4290 607 4328 cum
637 4290 810 4345 cappa
841 4276 1120 4346 probetur.

336 4366 424 4416 28.
478 4362 618 4415 Infra
661 4372 903 4418 octavam
954 4364 1341 4435 Apparitionis,
1391 4362 1759 4427 Ascensionis,
1812 4370 1865 4416 et

269 4451 671 4520 Assumptionis
691 4468 753 4507 ac
783 4452 1091 4507 Nativitatis
1114 4454 1170 4507 B.
1197 4453 1377 4506 Mariae
1424 4453 1638 4507 dicatur
1685 4450 1871 4505 feriale
1896 4446 1943 4504 D

269 4540 432 4608 Kyrie
462 4541 683 4609 elcyson
707 4540 821 4593 sine
849 4541 1035 4595 Gloria
1055 4542 1118 4595 in
1141 4541 1403 4605 excelsis,
1429 4540 1531 4593 nisi
1554 4539 1608 4592 in
1633 4538 1868 4594 Sabbato

268 4635 359 4681 aut
378 4626 517 4681 festo
549 4642 628 4681 xu
662 4628 993 4682 Lectionum.

337 4720 425 4771 29.
461 4716 609 4769 Prior
636 4716 797 4770 debet
825 4717 1006 4771 dicere
1052 4717 1278 4787 primam
1329 4716 1547 4771 missam
1602 4716 1872 4771 tricenarii

270 4803 578 4871 cujuslibet,
614 4804 659 4857 si
690 4804 755 4857 sit
787 4813 1028 4873 paratus,
1061 4806 1270 4859 etiamsi
1294 4806 1362 4859 sit
1393 4805 1868 4860 hebdomadarius.

347 4895 433 4945 30.
470 4893 529 4945 In
584 4891 720 4947 festo
769 4894 1123 4963 reliquiarum
1165 4902 1217 4948 ct
1264 4894 1619 4950 dedicationis
1649 4893 1872 4947 inferius

279 4994 389 5033 non
422 4979 700 5051 frangatur
722 4983 1008 5050 jejunium.
1036 4984 1188 5048 Item,
1223 4991 1447 5054 propter
1469 4983 1870 5053 hospitesjeju-

277 5068 426 5122 nium
461 5084 565 5122 non
596 5070 893 5142 frangatur.

348 5160 434 5210 31.
472 5159 574 5212 Pro
605 5159 1015 5230 archiepiscopo
1046 5160 1129 5213 vel
1164 5160 1422 5231 episcOpo
1467 5161 1681 5216 dicatur
1710 5163 1877 5218 oratio

279 5248 359 5300 Da
392 5246 570 5312 nobis,
592 5248 845 5313 Domine,
870 5250 1429 5319 utanimamfamuli
1453 5251 1539 5303 tui
1572 5253 1877 5307 sacerdolis

284 5339 340 5388 et
371 5336 675 5405 pontiﬁcis,
709 5343 809 5389 etc.

1956 1807 2238 1846 removere
2272 1793 2338 1847 de
2370 1793 2505 1848 cella
2536 1802 2584 1847 et
2614 1794 2667 1847 in
2698 1795 2929 1866 hospitio
2980 1812 3205 1867 ponere,
3254 1813 3375 1851 cum
3418 1812 3555 1867 pace

1957 1887 2009 1934 et
2042 1896 2163 1934 cum
2198 1881 2336 1934 bona
2368 1881 2642 1937 voluntate
2682 1884 2955 1939 monachi.

2030 1973 2117 2022 38.
2173 1969 2403 2036 Quando
2469 1972 2819 2026 Annuutiatio
2867 1972 3151 2028 Dominica
3196 1972 3563 2029 celebrabitur

1958 2065 2081 2127 post
2112 2058 2338 2123 Pascha,
2382 2058 2593 2113 dicatur
2640 2061 3049 2130 responsorium
3092 2064 3268 2134 Prope
3323 2066 3406 2118 est
3449 2064 3560 2119 Do-

1958 2147 2171 2207 minus.
2204 2148 2461 2201 alleluia.
2494 2148 2761 2203 Surrexit
2806 2152 3097 2206 Dominus.

2031 2238 2117 2288 39.
2152 2235 2350 2290 Novitii
2382 2235 2735 2291 excludantur
2762 2254 2792 2291 a
2838 2238 3093 2309 capitulo,
3128 2238 3173 2293 si
3203 2237 3372 2310 priori
3402 2238 3557 2295 vide-

1959 2324 2123 2378 bitur.

2035 2414 2120 2467 40.
2157 2412 2417 2468 Conversi
2465 2430 2526 2469 se
2569 2422 2763 2471 vocent
2811 2414 3027 2484 fratres,
3060 2416 3153 2490 qui
3184 2423 3369 2474 contra
3410 2416 3560 2474 fece-

1961 2500 2060 2580 rit‘
2081 2501 2292 2556 veniam
2324 2502 2575 2573 accipiat.

2037 2591 2122 2644 41.
2177 2589 2619 2663 Quotiescunque
2676 2592 2872 2649 dicitur
2919 2595 2983 2650 In
3045 2596 3271 2650 unitate
3316 2595 3564 2667 Spiritus

1961 2679 2153 2733 sancti
2181 2681 2325 2734 Deus
2356 2679 2409 2733 in
2442 2679 2627 2751 aliqua
2657 2682 2920 2748 oratione,
2971 2683 3191 2755 quando
3237 2690 3430 2754 postea
3474 2682 3563 2737 di-

1961 2767 2193 2822 cendum
2216 2775 2298 2822 est
2317 2770 2462 2824 Deus
2483 2770 2547 2823 in
2567 2770 2937 2841 adjutorium,
2954 2772 3025 2827 ad
3038 2774 3357 2831 misericors
3378 2773 3566 2830 Domi-

1963 2872 2073 2911 nus
2103 2856 2395 2928 erigamur,
2431 2873 2554 2913 cum
2586 2859 2650 2913 In
2682 2860 2930 2926 unitate,
2960 2867 3066 2916 etc.

2038 2946 2124 3000 42.
2178 2946 2444 2999 Statutum
2510 2954 2594 3001 est
2634 2948 2780 3018 quod
2828 2948 3009 3003 nullus
3064 2948 3302 3020 appellet
3350 2948 3455 3004 nisi
3498 2948 3565 3003 ad

1966 3032 2258 3104 capitulum
2304 3035 2584 3106 generale,
2638 3044 2688 3090 et
2736 3036 3017 3108 appellans
3054 3039 3198 3108 juste
3242 3052 3353 3093 non
3396 3036 3569 3109 possit

1966 3123 2443 3192 excommunicari,
2495 3131 2548 3180 et
2596 3124 2702 3179 lata
2730 3125 3300 3182 excommunicationis
3342 3134 3567 3183 senten-

1966 3210 2039 3263 tia
2069 3218 2260 3265 coutra
2282 3212 2427 3280 juste
2458 3212 2821 3282 appellantem
2872 3230 2980 3270 non
3028 3221 3246 3281 teneat;
3281 3213 3442 3271 aliter
3470 3230 3566 3287 apo

1965 3298 2173 3368 pellans
2206 3299 2531 3355 incarcerari
2561 3302 2757 3371 possit.

2040 3388 2125 3441 43.
2160 3388 2385 3443 Noviter
2416 3388 2761 3445 celebrantes
2805 3406 2913 3445 non
2963 3391 3300 3448 descendant
3328 3408 3359 3448 a
3388 3392 3565 3466 gradu

1964 3475 2145 3529 altaris
2176 3492 2273 3546 pro
2302 3476 2667 3534 oblationibus
2698 3478 3043 3549 recipiendis.

2040 3565 2124 3618 44.
2191 3564 2483 3621 Convictus
2548 3566 2633 3622 vel
2710 3566 2992 3623 confessus
3055 3567 3124 3624 de
3178 3566 3566 3625 iucontinentia

1966 3651 2350 3723 qualicunque,
2393 3654 2439 3707 si
2487 3654 2767 3728 contingat
2812 3655 2963 3710 illurn
3006 3656 3366 3723 reconciliari,
3418 3654 3568 3711 nullo

1966 3748 2211 3811 tempore
2240 3741 2411 3811 possit
2440 3742 2569 3815 eligi
2598 3743 2653 3797 in
2687 3743 2945 3815 priorem.

2041 3829 2124 3883 45.
2160 3828 2354 3885 Clerici
2379 3829 2575 3886 redditi
2603 3831 2880 3903 gaudeant
2908 3833 3099 3888 eodem
3139 3830 3427 3904 privilegio
3459 3846 3567 3903 quo

1965 3915 2215 3970 conversi
2245 3916 2301 3970 in
2330 3917 2672 3985 victualibus,
2706 3926 2759 3975 et
2786 3919 3121 3976 comedenda
3151 3919 3206 3975 in
3254 3918 3566 3984 refectorio,

1965 4010 2017 4059 et
2048 4004 2316 4061 veniendo
2345 4005 2415 4061 ad
2436 4006 2776 4062 mandatum.

2040 4094 2130 4147 46.
2169 4094 2387 4148 Festum
2419 4096 2477 4149 B.
2502 4095 2747 4168 Dionysii
2777 4096 2834 4150 in
2861 4096 3110 4152 domibus
3139 4095 3349 4153 ordinis
3394 4095 3567 4151 nostri

1966 4180 2020 4233 in
2051 4197 2225 4252 regno
2256 4183 2500 4239 Francia;
2529 4185 2702 4254 possit
2732 4200 2853 4240 cum
2884 4185 3118 4255 capitulo
3160 4183 3447 4241 celebrari.

2044 4270 2129 4323 47.
2184 4272 2312 4325 Haec
2367 4271 2532 4326 dictio
2589 4273 2824 4337 Litium,
2874 4273 2928 4326 in
2971 4271 3169 4343 plurali
3226 4271 3571 4327 uniformiter

1967 4359 2350 4429 pronuntietur
2378 4376 2478 4430 per
2510 4365 2551 4415 t.

2049 4449 2134 4501 48.
2165 4447 2396 4516 Quando
2424 4449 2531 4504 duo
2563 4448 2701 4503 festa
2731 4448 3077 4504 candelarum
3108 4449 3421 4506 immediate
3443 4464 3573 4506 suc-

1970 4536 2186 4600 cedunt,
2221 4552 2467 4606 vesperae
2498 4538 2882 4609 subsequentis
2925 4537 3047 4593 festi
3078 4554 3110 4593 a
3155 4538 3389 4609 capitulo
3436 4536 3576 4593 inci-

1971 4625 2134 4694 piant,
2162 4626 2401 4695 exceptis
2433 4626 2539 4681 illis
2587 4627 2655 4681 de
2696 4627 2892 4699 quibus
2939 4643 3199 4698 expresse
3244 4627 3576 4683 contrarium

1975 4721 2232 4767 statutum
2265 4723 2365 4768 est.

2050 4803 2134 4854 49.
2187 4802 2486 4857 Declaratio
2536 4803 2681 4873 quod
2712 4820 2744 4858 a
2786 4804 2873 4859 die
2909 4804 3132 4860 Pascha:
3178 4804 3234 4858 in
3295 4803 3473 4861 officio
3516 4805 3576 4859 B.

1976 4890 2156 4943 Maria:
2183 4889 2381 4959 duplex
2412 4891 2659 4946 Alleluia
2698 4892 2923 4959 dicatur,
2959 4892 3316 4964 approbatur,
3370 4892 3475 4947 nisi
3526 4893 3581 4947 in

1977 4978 2113 5031 festo
2134 4978 2574 5032 Annuntiationis
2605 4980 2818 5050 quando
2850 4979 2905 5034 fit
2931 4990 3051 5052 post
3110 4982 3330 5052 pascha,
3384 4982 3438 5037 in
3478 4998 3585 5055 quo

1974 5067 2172 5121 dicitur
2204 5066 2609 5135 responsorium
2643 5070 2821 5139 Pr0pe
2851 5074 2935 5124 est
2966 5072 3262 5127 Dominus.

2053 5157 2140 5208 50.
2193 5155 2458 5208 Statutum
2507 5154 2574 5209 de
2615 5154 2876 5210 faciendis
2945 5160 3260 5214 carceribus
3306 5160 3586 5231 approba-

1979 5250 2082 5307 tur,
2109 5242 2305 5313 quibus
2353 5242 2696 5298 includantur
2750 5244 2972 5313 falsarii,
3020 5247 3356 5319 incendiarii,
3409 5249 3588 5305 homi-

1980 5332 2135 5399 cida»,
2171 5332 2254 5385 vel
2283 5332 2551 5387 minantes
2583 5341 2808 5388 mortem
2831 5376 2843 5400 ,
2875 5333 2961 5388 vel
2992 5335 3195 5406 ignem,
3229 5347 3281 5392 et
3324 5347 3587 5412 vagantes

348 5556 421 5619 (2)
446 5557 495 5608 ld
524 5561 597 5607 est
623 5558 896 5610 illusionem
923 5563 1231 5621 nocturnam,
1259 5574 1347 5624 pro
1372 5575 1462 5625 qua
1491 5566 1685 5615 veteres
1709 5565 1933 5615 monachi
1958 5566 2180 5617 solebant
2205 5581 2230 5617 a
2258 5567 2585 5619 celebratione
2624 5567 2889 5619 abstinere.
