3960 6062
425 273 565 329 1147

1494 276 1782 332 ORDINIS
1821 274 2295 332 CARTHUSIANI
2334 276 2667 335 STATUTA.

3598 289 3740 342 1148

420 414 520 469 per
547 398 831 468 mundum,
865 405 917 454 et
955 399 1133 455 ceteri
1165 400 1231 456 de
1264 400 1470 472 quibus
1522 401 1778 472 scriptum
1825 409 1907 457 est
1944 410 1996 456 et
2020 403 2073 463 Α
2104 410 2421 473 sequentem
2465 420 2730 471 rasuram,
2779 411 2977 475 praeter
3021 406 3377 465 abstinentias
3424 410 3493 465 ab
3533 411 3735 468 ordine

424 494 697 542 statutum.

492 579 580 630 51.
614 577 742 630 Post
788 576 1293 649 quinquagesimam
1338 595 1511 650 usque
1560 579 1626 633 ad
1677 581 1885 635 Pascha
1930 598 2031 651 pro

423 664 574 719 nullo
603 663 741 719 festo
768 664 1040 737 frangitur
1064 666 1353 735 jejunium.

496 757 581 809 52.
630 753 893 808 Statutum
945 763 1027 809 est
1084 755 1230 827 quod
1280 756 1494 826 priores
1550 773 1660 813 non
1717 757 2031 827 permittant

423 842 721 897 monachos
752 842 838 897 vel
868 858 1159 899 conversos
1188 861 1284 899 seu
1336 846 1574 900 redditos
1624 846 1903 916 professos
1936 847 2033 900 ali-

425 946 533 1003 qua
562 947 627 986 ex
656 946 820 986 causa
865 948 1085 987 servare
1130 933 1407 1002 denarios,
1464 935 1575 989 suis
1630 936 1716 991 vel
1757 936 2032 990 extraneis

424 1020 614 1074 usibus
644 1020 1021 1090 appropriatos
1052 1021 1137 1076 vel
1180 1023 1561 1092 propriandos.

502 1111 595 1163 53.
671 1109 933 1164 Statutum
999 1118 1077 1164 est
1127 1112 1270 1182 quod
1321 1112 1409 1182 qui
1457 1112 1647 1167 leviter
1711 1113 2032 1183 protulerint

430 1199 597 1254 Prius
618 1198 966 1254 dimitterem
987 1199 1262 1265 ordinem,
1290 1200 1402 1254 sive
1424 1202 1825 1272 arquipollentia
1847 1203 2029 1271 verba,

431 1303 598 1358 quam
618 1289 867 1357 facerem
889 1288 975 1343 vel
997 1288 1351 1344 obmitterem
1381 1290 1480 1344 hoc
1503 1292 1585 1345 vel
1608 1291 1752 1344 illud
1778 1310 1791 1355 ;
1820 1291 1861 1345 si
1885 1291 2035 1359 prior

430 1374 612 1442 fuerit,
643 1375 712 1429 sit
742 1384 896 1430 extra
942 1376 1129 1431 sedem
1159 1393 1313 1431 suam
1358 1378 1411 1431 in
1460 1378 1691 1433 ecclesia
1742 1395 1839 1448 per
1868 1396 2033 1432 unum

431 1463 614 1531 diem;
648 1464 692 1518 si
724 1465 1019 1534 subjectus,
1056 1466 1283 1536 recipiat
1312 1467 1363 1519 in
1414 1468 1647 1537 capitulo
1691 1467 2032 1537 disciplinam

430 1568 528 1623 pro
558 1553 799 1624 qualibet
826 1553 965 1609 vice.
1194 1558 1199 1559 ⁷

503 1642 590 1695 54.
641 1642 720 1695 Ex
778 1649 1054 1711 praecepto
1123 1649 1173 1696 et
1208 1643 1431 1698 decreto
1496 1643 1704 1699 ordinis
1752 1652 2036 1699 teneantur

2132 491 2474 546 constitutas.

2203 583 2289 634 63.
2334 580 2578 636 lnstituta
2628 581 2767 638 facta
2810 585 2878 640 de
2926 602 3158 641 numero
3205 602 3599 643 conversorum
3652 606 3743 645 re-

2131 669 2287 723 dacto
2317 670 2383 723 ad
2414 684 2517 724 xm
2549 670 2913 738 conﬁrmatur,
2948 676 3052 730 hoc
3080 674 3264 729 addito
3286 676 3501 747 quodin
3532 693 3745 751 magna

2130 758 2456 812 necessitate
2488 759 2641 827 prior
2667 760 2967 817 Carthusiae
3016 779 3181 833 super
3228 781 3426 817 annum
3474 766 3557 820 vel
3591 767 3747 837 capi-

2132 846 2301 899 tulum
2332 847 2591 919 generale
2631 864 2751 904 cum
2795 851 2958 906 domo
3008 852 3286 923 indigente
3333 870 3503 924 usque
3534 855 3606 908 ad
3638 870 3745 909 ΧΠ

2130 934 2329 1004 poterit
2368 936 2705 1005 dispensare.

2203 1026 2289 1077 64.
2361 1024 2685 1097 Quicunque
2728 1026 3023 1082 celaverint
3092 1029 3460 1084 visitatoribus
3505 1046 3565 1084 ea
3614 1048 3741 1102 quae

2133 1112 2331 1166 debent
2364 1115 2591 1168 revelari
2622 1116 2721 1182 eis,
2753 1132 2861 1170 non
2891 1118 3104 1187 possint
3132 1135 3161 1171 a
3190 1118 3465 1188 prioribus
3496 1119 3610 1173 suis
3640 1121 3745 1173 ab-

2135 1200 2289 1269 solvi,
2324 1202 2427 1255 nisi
2458 1202 2691 1270 injuncta
2724 1205 2802 1258 eis
2832 1205 3151 1274 poenitentia
3198 1216 3406 1276 septem
3453 1208 3741 1263 abstinen-

2133 1289 2329 1343 tiarum
2360 1292 2758 1360 continuarum,
2806 1293 3000 1347 diebus
3048 1294 3388 1350 abstinentia
3431 1296 3737 1367 deputatis,

2132 1379 2273 1431 ultra
2327 1380 2680 1434 abstinentias
2728 1381 2956 1447 debitas,
3000 1399 3160 1454 quam
3209 1399 3426 1453 poenam
3475 1394 3634 1439 caute
3685 1394 3739 1440 et

2134 1466 2422 1536 diligenter
2452 1467 2650 1523 faciant
2688 1470 2988 1525 observari.

2206 1559 2291 1610 65.
2355 1556 2621 1611 Statutum
2679 1559 2824 1629 quod
2878 1559 3091 1629 priores
3152 1560 3245 1631 qui
3291 1561 3489 1631 reperti
3541 1560 3742 1616 fuerint

2136 1644 2431 1714 culpabiles
2462 1647 2799 1718 negligentia
2831 1648 2916 1701 vel
2946 1647 3052 1702 alio
3082 1649 3246 1703 modo
3276 1649 3344 1703 de
3374 1650 3629 1704 evasicne
3661 1650 3741 1703 in-

431 1729 643 1799 priores
674 1728 916 1800 recipere
946 1738 997 1784 et
1042 1729 1232 1786 afferre
1282 1739 1528 1802 tempore
1575 1733 1903 1802 competenti
1948 1750 2105 1825 ca-B
2138 1741 2563 1799 carceratorum,
2641 1735 2695 1788 in
2740 1735 3069 1806 quibusdam
3117 1736 3465 1791 confirmatur
3510 1739 3737 1793 chartis.

434 1818 603 1888 pitulo
634 1817 873 1891 generali
910 1818 998 1874 vel
1044 1819 1207 1888 priori
1251 1819 1553 1875 Carthusire
1601 1821 2034 1876 denuntiationes

435 1916 798 1963 conventuum
831 1907 1128 1962 secundum
1158 1907 1365 1962 ordinis
1404 1909 1663 1978 instituta,
1706 1909 1945 1980 alioquin
1979 1926 2036 1964 se

435 1995 686 2051 noverint
714 1995 1036 2065 puniendos.

506 2087 593 2139 55.
646 2084 921 2139 Sententia
979 2084 1548 2139 excommunicationis
1599 2102 1719 2156 quae
1768 2085 1935 2140 fertur
1981 2085 2035 2139 in

431 2173 614 2230 Ramis
660 2173 964 2243 palmarum
994 2190 1021 2226 a
1052 2174 1265 2244 priore,
1309 2174 1669 2246 praesentibus
1718 2175 2032 2241 monachis,

437 2261 721 2318 conversis
753 2269 806 2316 et
834 2262 1082 2327 redditis,
1115 2263 1169 2316 in
1202 2263 1420 2333 scriptis
1450 2264 1784 2333 proferatur.

506 2352 593 2404 56.
630 2351 689 2404 In
714 2350 896 2404 missis
927 2350 996 2404 ad
1016 2350 1204 2406 Gloria
1234 2352 1296 2405 in~
1319 2353 1559 2407 excelsis
1591 2360 1643 2406 et
1674 2352 1743 2405 ad
1779 2350 1949 2409 Credo
1970 2350 2037 2404 ad

433 2454 636 2494 nomen
663 2439 792 2493 Jesu
823 2439 1033 2494 modice
1080 2439 1387 2494 inclinetur.

508 2530 595 2583 57.
629 2527 947 2583 Pelliciosos
994 2528 1243 2598 Vulpinos
1273 2537 1325 2583 et
1367 2529 1433 2583 de
1478 2528 1720 2583 bestiolis
1768 2528 2037 2583 silvestri-

433 2616 556 2683 bus,
590 2624 642 2671 et
663 2616 1036 2671 calceamenta
1083 2617 1297 2671 curiosa
1344 2625 1395 2671 et
1426 2617 1621 2688 plicata
1652 2618 2034 2687 reprobamus,

437 2712 490 2760 et
519 2706 587 2760 de
616 2712 812 2760 caetero
841 2720 948 2759 non
978 2704 1297 2761 habeantur.

507 2796 595 2848 58.
626 2794 687 2846 In
716 2792 863 2847 omni
891 2792 1059 2847 missa
1091 2810 1212 2863 qua:
1240 2793 1308 2847 de
1330 2793 1467 2847 vivis
1495 2792 1730 2848 volvitur
1758 2793 2037 2848 celebran-

437 2882 528 2949 da,
559 2898 659 2952 per
680 2881 926 2953 singulos
956 2881 1148 2936 dicitur
1180 2882 1543 2953 Omnipotens
1568 2883 1658 2953 qui
1690 2884 1956 2937 vivorum.

509 2973 595 3025 59.
630 2970 849 3025 Priores
879 2978 1104 3041 possunt
1133 2971 1260 3025 dare
1308 2978 1629 3041 potestatem
1675 2971 1888 3025 vicariis
1935 2972 2037 3025 ab-

436 3059 684 3116 solvendi
713 3060 768 3113 in
818 3059 1061 3114 absentia
1114 3075 1212 3114 sua
1259 3061 1327 3114 de
1376 3060 1615 3131 quolibet
1660 3067 1886 3130 peccato
1921 3076 1933 3114 :
1965 3060 2040 3115 ita

436 3156 622 3205 tamen
678 3148 823 3220 quod
872 3148 939 3202 de
982 3149 1197 3203 mortali
1253 3122 1421 3215 certo,
1470 3149 1615 3221 quod
1658 3122 1818 3217 absit,
1870 3122 2107 3219 prioriC

436 3245 683 3293 teneatur
708 3237 902 3292 iterum
934 3236 1200 3292 confiteri.

511 3329 599 3381 60.
628 3326 847 3381 Festum
877 3326 935 3379 B.
968 3325 1308 3397 Magdalenae
1337 3341 1461 3381 cum
1511 3324 1753 3380 candelis
1784 3324 2040 3379 solemni-

437 3422 522 3471 ter
547 3414 876 3479 celebretur,
911 3428 1019 3468 non
1048 3422 1225 3468 tamen
1257 3414 1469 3470 dicatur
1498 3413 1687 3480 Credo,
1735 3429 1839 3469 nec
1885 3429 2039 3469 com-

438 3503 677 3559 municet
705 3503 988 3558 diaconus.
1024 3503 1083 3556 In
1112 3503 1231 3573 ipso
1263 3502 1399 3557 festo
1445 3502 1665 3573 propria
1695 3502 1866 3557 oratio
1896 3504 2037 3558 Lar—

438 3593 577 3664 gire,
610 3592 679 3646 ad
709 3599 915 3647 sextam
938 3606 1066 3646 vero
1090 3593 1233 3648 Deus
1254 3593 1349 3664 qui
1382 3607 1483 3646 nos
1502 3607 1720 3660 annua,
1750 3592 1819 3646 ad
1842 3607 2039 3647 nonam

440 3680 683 3737 Exaudi.

509 3772 599 3824 61.
633 3768 921 3839 Simplices
952 3767 1203 3823 monachi
1234 3768 1320 3824 vel
1364 3769 1547 3826 clerici
1577 3770 1663 3826 vel
1710 3767 1902 3824 redditi
1946 3782 2043 3821 no-

436 3856 536 3912 stri
565 3857 843 3913 venientes
873 3856 940 3911 ad
972 3856 1284 3927 capitulum,
1307 3866 1498 3912 exeant
1527 3859 1595 3913 de
1616 3857 1852 3928 capitulo
1882 3854 2041 3911 obla-

438 3946 507 4001 tis
556 3944 944 4016 petitionibus;
990 3961 1093 4000 nec
1138 3946 1383 4014 redeant,
1430 3946 1534 4001 nisi
1581 3946 1759 4002 vocati
1807 3943 2043 4017 quandiu

436 4033 670 4088 habetur
697 4033 771 4087 ibi
808 4040 1086 4088 tractatus.
1141 4033 1469 4089 Conceditur
1510 4035 1657 4090 omni
1705 4034 1875 4105 priori
1907 4034 2042 4088 Car-

439 4121 632 4177 thusiaa
663 4121 754 4194 qui
782 4137 879 4193 pro
912 4128 1155 4192 tempore
1190 4120 1369 4188 fuerit,
1404 4131 1462 4177 ut
1513 4123 1741 4195 quilibet
1796 4130 2042 4192 tempore

440 4226 541 4265 suo
570 4218 679 4266 tres
708 4210 1008 4266 monachos
1039 4210 1247 4265 ordinis
1279 4211 1451 4282 possit
1489 4212 1733 4282 accipere
1767 4212 1834 4266 de
1863 4211 2043 4267 domi-

437 4299 540 4354 bus
569 4299 776 4353 ordinis
806 4315 932 4355 cum
982 4315 1118 4370 pace
1173 4316 1419 4370 personae
1477 4310 1703 4369 vocatae,
1737 4309 1789 4356 et
1821 4301 1889 4355 ad
1919 4316 2045 4372 pro-

439 4386 734 4442 fessionem
765 4387 1050 4442 admittere
1080 4389 1137 4442 in
1183 4389 1344 4444 domo
1396 4390 1711 4444 Carthusire.
1765 4391 1897 4443 Cum
1942 4389 2044 4442 tri-

440 4475 714 4531 cenarium
756 4475 985 4530 occurrit
1030 4476 1188 4530 alteri
1232 4477 1522 4533 tricenario
1573 4478 1896 4541 sacerdotis,
1948 4493 2045 4547 pro

438 4563 747 4633 incipiendo
777 4564 988 4618 dicatur
1019 4565 1098 4619 Da
1126 4566 1300 4632 nobis,
1328 4574 1379 4620 et
1410 4582 1507 4636 pro
1538 4566 1869 4636 praecedenti
1902 4568 2045 4621 Deus

439 4655 534 4708 cui
558 4653 853 4724 proprium
885 4657 1037 4707 est...
1070 4655 1279 4723 famuli
1301 4658 1356 4708 et
1377 4655 1685 4709 sacerdotis
1706 4656 1810 4709 tui.
1836 4654 2045 4709 Deinde

438 4741 778 4797 adducuntur
825 4741 878 4794 in
934 4741 1126 4811 plurali
1182 4758 1426 4808 numero,
1490 4743 1697 4799 scilicet
1737 4744 1815 4797 Da
1863 4744 2038 4809 nobis,

438 4830 694 4894 Domine,
727 4832 793 4884 ut
822 4831 1071 4895 animas,
1109 4837 1212 4884 etc.

510 4922 595 4973 6'2.
632 4918 893 4972 Conversi
926 4918 1017 4988 qui
1066 4926 1255 4972 contra
1309 4917 1538 4973 formam
1584 4919 1789 4974 ordinis
1837 4919 2041 4974 inventi

438 5006 650 5061 fuerunt
681 5022 739 5060 se
770 5022 893 5060 cum
921 5006 1189 5061 novacula
1233 5007 1433 5061 rasisse
1477 5024 1788 5079 grennones
1816 5008 1912 5077 (3),
1949 5024 2034 5063 se-

440 5094 638 5159 cunda,
669 5102 862 5164 quarta
892 5102 944 5149 et
973 5104 1121 5149 sexta
1152 5093 1288 5150 feria
1315 5110 1347 5149 a
1379 5095 1505 5149 vino
1532 5096 1833 5149 abstineant
1861 5112 2034 5166 usque

442 5183 512 5238 ad
551 5181 710 5237 aliam
760 5198 1011 5238 rasuram
1045 5201 1056 5237 :
1085 5184 1298 5253 priores
1345 5199 1477 5239 vero
1533 5192 1584 5238 et
1626 5192 2031 5254 procuratores,

438 5272 531 5343 qui
561 5272 675 5327 haec
705 5272 982 5327 observari
1013 5288 1120 5326 non
1151 5271 1400 5337 fecerint,
1435 5282 1723 5344 postquam
1755 5273 2029 5339 scivcrint,

440 5360 742 5417 abstineant
771 5377 803 5415 a
833 5360 958 5416 vino
986 5361 1157 5416 semel
1186 5360 1238 5414 in
1271 5360 1595 5431 septimana,
1642 5378 1923 5433 quousque
1963 5364 2033 5417 ad

2140 1822 2263 1874 Post
2293 1823 2397 1877 hoc
2423 1823 2647 1876 verbum
2679 1824 3165 1880 incarceratorum
3187 1826 3743 1896 sequitur:obedien-

2135 1909 2235 1962 tias
2286 1910 2552 1979 amittant,
2600 1919 2650 1965 et
2718 1912 2894 1967 eidem
2926 1928 3101 1982 poenae
3153 1914 3469 1982 subjaceant
3513 1915 3740 1981 subditi,

2135 1998 2421 2070 locumque
2499 2000 2729 2053 subeant
2810 2001 3110 2067 evadentis,
3159 2003 3396 2073 quandiu
3472 2004 3746 2057 videbitur

2138 2087 2373 2156 capitulo
2404 2088 2667 2158 generali.
2703 2088 2959 2159 Sequenti
2987 2089 3224 2160 capitulo
3256 2091 3489 2145 clament
3517 2093 3738 2163 culpam

2137 2191 2306 2239 suam,
2342 2184 2391 2230 et
2434 2175 2479 2229 si
2518 2176 2723 2245 judicio
2774 2177 2993 2247 capituli
3034 2178 3259 2250 dignum
3306 2179 3481 2245 fuerit,
3524 2182 3746 2250 gravis—

2138 2264 2271 2317 sime
2304 2265 2614 2334 puniantur.
2649 2265 2752 2319 Alii
2774 2282 2904 2321 vero
2928 2266 3018 2336 qui
3039 2266 3307 2321 evasionis
3329 2283 3550 2322 causam
3573 2270 3745 2324 dede-

2136 2352 2259 2418 rint,
2292 2353 2629 2407 obedientias
2660 2354 2728 2409 de
2760 2362 2956 2409 caetero
3005 2371 3113 2409 non
3162 2356 3414 2423 habeant,
3466 2365 3517 2411 et
3563 2357 3747 2412 locum

2139 2442 2366 2495 subeant
2389 2443 2684 2508 evadentis,
2723 2443 2957 2514 quandiu
2995 2444 3259 2514 placuerit
3306 2445 3555 2515 capitulo.
3589 2446 3742 2500 ldem

2139 2529 2335 2584 faciant
2385 2538 2438 2583 et
2487 2531 2745 2602 recipiant
2787 2541 3167 2602 procuratores
3216 2549 3398 2588 coram
3446 2534 3745 2589 visitatori-

2138 2618 2238 2671 bus
2266 2618 2349 2673 vel
2381 2635 2480 2689 per
2512 2636 2624 2685 eos,
2658 2621 2991 2691 approbatur
3023 2630 3073 2675 et
3102 2620 3469 2677 confirmatur.

2210 2710 2294 2760 66.
2330 2707 2599 2762 Statutum
2631 2709 2773 2780 quod
2790 2710 3005 2779 priores
3036 2726 3251 2765 omnem
3282 2710 3552 2765 subditum
3585 2727 3744 2766 suum

2137 2794 2444 2850 convictum
2490 2796 2576 2851 vel
2610 2797 2920 2851 confessum
2986 2798 3054 2852 de
3106 2814 3429 2869 quocunque
3473 2799 3736 2867 crimine,

2138 2883 2281 2954 quod
2330 2884 2625 2939 secundum
2678 2885 2882 2939 ordinis
2938 2886 3177 2940 instituta
3218 2897 3611 2942 consueverunt
3664 2889 3737 2943 de

2138 2972 2325 3027 ordine
2376 2973 2590 3042 penitus
2639 2974 2855 3044 expelli,
2906 2983 3119 3029 teneant
3148 2975 3202 3028 in
3256 2990 3474 3031 carcere
3513 2985 3742 3049 angusto

2138 3077 2311 3131 usque
2342 3061 2411 3115 ad
2440 3062 2728 3132 capitulum
2778 3062 3055 3134 generale,
3092 3064 3176 3117 vel
3218 3063 3525 3119 visitatores
3572 3081 3743 3136 gene-

2138 3150 2296 3214 rales,
2329 3150 2413 3203 vel
2447 3150 2728 3221 speciales,
2762 3158 2819 3205 ut
2849 3152 3071 3207 materia
3119 3152 3385 3224 evagandi
3429 3153 3496 3207 de
3541 3161 3738 3208 caetero

2140 3246 2459 3309 amputetur,
2534 3240 2861 3309 approbatur
2909 3248 2961 3294 et
3008 3240 3370 3309 confirmatur,
3423 3250 3475 3296 et
3521 3242 3589 3297 ad
3636 3243 3739 3298 hoc

2139 3328 2412 3399 agendum
2444 3329 2643 3382 subditi
2666 3336 2918 3384 tenentur
2953 3330 3196 3385 obedire.

2212 3418 2297 3470 67.
2324 3416 2591 3471 Statutum
2640 3418 2786 3487 quod
2824 3404 3079 3473 monachi
3125 3426 3177 3474 et
3226 3418 3475 3473 conversi
3522 3426 3574 3474 et
3604 3419 3739 3474 red—

2141 3503 2237 3557 diti
2282 3504 2513 3561 convicti
2560 3504 2627 3560 de
2693 3505 3103 3573 incontinentia,
3146 3506 3192 3561 si
3236 3506 3515 3579 contingat
3559 3507 3739 3579 aliquo

2141 3600 2388 3662 tempore
2444 3607 2538 3647 eos
2592 3593 2956 3660 reconciliari,
2986 3594 3134 3649 nullo
3166 3595 3329 3649 modo
3386 3595 3489 3650 hoc
3543 3593 3634 3649 fiat
3684 3596 3739 3649 in

2141 3680 2391 3735 domibus
2422 3680 2829 3752 principalibus,
2881 3682 2968 3737 vel
3001 3683 3057 3736 in
3100 3682 3295 3754 quibus
3341 3682 3575 3739 convicti
3622 3682 3744 3738 fue-

2141 3768 2246 3823 rint
2276 3769 2379 3824 nisi
2408 3769 2474 3823 ad
2522 3777 2843 3840 perpetuum
2879 3786 3166 3826 carcerem
3194 3771 3263 3825 de
3311 3786 3419 3842 quo
3450 3771 3495 3825 si
3543 3770 3742 3826 educe~

2144 3866 2347 3926 rentur,
2382 3858 2697 3914 nullomodo
2745 3858 2820 3913 ibi
2867 3866 3200 3927 remaneant,
3250 3859 3349 3914 sed
3390 3859 3514 3913 alibi
3564 3859 3741 3914 collo-

2143 3955 2332 4002 centur
2361 3947 2462 4001 sub
2493 3947 2677 4002 debita
2706 3947 3015 4019 disciplina,
3048 3947 3386 4019 approbatur
3433 3954 3487 4003 et
3536 3946 3743 4004 conﬁr-

2144 4044 2341 4090 matur.

2218 4127 2303 4177 68.
2356 4123 2635 4180 Ordinatio
2699 4125 2846 4196 quod
2906 4124 3092 4181 clerici
3150 4124 3345 4179 redditi
3406 4140 3516 4180 non
3559 4124 3745 4197 legant

2146 4211 2487 4284 evangelium
2514 4212 2630 4267 sine
2660 4213 2879 4269 licentia
2928 4213 3171 4285 priorum
3217 4229 3460 4280 suorum,
3507 4228 3609 4268 nec
3647 4228 3746 4267 co-

2146 4301 2364 4355 medant
2412 4301 2467 4355 in
2515 4302 2821 4369 refectorio,
2892 4317 2994 4357 nec
3041 4300 3288 4356 intersint
3335 4301 3573 4372 capitulo
3623 4301 3743 4356 sine

2147 4390 2401 4444 mandato
2439 4390 2719 4460 pradicto,
2755 4391 3086 4461 approbatur
3112 4397 3163 4445 et
3193 4387 3565 4445 confirmatur.

2219 4481 2305 4532 69.
2358 4478 2619 4533 Statutum
2684 4478 2829 4549 quod
2876 4478 3141 4531 moniales
3188 4485 3472 4532 teneantur
3518 4476 3747 4531 reddere

2146 4566 2339 4621 breves
2370 4566 2575 4621 ordinis
2607 4575 2769 4638 atque
2798 4567 3011 4631 missas,
3046 4566 3253 4621 scilicet
3301 4582 3398 4637 pro
3446 4566 3610 4620 missa
3641 4582 3749 4620 una

2146 4655 2459 4725 psalterium
2491 4671 2674 4719 unum,
2702 4664 2753 4710 et
2783 4671 2882 4710 nos
2914 4655 3177 4710 faciamus
3209 4671 3307 4725 pro
3335 4655 3414 4709 eis
3445 4654 3745 4709 secundum

2144 4744 2347 4798 ordinis
2378 4744 2637 4812 instituta,
2673 4745 2809 4799 sicut
2830 4760 2931 4814 pro
2962 4743 3082 4798 aliis
3128 4744 3378 4813 personis
3426 4742 3597 4797 nostri
3646 4758 3745 4797 or-

2142 4832 2302 4896 dinis,
2372 4833 2701 4903 approbatur
2755 4841 2808 4886 et
2862 4830 3230 4886 confirmatur.
3279 4832 3383 4886 Pro
3440 4830 3748 4886 tricenariis

2142 4921 2354 4976 solvant
2384 4920 2638 4991 quaslibet
2669 4920 3064 4992 quinquaginta
3110 4918 3350 4990 psalmos
3381 4918 3518 4974 sicut
3547 4934 3745 4973 mona-
3796 4950 3797 4953 η

2144 5009 2230 5064 chi
2262 5025 2368 5063 non
2410 5010 2740 5063 sacerdotes.

2214 5100 2300 5151 70.
2337 5098 2605 5152 Statutum
2636 5097 2781 5167 quod
2814 5113 3093 5152 conversae
3126 5095 3457 5160 monialium,
3510 5111 3629 5166 quae
3681 5096 3752 5151 de

2145 5193 2343 5241 caetero
2376 5187 2724 5256 recipientur,
2758 5202 2865 5239 non
2897 5194 3111 5255 portent
3138 5186 3317 5240 velum
3348 5185 3581 5257 nigrum,
3616 5193 3671 5239 et
3705 5185 3755 5238 si

2143 5275 2322 5345 aliqua
2352 5274 2603 5329 monialis
2632 5274 2696 5329 de
2725 5281 2923 5329 cmtero
2954 5275 3019 5328 de
3068 5274 3456 5329 incontinentia
3503 5272 3756 5327 convicta

2144 5362 2321 5428 fuerit,
2356 5364 2495 5418 inter
2525 5372 2751 5419 czeteras
2778 5378 2968 5434 poenas
2992 5363 3113 5418 velo
3144 5370 3326 5417 careat
3355 5362 3510 5434 nigro
3533 5361 3589 5413 in
3620 5377 3755 5431 per-

509 5556 573 5626 (5)
598 5559 845 5609 Grenones
869 5571 954 5610 seu
979 5559 1241 5623 graniones
1266 5562 1378 5610 sunt
1404 5572 1461 5610 ea
1486 5559 1647 5610 barbae
1675 5572 1784 5623 pars
1810 5572 1915 5623 quae
1942 5560 2015 5610 int
2017 5573 2070 5610 ra
2096 5573 2237 5610 nares
2284 5565 2375 5610 est.
