3960 6062
303 279 439 334 1149

1151 281 1514 338 ADDENDA.
1546 312 1616 324 —
1651 283 1985 344 MAGISTRI
2024 285 2376 343 LAMBERTI
2410 240 2742 345 STATUTA.

3462 284 3597 344 1150

312 409 557 473 petuum,
590 402 708 459 sine
754 418 852 475 spe
909 404 1088 477 aliqua
1118 405 1438 477 rehabendi,
1487 409 1816 480 approbatur
1850 410 1974 469 etA
2004 411 2320 481 scapulariis
2365 428 2514 468 more
2551 413 2966 481 monachorum,
3001 429 3282 471 conversae
3303 429 3436 470 vero
3464 428 3593 480 non,

303 489 677 547 conﬁrmatur.

382 581 471 632 71.
528 579 792 635 Statutum
843 581 987 653 quod
1025 581 1290 638 moniales
1347 583 1584 639 habeant
1644 584 1802 638 vittas
1848 584 1903 639 in

1914 878 1987 949 X

2003 500 2337 569 approbatur
2368 509 2418 556 et
2467 501 2840 558 confirmatur.

1563 1024 1877 1081 STATUTA
1932 1025 2108 1080 ΑΝΝΙ
2166 1028 2301 1082 1332
2315 1068 2327 1080 .

375 1150 426 1202 1.
460 1149 622 1204 Anno
655 1150 811 1206 1332.
861 1147 966 1218 Qui
995 1163 1102 1203 non
1135 1146 1361 1204 fecerint
1391 1162 1671 1204 carcerem
1724 1148 1780 1203 in
1810 1149 1900 1204 do-

305 1235 488 1290 mibus
521 1235 634 1290 suis
661 1235 796 1292 infra
835 1236 1137 1308 primorum
1186 1235 1521 1291 visitatorum
1579 1237 1894 1304 adventum,

299 1322 352 1378 in
404 1324 586 1379 futuro
616 1325 847 1395 capitulo
878 1325 1120 1396 generali
1150 1324 1384 1380 clament
1427 1325 1616 1396 culpas
1637 1343 1784 1380 suas.

367 1416 421 1470 2.
464 1414 627 1468 Festa
683 1415 1051 1484 apostolorum
1107 1414 1250 1469 Petri
1307 1421 1360 1468 et
1419 1414 1590 1478 Pauli,
1648 1413 1891 1480 Joannis,

293 1500 482 1556 Jacobi
520 1501 819 1573 utriusque,
867 1503 1119 1570 Andreae,
1181 1501 1431 1573 Philippi,
1483 1503 1722 1567 Tliomae,
1756 1503 1890 1556 Bar-

296 1589 592 1655 tholomaei,
658 1589 907 1653 Matthaei,
969 1590 1206 1645 Simonis
1252 1598 1304 1644 et
1350 1590 1521 1656 Judaa,
1561 1597 1611 1645 et
1658 1591 1890 1661 Mathiae,

299 1684 532 1748 quatuor
571 1677 1046 1750 evangelistarum,
1081 1685 1421 1750 quatuorque
1469 1679 1772 1744 doctorum,
1811 1697 1895 1734 se-

298 1765 407 1819 mel
436 1765 490 1818 in
519 1780 661 1819 anno
692 1781 812 1821 cum
861 1766 1097 1836 capitulo
1147 1766 1507 1831 celebrentur,
1560 1783 1660 1822 nec
1690 1767 1761 1821 ob
1790 1767 1892 1824 hoc

297 1851 531 1924 amplius
561 1853 716 1908 solito
757 1862 973 1909 cessent
1003 1870 1034 1910 a
1064 1855 1317 1928 negotiis,
1350 1855 1436 1910 vel
1467 1855 1762 1910 ascendant
1802 1872 1891 1910 su-

291 1941 477 2015 perius
508 1941 562 1996 in
611 1943 866 2012 Operibus
897 1945 1171 2014 occupati.

365 2033 418 2085 3.
451 2029 670 2085 Priores
699 2031 908 2086 ordinis
941 2040 1158 2102 portent
1207 2031 1409 2104 ubique
1468 2031 1626 2086 fissos
1685 2033 1888 2087 sotula-

2003 1150 2072 1204 ad
2103 1149 2484 1222 requirendum
2517 1149 2762 1222 priorem
2806 1151 3034 1206 electum
3063 1150 3319 1205 exterius.

2067 1259 2118 1310 5.
2154 1255 2472 1328 Quicunque
2501 1256 2890 1327 indisciplinati
2932 1257 3018 1312 vel
3059 1255 3392 1312 contentiosa
3430 1255 3598 1310 verba

1997 1345 2067 1398 im
2103 1345 2389 1416 colloquiis
2439 1344 2685 1416 proferre
2740 1345 2938 1401 fuerint
2970 1345 3194 1410 assueti,
3230 1345 3299 1400 ad
3357 1344 3599 1415 priorum

1997 1449 2218 1487 suorum
2255 1434 2534 1488 arbitrium
2565 1450 2596 1488 a
2626 1434 2910 1504 colloquiis
2940 1434 3309 1489 excludantur.

2065 1523 2350 1592 Nunquam
2375 1523 2532 1577 vadat
2563 1523 2864 1578 monachus
2912 1522 3172 1593 deinceps
3234 1522 3302 1575 ad
3333 1519 3595 1593 generale

1995 1610 2289 1681 capitulum
2335 1627 2459 1666 cum
2507 1611 2706 1682 priore.

2063 1720 2116 1771 Ἴ,
2153 1717 2367 1772 Priores
2389 1725 2442 1772 et
2497 1717 2682 1772 vicarii
2731 1717 3072 1772 dominarum
3137 1714 3423 1789 legendam
3493 1713 3597 1767 sibi

2002 1814 2306 1875 procurent,
2343 1822 2463 1877 quae
2518 1805 2720 1878 legitur
2768 1806 2822 1859 in
2858 1805 3147 1862 Cartltusia
3180 1804 3234 1858 in
3289 1801 3511 1859 Octobri
3544 1809 3598 1856 et

2000 1910 2097 1963 per
2123 1902 2370 1949 octavam
2402 1895 2777 1950 Eucharistiae.

2069 2003 2121 2053 8.
2156 2001 2402 2056 Monachi
2448 2002 2622 2057 vocati
2681 2001 2750 2055 ad
2781 2000 2972 2055 domos
3002 2015 3188 2065 novas,
3249 1997 3450 2054 ibidem
3480 2004 3594 2051 sta-

293 2134 404 2184 res,
455 2133 658 2190 cappas
705 2089 957 2176 totaliter.
999 2121 1222 2194 nigras;
1255 2089 1396 2175 inter
1443 2121 1550 2175 duo
1579 2121 1895 2177 linteamina
1916 2120 1966 2179 B
1999 2089 2092 2143 tim
2125 2089 2496 2194 Ρτοβίθθηψῗῆ

293 2222 404 2263 non
445 2207 679 2276 jaceant,
739 2225 916 2281 neque
938 2209 1047 2264 duo
1104 2209 1411 2264 ministrent
1441 2209 1765 2280 hospitibus,
1792 2227 1894 2267 nec

293 2311 532 2367 unquam
561 2297 690 2352 dent
717 2298 785 2351 ad
817 2313 1063 2353 mensam
1102 2297 1204 2352 nisi
1263 2298 1369 2353 duo
1419 2297 1624 2354 fercula
1657 2299 1723 2353 ad
1771 2299 1893 2370 plus

293 2391 419 2456 post
457 2385 769 2458 coquinam.

363 2474 416 2527 4.
450 2473 744 2530 Monachus
775 2490 807 2530 a
835 2474 1307 2531 conﬁrmatoribus
1330 2473 1583 2546 eligatur,
1615 2477 1705 2548 qui
1736 2476 1894 2532 vadat

298 2635 494 2646 «κ’-.-

2066 2195 2117 2244 9.
2153 2192 2368 2246 Priores
2406 2191 2506 2245 sibi
2540 2191 2608 2245 ad
2641 2190 2870 2247 invicem
2923 2190 3246 2256 scribentes,
3280 2188 3460 2246 dicant
3491 2190 3597 2243 Pa-

1997 2281 2073 2336 tri
2103 2281 2413 2335 venerabili
2442 2280 2528 2334 vel
2584 2280 2810 2336 dilecto.

2070 2391 2154 2442 10.
2189 2387 2403 2441 Litterae
2450 2386 2517 2441 de
2561 2387 2819 2441 vocandis
2861 2385 3142 2441 monachis
3187 2383 3374 2440 aliisve
3402 2397 3596 2456 perso—

1998 2475 2082 2530 nis
2114 2475 2344 2542 ordinis,
2368 2475 2512 2529 ultra
2557 2475 2848 2530 triennium
2877 2475 3010 2529 nihil
3041 2474 3239 2530 valent.

1522 2788 2365 2983 ΑΒΕ-ΨΑ

1697 3095 1895 3151 ANNO
1934 3096 2190 3168 ucxxv

676 3296 1777 3443 MAGISTER
1941 3297 3214 3444 LAMBERTUS

1426 3597 1430 3602 ’
1487 3592 2375 3679 CARTHUSIENSIS

835 3825 1312 3938 DOMUS
1402 3825 2522 3955 SQUILLACENSIS
2610 3827 3054 3940 PRIOR

1691 4167 2184 4254 NOTITIA.

591 4373 923 4442 (MABILLON,
959 4374 1168 4429 Annal.
1206 4374 1432 4440 Bcned.,
1468 4382 1598 4429 tom.
1638 4375 1724 4445 Vl,
1757 4374 1851 4431 lib.
1885 4391 2083 4444 Lxxm,
2119 4393 2172 4433 n.
2206 4380 2296 4443 92,
2349 4392 2414 4432 ex
2445 4375 2668 4432 archivo
2699 4376 3003 4432 Carthusim
3036 4377 3276 4447 Majoris.

351 4517 425 4597 ln‘
441 4517 710 4584 Calabria,
746 4535 867 4597 cum
982 4520 1145 4574 domo
1179 4519 1539 4597 Squillacensi
1569 4538 1668 4592 per
1699 4536 1872 4597 annos
1902 4521 2026 4597 fere
2050 4523 2436 4593 septemdecim
2479 4523 2676 4597 prioris
2720 4540 2814 4597 seu
2863 4524 3110 4597 magistri
3141 4525 3243 4594 (sic
3289 4523 3432 4580 enim
3475 4532 3589 4578 tum

277 4587 605 4664 vocabantur
635 4589 948 4664 pr_zepositi)_
971 4607 1165 4664 munus
1199 4587 1343 4664 recte
1391 4587 1677 4664 gessis-set
1701 4593 1971 4664 Lanuinus
2016 4587 2131 4649 hoc'
2152 4611 2293 4648 anno
2325 4597 2443 4663 (111
2457 4587 2510 4660 ό)
2543 4595 2848 4650 decessisse
2879 4587 3227 4650 mevmoratur.
3261 4597 3455 4651 Beatus
3484 4610 3588 4664 ap-

279 4659 522 4749 pellatur.
545 4659 833 4749 Lanuinus,
868 4661 1020 4741 cujus
1045 4661 1293 4749 reliquiae
1322 4659 1443 4716 cum
1471 4662 1711 4749 reliquiis
1742 4663 1810 4749 S;
1835 4665 2102 4749 Brunonis
2131 4659 2433 4745 permistim
2465 4667 2738 4720 asservari
2769 4667 3036 4749 dicuntur.
3074 4667 3203 4735 Ejus
3234 4659 3589 4749 successor-fi

280 4730 556 4783 nonnullis
599 4732 816 4806 ponitur
841 4731 1125 4806 ‘magister
1167 4730 1461 4806 Seclterus,
1497 4730 1742 4806 ab'aliis
1763 4730 2147 4806 _Lambertus,‘
2180 4737 2271 4805 qui
2319 4736 2525 4805 primus
2557 4745 2755 4790 statuta
2788 4738 2958 4791 edidit
2986 4747 3089 4791 tam
3115 4730 3218 4806 pro
3247 4736 3587 4794 anachoretis

277 4816 439 4872 quam
469 4817 572 4871 pro
601 4800 882 4856 coenobitis
911 4800 1002 4873 qui
1031 4804 1296 4858 Mentauri
1328 4804 1466 4858 haud
1496 4803 1660 4875 longe
1690 4820 1722 4858 a
1751 4804 2028 4874 Squillaco
2057 4806 2113 4858 in
2143 4800 2210 4861 S.
2236 4800 2496 4876 Stephani
2527 4809 2858 4864 monasterio
2887 4800 3179 4879 degebant.

795 5057 1470 5168 MAGISTBI
1557 5059 2293 5168 LAMBERTI
2383 5061 3062 5173 STATUTA.

1305 5248 1584 5316 (Manna,
1619 5248 1778 5314 ibid,
1812 5255 1941 5304 tom.
1998 5250 2083 5312 VI,
2121 5265 2244 5320 app.
2297 5266 2351 5321 p.
2407 5250 2554 5320 638.)

344 5365 420 5419 Dc
449 5366 828 5422 anachoretis.
863 5368 928 5424 Ut
957 5367 1033 5422 illi
1079 5370 1146 5423 de
1201 5369 1354 5425 cellis
1407 5371 1670 5440 jejunium
1699 5373 1870 5426 conti-

269 5469 437 5507 nuum
467 5461 520 5507 et
559 5454 872 5509 continuum
915 5464 1130 5512 teneant
1177 5457 1468 5529 silentium,
1511 5460 1648 5516 sicut
1677 5460 1871 5532 melius

268 5542 555 5599 tenebatur
593 5541 648 5596 in
687 5543 880 5600 diebus
909 5546 1154 5617 magistri
1185 5549 1472 5603 Brunonis.

341 5633 448 5686 Pro
477 5631 787 5689 ccenobitis.
813 5632 874 5687 In
903 5632 1149 5689 inferiori
1179 5643 1360 5692 autem
1389 5638 1638 5695 coenobio
1670 5640 1870 5696 consti-

1989 5380 2158 5426 tutum
2188 5381 2268 5427 est
2318 5373 2590 5428 silentium
2637 5373 2829 5441 teneri,
2861 5373 2996 5427 sicut
3044 5374 3098 5428 in
3132 5376 3471 5446 regularibus
3501 5383 3585 5432 te-

1987 5470 2141 5518 netur
2181 5462 2525 5517 monasteriis
2580 5462 2633 5516 in
2691 5461 3146 5532 Quadragesima,
3205 5465 3455 5522 videlicet
3492 5483 3585 5522 se-

1987 5552 2182 5619 cunda,
2249 5559 2435 5622 quarta
2490 5560 2543 5606 et
2590 5559 2744 5607 sexta
2789 5550 2943 5606 feria.

2065 5641 2204 5698 Item
2235 5656 2336 5712 pro
2360 5641 2736 5699 anachoretis.
2769 5640 2824 5695 Si
2857 5639 2910 5694 in
2943 5639 3190 5696 Adventu
3220 5641 3436 5699 Domini
3467 5643 3587 5699 dies
