3960 6062
351 230 480 285 1151

1552 228 1781 285 INDEX
1818 228 1891 285 IN
1931 226 1988 282 S.
2030 226 2438 289 BRUNONEM.

3500 232 3668 288 1152

348 349 626 424 contingat
654 350 864 421 festiva,
896 350 1114 419 fratres,
1147 367 1256 408 non
1278 351 1587 409 reficientur
1614 352 1721 408 nisi
1748 352 1936 423 semel,
1960 355 2013 415 Α
2041 354 2133 409 nia
2159 356 2369 425 majore
2398 362 2451 411 et
2480 355 2897 429 Rogationibus,
2929 355 2985 410 in
3014 355 3211 428 quibus
3240 353 3412 411 semel
3439 353 3671 411 debent

349 440 591 512 exceptis
618 441 811 497 diebus
839 442 1158 498 Dominicis.
1192 443 1275 498 Ab
1296 442 1480 498 Idibus
1500 443 1665 516 igitur
1691 444 1942 514 Septem-

348 529 459 584 bris
497 547 671 601 usque
701 530 771 585 ad
818 531 1123 587 Adventum
1156 531 1371 586 Domini
1388 532 1664 587 constituit
1684 532 1946 604 magister

348 619 530 675 Bruno
576 619 633 673 in
687 627 878 691 quarta
934 628 986 674 et
1033 628 1186 674 sexta
1240 619 1376 675 feria
1433 621 1948 676 consuetudinaliter

346 707 613 777 jejunium
652 708 821 763 teneri
868 708 925 764 in
979 724 1118 778 pane
1167 716 1219 763 et
1266 724 1425 780 aqua,
1468 710 1709 765 secunda
1765 717 1945 764 autem

353 804 407 852 et
436 796 661 867 septima
691 796 827 851 feria
857 797 1059 852 habent
1089 796 1281 853 fratres
1334 815 1501 852 unum
1528 798 1866 869 pulmentum
1897 807 1949 853 et

353 883 568 950 vinum;
603 885 757 939 tertia
788 901 919 940 vero
968 894 1020 941 et
1041 886 1244 957 quinta,
1278 886 1387 942 duo
1432 887 1793 959 pulmentaria
1824 902 1947 942 cum

350 972 628 1045 pittancia,
662 973 707 1029 si
736 973 895 1029 fuerit
924 975 1087 1030 unde.
1139 976 1222 1029 Ab
1254 975 1489 1032 adventu
1539 975 1757 1030 Domini
1796 975 1948 1047 prius

352 1060 602 1133 deposito
642 1077 807 1118 caseo
845 1070 898 1118 et
955 1063 1073 1117 ovis
1104 1080 1274 1135 usque
1308 1064 1375 1118 ad
1414 1065 1665 1119 Natalem
1710 1064 1945 1131 Domini,

352 1150 611 1217 secunda,
645 1160 832 1224 quarta
861 1158 913 1207 et
943 1160 1091 1207 sexta
1121 1152 1254 1208 feria
1284 1152 1338 1207 in
1368 1168 1507 1224 pane
1530 1161 1581 1208 et
1602 1168 1761 1225 aqua,
1815 1153 1952 1208 Sab-

352 1239 641 1296 batovero
680 1240 865 1296 vinum
895 1241 1130 1297 habeant
1176 1251 1229 1297 et
1256 1241 1587 1312 pulmentum
1618 1258 1805 1307 unum,
1836 1249 1951 1296 ter-

352 1327 429 1383 tia
464 1343 597 1385 vero
626 1336 677 1385 et
704 1329 910 1401 quinta,
943 1332 1051 1385 duo
1100 1330 1377 1400 pulmenta
1406 1338 1459 1385 et
1504 1330 1709 1385 vinum.
1762 1331 1823 1384 ln
1848 1330 1955 1384 Na-

356 1416 466 1472 tale
486 1432 619 1473 vero
648 1434 824 1489 usque
853 1417 921 1472 ad
951 1426 1169 1473 octavas
1202 1418 1285 1473 bis
1306 1418 1547 1474 reficiant
1568 1418 1623 1471 in
1641 1418 1950 1485 refectorio,

357 1503 498 1562 sicut
538 1505 742 1577 ubique
780 1506 1006 1562 habetur
1032 1506 1086 1561 in
1144 1507 1557 1563 consuetudine.
1608 1506 1691 1561 Ab
1749 1505 1955 1562 octavis

356 1593 574 1650 Domini
611 1610 786 1666 usque
844 1595 914 1649 ad
965 1602 1185 1651 octavas
1225 1595 1577 1666 Epiphaniae,
1634 1595 1803 1650 semel
1832 1593 1956 1649 refi-

358 1681 499 1738 ciant
548 1682 743 1737 fratres
770 1682 825 1737 in
856 1683 1026 1749 cellis,
1071 1692 1296 1755 excepto
1329 1684 1416 1740 die
1444 1684 1766 1755 Epiphaniae
1796 1692 1848 1739 et
1870 1683 1952 1738 fc—
1977 1717 2029 1775 B

359 1772 456 1826 stis
485 1771 771 1827 duodecim
816 1772 1125 1828 lectionum.
1160 1773 1243 1828 Ab
1303 1773 1506 1828 octavis
1533 1788 1664 1828 vero
1723 1773 1957 1844 Epipha-

361 1859 467 1915 nia:
511 1876 685 1932 usque
742 1861 811 1915 ad
867 1869 1027 1932 caput
1067 1862 1412 1929 jejuniorum,
1484 1869 1673 1933 quarta
1716 1868 1769 1916 et
1812 1869 1960 1916 sexta

360 1948 493 2004 feria
524 1948 576 2003 in
600 1964 739 2021 pane
768 1957 819 2005 et
849 1965 1011 2022 aqua,
1044 1950 1099 2004 in
1130 1950 1567 2021 Septuagesima,
1594 1966 1753 2006 caseo
1784 1951 1958 2021 depo-

361 2037 464 2091 sito
513 2045 565 2092 et
619 2038 758 2106 ovis,
810 2038 865 2093 in
887 2038 1320 2093 solemnitatibus
1354 2039 1523 2094 semel
1563 2039 1827 2105 reficiant,
1860 2055 1959 2093 ex-

360 2134 518 2196 cepto
559 2124 694 2181 festo
724 2127 784 2180 B.
846 2127 1031 2182 Mariae
1088 2127 1551 2183 candelabricaa...
1586 2131 1630 2182 A
1661 2127 1837 2198 capite
1879 2128 1961 2197 je-

358 2213 634 2282 juniorum
665 2223 777 2269 tres
806 2214 924 2269 dies
970 2215 1024 2269 in
1057 2216 1395 2271 hebdomada
1423 2216 1479 2270 in
1523 2231 1666 2287 pane
1723 2224 1775 2270 et
1821 2231 1963 2287 aqua

366 2318 540 2374 usque
568 2302 637 2357 ad
668 2303 894 2374 pascha,
932 2311 1158 2374 excepto
1186 2304 1275 2359 die
1304 2305 1485 2359 Omna:
1515 2304 1733 2360 Domini
1760 2311 1814 2359 et
1858 2321 1962 2360 ca:-

366 2390 499 2445 teris
539 2389 716 2461 festis,
760 2391 813 2445 in
852 2391 1049 2464 quibus
1106 2392 1308 2447 debent
1356 2391 1507 2448 reﬁci
1553 2392 1607 2445 in
1649 2392 1958 2449 refectorio.

363 2479 627 2549 Apascha
656 2495 829 2552 usque
856 2480 925 2535 ad
982 2487 1201 2536 octavas
1238 2480 1323 2534 bis
1381 2479 1621 2536 reficiant
1666 2480 1856 2535 fratres
1910 2480 1963 2534 in

365 2566 652 2623 refectorio
688 2568 825 2625 sicut
866 2569 920 2624 in
951 2568 1146 2624 diebus
1203 2568 1356 2623 festis
1382 2568 1590 2624 Natalis
1621 2568 1856 2624 Domini.
1879 2569 1964 2623 Ab

362 2656 566 2712 octavis
596 2658 816 2713 Pascha
871 2673 1045 2729 usque
1073 2658 1139 2711 ad
1170 2658 1524 2714 Pentecosten
1569 2657 1696 2713 vino
1746 2666 1798 2712 et
1844 2657 1965 2729 pul-

363 2752 547 2799 mento
592 2761 712 2799 cum
769 2745 949 2816 aliqua
1001 2743 1275 2815 pittancia,
1300 2745 1344 2799 si
1374 2745 1535 2800 fuerit
1578 2746 1742 2812 unde,
1795 2745 1964 2801 semel

364 2830 604 2887 reficiant
651 2832 847 2889 fratres
873 2849 972 2904 per
1009 2841 1239 2905 quatuor
1287 2833 1404 2889 dies
1433 2834 1808 2899 hebdomada),
1853 2841 1964 2887 ter-

364 2919 436 2975 tia
469 2936 600 2977 vero
631 2929 683 2977 et
724 2922 906 2995 quinta
967 2922 1101 2977 feria
1136 2922 1218 2976 bis
1264 2921 1531 2990 reficiant,
1572 2931 1797 2995 excepta
1827 2921 1966 2979 Lita-

369 3100 1965 3133 Μ

2043 441 2196 499 refici
2249 442 2462 499 fratres.
2524 445 2582 498 In
2643 444 2783 500 festo
2836 451 3151 500 octavarum
3192 444 3547 499 Pentecostes
3594 441 3667 495 in

2044 529 2333 587 refectorio
2386 530 2629 588 reficiant
2677 531 2872 587 fratres
2910 532 3048 587 sicut
3077 530 3132 585 in
3190 530 3328 587 festo
3374 529 3655 602 paschali,

2044 620 2285 691 exceptis
2308 620 2526 689 jejuniis
2574 619 2814 690 Quatuor
2869 622 3217 691 Temporum,
3254 620 3308 673 in
3340 620 3534 691 quibus
3567 634 3668 673 se—

2045 707 2153 763 mel
2184 708 2237 762 in
2268 708 2554 764 refectorio
2594 708 2856 775 reﬁciant,
2899 724 3120 764 caseum
3156 708 3417 763 habentes
3448 715 3500 762 et
3519 723 3659 762 ova.

2047 797 2129 851 Ab
2160 797 2367 852 octavis
2395 813 2524 852 vero
2555 798 2904 853 Pentecostes
2932 813 3104 868 usque
3135 797 3201 851 ad
3232 797 3362 851 Idus
3393 796 3663 866 Septem-

2048 885 2160 939 bris
2189 885 2345 940 tertia
2374 894 2428 941 et
2474 886 2658 957 quinta
2689 885 2823 941 feria
2861 886 2947 939 bis
2979 883 3243 950 reﬁcient,
3303 883 3526 955 reliquis
3555 898 3669 937 au—

2047 981 2156 1029 tem
2185 982 2413 1045 quatuor
2434 973 2634 1030 diebus
2652 974 2792 1031 sicut
2820 974 2889 1028 ab
2912 973 3099 1029 Idibus
3122 972 3455 1044 Septembris
3476 986 3662 1043 usque

2049 1062 2118 1118 ad
2147 1063 2452 1119 Adventum
2504 1062 2740 1119 Domini.
2800 1062 3110 1118 Notandum
3166 1069 3345 1117 autem
3374 1060 3516 1133 quod
3545 1060 3664 1114 hoc

2048 1158 2291 1223 tempore
2321 1151 2595 1207 remissius
2615 1152 2807 1224 agebat
2827 1151 3089 1225 magister
3108 1150 3189 1223 (id
3213 1158 3294 1206 est
3319 1148 3490 1221 prior)
3511 1146 3663 1204 circa

2050 1240 2246 1296 fratres
2276 1256 2377 1313 pro
2400 1240 2657 1314 qualitate
2689 1240 2946 1313 temporis
2975 1247 3025 1295 et
3054 1238 3259 1295 laboris
3288 1247 3341 1295 et
3369 1235 3660 1311 aegritudi—

2051 1346 2200 1384 num.

2125 1420 2264 1475 Item
2291 1434 2391 1490 pro
2422 1417 2731 1475 cwnobitis.
2775 1416 2991 1472 Fratres
3032 1430 3165 1471 vero
3196 1415 3264 1470 de
3295 1415 3494 1471 Sancto
3525 1413 3654 1469 Ste-

2053 1507 2232 1578 phano
2260 1524 2290 1561 a
2338 1507 2542 1563 Pascha
2587 1522 2758 1578 usque
2813 1505 2880 1559 ad
2938 1504 3246 1560 Adventum
3276 1502 3493 1558 Domini
3529 1501 3659 1557 reti-

2053 1596 2217 1662 ciant,
2279 1596 2418 1652 sicut
2470 1594 2732 1666 praecepit
2782 1594 2971 1649 beatus
3028 1593 3371 1657 Benedictus,
3411 1589 3655 1660 exceptis

2058 1684 2454 1758 Rogationibus
2484 1692 2537 1738 et
2567 1683 2768 1738 Litania
2799 1682 3012 1752 majori,
3048 1682 3101 1736 in
3142 1680 3341 1754 quibus
3371 1678 3541 1735 semel
3570 1692 3662 1733 re-

2060 1772 2259 1829 ficiant.
2295 1774 2353 1828 In
2383 1772 2621 1827 adventu
2676 1771 2894 1827 Domini
2953 1778 3104 1825 sexta
3157 1768 3295 1825 feria
3324 1768 3379 1822 in
3434 1782 3575 1838 pane
3605 1774 3663 1821 et

2060 1878 2220 1935 aqua,
2271 1861 2511 1918 secunda
2558 1868 2611 1917 et
2662 1868 2858 1933 quarta
2916 1859 3049 1915 feria
3106 1858 3288 1914 vinum
3318 1855 3553 1912 habeant
3608 1864 3663 1911 et

2060 1968 2224 2006 unum
2256 1950 2611 2023 pulmentum.
2634 1952 2680 2005 A
2724 1948 2902 2004 Natali
2953 1964 3123 2020 usque
3152 1947 3223 2002 ad
3277 1954 3495 2001 octavas
3524 1944 3661 2015 Epi-

2060 2040 2270 2111 phaniae
2303 2040 2385 2093 bis
2438 2037 2699 2107 reficiant,
2736 2045 2961 2108 excepta
2988 2035 3175 2109 vigilia
3205 2033 3543 2105 Epiphaniae.
3575 2031 3663 2086 Ab

2061 2129 2268 2184 octavis
2296 2128 2616 2200 Epiphaniae
2660 2142 2834 2197 usque
2866 2126 2933 2180 ad
2991 2123 3461 2197 Septuagesimam
3490 2118 3665 2175 semel

2060 2216 2326 2283 reﬁciant,
2386 2215 2628 2287 exceptis
2684 2214 2835 2271 festis
2884 2213 3173 2269 duodecim
3230 2211 3543 2267 lectionum.
3576 2207 3664 2263 lnl

2063 2305 2475 2379 Septuagesima
2530 2304 2803 2360 dimittmt
2858 2318 3079 2359 caseum
3135 2309 3187 2355 et
3244 2316 3386 2365 ova;
3421 2297 3669 2354 similiter

2063 2394 2353 2466 incipiente
2392 2395 2641 2451 Adventu
2696 2392 2933 2449 Domini.
3004 2392 3063 2445 In
3139 2387 3550 2461 Septuagesima
3580 2385 3669 2440 bis

2063 2497 2172 2540 non
2201 2482 2444 2540 reﬁcient
2474 2483 2527 2537 in
2557 2482 2738 2555 aliquo
2770 2480 2930 2547 festo,
2992 2486 3219 2551 excepto
3276 2477 3414 2532 festo
3460 2482 3668 2531 sanctae

2063 2572 2269 2627 Mariae.
2302 2573 2362 2626 In
2408 2570 2838 2643 Quadragesima
2893 2567 3135 2624 reficient
3163 2565 3303 2623 sicut
3331 2566 3387 2620 in
3416 2564 3669 2619 Adventu

2067 2660 2301 2716 Domini.
2334 2661 2610 2733 Magister,
2646 2675 2765 2715 cum
2796 2673 2906 2713 non
2935 2657 3097 2728 longe
3127 2653 3464 2728 equitaverit,
3510 2651 3671 2722 quin-

2066 2766 2173 2823 que
2200 2749 2364 2805 ducat
2393 2748 2725 2820 equitaturas
2752 2746 2839 2802 vel
2869 2746 3065 2816 minus,
3094 2744 3140 2801 si
3169 2750 3387 2817 potest;
3414 2741 3461 2797 si
3489 2747 3669 2796 autem

2067 2838 2252 2911 longe,
2285 2844 2493 2909 septem
2523 2836 2611 2894 vel
2663 2850 2878 2892 novem.

3040 3103 3669 3115 _______________.

1739 3262 2405 3448 INDEX.

1068 3537 1207 3647 IN
1300 3533 1773 3647 OPERA
1854 3530 2149 3641 DIVI
2234 3524 2991 3638 BRUNONIS.

372 3751 654 3813 Numeri
678 3751 955 3818 Αναόἰοὶ
983 3753 1318 3815 Lectorem
1347 3752 1438 3811 ad
1468 3753 1694 3828 ci/Tras
1726 3748 2077 3810 crassiores
2109 3745 2321 3806 textui
2350 3745 2637 3828 insertas
2668 3747 3014 3828 revocant;
3044 3739 3319 3806 Romani
3345 3750 3492 3794 vero
3527 3730 3686 3810 Ope-

1129 3852 1279 3893 rum
1305 3834 1372 3895 S.
1422 3823 1758 3893 Brdnonis
1793 3835 2053 3907 partem
2083 3843 2194 3888 seu
2225 3833 2467 3886 tomum
2506 3823 2920 3899 signiﬁcant.

874 4061 929 4119 Α

443 4197 606 4249 Aaron
651 4198 905 4246 montanus
952 4194 1321 4257 interpretatur,
1365 4192 1407 4254 1,

373 4264 490 4314 533.
529 4262 775 4325 Quomodo
818 4262 998 4313 electus
1031 4263 1079 4312 in
1105 4260 1407 4325 pontiﬁcem,

374 4330 436 4392 11,
463 4331 581 4380 574.
609 4328 728 4389 Ejus
766 4329 938 4379 domus
978 4328 1288 4390 praelatorum
1313 4326 1411 4377 col-

375 4396 539 4453 lectio,
568 4397 607 4456 1,
633 4396 752 4445 456.
784 4395 929 4456 Virga
969 4408 1138 4445 verum
1175 4393 1408 4445 sacerdo-

374 4463 495 4515 tium
519 4461 783 4525 signiﬁcat,
809 4462 869 4520 11,
891 4462 1009 4512 591.

440 4527 581 4580 Abba
605 4529 715 4591 quid
744 4528 1004 4589 signiﬁcet,
1036 4528 1095 4590 ll,
1122 4528 1206 4577 47.

440 4595 745 4657 Abimelech,
772 4596 811 4653 1,
836 4595 921 4645 99.

443 4663 693 4715 Abraham
716 4662 835 4712 duos
853 4662 979 4712 ﬁlios
1004 4661 1193 4723 habuit,
1208 4661 1267 4722 ll,
1290 4659 1409 4711 221.

374 4728 519 4781 Fides
538 4729 923 4790 commendatur,
953 4729 1012 4787 11,
1040 4727 1156 4777 403.

444 4796 652 4848 Absalon
700 4796 853 4859 ﬁgura
884 4794 1019 4845 Iudae
1053 4792 1331 4856 proditoris,
1370 4794 1409 4856 1,

442 4929 638 4981 Absolvi
662 4941 807 4979 nemo
828 4930 989 4991 potest
1021 4926 1112 4977 nisi
1132 4938 1219 4989 per
1242 4925 1413 4975 minis-

376 5000 524 5057 stros,
554 4998 615 5058 ιι,
643 4996 761 5045 3n.

442 5063 754 5115 Abundantes
778 5061 861 5123 qui
885 5061 1127 5120 dicantur,
1155 5060 1195 5121 1,
1232 5059 1343 5108 141.

416 5130 659 5191 ιΑδῖδειιε
703 5128 852 5178 nimia
879 5127 1199 5190 profunditas,
1229 5127 1266 5186 l,
1293 5125 1410 5175 265.

444 5197 630 5248 Achaia
656 5195 920 5257 provincia,
950 5195 1011 5252 11,
1044 5194 1156 5242 157.

445 5266 689 5315 Accusare
716 5262 827 5324 quid
852 5262 933 5311 sit.
963 5261 1022 5322 11,
1049 5261 1132 5309 50.

443 5330 597 5381 Adam
621 5341 797 5392 vesper
819 5328 1016 5386 dicitur,
1046 5328 1094 5375 et
1132 5338 1235 5388 cur,
1262 5325 1303 5387 l,
1330 5325 1413 5375 85.

376 5397 557 5447 Omnes
609 5395 843 5456 eorrupit,
891 5394 954 5455 11,
997 5393 1082 5441 51.
1130 5392 1183 5442 1η
1227 5405 1283 5442 eo
1306 5394 1417 5454 post

376 5468 632 5525 peccatum
657 5461 784 5511 ratio
808 5473 903 5511 non
928 5459 1254 5521 extincta,sed
1279 5458 1418 5508 debi-

376 5524 537 5591 litata,
560 5530 600 5590 1,
631 5529 743 5579 129.
769 5528 1020 5590 Figuravit
1042 5526 1312 5589 Christum,
1352 5524 1415 5587 Il,

380 5596 464 5649 32.
492 5595 724 5650 Ecclesiae
748 5598 928 5657 custos,
954 5594 1017 5655 ll,
1044 5593 1130 5643 32.

1876 3966 2187 3982 ﬂ

1575 4056 1737 4120 Adeps
1760 4053 1875 4118 quid
1897 4054 1982 4119 sit,
2008 4055 2050 4117 1,
2078 4053 2193 4104 121.

1574 4123 1836 4185 Adoptatio
1859 4121 2058 4183 duplex.
2083 4121 2146 4180 11,
2173 4120 2264 4171 48.

1574 4184 1799 4242 Adulatio
1823 4189 1983 4240 oleum
2011 4191 2234 4250 vocatur,
2260 4187 2298 4247 1,
2325 4184 2444 4236 560.

1574 4256 1807 4308 Adultera
1854 4255 2133 4318 praeﬁgunt
2156 4256 2367 4313 castum,
2394 4251 2549 4301 bonus

1509 4324 1688 4375 malum
1711 4324 1833 4373 citra
1858 4322 2106 4384 injuriam,
2134 4321 2174 4383 1,
2200 4320 2314 4370 168.

1577 4392 1814 4453 Egyptus
1836 4382 2080 4449 signiﬁcat
2094 4382 2355 4448 tenebras,
2372 4384 2412 4447 Ι,
2432 4382 2549 4433 249.

1509 4458 1573 4509 Et
1595 4456 1926 4517 aﬂlictionem,
1953 4455 1991 4515 1,
2020 4454 2144 4504 327.

1578 4524 1758 4586 .lErugo
1792 4516 2033 4571 luxuriam
2058 4520 2282 4583 designat
2305 4521 2355 4569 et
2380 4530 2483 4581 cur,
2510 4516 2549 4578 1,

1580 4658 1742 4707 jEstas
1784 4667 1995 4706 messem
2038 4658 2275 4705 aeternam
2306 4652 2550 4714 designat,

1547 4762 1874 4841 ’Aﬁ‘e'ctiones
1899 4786 2104 4849 pedibus
2158 4788 2476 4848 comparatae,
2509 4784 2547 4844 1,

1512 4858 1598 4908 36.
1624 4858 1851 4907 Mannum
1877 4854 2074 4904 nomine
2110 4853 2349 4915 appellata
2375 4855 2424 4901 et
2448 4863 2551 4911 cur,

1514 4925 1553 4986 1,
1571 4924 1655 4975 57.
1678 4924 1819 4986 Item,
1843 4924 1880 4983 l,
1904 4922 1987 4970 75.
2008 4920 2168 4971 Labiis
2189 4922 2554 4981 comparantur,

1513 4992 1560 5053 1,
1598 4990 1719 5040 265.

1584 5056 1794 5108 Atllictio
1834 5053 2049 5116 corporis
2090 5064 2261 5115 parum
2305 5050 2457 5111 utilis,
2485 5050 2548 5112 11,

1516 5123 1635 5175 525.

1583 5189 1850 5241 [Εωυιαῐὶο
1872 5188 2032 5239 motus
2056 5185 2226 5247 animi,
2253 5184 2316 5243 11,
2343 5182 2456 5232 192.

1586 5259 1717 5319 Agar
1764 5267 1885 5316 quos
1929 5252 2190 5314 signiﬁcet,
2243 5252 2281 5313 1,
2328 5251 2407 5300 11.
2435 5247 2558 5311 Quid

1515 5322 1779 5386 signiﬁcet,
1805 5323 1867 5383 ll,
1892 5320 2013 5370 222.

1586 5388 1687 5441 A133
1736 5381 1823 5451 pro
1855 5381 2189 5449 'protectione,
2217 5385 2254 5447 l,
2296 5383 2410 5433 191.
2436 5381 2558 5445 Quid

1518 5455 1781 5519 signiﬁcet,
1808 5455 1846 5508 1.
1873 5454 1987 5502 215.

1586 5516 1792 5574 Alleluia
1818 5522 1865 5572 in
1893 5519 2033 5571 titulo
2060 5517 2378 5582 quorumdam
2418 5516 2557 5567 Psal-

1522 5602 1715 5641 morum
1737 5588 1813 5639 bis
1837 5587 2067 5653 positum,
2096 5588 2146 5637 et
2168 5597 2273 5647 cur,
2303 5585 2342 5648 1,
2366 5583 2487 5635 427.

2712 4034 3685 4117 Αὲιρριξγιί-1ιιάεθρε.ς¹εηρίει[ιι1ε.¹ι.1βὲ)τ

2714 4107 2974 4177 Alpliabeti
2999 4111 3249 4176 inscriptio
3298 4110 3349 4159 in
3381 4107 3687 4160 dedicatione

2648 4180 2903 4243 Ecclesiae,
2925 4181 3009 4241 111,
3029 4181 3110 4231 16.

2718 4237 3003 4298 Amalecitai
3025 4259 3145 4309 quos
3163 4244 3441 4306 designent,
3466 4240 3515 4309 l_,_
3539 4237 3655 4309 11⁵]Ζ

2649 4313 2911 4367 Ambulare
2933 4301 3199 4365 secundum
3219 4301 3440 4367 carnem,
3475 4301 3538 4367 11,
3573 4301 3689 4355 189.

2718 4381 2923 4431 Andreze
2982 4380 3191 4442 apostoli
3253 4373 3585 4428 testimonium
3632 4369 3695 4419 de

2652 4447 2985 4509 Eucharistia,
3012 4447 3053 4509 1,
3079 4448 3162 4498 67.

2722 4513 2898 4577 Augeli
2946 4501 3128 4565 nontes
3168 4501 3696 4577 dicuntur‘et___cur.l.

2653 4580 2772 4631 564.
2803 4569 2990 4630 ’νεῐιιὶδ
3020 4582 3383 4641 comparantur,
3407 4574 3450 4635 1,
3473 4572 3591 4641 557.
3618 4569 3698 4641 An

2653 4647 2912 4710 loquantur
2935 4647 3063 4697 inter
3084 4635 3155 4706 δέ,
3182 4645 3243 4706 11,
3274 4635 3390 4694 136.
3416 4638 3619 4691 Nomina
3646 4636 3700 4685 et

2656 4714 2810 4765 ofﬁcia
2834 4712 3110 4774 cessabunt,
3136 4713 3200 4775 ll,
3244 4712 3356 4760 147.

2722 4781 2909 4832 Animae
2934 4767 3151 4840 nomina,
3187 4767 3243 4839 'I,
3266 4778 3353 4827 89.
3393 4772 3535 4840 Vires
3568 4767 3700 4840 quae.

2656 4848 2773 4898 556.
2802 4835 3147 4897 Ρεινίωθηιιιιιί
3165 4835 3300 4906 caro,
3363 4842 3405 4900 1,
3430 4838 3549 4906 475.
3576 4835 3708 4906 Qua-

2657 4917 2765 4965 tuor
2792 4912 3084 4976 principales
3123 4901 3353 4971 virtutes,
3380 4901 3706 4976 l,_181.ASa-

2658 4968 2855 5044 ginatur
2879 4968 3017 5030 bonis
3045 4979 3293 5041 operibus,
3339 4968 3379 5035 1,
3410 4968 3534 5044 112:
3573 4968 3703 5044 Q99-

2660 5033 2803 5097 inodo
2837 5046 2985 5097 facies
3029 5033 3214 5096 habere
3259 5033 3468 5099 dicatur,
3513 5037 3554 5094 1,
3584 5033 3704 5083 194.

2658 5113 2912 5184 Οε,1.552.
2939 5112 3253 5184 ῐξζωείεηῐὶα,
3294 5111 3334 5184 1..
3364 5107 3477 5184 157.
3502 5103 3709 5184 'Zl‘otgt‘n

2660 5169 2907 5231 hominem
2934 5178 3193 5241 aliquando
3218 5169 3464 5235 designat,
3502 5170 3575 5228 11,
3620 5169 3707 5214 71.

2729 5248 2890 5299 Animi
2917 5247 3188 5310 passiones,
3218 5242 3397 5313 1,_13_3g
3528 5301 3544 5313 _
3596 5298 3689 5313 ω,

2730 5298 3033 5365 Annuntiare
3057 5298 3235 5364 dicitur
3246 5298 3312 5359 'de
3328 5308 3512 5365 futuro,
3528 5301 3567 5360 1,
3591 5298 3689 5349 187
3705 5334 3718 5346 .

2731 5382 2991 5444 Appetitus
3003 5378 3133 5431 aliud
3148 5379 3223 5428 est
3243 5387 3386 5439 quam
3409 5368 3716 5429 intellectus,

2688 5486 2703 5510 ’
2729 5486 2905 5579 Apollo
2929 5507 3344 5574 archiepiscopus,
3361 5503 3609 5562 Corinth.,
3646 5500 3719 5551 11.
