3960 6062
252 216 390 268 1165

247 345 389 384 suam
426 334 684 386 utilitatem
724 334 1020 398 quibuslibet
1050 335 1297 399 prosperis
1331 339 1380 385 et
1421 333 1658 386 adversis.

319 402 441 450 CAP.
469 403 594 451 XIV.
622 427 686 440 -—
706 404 785 452 De
810 402 1191 454 adversitatibus
1228 400 1376 460 hujus
1421 402 1606 461 saeculi,
1653 400 1865 462 qualiter

253 466 520 582 tgﬁiqazndm
558 472 690 531 sunt,
737 468 850 532 quia
896 482 990 531 pel:
1034 482 1116 518 eas
1154 468 1373 530 cogimur
1413 467 1601 517 utiliter
1625 467 1686 517 ad
1712 468 1863 581 meum)

471 601 574 650 XV.
598 627 664 638 —
687 604 756 653 De
793 615 905 652 vera
932 601 1165 663 patientia
1185 640 1198 664 ,
1225 613 1317 663 qua
1357 600 1594 650 tolerandi
1627 604 1675 650 et
1700 568 1864 648 anila‘nu-

257 663 305 713 di
332 671 445 716 sunt
471 671 753 730 peccatores
779 674 828 718 et
866 669 1067 730 infirmi,
1112 667 1190 729 pie
1235 667 1475 729 sperando
1508 666 1861 780 εοπθειὶοιὲξξιῖ

257 743 446 780 eorum.
1799 746 1826 778 ι

257 743 446 782 eorum.
1763 734 1855 781 621

322 798 441 848 CAP.
473 801 601 851 XVI.
632 826 697 837 —
722 804 788 851 De
813 801 892 864 pia
927 802 1264 863 compassione
1289 804 1339 852 et
1370 800 1692 851 medicamine
1718 798 1860 848 infir-

255 876 464 928 morum,
492 872 540 918 et
575 869 811 930 quomodo
838 874 996 918 mente
1022 869 1303 931 incorrupta
1349 867 1605 917 vivendum
1634 871 1708 915 est

259 943 363 981 eos.
1777 934 1806 954 “
1831 944 1858 979 :.

259 943 445 1048 eosCAP.
472 1001 619 1050 XVII.
648 1026 712 1038 —
733 1003 800 1052 De
828 1003 1006 1053 virtute
1032 1003 1082 1051 et
1121 1001 1291 1052 effectu
1336 1000 1516 1050 amoris
1560 1000 1645 1048 Dei
1671 1001 1722 1048 et

260 1063 478 1181 et
513 1069 920 1130 quemadmodum
946 1070 1163 1118 charitas
1205 1067 1414 1129 optanda
1455 1069 1530 1116 est
1578 1070 1626 1116 et
1675 1067 1862 1181 impézg;

471 1201 643 1250 XVIII.
683 1225 745 1238 —
775 1202 842 1251 De
879 1202 1091 1263 perfecta
1119 1200 1399 1262 angelorum
1432 1198 1652 1260 justitia,
1681 1166 1859 1258 et

259 1261 324 1312 sit
360 1263 640 1318 ditTerentia
662 1261 1049 1329 interjustitiam
1091 1261 1283 1317 illorum
1309 1271 1357 1316 ct
1385 1271 1621 1315 nostrain.
1761 1263 1860 1312 627

323 1330 444 1394 Cap.
482 1333 614 1383 XIX.
640 1359 704 1371 —
731 1336 798 1383 De
821 1347 935 1383 vera
961 1338 1010 1383 et
1046 1334 1266 1383 interiori
1285 1335 1458 1382 anima:
1498 1329 1858 1393 pulchritudine

256 1397 306 1445 et
343 1396 390 1446 in
417 1412 511 1461 quo
537 1401 772 1450 consistat
793 1401 948 1449 omnis
975 1401 1184 1450 hominis
1210 1413 1323 1450 vera
1349 1397 1602 1462 perfectio.
1761 1397 1858 1446 628

327 1463 446 1514 CAP.
473 1466 582 1515 XX.
621 1469 687 1516 De
713 1467 1042 1516 incarnatione
1067 1467 1232 1526 Verbi,
1264 1471 1313 1516 et
1359 1464 1770 1528 quemadmodum
1808 1463 1858 1513 in

257 1529 596 1648 seipsogiobis
623 1534 966 1596 perfectionem
995 1534 1279 1598 prmdictam
1317 1532 1594 1594 plenissime
1628 1531 1858 1645 demoonst;

287 1608 448 1648 raveri
479 1635 490 1646 .
1776 1598 1819 1643 ’3

1765 331 1866 383 619

325 1666 836 1718 CONSUETUDINES
875 1666 1400 1718 CARTHUSIENSES.
1759 1663 1847 1712 63l

325 1732 580 1782 Manlium.
1758 1730 1850 1780 631

322 1799 576 1858 Prologus.
1479 1829 1483 1832 -
1760 1795 1858 1846 635

323 1865 441 1914 CAP.
472 1867 510 1916 I.
538 1891 604 1904 —
627 1867 695 1916 De
721 1865 875 1916 odlcio
899 1864 1080 1915 divino.
1758 1862 1857 1911 639

324 1933 444 1982 CAP.
472 1932 534 1982 II.
559 1957 626 1968 —
651 1933 771 1982 Item
796 1933 856 1982 de
879 1933 1044 1982 eadem
1073 1945 1144 1982 re.
1749 1929 1858 1978 639

323 1999 444 2048 CAP.
476 1999 558 2048 III.
586 2024 649 2036 —
674 2000 793 2048 Item
820 2000 946 2049 unde
972 2012 1138 2062 supra.
1759 1995 1851 2062 611

327 2065 447 2115 CAP.
476 2067 555 2115 IV.
579 2091 644 2101 —
673 2067 793 2116 Item
819 2066 948 2115 unde
973 2061 1140 2128 supra.
1758 2061 1849 2128 641

324 2133 444 2182 CAP.
473 2133 531 2181 V.
559 2156 625 2168 -—
650 2133 768 2182 Item
798 2132 923 2182 unde
947 2127 1112 2194 supra.
1757 2127 1856 2176 647

323 2199 443 2249 CAP.
470 2199 552 2248 Vl.
590 2224 639 2234 —
673 2200 791 2248 Item
818 2199 945 2248 unde
969 2211 1134 2260 supra.
1757 2194 1854 2244 6-17

324 2265 445 2315 CAP.
470 2267 572 2315 VII.
601 2291 664 2301 —
691 2267 758 2314 De
781 2264 936 2314 officio
959 2263 1266 2314 Dominicali.
1757 2261 1856 2310 617

325 2333 445 2383 CAP.
473 2332 585 2381 VIII
606 2357 672 2368 -—
696 2332 815 2381 Item
844 2331 905 2380 de
929 2331 1083 2380 ofIlcio
1103 2331 1286 2381 divino.
1757 2329 1849 2377 651

323 2399 444 2450 CAP.
470 2399 552 2448 IX.
581 2423 644 2434 —
671 2399 870 2460 Quoties
899 2397 1132 2447 radamur
1155 2398 1201 2446 in
1227 2409 1376 2446 anno.
1757 2395 1856 2444 653

324 2465 444 2516 CAP.
470 2467 530 2516 X.
556 2490 621 2502 —-
647 2465 820 2526 Quales
849 2466 1060 2528 hospites
1100 2464 1470 2514 introducantur
1506 2464 1554 2514 in
1595 2464 1818 2514 chorum.

323 2599 444 2648 CAP.
468 2599 552 2648 XI.
578 2623 642 2634 -—
666 2599 733 2648 De
756 2597 912 2647 officio
937 2597 1293 2647 defunctorum.
1757 2597 1856 2646 655

321 2665 442 2715 CAP.
467 2667 578 2714 XII.
603 2690 666 2700 —
693 2667 757 2714 De
780 2665 1055 2714 visitatione
1081 2665 1270 2725 aegroti.
1755 2663 1854 2712 655

320 2732 441 2781 CAP.
467 2733 597 2781 XIII.
627 2757 690 2768 —
716 2731 964 2791 Quomodo
989 2732 1274 2780 tractandus
1299 2731 1360 2780 sit
1385 2731 1465 2794 qui
1493 2727 1718 2782 moritur.
1755 2730 1850 2780 657

319 2799 439 2847 CAP.
467 2798 593 2848 XIV.
621 2824 684 2834 -—
711 2799 828 2846 Item
855 2798 913 2846 de
944 2811 1058 2847 cura
1087 2805 1408 2848 mortuorum.
1753 2797 1852 2846 659

316 2866 436 2914 CAP.
464 2865 565 2914 XV.
594 2867 662 2915 De
687 2865 993 2914 ordinatione
1021 2865 1210 2926 prioris.
1751 2863 1846 2912 661

316 2933 436 2981 CAP.
464 2931 588 2980 XVI.
615 2958 680 2968 —
706 2933 772 2980 De
821 2934 1134 2992 procuratore
1183 2931 1354 2980 domus
1382 2929 1645 2980 inferioris.
1751 2930 1847 2978 667

319 2998 436 3048 CAP.
465 2998 614 3048 XVII.
641 3023 704 3034 —
731 2998 799 3046 De
825 2997 1019 3046 inﬁrmo
1045 2997 1124 3058 qui
1150 2998 1359 3047 mittitur
1386 2998 1447 3048 ad
1473 2996 1747 3046 inferiorem
1769 2996 1850 3045 do-

251 3077 405 3115 mum.
1752 3063 1849 3112 667

315 3131 436 3181 CAP.
459 3132 633 3182 XVIII.
658 3155 722 3167 —
748 3130 870 3180 Item
895 3128 954 3179 de
978 3131 1291 3192 procuratore
1750 3129 1849 3178 669

318 3200 439 3247 CAP.
466 3200 594 3248 XIX.
620 3223 686 3234 —
710 3198 778 3246 De
801 3196 1089 3257 equitaturis
1113 3195 1377 3256 hospitum.
1750 3197 1842 3245 671

315 3265 438 3315 CAP.
465 3267 569 3316 XX.
596 3289 660 3300 —
686 3265 753 3313 De
781 3263 1072 3327 pauperibus
1091 3266 1139 3312 et
1163 3261 1499 3323 eleemosynis.
1749 3263 1847 3312 673

321 3333 441 3381 CAP.
467 3333 593 3381 XXI.
625 3355 688 3367 —
713 3332 779 3379 De
803 3329 1102 3379 mulieribus.
1747 3329 1840 3378 681

316 3399 438 3448 CAP.
464 3399 613 3448 XXII.
639 3422 704 3432 —
730 3398 804 3446 De
827 3396 1030 3446 novitio.
1747 3396 1839 3444 681

317 3465 438 3514 CAP.
464 3465 636 3514 XXIII.
664 3489 726 3500 —
752 3463 991 3514 Professio
1018 3462 1207 3512 novitii.
1748 3463 1847 3512 685

315 3532 436 3581 CAP.
461 3531 630 3581 XXIV.
653 3556 717 3567 —
742 3529 908 3580 Oratio
929 3542 1076 3592 super
1099 3528 1354 3578 cucullam.
1575 3575 1586 3586 ,
1747 3528 1845 3577 689

313 3601 434 3649 CAP.
462 3599 611 3647 XXV.
641 3622 705 3632 —
729 3597 896 3647 Oratio
923 3609 1070 3658 super
1092 3595 1346 3645 novitium.
1744 3595 1841 3644 691

314 3665 435 3714 CAP.
462 3665 635 3713 XXVI.
661 3688 726 3698 —
752 3665 818 3712 De
843 3662 1012 3712 ordine
1037 3659 1449 3722 congregationis.
1744 3661 1836 3711 691

315 3732 435 3780 CAP.
463 3727 654 3780 XXVII.
677 3755 743 3768 —
767 3730 834 3779 De
861 3734 1004 3779 aetate
1029 3729 1462 3790 suscipiendorum.
1745 3729 1838 3777 691

315 3799 434 3847 CAP.
462 3793 679 3846 XXVIII.
706 3821 771 3832 -
798 3797 866 3846 De
889 3795 1174 3845 utensilibus
1200 3794 1355 3844 cellze.
1740 3795 1840 3844 693

315 3865 433 3913 CAP.
461 3864 634 3912 XXIX.
663 3889 726 3900 —
753 3863 858 3920 Quo
883 3866 1100 3924 tempore
1124 3862 1183 3912 de
1205 3861 1326 3911 cella
1353 3864 1553 3912 excatur
1578 3864 1628 3911 et
1650 3861 1710 3912 de
1723 3861 1843 3920 vigia

245 3929 328 3980 liis
354 3934 404 3978 et
426 3929 734 3980 distinctione
761 3931 1010 3979 horarum.
1744 3928 1842 3978 695

315 3997 434 4044 CAP.
463 3997 612 4046 XXX.
640 4023 705 4033 —
731 3997 798 4045 De
846 3996 922 4045 his
947 3995 1026 4058 qui
1051 3994 1101 4043 in
1126 3995 1245 4044 cella
1294 3995 1601 4045 manentibus
1647 3994 1837 4058 impor-

246 4065 364 4114 tune
388 4075 441 4111 se
467 4063 713 4125 ingerunt,
738 4067 785 4112 et
808 4061 866 4111 de
893 4061 1195 4123 coquinario.
1742 4063 1831 4115 701

315 4130 434 4178 CAP.
462 4131 635 4179 XXXI.
663 4155 712 4166 —
746 4129 867 4178 Item
887 4129 946 4178 de
974 4128 1112 4177 cella.
1742 4131 1838 4181 703

311 4196 430 4245 CAP.
453 4197 648 4246 XXXII.
673 4221 738 4233 —-
763 4196 831 4245 De
876 4194 1108 4244 fratribus
1132 4194 1212 4256 qui
1231 4193 1280 4244 in
1305 4194 1464 4256 aliquo
1502 4207 1648 4257 opere
1688 4208 1838 4248 occu-

246 4265 444 4322 pantur.
1743 4263 1840 4314 703

315 4329 436 4378 CAP.
460 4330 679 4379 XXXIII.
708 4353 765 4365 —
797 4329 866 4377 De
886 4325 1087 4388 jejuniis
1112 4331 1262 4386 atque
1287 4326 1426 4374 cibis.
1743 4330 1840 4380 705

311 4395 430 4444 CAP.
458 4396 669 4446 XXXIV.
693 4421 758 4430 —
784 4396 852 4444 De
879 4405 1107 4442 mensura
1132 4392 1231 4441 vini
1260 4395 1309 4441 ct
1335 4392 1484 4440 casei.
1742 4395 1839 4446 707

311 4461 432 4510 CAP.
461 4463 651 4512 XXXV.
679 4488 744 4498 —
767 4462 903 4521 Quod
925 4460 1042 4508 nulli
1086 4459 1234 4508 liceat
1273 4457 1458 4519 majora
1496 4460 1728 4510 exercitia
1761 4463 1836 4512 fa-

246 4539 380 4588 cere,
407 4528 498 4577 nisi
525 4530 716 4579 favente
740 4529 919 4590 priore.
1742 4531 1838 4581 769

316 4595 434 4644 CAP.
463 4595 674 4644 XXXVI.
704 4620 769 4630 —
793 4595 861 4644 De
887 4592 1156 4655 hOSpitibus
1179 4591 1520 4653 suscipiendis.
1742 4595 1831 4647 711

313 4661 434 4710 CAP.
461 4662 699 4710 XXXVII.
725 4687 790 4696 —
818 4661 882 4708 Dc
907 4659 1158 4709 tractando
1186 4657 1404 4708 consilio.
1744 4664 1840 4714 713

307 4728 427 4776 CAP.
454 4728 712 4777 XXXVIII.
739 4752 803 4762 —
827 4728 895 4776 De
917 4739 1031 4775 cura
1055 4724 1376 4774 infirmorum.
1743 4727 1838 4780 713

305 4794 425 4842 CAP.
452 4794 669 4844 XXXIX.
703 4820 752 4830 —
785 4795 851 4843 De
870 4792 1160 4842 minutione.
1739 4798 1841 4846 715

305 4860 426 4909 CAP.
453 4861 555 4909 XL.
584 4886 647 4896 -—
673 4861 743 4909 De
767 4859 1082 4910 ornamentis.
1743 4862 1836 4914 717

306 4926 426 4974 CAP.
453 4927 578 4976 XLI.
607 4951 656 4961 —
689 4927 750 4976 Ut
773 4927 901 4975 nulla
927 4929 1063 4975 extra
1086 4936 1303 4975 eremum
1329 4925 1686 4990 possideantur,
1709 4932 1758 4978 et
1779 4931 1838 4980 de

235 4993 489 5055 sepultura
518 4993 908 5055 peregrinorum.
1741 4997 1839 5046 719

308 5061 430 5108 CAP.
457 5060 604 5108 XLII.
631 5085 696 5096 —
719 5061 785 5108 De
809 5059 970 5108 divino
994 5057 1149 5107 ofﬁcio
1176 5058 1378 5108 fratrum
1405 5058 1659 5110 laicorum.
1739 5065 1839 5114 723

309 5126 428 5176 CAP.
455 5126 626 5176 XLIII.
653 5151 718 5162 -—-
743 5126 864 5176 Item
887 5127 944 5177 de
969 5126 1140 5176 eadem
1165 5138 1236 5188 re,
1263 5128 1311 5174 et
1336 5137 1428 5186 quo
1454 5130 1669 5190 tempore
1696 5129 1755 5179 ad
1777 5130 1843 5178 le-

241 5193 350 5242 ctos
372 5192 593 5242 redeant.
1743 5196 1842 5246 725

303 5260 423 5308 CAP.
450 5259 618 5309 XLIV.
643 5284 708 5295 —
733 5258 848 5321 Quis
872 5259 1133 5321 praesidere
1158 5260 1236 5311 vel
1257 5261 1552 5323 respondere
1607 5262 1804 5347 debeat;

302 5394 424 5442 CAP.
449 5391 594 5443 XLV.
621 5419 685 5430 —
705 5393 840 5456 Quod
863 5405 971 5445 cum
1001 5394 1201 5458 praelato
1225 5407 1312 5445 suo
1337 5395 1568 5447 fratribus
1607 5397 1739 5459 loqui
1755 5330 1843 5446 II:-

235 5463 369 5512 ceat.
1749 5465 1845 5514 727

307 5527 428 5577 CAP.
457 5552 522 5564 —
544 5527 712 5578 XLVI.
739 5553 803 5565 —
826 5529 895 5579 De
919 5527 1219 5593 coquinario.
1752 5530 1847 5581 727

1017 211 1214 270 ORDO
1252 209 1500 268 RERUM
1537 210 1696 280 QUE
1736 209 1809 265 IN
1847 203 1988 263 HOC
2027 209 2223 268 TOMO
2261 211 2798 268 CONTINENTUR.

3429 211 3565 264 1166

2033 335 2151 384 CAP.
2181 336 2369 386 XLVII.
2399 361 2464 372 —
2489 336 2558 386 De
2578 334 2781 398 pistore.
3198 337 3204 344 '
3469 331 3567 398 729

2031 401 2150 450 CAP.
2179 402 2391 452 XLVIII.
2419 427 2483 439 —-
2532 397 2600 452 De
2625 405 2809 451 sutore.
3466 397 3566 446 729

2031 469 2148 517 CAP.
2177 468 2347 518 XLIX.
2379 494 2444 505 —
2469 471 2537 519 De
2556 469 2816 530 praeposito
2835 464 3162 526 agricultura.
3467 464 3566 514 729

2032 534 2149 582 CAP.
2179 536 2234 582 L.
2264 560 2328 570 —
2353 537 2420 584 De
2448 537 2682 596 magistro
2709 537 2976 596 pastorum.
3469 530 3568 580 7'29

2032 603 2150 650 CAP.
2179 601 2259 650 LI.
2287 627 2340 635 —
2375 602 2475 661 Quo
2503 606 2719 661 tempore
2747 601 2912 649 vinum
2938 601 3118 650 fratres
3137 600 3377 648 habeant.
3469 598 3558 647 731

2031 668 2147 715 CAP.
2177 668 2279 716 LII.
2307 692 2369 702 —
2399 670 2464 716 De
2485 667 2671 727 jejunio
2698 668 2929 716 fratrum.
3465 665 3562 712 733

2030 736 2140 783 CSP.
2164 735 2290 783 LIII.
2317 758 2382 768 —
2411 735 2512 794 Quo
2539 739 2756 794 tempore
2781 736 3039 782 vescantur
3055 729 3282 782 avenario
3299 744 3443 794 pane.
3466 732 3566 781 735

2029 802 2148 849 CAP.
2175 801 2298 850 LIV.
2326 825 2390 836 —
2417 802 2482 849 De
2513 799 2779 849 minutione
2802 811 2988 848 eorum.
3465 799 3563 847 737

2029 868 2146 916 CAP.
2175 868 2274 916 LV.
2299 893 2363 903 —
2390 868 2455 915 Dc
2482 865 2674 914 silentio
2697 866 2756 915 ad
2780 866 3054 927 prandium.
3466 865 3563 913 737

2029 938 2146 985 CAP.
2179 935 2302 983 LVI.
2327 959 2387 968 —
2417 931 2538 992 Quid
2563 931 2805 994 agendum
2831 933 2894 981 sit
2922 934 2969 980 in
2995 931 3241 992 periculis.
3465 931 3564 980 737

2029 1001 2149 1050 CAP.
2176 1001 2322 1051 LVII.
2349 1025 2414 1036 —
2439 1000 2506 1049 De
2533 998 2709 1047 vestitu
2735 999 2942 1048 fratrum
2969 1003 3018 1048 ct
3041 998 3324 1049 utensilibus
3372 999 3528 1112 cella):

3501 1079 3528 1112 ὁ

2028 1133 2146 1182 CAP.
2175 1134 2341 1182 LVIII.
2370 1158 2433 1168 —
2459 1131 2594 1194 Quod
2617 1131 2841 1194 loquendi
2882 1144 2989 1181 cum
3032 1133 3280 1183 extraneis
3316 1068 3562 1183 licentilaI;

1961 1210 2058 1248 non
2079 1203 2320 1261 quaerunt.
3466 1199 3564 1248 739

2027 1267 2143 1315 CAP.
2175 1268 2302 1316 LIX.
2334 1292 2384 1302 —
2417 1262 2536 1326 Quid
2565 1264 2649 1314 ﬁat
2674 1263 2733 1313 de
2759 1277 2810 1313 re
2838 1265 2977 1314 alicui
3006 1268 3225 1315 nostrum
3253 1267 3418 1316 missa.
3464 1265 3563 1314 739

2027 1333 2146 1382 CAP.
2175 1334 2276 1382 LX.
2305 1359 2369 1368 —
2395 1331 2517 1394 Quid
2545 1331 2604 1380 de
2631 1343 2681 1379 re
2711 1331 2907 1379 inventa
2934 1332 3208 1382 faciendum
3235 1333 3316 1383 sit.
3465 1332 3556 1381 7.11

2027 1402 2145 1448 CAP.
2173 1400 2299 1448 LXI.
2320 1424 2382 1436 -
2406 1400 2472 1448 De
2498 1397 2695 1445 bmchis
2721 1400 2768 1445 ct
2794 1398 2960 1458 parvis
2986 1398 3190 1458 pelliciis
3212 1400 3436 1449 fratrum.
3467 1399 3556 1447 7-11

2026 1465 2144 1516 CAP.
2173 1465 2318 1515 LXII.
2341 1490 2406 1500 —
2430 1466 2497 1514 De
2525 1463 2675 1512 fratre
2697 1463 2779 1524 qui
2804 1465 3074 1526 sagmarios
3098 1469 3260 1514 curat.
3467 1466 3559 1514 711

2029 1533 2150 1580 CAP.
2178 1533 2347 1582 LXIII.
2375 1556 2439 1567 —
2465 1531 2532 1579 De
2560 1531 2721 1578 horto.
3467 1531 3564 1580 745

2029 1601 2148 1648 CAP.
2181 1599 2345 1648 LXIV.
2373 1622 2437 1632 —
2461 1597 2530 1645 De
2557 1595 2753 1645 custode
2778 1596 2957 1658 pontis.
3465 1598 3564 1645 713

2027 1667 2143 1714 CAP.
2171 1666 2312 1714 LXV.
2342 1690 2406 1700 —
2433 1665 2500 1713 De
2518 1661 2785 1723 disciplinis
2805 1663 3028 1713 fratrum.
3466 1665 3564 1712 743

2026 1733 2144 1781 CAP.
2172 1732 2338 1781 LXVI.
2368 1756 2432 1766 —
2456 1731 2526 1780 De
2552 1730 2732 1778 cinere.
3456 1728 3561 1779 743

2025 1800 2142 1847 CAP.
2172 1799 2360 1846 LXVII.
2389 1823 2453 1833 —
2479 1795 2601 1856 Quid
2628 1795 2808 1844 faciant
2833 1808 2919 1858 pro
2945 1798 3112 1848 missa.
3465 1797 3563 1845 743

2026 1866 2145 1914 CAP.
2173 1865 2384 1914 LXVIII.
2412 1889 2473 1898 —
2501 1865 2568 1912 De
2591 1862 2738 1912 Coena
2765 1862 2975 1913 Domini.
3463 1863 3561 1914 743

2025 1933 2145 1980 CAP.
2171 1931 2343 1981 LXIX.
2367 1955 2433 1967 —
2457 1931 2525 1980 De
2552 1931 2841 1979 Parasccve.
3460 1927 3560 1980 715

2025 1999 2144 2048 CAP.
2172 1998 2319 2048 LXX.
2345 2023 2411 2036 —
2435 1996 2683 2057 Quomodo
2709 2008 2761 2045 se
2787 1996 2996 2046 habeant
3025 1997 3074 2046 in
3112 1996 3518 2049 solemnitatibus.

2025 2132 2144 2180 CAP.
2173 2131 2340 2180 LXXI.
2371 2155 2436 2166 —
2461 2129 2584 2190 Quid
2607 2129 2788 2178 faciant
2813 2141 2897 2190 pro
2920 2130 3182 2180 defunctis.

2026 2199 2146 2248 CAP.
2170 2198 2361 2248 LXXII.
2389 2222 2453 2232 —
2478 2198 2546 2246 De
2571 2208 2739 2246 rasura
2760 2196 2986 2246 fratrum.
3459 2197 3560 2246 745

2025 2265 2142 2315 CAP.
2171 2265 2385 2315 LXXIII.
2417 2289 2477 2299 —
2504 2264 2571 2312 De
2596 2262 2779 2311 novitio
2809 2263 3129 2326 suscipiendo.
3460 2264 3560 2312 745

2024 2332 2143 2381 CAP.
2172 2330 2382 2381 LXXIV.
2410 2355 2475 2367 —
2499 2327 2751 2378 Professio
2790 2330 2921 2378 laici.
3457 2329 3555 2380 747

2024 2399 2142 2448 CAP.
2171 2399 2338 2448 LXXV
2366 2423 2427 2434 --
2455 2395 2701 2457 Quomodo
2748 2407 2802 2446 se
2851 2395 3031 2446 habeat
3100 2397 3254 2447 frater
3300 2400 3555 2459 postquam

1956 2467 2213 2527 susceptus
2235 2469 2326 2514 cst.
3459 2464 3558 2512 747

2022 2533 2139 2582 CAP.
2167 2532 2375 2582 LXXVI.
2405 2555 2468 2566 -
2492 2531 2561 2579 De
2586 2529 2793 2590 hospitio
2842 2529 3051 2580 fratrum
3079 2529 3158 2592 qui
3183 2529 3312 2580 foras
3349 2530 3555 2579 mittun-

1957 2601 2140 2714 tl"CAP.
2167 2664 2399 2714 LXXVII.
2427 2690 2490 2700 —
2515 2665 2582 2714 De
2611 2662 2845 2722 fugitivis,
2873 2663 2974 2712 sive
3000 2663 3234 2724 expulsis.

2021 2733 2142 2781 CAP.
2169 2731 2425 2780 LXXVIII.
2455 2756 2518 2766 —
2543 2731 2609 2779 De
2634 2741 2836 2778 numero
2863 2729 3212 2779 habitatorum.
3457 2731 3549 2780 751

2021 2801 2139 2848 CAP.
2169 2798 2377 2846 LXXIX.
2410 2823 2471 2832 —
2499 2798 2658 2857 Quare
2684 2798 2784 2844 tam
2812 2808 2986 2856 parvus
3011 2797 3075 2845 sit
3099 2809 3349 2846 numerus.
3457 2797 3554 2846 753

2019 2867 2138 2916 CAP.
2169 2864 2357 2913 LXXX.
2385 2889 2448 2899 —
2475 2864 2540 2912 De
2565 2861 2988 2912 commendatione
3013 2863 3244 2912 solitaria:
3278 2863 3410 2912 vita).
3454 2864 3552 2913 755

2020 2933 2168 2982 νιτΑ
2193 2932 2246 2982 S.
2273 2929 2561 2991 HUGONIS,
2603 2928 2878 2979 EPISCOPI
2913 2930 3552 2981 GRATIANOPOLITANI.

3456 2998 3554 3047 759

2017 3063 2272 3114 blonitum.
3453 3065 3552 3113 759

2018 3131 2230 3193 Epistola
2264 3128 2528 3179 Innocentii
2557 3129 2597 3179 II
2624 3141 2759 3192 pupa:
3451 3131 3543 3180 761

2018 3197 2191 3259 Incipit
2218 3197 2334 3246 vita.
3451 3195 3542 3247 761

2017 3263 2265 3326 Prologus.
2295 3289 2360 3300 —
2385 3262 2456 3312 Ad
2483 3262 2759 3324 pontificem
2785 3263 3075 3312 Romanum.
3450 3264 3542 3314 761

2015 3331 2134 3380 CAP.
2161 3331 2199 3380 I.
2227 3356 2293 3367 —
2316 3329 2483 3380 Sancti
2507 3329 2720 3389 Hugonis
2742 3328 3182 3392 parentes,studia,
3209 3329 3544 3415 canonicatuts.

2016 3465 2134 3514 CAP.
2163 3465 2223 3513 II.
2251 3489 2314 3499 —
2340 3463 2661 3527 Episcopatus
2729 3463 3213 3526 Gratianopolitanus
3261 3399 3548 3549 suscepti;

2014 3599 2132 3648 CAP.
2161 3598 2242 3647 III.
2272 3623 2334 3633 —
2361 3597 2677 3648 Monachatus
2701 3597 3034 3647 Cluniacensis
3059 3609 3146 3658 per
3170 3609 3371 3646 annum.

1946 3676 2097 3726 quens
2120 3666 2168 3714 in
2196 3665 2454 3714 Carthusia
2479 3675 2587 3712 cum
2613 3664 2664 3711 S.
2694 3665 2918 3713 Brunonc
2962 3668 3011 3714 ct
3057 3664 3164 3714 aliis
3212 3665 3535 3715 conversatio.

1945 3731 2077 3780 Inter
2099 3732 2390 3781 afflictiones
2415 3732 2594 3780 donum
2620 3730 2966 3791 lacrymarum.
3444 3733 3541 3782 768

2007 3798 2127 3847 CAP.
2155 3799 2232 3847 IV.
2259 3823 2322 3834 —
2349 3797 2608 3848 Oculorum
2635 3800 2684 3847 et
2709 3796 2916 3847 aliorum
2977 3809 3208 3848 sensuum
3263 3811 3320 3848 ac
3363 3798 3539 3860 linguae

1944 3869 2112 3915 sancta
2133 3864 2369 3914 custodia.
3443 3865 3539 3916 772

2009 3933 2129 3981 CAP.
2156 3932 2214 3979 V.
2244 3957 2306 3967 —
2334 3931 2665 3994 Elecmosyna:
2709 3932 2870 3994 factm,
2914 3942 3114 3981 munera
3157 3932 3344 3993 spreta,
3392 3931 3540 3982 dissi-

1939 3998 2027 4082 dia
2044 3998 2253 4058 sublata,
2281 3999 2560 4062 conciones,
2602 3998 2868 4050 auctoritas
2911 4009 3211 4048 summorum
3253 3998 3537 4082 pontiﬁcum

1939 4065 2162 4116 defensa.
3435 4067 3536 4116 775

2003 4134 2124 4212 CAP.
2152 4135 2233 4182 VI.
2261 4158 2322 4170 —
2350 4133 2581 4195 Moribus,
2604 4133 2913 4184 visitantibus
2936 4131 3119 4181 monita
3144 4131 3277 4192 data,
3298 4143 3541 4212 ωσι-δέξω

2191 4265 2575 4316 CARTHUSLE
2597 4265 2871 4315 MAJORIS
2918 4265 3117 4316 PRIOR
3168 4199 3539 4315 οιςΝΕΙτΑἲῖἓ

2006 4332 2205 4382 HUJUS
2274 4332 2547 4382 NOMINIS
2615 4331 3080 4391 SECU.VI)US;-—-
3125 4331 3534 4394 BERNARDUS,

2003 4397 2317 4458 JOANNES,
2378 4397 2760 4450 STEPHANUS
2816 4399 2913 4448 DE
2973 4398 3325 4452 CHALMETO
3386 4398 3537 4450 CAR-

2014 4466 2342 4515 THUSIANI.

2005 4533 2181 4581 Notitia
2206 4533 2252 4581 in
2279 4534 2560 4594 Guigonem.
3439 4533 3537 4584 785

2006 4600 2206 4649 SCALA
2233 4601 2515 4649 PAIlADISI
2542 4613 2629 4649 seu
2653 4600 2911 4649 Tractatus
2937 4598 2997 4650 dc
3026 4602 3168 4652 modo
3191 4601 3360 4652 orandi
3385 4603 3434 4650 et
3473 4601 3534 4649 de

1939 4665 2039 4714 vita
2061 4667 2458 4726 contemplativa.
2484 4672 2702 4726 auctore,
2731 4669 2782 4714 ut
2807 4665 3014 4730 videtur,
3037 4669 3270 4730 Guigonc.
3435 4665 3532 4716 785

2006 4733 2072 4808 pe
2097 4732 2327 4793 Guigonis
2351 4737 2399 4782 et
2424 4733 2626 4782 aliorum
2652 4733 3081 4788 Carthusianorum
3129 4734 3369 4798 opusculis
3405 4745 3525 4817 prae:

1940 4798 2192 4915 Ῐὶὶῐ38ῐίῐῖ
2210 4866 2288 4914 DE
2308 4865 2811 4926 QUADRIPERTITO
2833 4868 3167 4918 EXERCITIO
3178 4868 3420 4918 CELL/E.

2006 4932 2124 4980 CAP.
2155 4933 2192 4980 I.
2217 4957 2281 4966 —
2309 4933 2374 4980 De
2405 4932 2544 4982 modo
2569 4937 2619 4982 et
2650 4946 2794 4982 causa
2821 4935 3052 4983 adventus
3087 4935 3300 4996 priorum
3349 4933 3537 4983 ordinis

1939 4998 2297 5048 Carthusiensis
2340 4997 2400 5048 ad
2441 5011 2651 5049 annuum
2680 5000 2962 5062 capitulum,
2991 5003 3038 5049 et
3084 5001 3145 5050 de
3172 5001 3348 5064 triplici
3373 5004 3536 5050 fructu

1942 5064 2183 5114 adventus
2207 5078 2390 5114 eorum.
3442 5067 3540 5117 801

2010 5131 2254 5182 Il.—De
2301 5133 2539 5184 suavitate
2603 5132 2816 5193 sublimi,
2889 5137 2939 5182 et
3007 5133 3302 5184 sublimitate
3371 5134 3540 5198 suavi,

1944 5210 2047 5261 qua:
2071 5199 2120 5247 in
2145 5199 2314 5250 ordine
2339 5200 2673 5251 Carthusiensi
2703 5200 2750 5247 in
2776 5199 2932 5248 tribus
2970 5201 3252 5262 specialiter
3293 5201 3537 5252 consistit.

2020 5333 2101 5382 III.
2133 5358 2196 5368 —
2221 5335 2288 5383 De
2312 5334 2553 5396 spirituali
2581 5333 2947 5383 conversatione
2992 5335 3194 5384 fratrum
3231 5267 3552 5387 Carthusiseons-

1946 5399 2072 5476 sium
2099 5399 2146 5449 in
2174 5414 2267 5463 qua
2293 5405 2408 5450 eunt
2436 5407 2546 5464 post
2569 5401 2834 5463 Christum,
2857 5413 2944 5463 per
2985 5403 3253 5465 Christum,
3301 5402 3362 5453 ad
3399 5404 3550 5476 Curi:

1946 5469 2096 5584 mw:
2122 5535 2322 5597 -Quid
2344 5535 2658 5598 spiritualiter
2702 5535 2878 5586 debeat
2901 5536 3054 5599 accipi
3081 5549 3165 5600 per
3214 5473 3546 5590 vilitatcmsgz
