3960 6062
402 197 541 253 116³7

969 195 1166 254 ORDO
1202 196 1446 254 RERUM
1483 195 1642 272 QUAE
1679 197 1754 254 IN
1789 195 1931 254 HOC
1969 195 2166 253 ΤΟΜΟ
2205 195 2721 254 CONTINENTUR.

3566 202 3726 252 1168

400 323 714 387 asperitatem
783 322 979 376 habitus
1016 324 1458 386 Carthusicnsium,
1507 327 1555 374 et
1601 326 1661 376 de
1710 325 1997 389 paupertate
2099 325 2216 387 ipsis
2237 325 2422 375 intimis
2463 325 2623 375 cordis
2662 323 2819 375 nostri
2865 324 3100 375 debemus
3147 324 3347 387 habere,
3374 337 3485 374 cum
3511 325 3573 375 de
3603 326 3716 374 Deo

401 391 559 441 victus
583 403 769 442 eorum.

406 523 540 575 cellae
565 525 870 587 potissimum
897 525 1201 575 solitudinem
1217 527 1428 586 spectat.
1901 523 2000 574 8l0

473 591 556 640 VI.
589 617 640 627 —
671 591 887 650 Qualiter
910 594 1071 641 suavis
1099 592 1230 639 cellae
1257 591 1410 652 quies,
1437 594 1486 640 et
1509 589 1670 652 quieta
1695 590 1798 650 ejus
1839 590 2004 640 suavi-

407 659 484 707 tas
509 657 558 706 in
583 657 868 719 quibusdam
895 671 1045 708 sacrae.
1070 657 1330 719 Scriptura:
1357 657 1475 706 locis
1500 669 1727 718 expressa
1749 659 1813 707 sit
1904 658 1995 706 8H

475 725 578 773 VII.
606 750 670 760 —
695 725 814 774 Item
841 725 898 773 de
923 725 1094 774 eadem
1142 725 1302 786 quiete
1347 724 1516 772 cellae:
1549 723 1758 784 qualiter
1802 737 1889 786 per
1916 725 1996 772 vi-

408 801 492 842 ros
515 793 945 853 sanctosaMoyse
992 803 1142 852 usque
1170 791 1226 839 ad
1277 791 1448 838 Isaiam
1497 789 1603 851 ejus
1648 796 1896 840 secretum
1939 795 2005 844 sit

409 870 712 921 expressum.
839 897 842 900 .
1906 857 2005 909 812

478 925 694 973 VIII.—
731 925 799 973 De
867 923 1150 986 quibusdam
1201 921 1319 971 viris
1394 922 1578 972 sanctis
1645 923 1723 984 qui
1773 924 1835 972 ab
1883 925 2005 976 Isaia

412 991 604 1040 fuerunt
648 990 882 1052 usquead
908 990 1172 1046 Christum,
1225 993 1275 1038 et
1314 990 1375 1040 de
1423 988 1710 1052 quibusdam
1760 991 1842 1052 qui
1889 991 2000 1041 fne-

410 1061 524 1107 runt
547 1060 658 1120 post
681 1057 940 1107 adventum
967 1055 1167 1119 Christi,
1200 1057 1407 1118 qualiter
1447 1068 1538 1118 per
1562 1067 1645 1105 eos
1689 1056 1893 1119 ﬁgurata
1941 1059 2007 1108 sit

413 1125 545 1174 cella!
570 1125 726 1186 quies.
1909 1126 2009 1174 815

477 1192 560 1240 IX.
589 1217 654 1226 —
679 1191 746 1240 De
768 1190 928 1252 quiete
955 1189 1089 1238 cella:
1114 1203 1128 1247 ;
1157 1191 1205 1237 et
1231 1189 1353 1250 quod
1397 1201 1490 1237 non
1517 1189 1741 1251 expediat
1784 1190 1829 1238 ei
1855 1192 1934 1252 qui
1958 1193 2007 1240 in

413 1270 470 1308 ea
496 1258 701 1318 habitat,
729 1262 780 1306 ut
805 1257 1082 1306 curiositate
1108 1256 1368 1305 temeraria
1413 1255 1557 1304 nimis
1594 1255 1673 1304 diu
1718 1261 1854 1306 extra
1900 1271 2006 1307 eam

417 1328 653 1375 moretur.
1912 1325 2011 1373 815

482 1392 543 1440 X.
571 1417 636 1427 —
661 1393 728 1441 De
750 1404 805 1440 eo
830 1391 953 1454 quod
980 1390 1117 1448 cella,
1148 1390 1208 1439 ab
1233 1402 1288 1438 eo
1314 1389 1392 1450 qui
1420 1400 1525 1437 eam
1552 1387 1794 1439 inhabitat
1828 1389 2010 1452 jugiter

417 1459 623 1508 tenenda
649 1462 830 1521 est;ct
868 1457 992 1518 quod
1019 1457 1061 1506 ci
1108 1455 1374 1518 periculum
1419 1455 1629 1516 eveniat,
1670 1455 1710 1504 si
1754 1458 2011 1506 temerarie

416 1525 478 1574 ab
503 1538 559 1575 ea
587 1525 735 1574 fuerit
759 1537 998 1586 egressus.
1597 1569 1604 1572 _
1913 1522 2011 1571 817

480 1592 566 1641 Xl.
589 1618 651 1629 —
681 1593 745 1641 De
774 1591 960 1652 magnis
988 1590 1244 1649 multisque
1273 1587 1501 1650 periculis
1540 1599 1644 1649 quae
1689 1587 1768 1638 ille
1811 1589 2013 1640 incurrit

418 1658 498 1722 qui
548 1659 796 1708 habitator
843 1662 916 1706 est
962 1657 1112 1718 cellae,
1142 1660 1189 1705 et
1215 1655 1276 1704 de
1303 1655 1396 1722 illa
1428 1653 1553 1703 male
1579 1654 1698 1722 exit
1727 1677 1739 1715 ς
1780 1661 1828 1704 et
1851 1656 1912 1706 de
1957 1669 2013 1706 eo

415 1719 542 1788 quod
578 1737 803 1787 magnam
846 1724 1020 1772 animae
1059 1726 1241 1771 sancta:
1284 1720 1474 1770 confert
1509 1719 1720 1781 quietem
1763 1722 1906 1784 plena
1956 1736 2015 1773 ac

405 1792 634 1856 perfecta
661 1790 867 1851 abjcctio
893 1789 1192 1856 saecularium
1220 1799 1402 1856 rerum.
1519 1853 1529 1856 7
1667 1854 1678 1856 _
1916 1790 2014 1840 819

484 1859 592 1908 XII.
614 1883 676 1894 —
702 1859 770 1907 De
793 1857 1101 1906 saecularium
1131 1853 1228 1918 (cui
1253 1854 1492 1915 pra-cipue
1517 1853 1771 1904 intendunt
1806 1857 2017 1906 Carthu-

417 1924 625 1987 sieuscs)
666 1923 970 1987 negotiorum
1019 1928 1066 1972 et
1135 1921 1494 1971 solicitudinum
1540 1922 1589 1969 et
1657 1923 2014 1984 possessionum

418 1992 710 2053 abjectiono.
1559 2052 1568 2053 7
1918 1990 2012 2039 821

485 2052 615 2109 XIII.
645 2084 710 2095 —
734 2059 801 2108 De
825 2057 929 2108 loco
952 2060 1134 2108 sancta:
1160 2053 1443 2119 voluptatis,
1473 2055 1520 2104 et
1545 2052 1606 2102 de
1630 2053 1867 2118 spirituali
1904 2056 2017 2117 fuga

420 2127 578 2177 sancti
603 2125 712 2176 Job.
1921 2123 2018 2172 822

487 2194 612 2244 XIV.
642 2218 704 2228 —
727 2190 976 2252 Quomodo
1017 2189 1334 2252 spiritualiter
1369 2185 1644 2249 egrediatur
1698 2187 1869 2239 fluvius
1929 2190 2020 2239 de-

417 2261 524 2311 loco
550 2259 808 2321 voluptatis
835 2259 894 2308 ad
919 2257 1216 2320 irrigandum
1243 2254 1521 2320 paradisum
1550 2271 1562 2283 -
1591 2257 1641 2302 et
1661 2256 1767 2316 quis
1792 2256 1872 2306 ille
1926 2257 2018 2306 Ilu-

419 2327 526 2377 vius
550 2327 631 2376 sit.
1921 2323 2020 2372 824

484 2394 587 2444 XV.
615 2391 839 2454 —Quod
885 2392 966 2453 qui
1013 2392 1073 2442 ad
1120 2403 1330 2441 annuum
1381 2390 1675 2441 conveniunt
1747 2389 2018 2452 capitulum

418 2460 626 2525 priores,
649 2459 836 2509 ordinis
859 2459 1038 2509 debent
1079 2459 1333 2525 diligenter
1377 2457 1975 2525 intendererenovationi
2003 2471 2017 2519 ;

419 2523 554 2580 etde
579 2523 783 2590 quatuor
829 2527 1015 2576 sanctis
1056 2524 1325 2585 exercitiis,
1353 2525 1524 2586 quibus
1568 2523 1777 2573 sollicite
1823 2524 2020 2590 studere

417 2595 564 2648 debet
587 2589 746 2644 omnis
771 2593 850 2654 qui
877 2593 926 2642 in
953 2594 1072 2642 cella
1099 2593 1198 2642 vult
1225 2592 1468 2641 fructuose
1490 2590 1801 2640 commorari.
1923 2589 2021 2640 8'25

487 2661 613 2711 XVI.
640 2686 704 2697 —
729 2662 798 2710 De
840 2659 1256 2710 commendatione
1295 2658 1449 2718 cellaa,
1471 2661 1520 2707 et
1563 2657 1620 2707 de
1675 2659 1880 2718 quatuor
1939 2670 2023 2708 ca-

419 2729 602 2793 pitibns
625 2727 722 2776 illis
761 2729 808 2776 in
836 2740 943 2788 quae
984 2724 1432 2793 ﬂuvinsdividitur,
1477 2725 1558 2785 qui
1583 2724 1644 2774 ad
1700 2723 2018 2793 irrigandum,

421 2791 697 2860 paradisum
724 2793 914 2860 deloco
940 2792 1197 2860 voluptatis
1219 2791 1486 2852 egreditur.
1509 2857 1538 2860 77
1865 2857 1876 2860 7
1914 2791 2021 2860 7827

494 2861 644 2912 XVII.
673 2885 738 2896 —
777 2859 911 2919 Quod
940 2859 1021 2921 qui
1057 2858 1304 2908 habitator
1331 2860 1405 2906 est
1451 2857 1584 2907 cella:
1611 2868 1802 2906 omnem
1851 2857 2025 2907 debeat

429 2928 650 2979 illicitam
701 2927 922 2976 devitarc
964 2927 1290 2976 locutionem:
1319 2926 1368 2973 ct
1417 2936 1524 2987 qua:
1571 2923 1656 2974 illa
1692 2923 1790 2973 sint
1814 2924 1938 2973 bona
1963 2924 2022 2974 ad

425 3007 532 3059 qua:
559 3006 650 3043 nos
677 3005 818 3043 sacra
841 2993 988 3042 lectio
1018 2992 1266 3056 provehit.
1619 3056 1649 3059 77
1735 3056 1743 3059 7
1925 2991 2024 3059 829

489 3061 662 3112 XVIII.
691 3086 754 3096 —
778 3062 846 3110 De
897 3060 1155 3121 generibus
1203 3062 1480 3110 sanctarum
1526 3056 1893 3107 meditationum
1921 3057 2024 3118 qui-

425 3129 516 3179 bus
543 3127 790 3178 intendere
815 3127 960 3176 debet
985 3128 1066 3188 qui
1091 3127 1139 3176 in
1162 3126 1282 3175 cella
1318 3125 1564 3175 solitarius
1589 3124 1747 3184 sedet,
1773 3125 1822 3172 et
1845 3124 1902 3173 de
1919 3128 2026 3172 stu-

424 3195 558 3247 diosa
583 3207 734 3244 sacrae
762 3194 1024 3254 Scriptura:
1050 3193 1404 3253 recordatione,
1929 3190 2026 3239 830

491 3263 620 3312 XIX.
647 3286 712 3297 —
737 3262 806 3310 De
853 3261 932 3310 illo
970 3259 1298 3310 meditationis
1323 3259 1462 3307 modo
1488 3257 1568 3320 qui
1594 3258 1642 3306 in
1685 3257 1848 3308 animo
1873 3258 2028 3307 medi-

429 3329 582 3380 tantis
604 3327 796 3378 timoris
821 3327 974 3390 gignit
1020 3339 1216 3376 causam
1243 3329 1292 3376 et
1316 3325 1516 3388 doloris,
1555 3325 1632 3386 qui
1660 3325 1707 3374 in
1731 3328 1840 3374 octo
1861 3325 2027 3373 modos

433 3395 690 3446 dividitur.
1929 3391 2021 3440 851

496 3461 603 3512 XX.
639 3462 775 3511 —De
820 3460 1036 3523 generali
1084 3457 1441 3509 resurrectione
1478 3461 1806 3519 mortuorum,
1855 3462 2029 3520 etpas-

431 3528 511 3578 nis
534 3529 898 3588 damnatorum,
921 3531 968 3576 et
989 3525 1196 3588 qualiter
1219 3525 1374 3588 repeti
1412 3525 1626 3574 debeant
1651 3525 1719 3574 illi
1744 3528 1852 3574 octo
1876 3524 2026 3584 modi,

433 3595 484 3646 in
511 3595 687 3656 quibus
709 3594 899 3645 timoris
924 3593 1088 3643 existit
1113 3605 1260 3641 causa
1287 3596 1335 3641 et
1358 3591 1556 3640 doloris.
1931 3592 2029 3639 854

458 3700 460 3703 .
499 3662 628 3711 XXI.
665 3688 716 3698 —
747 3661 964 3722 Qualiter
1012 3661 1062 3709 in
1110 3659 1273 3707 animo
1323 3657 1606 3708 meditantis
1655 3657 1804 3707 timor
1828 3657 2031 3718 expellit

433 3729 694 3780 elationem
718 3742 732 3789 ;
759 3731 808 3776 et
855 3727 916 3776 de
961 3727 1108 3776 tertio
1156 3725 1486 3775 meditationis
1513 3724 1677 3786 modo,
1703 3723 1786 3785 qui
1819 3723 2030 3773 occasio-

434 3808 544 3848 nem
572 3795 880 3846 administrat
906 3793 1085 3843 amoris
1110 3797 1157 3842 et
1183 3791 1549 3840 consolationis.
1932 3791 2031 3840 856

501 3862 654 3912 XXII.
682 3887 746 3899 -
783 3862 852 3911 De
877 3863 1048 3922 quarto
1087 3858 1416 3908 meditationis
1445 3857 1604 3919 modo,
1635 3858 1716 3918 qui
1743 3869 1935 3906 causam
1964 3857 2030 3918 gi-

435 3929 540 3994 gnit
560 3929 606 3977 in
634 3928 795 3977 animo
815 3927 1093 3977 meditantis
1120 3926 1318 3994 pictatis
1335 3927 1384 3974 et
1409 3924 1797 3994 compassionis:_
1835 3929 1883 3994 c7t
1907 3923 2033 3994 quod

437 3990 654 4060 quadam
707 4006 813 4056 quas
852 3994 1070 4043 videmus
1115 3993 1175 4041 ab
1223 3991 1330 4040 aliis
1358 3990 1484 4040 mala
1519 3991 1645 4051 fieri,
1673 3991 1827 4051 magis
1851 3991 2034 4060 debea-

438 4055 549 4114 mus
590 4055 728 4110 intra
765 4073 853 4110 nos
892 4060 1180 4121 plerumque
1225 4069 1462 4107 excusare
1506 4069 1652 4118 quam
1692 4060 1872 4107 temere

441 4139 572 4170 mre.

441 4139 572 4180 care.
1935 4123 2033 4171 838

506 4211 686 4264 XXIII.
711 4235 776 4246 —-
802 4208 1019 4271 Qualiter
1038 4208 1255 4271 quintum
1293 4207 1618 4259 meditationis
1667 4206 1861 4257 modum
1888 4219 2036 4270 Oppo-

437 4293 557 4333 ncre
580 4278 844 4329 debeamus
869 4277 916 4326 in
945 4280 1107 4325 mente
1153 4280 1340 4338 nostra,
1389 4277 1554 4324 contra
1584 4275 1717 4324 illam
1739 4287 1831 4337 qua
1849 4275 2034 4336 jugitcr

441 4347 693 4415 pulsamur
721 4344 1040 4415 ten_tati_onc7m
1067 4342 1448 4415 carnis,_diaboli
1467 4347 1520 4415 et
1546 4342 1730 4415 mundi.
1787 4408 1818 4415 77
1889 4409 1901 4415 7

507 4412 678 4464 XXIV.
705 4436 769 4448 —
794 4411 862 4460 De
888 4411 1030 4460 taedio
1055 4409 1177 4469 quod
1203 4409 1374 4470 aliquis
1398 4408 1582 4471 patitur
1619 4409 1699 4470 qui
1729 4408 1864 4457 cellae
1889 4408 2035 4457 habi-

443 4484 574 4534 tator
599 4481 698 4528 est:
725 4478 773 4525 et
798 4477 1035 4539 quomodo
1059 4475 1174 4526 illud
1195 4488 1223 4524 a
1249 4488 1302 4524 se
1341 4475 1594 4538 repellere,
1623 4487 1770 4538 seque
1797 4487 2032 4525 renovare

442 4563 499 4602 ac
515 4555 752 4609 reparare
779 4543 952 4605 possit.
1095 4608 1098 4609 7
1715 4608 1742 4609 77
1801 4608 1805 4609 7
1934 4541 2026 4591 8M

505 4608 653 4664 XXV.
679 4634 742 4647 —
774 4612 837 4660 De
863 4611 1066 4672 bisquae
1089 4608 1138 4658 in
1165 4620 1310 4658 carne
1349 4611 1577 4670 operatus
1602 4611 1677 4658 est
1696 4608 1918 4658 Christus
1943 4626 1954 4655 :
1983 4612 2033 4658 et

440 4684 502 4736 de
521 4676 768 4730 laboribus
791 4681 1073 4727 sanctorum
1110 4686 1329 4726 suorum.
1811 4680 1816 4683 '

503 4746 676 4798 XXVI.
703 4772 772 4781 —
799 4746 866 4794 De
889 4743 1099 4805 septimo
1137 4741 1465 4792 meditationis
1514 4739 1676 4803 modo,
1719 4741 1796 4802 qui
1823 4742 2034 4803 stuporis

439 4819 488 4870 in
537 4815 700 4865 mente
745 4810 1026 4864 meditantis
1065 4821 1258 4858 causam
1311 4808 1484 4869 gignit,
1512 4811 1561 4857 et
1587 4808 1956 4858 admirationis:
1985 4811 2035 4857 et

436 4884 498 4936 de
545 4893 605 4932 eo
647 4881 769 4942 quod
819 4891 906 4942 per
953 4889 1010 4926 ea
1053 4888 1158 4938 qua:
1208 4875 1335 4924 facta
1354 4880 1467 4924 sunt
1501 4875 1800 4936 conspicitur
1824 4876 1927 4938 ipse
1949 4875 2033 4942 qui

439 4951 575 5002 fecit.
663 4941 675 4942 ί
822 4941 831 4942 ί
1935 4941 2034 4989 845

498 5014 692 5067 XXVII.
728 5037 794 5051 —
814 5014 882 5062 De
905 5009 1103 5068 vocibus
1129 5009 1178 5056 et
1203 5006 1523 5057 locationibus
1540 5020 1660 5070 quas
1703 5006 1862 5058 anima
1887 5008 2032 5069 spiri-

434 5084 633 5135 tualitcr
670 5080 834 5130 audit:
875 5082 924 5128 et
970 5077 1179 5138 qualiter
1229 5074 1392 5124 anima
1418 5074 1477 5123 ad
1502 5074 1765 5135 imaginem
1795 5075 1876 5124 Dei
1907 5075 2032 5124 facta

433 5153 517 5214 sit,
544 5153 592 5200 et
615 5159 758 5210 quem
787 5150 969 5197 motum
1010 5142 1266 5206 suscipiat,
1293 5143 1341 5190 ct
1362 5140 1499 5203 cujus
1524 5144 1681 5191 motus
1707 5140 2033 5214 susceptibilis

436 5208 533 5270 non
557 5208 646 5267 sit.
1938 5208 2037 5257 848

500 5282 726 5336 XXVIII.
759 5306 824 5317 -
862 5281 929 5329 De
956 5277 1050 5328 illis
1076 5276 1232 5327 beatis
1257 5274 1528 5338 spiritibus,
1573 5285 1680 5334 quae
1700 5273 1926 5323 videlicet
1953 5273 2033 5323 illa

427 5352 528 5404 sint
546 5365 652 5415 qua.-
678 5348 737 5398 ad
765 5345 1116 5415 eospertinent
1135 5357 1151 5415 7;
1177 5346 1225 5415 e_t
1244 5341 1362 5415 quid
1387 5340 1589 5415 de7ill_i_s_
1609 5340 1655 5415 in
1683 5353 1800 5402 pura
1827 5340 2036 5415 medita-

426 5407 575 5471 tione.
607 5431 714 5478 sua,
793 5413 927 5464 cella:
970 5411 1146 5460 debeat
1188 5410 1314 5459 intra
1357 5421 1411 5458 se
1461 5407 1706 5457 habitator
1757 5407 2036 5522 τεγῶν-ξ·εὸ

1972 5487 2003 5522 ἱ)

1936 5474 2003 5522 85

493 5553 670 5606 XXIX.
705 5574 761 5590 -
779 5551 848 5601 De
873 5546 954 5598 illo
975 5542 1305 5596 meditationis
1346 5554 1528 5607 genere
1551 5541 1675 5607 quod
1704 5542 1833 5592 intra
1861 5552 1952 5590 nos
1977 5540 2026 5590 in

1935 4674 2033 4723 842
2063 4705 2066 4708 -

1898 392 2000 441 808
2100 393 2352 442 studemus
2379 393 2596 455 cogitare
2622 405 2634 442 :
2666 397 2714 442 et
2741 392 2951 455 qualiter
2975 392 3035 442 de
3063 392 3142 442 illo
3181 404 3269 441 nos
3291 391 3457 441 deceat
3476 395 3528 441 et
3555 392 3720 440 liccat

472 458 530 506 V.
558 460 715 508 —De
764 458 972 520 puritate
1019 458 1444 520 contemplationis
1491 457 1718 522 internae,
1787 470 1893 520 qua:
1940 458 2000 508 ad
2101 461 2306 508 sentire.

3607 459 3722 507 855

2170 526 2318 574 XXX.
2349 551 2412 562 —
2436 527 2505 575 De
2526 525 2768 575 Trinitate
2811 538 3150 587 personarum,
3180 529 3228 575 et
3251 526 3435 575 unitate
3462 524 3718 574 substan-

2104 591 2185 640 tiae
2212 605 2318 654 quae
2345 593 2470 642 Deus
2495 595 2586 652 est,
2613 598 2662 640 et
2686 592 2812 652 quod
2836 593 3171 652 przrjudicium
3208 593 3399 654 aliquod
3426 604 3518 640 nec
3541 592 3719 640 Trini~

2104 659 2219 708 tatis
2245 659 2439 720 unitati,
2468 671 2558 708 nec
2584 657 2746 707 unitas
2772 659 2889 707 facit
2909 659 3158 708 Trinitati.
3602 659 3717 707 859

2173 727 2343 774 XXXI.
2373 751 2436 761 —
2461 727 2528 774 De
2551 725 2771 786 diligenti
2813 725 3156 787 sollicitudine,
3185 729 3233 774 et
3256 724 3461 774 sollicita
3501 725 3718 785 diligen-

2107 791 2173 842 tia
2212 804 2354 853 quam
2377 792 2585 841 orationi
2611 795 2795 839 nostra:
2819 792 3010 852 quando
3029 792 3072 841 ei
3099 792 3419 840 incumbimus
3458 791 3716 840 debemus

2107 859 2423 922 impendere:
2473 861 2520 907 et
2565 858 2625 907 de
2674 869 2846 917 magna
2871 859 3184 907 instabilitate
3208 870 3302 920 qua
3326 858 3374 906 in
3403 858 3573 918 corde,
3596 871 3720 906 ora-

2108 926 2252 974 tionis
2299 929 2536 986 tempore,
2586 936 2673 986 per
2697 923 2848 973 otiosa
2884 927 2933 974 et
2957 925 3148 982 nociva,
3187 924 3424 986 dispersis
3444 925 3717 985 cogitatio-

2107 993 2252 1042 nibus
2278 992 2479 1053 nostris,
2513 991 2692 1040 misere
2731 1002 2787 1039 ac
2815 991 3162 1040 miserabiliter
3209 990 3514 1053 fluctuamus,
3541 993 3592 1039 et
3619 1004 3716 1052 per

2111 1061 2364 1109 innumera
2385 1069 2666 1118 evagamur.
3606 1059 3715 1106 862

2176 1126 2371 1175 XXXII.
2400 1151 2462 1161 —-
2489 1126 2557 1174 De
2579 1123 2761 1174 mentis
2807 1125 3112 1186 evagatione,
3141 1135 3283 1184 quam
3303 1123 3443 1172 nobis
3467 1124 3717 1172 orationis

2111 1195 2332 1252 tempore
2361 1192 2516 1240 inesse
2541 1190 2810 1239 sentimus:
2840 1193 2888 1239 ct
2905 1191 3110 1251 qualiter
3135 1194 3183 1240 et
3207 1203 3360 1253 quare
3388 1203 3475 1252 per
3498 1191 3712 1239 tertium

2112 1259 2190 1321 qui
2217 1258 2280 1308 de
2304 1259 2410 1308 loco
2433 1257 2693 1319 voluptatis
2741 1257 2987 1318 egreditur
3019 1256 3236 1319 fluvium,
3263 1257 3342 1319 qui
3368 1262 3416 1306 et
3431 1257 3595 1318 Tigris
3619 1270 3716 1304 vo-

2113 1328 2270 1386 catur,
2299 1325 2530 1374 orationis
2551 1323 2828 1385 accipienda
2853 1324 3046 1372 devotio
3083 1323 3165 1371 sit.
3605 1323 3714 1372 864

2179 1392 2396 1440 XXXIII.
2423 1416 2483 1427 —
2512 1391 2686 1451 Quales
2723 1401 2809 1437 nos
2852 1391 3082 1439 exhibere
3120 1389 3384 1439 debeamus
3418 1390 3708 1451 priusquam

2116 1459 2174 1508 ad
2199 1459 2470 1508 orationem
2497 1457 2787 1506 accedamus
2808 1495 2822 1517 ,
2863 1460 2915 1505 ut
2940 1469 3048 1506 cum
3077 1456 3136 1505 ad
3164 1468 3271 1506 eam
3297 1456 3574 1504 venerimus
3592 1496 3606 1510 ,
3636 1458 3715 1505 sic

2116 1539 2223 1576 eam
2249 1527 2346 1574 Deo
2366 1524 2646 1582 offeramus,
2676 1526 2724 1572 ut
2753 1524 2853 1583 ipse
2878 1535 2984 1572 eam
3013 1525 3061 1572 et
3083 1521 3178 1571 sibi
3200 1527 3469 1584 acceptam,
3496 1526 3543 1571 et
3565 1523 3712 1572 nobis

2117 1592 2499 1642 misericorditer
2518 1590 2700 1641 efficiat
2727 1590 3046 1639 fructuosam.
3607 1589 3714 1638 86‘)

2183 1659 2394 1708 XXXIV.
2428 1683 2488 1693 —
2529 1659 2595 1706 De
2616 1669 2673 1706 co
2717 1655 2863 1715 quod,
2891 1668 2999 1704 cum
3027 1657 3086 1705 ad
3112 1656 3378 1705 orationem
3401 1655 3708 1714 accedimus,

2119 1728 2165 1775 et
2191 1726 2288 1776 illis
2313 1724 2393 1788 qui
2420 1725 2467 1774 in
2489 1737 2576 1773 nos
2616 1723 2941 1782 deliquerunt,
2965 1735 3022 1771 ex
3051 1734 3169 1783 puro
3193 1723 3338 1772 corde
3361 1723 3627 1780 dimittere,
3653 1728 3711 1773 et

2116 1793 2157 1841 si
2185 1796 2296 1842 sunt
2321 1791 2400 1852 qui
2422 1791 2604 1840 habent
2628 1789 2806 1849 aliquid
2832 1789 3085 1839 adversum
3112 1801 3220 1851 nos,
3247 1789 3388 1851 plene
3411 1789 3480 1838 eis
3504 1803 3560 1838 ac
3591 1803 3714 1850 per-

2120 1859 2248 1909 fecte
2275 1858 2574 1907 reconciliari
2601 1856 2851 1906 debemus.
3609 1857 3708 1906 871

2185 1926 2376 1975 XXXV.
2399 1949 2460 1961 -
2485 1927 2551 1974 De
2576 1925 2780 1986 quatuor
2817 1921 3164 1981 cogitationum
3188 1922 3459 1984 generibus,
3486 1934 3601 1983 qua:
3628 1936 3713 1972 no-

2119 1992 2194 2042 bis
2228 1993 2555 2042 necessarium
2603 1993 2677 2038 est
2701 1990 2748 2038 in
2775 1993 2936 2037 mente
2975 1989 3177 2050 habere,
3203 1989 3244 2037 si
3272 2001 3408 2051 pure,
3434 1993 3481 2038 et
3509 1990 3709 2047 devote.

2120 2063 2267 2120 atque
2289 2061 2533 2109 fructuose
2557 2057 2812 2106 Dominum
2839 2055 3062 2104 volumus
3083 2067 3248 2104 orare.
3609 2057 3714 2106 875

2189 2127 2401 2176 XXXVI.
2430 2151 2489 2162 —
2519 2126 2586 2174 De
2630 2135 2777 2184 opere
2808 2134 3056 2182 manuum,
3083 2121 3156 2171 cui
3178 2121 3320 2171 debet
3346 2122 3479 2171 cellae
3515 2123 3714 2172 inhabi-

2121 2195 2250 2243 tator
2296 2192 2568 2252 intendere,
2616 2195 2667 2240 et
2703 2189 2876 2250 quibus
2926 2189 3059 2237 horis
3091 2188 3421 2250 spiritualibus
3444 2190 3712 2250 exercitiis,

2122 2263 2171 2310 et
2192 2259 2365 2322 quibus
2391 2259 2618 2309 insistere
2641 2256 2814 2322 debeat
2836 2267 3060 2305 manuum
3085 2255 3327 2322 operibus,
3354 2259 3404 2305 et
3421 2257 3479 2305 de
3496 2256 3716 2319 pluribus

2122 2327 2246 2376 alliis
2271 2339 2376 2386 qua:
2402 2327 2462 2376 ad
2489 2323 2710 2374 eumdem
2736 2321 2867 2371 cellae
2889 2322 3093 2371 incolam
3120 2321 3383 2384 pertinent.
3609 2322 3712 2370 880

2187 2394 2405 2443 BERNA
2420 2391 2581 2441 IlDUS
2615 2389 2993 2440 CARTIIUSI/E
3015 2387 3376 2438 PORTARUM
3419 2389 3642 2440 PRIOR.

2187 2459 2513 2510 EPISTOL/E
2539 2462 2657 2508 tres.
3617 2458 3716 2506 885

2188 2528 2353 2577 Episr.
2384 2528 2422 2576 I.
2451 2553 2514 2563 —
2541 2525 2611 2576 Ad
2637 2526 2903 2584 Aymonem
2923 2522 2982 2573 de
3005 2523 3260 2574 Varennes
3287 2528 3336 2578 et
3360 2527 3627 2586 Aymonem
3655 2524 3715 2572 de

2122 2595 2352 2645 Rohoria.
2384 2620 2448 2630 —
2472 2595 2542 2643 De
2567 2592 2677 2655 fuga
2701 2589 2881 2640 steculi.
3618 2591 3719 2638 385

2190 2663 2355 2712 EPIST.
2387 2661 2445 2710 ll.
2473 2686 2538 2696 —
2566 2660 2633 2709 Ad
2674 2656 2908 2707 moniales
2949 2655 3008 2704 de
3032 2656 3286 2716 Lugduno.
3315 2683 3378 2694 —
3404 2659 3638 2706 Hortatur
3658 2657 3719 2706 il-

2123 2729 2195 2778 las
2221 2730 2278 2779 ad
2305 2726 2650 2790 capessendam
2682 2734 2857 2780 magno
2881 2721 3063 2784 animo,
3108 2736 3253 2785 quam
3279 2736 3450 2774 recens
3477 2735 3715 2786 suscepe-

2126 2799 2237 2846 rant
2261 2797 2558 2844 strictiorem
2577 2791 2903 2852 disciplinam.
3615 2790 3718 2838 889

2195 2864 2358 2913 Εριετ.
2386 2863 2468 2910 III.
2497 2886 2561 2896 —
2588 2859 2658 2909 Ad
2682 2855 2968 2908 Rainaldum
3012 2855 3269 2906 inclusum.
3297 2883 3360 2894 —
3399 2856 3609 2918 Qualiter
3628 2870 3715 2906 co-

2125 2942 2228 2980 ram
2254 2930 2458 2979 Domino
2482 2927 2545 2977 sit
2571 2925 2848 2975 vivendum.
3618 2923 3722 2971 892

2125 2996 2420 3047 JOANNES
2491 2989 2873 3043 CARTHUSIE
2931 2988 3290 3042 PORTARUM
3349 2990 3722 3040 MONACIIUS.

2193 3063 2518 3113 EPISTOLXE
2537 3061 2766 3120 quinque.
3616 3059 3720 3118 399

2194 3132 2359 3180 EPIST.
2383 3131 2400 3178 l
2451 3154 2512 3164 —
2535 3127 2604 3177 Ad
2629 3127 2931 3190 Stephanum
2961 3125 3159 3176 fratrem
3187 3137 3333 3175 carne
3361 3127 3410 3174 et
3429 3124 3627 3188 spiritu.
3655 3151 3722 3161 —

2130 3198 2195 3248 De
2222 3197 2333 3260 fuga
2360 3195 2540 3246 szeculi.
2784 3259 2792 3260 7
2818 3259 2826 3260 7
3056 3259 3072 3260 7
3247 3259 3257 3260 7
3453 3258 3481 3260 77
3620 3192 3724 3260 899

2196 3258 2360 3314 Ενιέτ.
2391 3265 2448 3314 ιι.
2476 3287 2540 3298 -ο
2568 3262 2636 3312 Ad
2662 3259 2934 3310 Latoldum.
2971 3285 3019 3296 —
3051 3259 3127 3308 De
3152 3259 3293 3308 modo
3318 3258 3506 3308 orandi.
3612 3259 3715 3306 913

2199 3333 2362 3382 Εριετ.
2404 3332 2484 3380 III.
2506 3355 2570 3365 —
2597 3327 2668 3378 Ad
2693 3328 2960 3386 Hugonem.
2985 3352 3048 3362 —
3074 3327 3142 3376 De
3170 3325 3309 3375 modo
3328 3325 3497 3374 orandi
3521 3338 3578 3373 ac
3601 3337 3725 3387 prm-

2128 3399 2297 3448 scI-tim
2323 3399 2383 3448 dc
2409 3397 2674 3460 gratiarum
2702 3394 2910 3460 actione.
3320 3459 3347 3460 77
3509 3457 3540 3460 77
3619 3392 3724 3460 79718

2195 3467 2358 3515 Erisr.
2385 3457 2462 3514 IV.
2498 3490 2548 3500 -
2581 3463 2651 3512 Ad
2677 3459 2962 3510 Berardum.
2991 3485 3054 3495 —
3079 3461 3147 3508 De
3167 3459 3384 3509 custodia
3411 3457 3590 3507 cordis.
3616 3458 3719 3506 921

2198 3531 2444 3581 Episr.V.
2495 3529 2656 3580 —Ad
2705 3527 2998 3576 Bernardum
3044 3529 3271 3588 nepotem
3319 3537 3478 3584 suum,
3529 3525 3611 3586 qui
3661 3524 3725 3573 de

2130 3596 2463 3648 Carthusicnsi
2505 3597 2565 3646 ad
2609 3595 2754 3645 alium
2801 3594 3017 3643 ordinem
3043 3593 3252 3642 transire
3273 3593 3532 3653 cogitabat.
3561 3617 3622 3628 -—
3652 3592 3722 3639 De

2132 3665 2403 3715 constantia
2427 3665 2474 3713 in
2502 3663 2767 3725 proposito.
3345 3723 3353 3725 7
3628 3657 3733 3706 926

2476 3723 2728 3780 STEPHA
2741 3725 2862 3775 NUS
2888 3727 2974 3774 DE
2999 3725 3036 3775 C
3045 3726 3098 3773 Π
3099 3725 3134 3774 Α
3144 3725 3279 3774 LME
3287 3723 3363 3773 T0
3373 3761 3384 3772 .

2198 3797 2501 3848 EPISTULA
2551 3798 2629 3845 DE
2657 3793 3174 3846 PERSEVEBANTIA
3201 3791 3446 3842 ORDIMS
3475 3789 3533 3839 ad
3578 3791 3727 3838 novi—

2133 3865 2225 3915 tios
2250 3865 2416 3914 Sancti
2437 3863 2624 3924 Sulpitii
2652 3861 2758 3912 0rd.
2785 3860 2990 3908 Cisterc.
3042 3923 3047 3924 7
3477 3922 3485 3924 7
3632 3857 3724 3906 951

2205 3931 2420 3992 Epistola
2448 3922 2708 3980 Alexandri
2735 3939 2871 3990 papa:
2906 3926 2970 3976 IlI
2994 3923 3056 3973 ad
3092 3924 3391 3975 Arthaudum
3416 3922 3732 3992 prioremél:

2138 3989 2302 4056 νει-ἰὰ),
2325 3996 2384 4046 dc
2415 3998 2684 4046 schismate
2704 3989 2834 4044 illius
2855 3992 3104 4054 temporis.
3631 3989 3732 4056 955

2208 4055 2479 4126 Appendix.
3122 4125 3143 4126 77
3168 4123 3302 4126 77___
3327 4125 3336 4126 7
3366 4055 3732 4126 ,μμ-ΛηΒῇ

2140 4121 2430 4182 8ΑΝΟῘΠ8
2468 4130 2648 4180 Ηιῖσο
2704 4126 3064 4180 EPISCOPUS
3116 4121 3618 4174 LINCOLNIENSIS
3664 4121 3737 4170 ΙΝ

2373 4196 2620 4247 ANGLIA
2679 4195 2941 4246 ORDLVIS
2966 4189 3496 4244 CARTHUSIENSIS.

2204 4265 2418 4328 llugonis
2444 4265 2572 4313 Vita.
2600 4289 2664 4299 —
2688 4265 2940 4313 Monitum.
3157 4325 3166 4328 7
3295 4323 3305 4328 7
3537 4323 3554 4328 _
3578 4323 3589 4328 _
3633 4254 3729 4328 9377

2205 4322 2490 4382 Dissertatio
2532 4331 2591 4380 de
2643 4342 2772 4379 anno
2795 4343 2888 4391 quo
2913 4331 2966 4380 S.
2991 4329 3130 4390 Hugo
3155 4325 3203 4374 in
3230 4323 3510 4387 episcopum
3537 4322 3733 4391 Lincol:

2141 4400 2360 4449 nicnsem
2387 4400 2698 4447 consecratus
2721 4388 2822 4446 sitf
3076 4388 3089 4390 “
3631 4388 3732 4436 959

2208 4466 2385 4528 Incipit
2408 4465 2532 4513 Vita.
2559 4490 2620 4499 —
2643 4463 2892 4524 Prologus.
3637 4454 3738 4502 945

2208 4535 2363 4582 LIBER
2387 4544 2578 4580 PRIMUS.

2208 4601 2326 4649 CAP.
2355 4600 2394 4647 I.
2430 4625 2475 4634 —
2508 4596 2723 4658 Qualiter
2768 4597 2901 4657 Hugo
2952 4591 3202 4659 genitricis
3243 4590 3734 4659 solatiodestitutus,

2143 4669 2193 4716 ct
2239 4665 2444 4725 regulari
2489 4657 2690 4725 collegio
2738 4657 3025 4712 clericorum
3067 4672 3162 4710 una
3186 4671 3292 4707 cum
3331 4657 3546 4725 genitore
3570 4658 3734 4706 soeia-

2142 4724 2427 4794 tus,jUgum
2458 4724 2642 4780 Domini
2686 4729 2747 4779 ab
2792 4730 2996 4779 infantia
3041 4725 3339 4792 portaverit;
3389 4727 3436 4773 et
3462 4724 3740 4794 inseruntur

2142 4799 2201 4850 de
2226 4790 2336 4848 sua'
2359 4798 2659 4848 institutione
2685 4797 2860 4858 puerili
2885 4790 3298 4856 verba—ejusdem.
3637 4790 3739 4838 943

2209 4866 2309 4914 Car
2336 4866 2480 4914 Il.——
2506 4867 2570 4914 De
2619 4857 2834 4924 ejusdem
2880 4863 3099 4926 profectu
3142 4862 3194 4910 in
3218 4857 3422 4926 scientia
3461 4857 3734 4926 etvirtute,

2143 4936 2191 4982 et
2239 4944 2383 4994 quam
2431 4923 2652 4982 devotus
2681 4942 2736 4978 ac
2760 4923 2956 4979 sedulus
2975 4929 3022 4978 in
3059 4927 3237 4978 divinis
3262 4925 3427 4975 ofﬁciis
3453 4936 3509 4973 ac
3531 4923 3738 4994 frater

2145 4989 2388 5060 obsequiis
2407 4997 2668 5059 existebat,
3260 5058 3267 5060 7
3640 4989 3745 5060 946

2210 5057 2335 5115 Car.
2368 5066 2451 5114 Ill.
2475 5091 2539 5100 —-
2565 5065 2630 5114 De
2656 5057 2809 5125 patris
2833 5063 2904 5112 sui
2947 5058 3383 5116 commendatione,
3407 5060 3454 5106 et
3480 5067 3620 5125 quam
3641 5057 3740 5125 7bu-

2146 5133 2326 5182 militer
2349 5145 2405 5181 ac
2452 5130 2626 5180 devote
2659 5122 3030 5179 ministraverit
3065 5131 3113 5176 et
3138 5128 3273 5188 Hugo
3300 5126 3488 5185 noster,
3522 5122 3737 5183 ejusdem

2146 5198 2386 5260 obsequiis
2409 5198 2687 5261 specialiter
2710 5197 2994 5258 deputatus.
3083 5260 3089 5261 7
3166 5259 3171 5261 7
3546 5254 3578 5261 77
3640 5188 3739 5261 D757

2213 5254 2329 5316 Cie.
2363 5254 2534 5314 IV.'~—
2569 5254 2788 5325 Qualiter
2809 5262 3057 5311 ordinatus
3079 5259 3248 5320 levita,
3299 5269 3409 5306 mox
3431 5254 3742 5325 praedicatio-

2145 5333 2222 5382 nis
2247 5333 2403 5382 studio
2429 5322 2620 5394 plebem
2669 5330 2953 5389 informans,
3004 5327 3230 5376 cellulam
3268 5322 3544 5394 S.7M_aximi
3568 5333 3746 5383 regen-

2147 5400 2259 5449 dam
2280 5389 2484 5460 accepit.
2512 5401 2560 5446 et
2581 5397 2645 5445 ita
2674 5395 2980 5446 laudabiliter
3003 5394 3165 5460 rexit.
3181 5394 3240 5442 Et
3261 5389 3352 5440 sub
3381 5390 3471 5439 hoc
3512 5399 3746 5460 compre:

2148 5463 2377 5517 henditur
2398 5454 2623 5528 quintum
2649 5463 2909 5526 capitulum
2938 5472 3124 5522 magna:
3150 5459 3293 5528 Vitae.
3419 5522 3465 5528 __
3643 5454 3747 5503 948

2212 5534 2332 5583 Car.
2357 5522 2504 5581 Vf—
2539 5522 2756 5592 Qualiter
2795 5529 2909 5580 illud
2961 5527 3293 5591 evangelicum
3324 5537 3337 5574 :
3366 5542 3386 5566 ι
3415 5522 3466 5572 Si
3493 5533 3744 5584 peccave-
