3960 6062
282 213 418 267 1169

284 337 349 387 rit
372 337 423 387 in
450 338 499 386 te
543 336 699 386 frater
744 337 874 386 tuus.
901 349 929 380 ››
980 334 1110 385 circa
1133 335 1393 397 quemdam
1417 335 1559 386 dictae
1584 335 1766 386 cellula:
1792 349 1882 399 pa-

287 404 573 454 rochianum
618 407 871 453 exsecutus
917 405 990 452 est
1007 403 1065 452 de
1090 405 1288 464 peccato
1314 402 1533 452 adulterii
1560 402 1879 453 diﬁ‘amatum.

353 538 472 587 Car.
499 537 583 586 VI.
611 561 675 574 —
700 537 917 599 Qualiter
955 548 1063 586 cum
1112 536 1280 599 priore
1303 548 1392 585 suo
1426 534 1734 586 Carthusiam
1758 536 1883 585 invi-

286 604 369 663 sit,
396 607 444 653 et
469 605 623 654 visam
646 603 838 654 dilexit.
1783 604 1875 653 951

353 672 471 719 Car.
500 671 602 719 VII.
634 696 696 707 —
724 671 945 732 Qualiter
970 669 1029 720 ad
1078 669 1255 732 prioris
1280 669 1352 719 sui
1378 667 1659 718 instantiam
1686 669 1779 718 ﬁde
1805 671 1884 719 in-

284 737 519 799 terposita
538 736 739 798 juravit,
767 738 891 799 quod
919 738 1020 798 ipso
1043 736 1315 797 superstite
1338 736 1395 785 ad
1423 736 1640 786 ordinem
1668 737 1883 786 Carthu—

285 802 519 853 siensium
564 804 836 852 nullatenus
878 802 1242 862 transvolaret;
1280 809 1329 852 et
1361 802 1505 851 ﬁdem
1531 814 1624 850 non
1644 804 1880 865 servavit,

284 882 376 919 nec
401 874 568 920 tamen
594 870 654 919 de
683 870 793 920 ﬁdei
819 869 1207 930 transgressione
1231 869 1511 931 scrupulum
1539 868 1729 931 habuit,
1755 871 1881 919 unde

283 936 557 999 profectum
583 940 767 986 tantum
795 937 944 999 cepit.
1782 935 1881 987 952

352 1004 471 1052 Car.
495 1003 625 1052 VIII.
658 1028 719 1039 —
759 1005 827 1052 De
854 1003 1122 1053 tentatione
1158 1001 1461 1064 gravissima,
1487 1014 1597 1063 quae
1622 1006 1729 1064 post
1752 1004 1883 1053 ordi-

284 1070 360 1118 nis
384 1069 745 1118 Cartbusiensis
780 1070 1056 1132 ingressum
1098 1069 1253 1132 ipsum
1311 1069 1555 1132 arripuit:
1586 1082 1676 1121 nec
1718 1072 1881 1119 tamen

283 1135 437 1185 defuit
463 1136 505 1185 ei
530 1136 668 1185 tuitio
683 1136 935 1186 salutaris.
1782 1136 1881 1185 954

350 1202 468 1251 Car.
498 1202 583 1251 IX.
612 1228 674 1238 —
696 1204 764 1251 De
791 1202 1210 1251 commendatione
1231 1200 1414 1253 ordinis
1428 1202 1806 1263 Carthusiensis,
1831 1207 1881 1253 et

284 1268 506 1330 profectu
550 1270 599 1317 in
651 1270 818 1319 eodem
863 1271 1012 1318 nostri
1036 1269 1280 1330 Ilugonis:
1310 1272 1358 1317 et
1400 1270 1606 1329 qualiter
1631 1269 1791 1318 senior
1818 1270 1878 1319 ad

283 1335 424 1395 cujus
469 1335 747 1397 obsequium
793 1337 950 1385 fuerat
985 1335 1262 1397 deputatus,
1292 1336 1448 1397 ipsum
1475 1337 1535 1385 de
1571 1336 1879 1398 suscipiendo

285 1401 453 1450 ordine
497 1402 784 1451 sacerdotali
833 1402 1056 1458 tentavit,
1085 1405 1135 1449 et
1174 1402 1328 1462 ipsum
1358 1402 1568 1451 futurum
1597 1403 1877 1464 episcopum

282 1468 645 1527 praenuntiavit.
674 1470 732 1517 Et
752 1469 841 1517 sub
868 1470 960 1517 hoc
985 1468 1193 1530 capitqu
1241 1468 1720 1530 comprehenduntur
1750 1469 1807 1517 10
1828 1473 1879 1517 et

285 1534 338 1581 11
372 1534 580 1595 capitula
600 1547 788 1592 magnae
814 1535 954 1583 Vitae.
1776 1535 1877 1585 956

351 1601 471 1649 Car.
498 1602 554 1650 X.
582 1627 646 1637 ——
672 1603 736 1650 De
782 1601 935 1663 ipsius
976 1601 1022 1648 in
1060 1600 1311 1651 devotione
1357 1602 1596 1662 profectu,
1622 1604 1874 1663 postquam

284 1669 360 1716 est
385 1668 612 1718 sacerdos
637 1667 853 1723 eﬁ‘ectus,
884 1672 929 1717 et
955 1667 1221 1730 corporalis
1244 1668 1522 1728 asperitatis
1542 1681 1598 1717 ac
1628 1669 1877 1718 abstinen-

283 1733 362 1782 tiae
387 1736 563 1795 rigore.
1771 1737 1871 1785 957

353 1802 472 1849 Car.
503 1802 585 1850 XI.
608 1825 669 1836 —
694 1800 911 1861 Qualiter
951 1798 1084 1851 Petri
1110 1800 1463 1865 archiepiscopi
1482 1803 1876 1853 Tarentaciensis

282 1866 507 1927 obsequio
553 1869 827 1929 deputatus,
866 1867 1039 1916 tamin
1078 1866 1439 1927 Scripturarum
1466 1870 1870 1930 perscrutatione,

282 1945 427 1994 quam
455 1934 502 1983 In
545 1933 786 1994 omnibus,
832 1946 938 1996 qua:
972 1936 1198 1995 poterant
1221 1936 1507 1984 reverentiae
1532 1948 1763 1999 congrua,
1791 1940 1873 1986 aut

282 1999 444 2049 animo
464 2006 600 2063 grata
626 2014 753 2060 esse,
782 2000 1095 2050 devotissime
1136 1999 1463 2058 ministrabat,
1506 2003 1567 2051 ab
1592 2004 1696 2064 ipso
1719 2003 1880 2063 quoti-

278 2064 356 2114 die
378 2068 624 2129 recipiens
669 2067 1075 2128 benedictionem,
1113 2065 1469 2118 absolutionem
1493 2073 1542 2118 et
1584 2070 1875 2119 instructio-

283 2144 394 2182 nem
423 2135 690 2184 salubrem.
1780 2137 1879 2186 958

347 2200 466 2249 Car.
494 2202 601 2250 XII.
625 2225 688 2239 -—
715 2200 933 2261 Qualiter
972 2200 1143 2251 domus
1182 2201 1450 2252 Carthusiae
1493 2205 1782 2265 procurator
1805 2203 1879 2253 ef-

282 2264 453 2324 fectus,
484 2267 661 2329 ipsam,
686 2266 1009 2329 spiritua'iter
1044 2280 1187 2328 quam
1214 2264 1548 2331 temporaliter
1571 2273 1771 2319 strenue
1792 2283 1878 2331 gu-

280 2331 537 2397 bernabat,
591 2335 834 2395 omnibus,
887 2346 941 2383 se
980 2334 1196 2385 reddens
1260 2336 1439 2386 merito
1483 2336 1875 2387 commendatum

344 2468 463 2517 Car.
489 2470 619 2519 XIII.
647 2496 710 2506 —
734 2471 803 2519 De
828 2468 1096 2519 tentatione
1121 2468 1246 2517 illius
1269 2469 1365 2518 alia
1402 2469 1462 2519 ab
1488 2469 1567 2518 illa
1592 2470 1653 2520 de
1678 2483 1770 2532 qua
1794 2482 1877 2519 su-

280 2544 388 2595 pra,
413 2537 622 2596 capitulo
645 2540 834 2596 octavo,
859 2537 907 2583 et
932 2535 1137 2595 qualiter
1162 2535 1222 2584 ab
1248 2536 1350 2597 ipsa
1376 2550 1463 2598 per
1500 2536 1632 2585 illum
1654 2541 1876 2586 sanctum

278 2602 517 2660 quondam
554 2605 763 2665 priorem
806 2602 1077 2651 Carthusia:
1115 2602 1362 2660 Basiliam,
1390 2614 1530 2665 quem
1557 2615 1697 2652 suum
1724 2605 1879 2653 nutri-

280 2670 439 2717 torem
466 2671 676 2728 vocavit,
705 2670 892 2719 exstitit
915 2668 1167 2718 liberatus.
1196 2669 1257 2719 Et
1281 2669 1513 2719 inseritur
1538 2670 1643 2720 haec
1671 2670 1876 2719 tentatio

279 2732 329 2782 in
354 2747 528 2797 magna
550 2736 655 2785 Vita
680 2737 805 2785 libro
827 2734 1056 2784 secundo.
1779 2738 1878 2786 959

352 2802 585 2865 Prologus
609 2804 718 2853 libri
744 2801 961 2852 secundi.
1779 2804 1873 2853 961

344 2869 498 2917 Lmen
518 2883 783 2919 sacuunus.
1776 2870 1872 2920 961

344 2935 463 2984 CAP.
494 2936 530 2984 I.
568 2962 616 2972 —
653 2938 873 2997 Qualiter
896 2949 982 2997 pro
1024 2935 1170 2985 domo
1211 2934 1572 2987 Carthusiensis
1598 2935 1799 2997 ordinis,
1827 2937 1873 2986 in

275 3002 446 3064 Anglia
476 3003 599 3063 apud
624 3004 944 3054 Withamiam
967 3002 1312 3065 construenda,
1334 3000 1548 3052 mittitur
1573 3000 1633 3049 ad
1657 3013 1879 3062 qureren-

276 3068 389 3117 dum
417 3070 685 3131 Hugonem.
1772 3069 1870 3118 961

342 3138 460 3185 CAP.
490 3136 549 3184 II.
574 3162 639 3173 —
666 3138 883 3199 Qualiter
907 3134 1065 3185 nuntii
1091 3134 1149 3183 ad
1173 3132 1490 3199 Carthusiami
1510 3133 1765 3183 venientes
1786 3148 1876 3185 su-

276 3214 365 3263 per
386 3202 617 3263 petitione
644 3198 730 3256 sua
760 3207 1047 3255 invenerunt
1090 3202 1271 3251 fratres
1290 3198 1657 3262 dissentientes,
1685 3205 1735 3251 et
1759 3214 1877 3264 qua-

275 3268 334 3318 lis
359 3272 463 3317 erat
482 3272 727 3323 sententia
753 3271 909 3333 ipsius
924 3271 982 3320 de
1007 3271 1111 3333 ipsa
1136 3265 1458 3327 exaudienda,
1480 3268 1528 3315 et
1551 3267 1641 3316 hoc
1664 3272 1736 3317 est
1763 3282 1870 3331 cap,

271 3336 324 3397 3,
353 3336 401 3384 in
427 3336 554 3385 serie
582 3350 771 3399 magna:
796 3338 937 3386 Vitae.
1774 3336 1873 3386 961

340 3402 461 3451 CAP.
488 3403 571 3452 III.
601 3429 665 3439 —
688 3405 907 3467 Qualiter
946 3402 1143 3455 demum
1190 3401 1443 3467 obtentum
1490 3402 1583 3459 est,
1622 3404 1682 3467 rut
1719 3403 1878 3454 adiret

274 3469 501 3529 Angliam
528 3471 661 3533 Hugo
686 3465 743 3521 ad
773 3483 935 3533 regem
974 3471 1177 3520 veniens
1196 3506 1210 3529 ,
1240 3472 1289 3519 et
1318 3465 1527 3529 qualiter
1550 3466 1872 3519 Withamiam

275 3547 385 3584 cum
414 3537 595 3586 honore
622 3537 858 3587 deductus
884 3538 968 3586 sit.
1775 3537 1874 3587 966

337 3602 457 3650 Cn.
486 3603 564 3651 IV.
584 3628 645 3641 -—
671 3605 888 3665 Qualiter
932 3608 1081 3661 statu,
1131 3614 1273 3663 quem
1302 3601 1487 3652 invenit
1533 3604 1655 3665 apud
1680 3604 1874 3653 Witha-

268 3669 437 3726 miam,
488 3670 700 3728 visitata,
739 3671 799 3720 ad
848 3684 1013 3733 regem
1041 3683 1278 3731 reversus,
1316 3666 1487 3719 fecerit
1520 3671 1643 3719 villa:
1667 3671 1726 3720 de
1752 3671 1874 3720 Wit-

269 3735 383 3785 ham
411 3734 779 3800 habitatoribus,
806 3738 913 3787 inde
966 3738 1276 3800 discessuris,
1303 3737 1579 3797 largissime
1606 3737 1870 3801 provideri.

338 3873 459 3921 Car.
486 3874 544 3923 V.
586 3897 649 3907 —
676 3872 891 3932 Qualiter
936 3870 1029 3919 loci
1071 3871 1439 3923 constructione
1487 3884 1573 3934 pro
1592 3874 1871 3935 sumptuum

269 3938 463 3989 defectu
490 3939 767 3990 nullatenus
791 3937 1103 4001 procedente,
1132 3942 1282 3989 fratre
1324 3938 1538 3988 Giratdo
1580 3951 1743 4001 regem
1783 3938 1873 3987 ad-

271 4009 415 4055 eunte
440 4019 549 4056 cum
578 4010 743 4054 nostro
768 4007 992 4064 Hugone,
1016 4008 1064 4054 et
1110 4008 1212 4066 regi
1252 4005 1401 4056 verba
1445 4007 1717 4067 asperrima
1755 4017 1870 4067 pro-

272 4073 479 4130 ferente,
541 4072 758 4133 IIugonis
802 4073 993 4122 exstitit
1035 4074 1271 4135 patientia
1306 4072 1590 4135 approbata,
1637 4073 1774 4134 cujus
1809 4086 1870 4124 ex

274 4144 387 4189 tunc
426 4140 484 4189 ad
514 4151 681 4202 regem
732 4139 1044 4189 familiaritas
1084 4147 1158 4190 est
1199 4140 1537 4190 vehementius
1561 4141 1868 4192 conﬁrmata.

339 4274 458 4321 Cn.
485 4273 571 4319 Vl.
598 4297 662 4308 -—
688 4272 824 4333 Quod
893 4285 981 4322 rex
1027 4274 1216 4333 Hugoni
1259 4277 1463 4327 credidit
1536 4285 1632 4334 prae
1680 4276 1872 4324 caeteris

271 4338 495 4389 omnibus
521 4339 566 4387 in
594 4338 669 4387 his
695 4351 800 4399 qum
827 4351 925 4387 sua:
947 4339 1158 4388 salutem
1187 4342 1361 4390 animae
1405 4340 1751 4401 contingebant
1774 4360 1787 4399 ;
1821 4344 1870 4391 et

270 4407 395 4468 quod
418 4418 445 4453 a
473 4405 635 4454 multis
661 4406 788 4465 regis
814 4405 937 4454 ﬁlius
964 4405 1225 4467 putabatur
1252 4425 1264 4455 :
1296 4409 1494 4471 etquod
1533 4407 1685 4468 ipsum
1724 4419 1869 4469 super

269 4473 391 4521 varii
418 4472 696 4521 excessibus
720 4472 981 4533 arguendo,
1012 4484 1104 4520 non
1141 4474 1359 4523 cessabat
1400 4475 1555 4524 sacris
1602 4473 1868 4524 informare

269 4538 709 4597 exhortationibus,
740 4540 849 4600 quia
877 4537 980 4597 ejus
1006 4540 1138 4588 varia
1174 4542 1501 4591 consolatione
1539 4539 1693 4590 levius
1734 4540 1867 4589 fere-

268 4606 353 4655 bat
376 4607 597 4663 adversa,
627 4608 676 4654 et
700 4605 853 4655 fretus
878 4604 983 4663 ejus
1014 4606 1309 4657 orationibus
1349 4608 1612 4671 superabat
1657 4606 1862 4667 facilius,

270 4675 319 4721 et
343 4672 559 4722 consiliis
584 4674 848 4721 instructus
890 4672 1291 4733 circomspectius
1331 4675 1627 4724 declinabat.
1764 4672 1865 4722 972

334 4740 453 4787 Car.
477 4739 580 4787 VII.
608 4763 672 4773 —
698 4739 918 4799 Qualiter
957 4751 1041 4787 rex
1085 4738 1131 4787 in
1161 4740 1377 4802 pericqu
1406 4740 1554 4790 maris
1598 4739 1863 4789 Britannici

268 4806 578 4865 constitutus,
640 4804 975 4855 liberationem
1022 4818 1159 4855 suam
1208 4808 1395 4869 Hugoni
1443 4806 1767 4869 ascripserit:
1816 4811 1866 4857 et

264 4884 441 4922 vovere
467 4872 717 4921 dicebatur
754 4872 881 4934 quod
922 4872 979 4922 ad
1024 4872 1348 4935 pontiﬁcalem
1384 4874 1585 4935 gradum
1629 4874 1865 4923 niteretur

265 4952 375 4988 eum
403 4940 689 5001 quantocius
715 4951 1018 5002 promovere,
1046 4940 1085 4988 si
1128 4940 1188 4989 ad
1228 4944 1421 5003 portum
1462 4940 1718 4990 incolumis
1760 4952 1864 5002 pcr-

265 5005 471 5055 veniret.
1763 5006 1864 5055 975

330 5073 448 5120 Car.
477 5072 601 5121 VIII.
630 5097 693 5108 —
720 5073 938 5134 Qualiter
971 5072 1213 5124 devotioni
1258 5075 1476 5125 totaliter
1517 5075 1656 5134 [Iugo
1698 5074 1862 5123 inten-

262 5138 425 5194 debat,
454 5138 519 5187 ita
547 5138 670 5199 quod
698 5139 745 5188 in
772 5141 954 5189 somnis
985 5143 1111 5189 hanc
1134 5140 1415 5201 dictionem,
1445 5144 1620 5201 Amen,
1646 5141 1705 5189 de
1747 5152 1863 5189 con-

263 5204 503 5253 suetidine
548 5206 859 5267 proferebat;
913 5211 963 5256 et
1009 5207 1217 5268 qualiter
1264 5209 1415 5258 etiam
1462 5220 1514 5257 se
1558 5208 1764 5270 gerebat
1812 5206 1861 5257 in

264 5282 430 5320 mensa
465 5284 477 5319 :
504 5274 553 5319 et
578 5272 722 5332 quod,
747 5284 1083 5334 quamcunque
1115 5274 1328 5325 habebat
1370 5275 1419 5324 in
1458 5274 1680 5325 manibus
1721 5286 1863 5323 occu-

261 5337 526 5400 pationem,
558 5349 610 5386 se
631 5340 785 5387 totum
812 5339 854 5387 ei
879 5340 1046 5389 dabat.
1761 5340 1861 5390 976

328 5405 447 5454 ΟΜ».
474 5405 556 5453 IX.
583 5429 645 5440 —
674 5405 893 5465 Qualiter
917 5406 977 5455 ad
1012 5406 1169 5468 ipsum
1212 5408 1339 5469 apub
1380 5408 1697 5458 Withamiam
1741 5420 1862 5458 con-

261 5471 501 5521 tinebatur
527 5483 617 5535 pro
640 5471 812 5520 solatio
834 5472 1071 5534 rapiendo
1094 5492 1106 5533 ;
1136 5476 1184 5523 et
1210 5475 1333 5537 quod
1360 5475 1495 5525 multi
1522 5487 1629 5525 cum
1678 5487 1735 5525 eo
1784 5486 1864 5525 re-

261 5537 452 5600 Iigionis
475 5550 573 5588 suae
600 5537 752 5590 vitam
776 5538 951 5591 ducere
978 5538 1253 5607 cupiebant,
1274 5542 1386 5593 i-use
1416 5546 1581 5595 tamen
1607 5554 1699 5593 nec
1740 5542 1857 5605 cito,

1068 206 1263 264 0RDO
1300 207 1545 265 RERUM
1584 207 1746 277 QUAE
1782 208 1857 264 IN
1893 206 2035 266 HOC
2072 208 2270 265 TOMO
2309 209 2833 267 CONTINENTUR.

3455 215 3594 269 1170

1990 349 2083 387 nec
2106 337 2249 388 facile
2272 338 2520 399 pulsantes
2547 337 2833 401 recipiebat.
3492 340 3592 389 977

2055 405 2173 453 Car.
2202 405 2264 453 X.
2293 430 2355 440 —
2377 407 2443 454 De
2469 405 2819 466 apostatatione
2848 404 3054 454 fratrum
3082 404 3289 455 Andreae
3311 404 3591 457 etAlexan-

1988 470 2086 533 dri,
2114 470 2247 520 etde
2274 472 2505 521 conviciis
2530 485 2586 520 ac
2632 471 2952 533 hlasphemiis
3004 472 3281 522 eorumdem
3330 472 3378 522 in
3424 475 3589 533 Hugo-

1989 550 2103 587 nem
2130 540 2179 587 et
2204 538 2423 587 ordinem
2450 538 2845 587 Carthasiensem
2874 538 3038 589 illatis.
3484 540 3583 589 977

2056 604 2157 655 CAP
2204 604 2287 652 XI.
2312 630 2375 641 —
2401 604 2613 664 Qualiter
2641 604 2879 653 diﬂicilem
2902 617 2955 653 se
2980 604 3205 655 habuerit
3246 608 3414 655 noster
3451 607 3588 669 Hugo

1989 669 2050 719 ad
2098 683 2259 720 eorum
2324 673 2672 731 receptionem,
2723 671 2801 732 qui
2874 674 3025 722 semel
3094 676 3487 733 apostatameut:
3542 677 3592 724 et

1990 741 2327 850 quamgenere
2369 736 2801 799 persistentiumin
2845 750 2933 787 sua
2979 738 3210 800 religione
3253 738 3468 800 quietem
3485 739 3589 850 9d;

2013 816 2145 850 exen
2176 840 2187 850 .
3523 808 3549 850 7

2013 804 2187 853 exerit.
3485 805 3587 855 979

2056 870 2173 919 CAP.
2202 870 2640 932 XII—Qualiter,
2685 870 2803 919 licet
2851 875 2977 921 esset
3030 872 3089 922 de
3137 871 3274 920 libris
3319 883 3591 932 congrega-

1989 936 2134 985 tionis
2181 949 2279 986 suaa
2322 937 2614 985 necessariis
2660 936 2995 999 perquirendis
3037 938 3287 997 sollicitus,
3330 938 3591 988 bibliothe-

1989 1014 2096 1053 cam
2123 1006 2288 1053 tamen
2331 1015 2418 1064 per
2461 1014 2627 1065 regem
2672 1003 2765 1052 sibi
2790 1015 2817 1051 a
2866 1004 3116 1055 monachis
3174 1004 3591 1054 Witboniensibus

1989 1070 2274 1131 acquisitam
2301 1081 2361 1118 ex
2382 1070 2596 1119 inaudito
2622 1070 2878 1120 charitatis
2904 1070 3077 1120 aﬁ‘ectu
3104 1071 3231 1120 ultro
3275 1071 3411 1120 reddi
3450 1071 3585 1121 fecit.

1989 1136 2123 1185 Unde
2170 1136 2411 1185 convaluit
2437 1148 2495 1184 ex
2538 1136 2619 1185 illo
2664 1136 2934 1197 praesertim
2974 1141 3192 1199 tempore
3239 1137 3375 1186 inter
3422 1148 3599 1186 mona-

1989 1204 2107 1252 chos
2148 1203 2514 1252 Wintonienses
2562 1206 2611 1251 et
2667 1202 3053 1253 Withamienses
3098 1203 3327 1253 eremitas
3392 1203 3588 1253 dilectio

1990 1269 2232 1332 specialis,
2261 1282 2353 1331 per
2377 1281 2519 1330 quam
2560 1268 2799 1318 Robertus
2839 1268 2970 1330 prior
3007 1270 3304 1320 cathedralis
3346 1270 3585 1327 ecclesia),

1988 1339 2036 1385 et
2059 1336 2343 1397 Radulphus
2368 1334 2992 1395 sacrista,Withamienses
3015 1335 3177 1385 effecti
3203 1336 3408 1385 solitarii
3432 1340 3585 1397 sunt;

1989 1414 2190 1463 quorum
2229 1402 2509 1451 instantiam
2554 1401 2859 1465 inscripsisse
2901 1414 2955 1451 se
3005 1402 3180 1452 asserit
3225 1402 3383 1452 Vitam
3432 1403 3589 1452 nostri

1986 1470 2123 1529 Iiugo
2150 1468 2365 1529 ejusdem
2390 1468 2614 1517 dictator.
3484 1468 3585 1518 979

2055 1536 2285 1598 Prologus
2311 1535 2421 1584 libri
2448 1535 2603 1585 tertii.
3488 1536 3581 1585 981

2053 1604 2206 1653 LIBER
2232 1614 2457 1650 vannus.
3486 1602 3586 1653 983

2050 1670 2170 1720 Car.
2200 1670 2237 1717 l.
2265 1694 2329 1704 —
2355 1667 2572 1730 Qualiter
2619 1668 2830 1730 Hugoin
2878 1666 3210 1731 episcopatum
3258 1668 3335 1718 est
3380 1667 3583 1718 electus.

2049 1803 2168 1852 Car.
2196 1802 2256 1851 Il.
2284 1826 2348 1839 —-
2371 1802 2588 1863 Qualiter
2609 1802 2749 1863 IIugo
2788 1801 3076 1851 electionem
3113 1801 3273 1864 primo
3316 1797 3379 1849 de
3421 1812 3476 1851 se
3520 1802 3591 1852 fa-

1983 1870 2113 1918 ctam
2139 1871 2372 1932 reputans
2398 1869 2590 1917 irritam
2619 1871 2667 1917 et
2695 1868 2908 1928 inanem,
2938 1869 2997 1919 ad
3020 1881 3075 1918 se
3129 1866 3432 1918 venientibus
3472 1880 3588 1929 per-

1981 1936 2135 1985 suasit
2158 1942 2229 1997 ut,
2258 1935 2317 1985 ad
2344 1934 2677 1985 cathedralem
2708 1936 2962 1985 ecclesiam
2984 1940 3276 1997 remeantes,
3300 1932 3586 1985 electionem

1983 2002 2160 2052 ibidem
2188 2002 2471 2051 canonicam
2499 2002 2819 2052 celebrarent.
3484 2001 3585 2052 985

2048 2070 2168 2119 CAP.
2197 2070 2279 2118 Ill.
2308 2094 2372 2105 —
2397 2069 2613 2130 Qualiter
2659 2082 2746 2131 pro
2789 2069 3025 2118 electione
3046 2065 3255 2118 secunda
3297 2066 3424 2130 apud
3467 2069 3588 2119 Lin-

1981 2136 2189 2185 colniam
2216 2135 2556 2194 celebrata,ad
2578 2148 2633 2185 se
2650 2135 2811 2185 missis
2839 2133 3145 2199 responderit
3170 2144 3223 2182 se
3246 2132 3357 2183 sine
3412 2134 3589 2195 prioris

1981 2202 2255 2254 Carthusia:
2303 2202 2573 2253 obedientia
2639 2202 2914 2265 episcopale
2960 2214 3082 2252 onus
3148 2210 3244 2249 non
3302 2200 3576 2318 subiturggué

2048 2337 2167 2387 Car.
2195 2336 2275 2386 IV.
2304 2362 2369 2373 —
2395 2337 2616 2399 Qualiter
2636 2336 2769 2386 missi
2794 2336 3006 2400 priorem
3058 2332 3336 2385 Carthusiae
3370 2336 3589 2397 require-

1980 2402 2097 2453 bant
2126 2425 2138 2464 ;
2166 2409 2213 2454 et
2233 2406 2371 2465 IIugo
2413 2404 2515 2465 ipse
2551 2402 2793 2452 devotioni
2839 2402 3012 2453 fortius
3052 2401 3284 2451 insistens
3327 2412 3380 2450 se
3417 2406 3586 2453 contra

1976 2468 2143 2531 jugum
2170 2471 2443 2533 episcopale
2465 2471 2556 2520 sibi
2582 2469 2845 2519 imminens
2868 2469 3194 2531 praaparabat.
3485 2470 3584 2519 987

2046 2538 2165 2585 CAP.
2191 2539 2250 2585 V.
2278 2564 2342 2574 —
2367 2537 2583 2597 Qualiter
2607 2537 2791 2586 nuntiis
2829 2550 2856 2585 a
2888 2536 3143 2586 Carthusia
3173 2534 3432 2595 regressis.
3470 2548 3586 2599 prc-

1980 2604 2169 2653 catione
2189 2603 2291 2666 jam
2349 2604 2493 2653 tertia
2534 2605 2592 2654 de
2638 2603 2781 2653 domo
2822 2616 2908 2652 sua
2937 2602 3071 2651 exire
3096 2600 3391 2663 compulsus,
3418 2614 3587 2652 versus

1978 2670 2250 2720 Lundinum
2300 2683 2388 2732 pro
2430 2669 2794 2720 consecratione
2836 2668 3115 2730 recipienda
3156 2680 3207 2717 se
3259 2668 3583 2729 transferens,

1980 2737 2108 2786 lllam
2131 2738 2343 2787 nondum
2369 2737 2444 2785 sui
2469 2736 2653 2786 ordinis
2677 2736 3001 2786 humilitatem
3045 2735 3299 2792 deseruit;
3346 2736 3460 2794 quin
3502 2748 3588 2797 po-

1978 2804 2075 2854 tius
2124 2807 2231 2866 post
2255 2803 2423 2854 sellam
2470 2804 2728 2864 equitando
2768 2802 3059 2852 sarcinulam
3095 2800 3357 2850 deferret:
3403 2802 3453 2851 in
3499 2814 3586 2851 sua

1979 2872 2353 2921 consecratione
2377 2883 2404 2920 a
2435 2871 2566 2933 regia
2606 2869 2937 2920 muniﬁcentia
2978 2868 3253 2931 largissime
3296 2867 3583 2919 honoratus.

2046 3005 2167 3053 CAP.
2193 3004 2276 3053 VI.
2307 3028 2370 3041 —-
2398 3003 2614 3065 Qualiter
2682 3002 3049 3053 incathedratus
3095 2999 3221 3061 apud
3283 3000 3586 3052 Lincolniam

1978 3070 2323 3120 archidiacono
2345 3070 2683 3120 Cantuariensi
2713 3068 3019 3131 responderit
3043 3069 3275 3129 quantum
3314 3080 3402 3130 pro
3444 3069 3587 3119 mitra

1976 3136 2198 3197 dederat,
2249 3140 2435 3186 tantum
2487 3136 2531 3185 ei
2580 3149 2668 3198 pro
2693 3136 2923 3185 cathedra
2972 3147 3025 3184 se
3073 3134 3318 3184 daturum.
3368 3134 3589 3196 Qualiter

1979 3203 2125 3253 etiam
2156 3204 2464 3266 responderit
2486 3201 2790 3266 procuratori
2816 3202 2989 3251 domus
3012 3213 3110 3249 sua:
3136 3200 3197 3249 de
3240 3200 3585 3262 capiendarum

1977 3282 2179 3319 numero
2204 3271 2455 3320 damarum
2490 3284 2502 3319 :
2532 3270 2665 3319 etde
2690 3268 2795 3317 avis
2834 3267 2959 3330 apud
2992 3270 3206 3318 Stewam
3246 3266 3582 3329 mirabilitate,

1977 3348 2120 3398 quam
2149 3338 2315 3387 retulit
2342 3336 2711 3386 archidiaconus
2730 3334 3051 3384 Menevensis.
3483 3335 3585 3384 990

2042 3404 2161 3453 CAP.
2191 3404 2293 3452 VII.
2322 3429 2385 3439 —
2411 3404 2563 3464 Quam
2590 3402 2826 3451 sollicitus
2852 3406 2958 3450 erat
2982 3402 3117 3461 nugo
3142 3402 3311 3449 noster
3353 3400 3415 3450 de
3458 3414 3580 3464 per-

1976 3471 2110 3519 sonis
2136 3470 2322 3520 idoneis
2347 3471 2394 3519 in
2423 3468 2754 3519 Lincolniensi
2774 3468 2994 3517 Ecclesia
3024 3466 3337 3525 collocandis,
3386 3469 3436 3516 et
3474 3481 3585 3530 pro-

1975 3537 2302 3586 incumbentis
2347 3537 2437 3586 sibi
2461 3538 2623 3587 oneris
2671 3535 3036 3596 supportatione
3080 3545 3166 3582 suo
3211 3533 3356 3583 lateri
3405 3534 3588 3596 adjun-

1976 3604 2161 3665 gendis.
2190 3605 2253 3654 Et
2276 3606 2351 3653 est
2376 3604 2468 3653 hoc
2492 3601 2758 3666 capitulum
2818 3602 2866 3650 in
2893 3600 3019 3650 serie
3062 3610 3253 3661 magna:
3291 3599 3413 3649 Vitze
3454 3604 3587 3717 ogga-

1976 3683 2085 3717 vum

1975 3683 2085 3719 vum
3482 3670 3580 3719 993

2042 3739 2162 3788 CAP.
2190 3737 2319 3787 VIII.
2352 3764 2415 3773 —
2442 3735 2665 3798 Qualiter
2688 3736 2827 3795 IIugo
2852 3736 3018 3785 noster
3064 3746 3307 3785 summum
3346 3733 3477 3796 regis
3513 3735 3583 3785 fo—

1973 3805 2233 3854 restarium
2276 3801 2759 3860 excommunicando,
2783 3805 2831 3850 et
2870 3813 2924 3849 se
2951 3816 2979 3852 a
3007 3802 3301 3852 conferenda
3325 3801 3584 3862 prmbenda

1974 3871 2035 3921 ab
2064 3871 2281 3931 ejusdem
2312 3872 2546 3921 instantia
2574 3868 2870 3931 excusando,
2900 3868 3053 3931 ipsius
3100 3868 3232 3932 regis
3268 3868 3475 3917 incurrit
3514 3870 3587 3919 of-

1975 3939 2182 3989 fensam.
3482 3936 3583 3987 994

2040 4006 2159 4055 Car.
2190 4006 2270 4055 IX.
2300 4032 2364 4041 —
2389 4004 2608 4067 Qualiter
2633 4002 2882 4066 praedictis
2919 4002 3115 4053 oﬁ‘ensis
3158 4015 3186 4051 a
3226 4014 3340 4063 rege
3381 4006 3583 4053 vocatus

1973 4073 2037 4121 ita
2067 4086 2119 4121 se
2148 4073 2319 4122 habuit
2355 4070 2717 4134 respondendo,
2771 4070 2899 4131 quod
2922 4082 3031 4119 cum
3080 4069 3186 4131 ejus
3234 4068 3577 4121 benevolentia

1971 4139 2095 4189 liber
2114 4139 2369 4189 abscessit.
3478 4137 3579 4187 995

2039 4208 2157 4255 Car.
2185 4208 2246 4255 X.
2266 4232 2330 4241 —
2356 4205 2492 4267 Quod
2520 4204 2569 4253 in
2598 4202 2817 4253 ecclesiis
2838 4201 3181 4265 praebendatos
3206 4201 3360 4251 teneri
3405 4202 3466 4252 ad
3505 4216 3582 4253 re-

1972 4272 2231 4321 sidentiam
2260 4273 2550 4333 reputabat;
2580 4274 2627 4319 et
2650 4269 2914 4318 secundum
2956 4271 3047 4318 hoc
3089 4268 3323 4331 magistro
3344 4268 3585 4320 Parisien-

1972 4338 2013 4385 si
2036 4339 2305 4399 respondit,
2359 4339 2438 4401 qui
2493 4336 2799 4399 prmbendari
2871 4336 2920 4384 in
2964 4334 3179 4384 Ecclesia
3251 4336 3580 4387 Lincolniensi

1972 4404 2218 4454 aﬁ‘eetavit
2241 4419 2255 4464 ;
2286 4408 2335 4455 et
2362 4404 2487 4467 quod
2513 4403 2642 4453 inter
2666 4403 2845 4452 fratres
2865 4414 2954 4451 seu
2980 4402 3203 4451 homines
3249 4414 3461 4465 quosque
3504 4404 3582 4453 di-

1970 4471 2088 4522 lexit
2112 4473 2351 4535 praecipue
2375 4471 2636 4520 unitatem.
3478 4470 3579 4521 997

2038 4540 2159 4588 CAP.
2198 4540 2281 4588 XI.
2311 4564 2375 4575 —
2400 4538 2621 4599 Qualiter
2664 4539 2761 4585 tam
2800 4535 3078 4586 Baldevvino
3118 4536 3455 4586 Cantuariensi
3493 4550 3579 4587 ar-

1972 4605 2299 4667 chiepiscopo,
2346 4618 2487 4667 quam
2536 4603 2640 4662 ejus
2676 4604 2969 4664 successori,
3015 4603 3314 4665 capellarum
3354 4605 3577 4653 constru-

1973 4673 2121 4721 ctioni
2165 4674 2388 4722 insistere
2433 4669 2733 4725 dissuaserit.
2780 4682 2839 4719 ex
2880 4682 2974 4732 qua
3027 4670 3156 4719 inter
3206 4668 3339 4731 ipsos
3373 4674 3423 4718 et
3462 4682 3576 4720 suos

1971 4740 2235 4788 monachos
2255 4738 2629 4789 Cantuarienses
2655 4736 2940 4796 gravissima
2985 4736 3231 4787 discordia
3268 4740 3434 4786 exorta
3463 4736 3572 4799 fuit,

1971 4805 2100 4855 inter
2124 4819 2245 4867 quos
2270 4818 2439 4869 pacem
2468 4804 2771 4854 reformavit.
3374 4829 3382 4837 -
3475 4802 3577 4853 999

2035 4874 2154 4921 Car.
2178 4868 2283 4921 XII;
2306 4897 2370 4907 —
2388 4870 2636 4932 Quomodo
2656 4870 2703 4918 in
2726 4882 2890 4920 mensa
2915 4870 2965 4919 et
2988 4868 3037 4918 in
3059 4868 3345 4919 victualibus
3364 4880 3417 4918 se
3437 4870 3574 4931 Hugo

1969 4938 2216 4997 habebat;
2245 4942 2293 4988 et
2334 4950 2477 4999 quam
2521 4940 2743 4999 potenter
2782 4938 2828 4986 in
2876 4936 3186 4986 exsecutione
3229 4947 3417 4995 eorum,
3464 4948 3572 4997 quae

1968 5006 2040 5053 sui
2069 5007 2214 5054 erant
2239 5005 2406 5063 ofﬁcii,
2433 5017 2485 5053 se
2511 5003 2713 5064 gerebat
2737 5024 2749 5065 ;
2778 5006 2829 5052 et
2852 5015 2997 5063 quam
3039 5002 3291 5051 humiliter
3316 5015 3373 5052 ac
3392 5002 3569 5053 devote

1967 5072 2095 5121 circa
2140 5084 2317 5135 pueros
2361 5068 2717 5120 conﬁrmandos
2756 5073 2806 5119 et
2850 5070 2973 5118 alios
3017 5069 3303 5119 inﬁrmitate
3342 5069 3569 5120 detentos

1967 5138 2184 5188 astabat.
3441 5137 3562 5186 1001

2032 5206 2151 5255 Car.
2179 5205 2311 5254 XIII.
2339 5231 2393 5241 —
2423 5204 2639 5265 Qualiter
2661 5216 2717 5253 ex
2742 5203 2995 5253 dulcedine
3038 5202 3309 5254 affectionis
3353 5201 3570 5253 infantu-

1965 5272 2025 5322 lis
2048 5272 2382 5333 adjocabatur,
2410 5273 2490 5335 qui
2516 5272 2621 5321 vice
2657 5283 2795 5321 versa
2832 5271 2990 5322 eidem
3035 5270 3323 5321 mirabiliter
3363 5270 3569 5332 applau-

1963 5339 2162 5390 debant.
3431 5337 3566 5386 1003

2030 5407 2259 5467 Prologus
2283 5405 2394 5456 libri
2420 5405 2599 5468 quarti.
3440 5404 3570 5453 1005

2028 5474 2183 5524 LIBER
2208 5486 2449 5530 QUARTUS.
3438 5470 3569 5521 1005

2028 5542 2146 5591 Car.
2177 5542 2214 5591 I.
2244 5566 2308 5578 —
2334 5541 2403 5591 De
2427 5539 2621 5591 Martini
2648 5539 2800 5591 nostri
2842 5538 3058 5603 Hugonis
3100 5537 3344 5592 scriniarii
3374 5538 3564 5589 tensio-
