3960 6062
386 183 517 238 11³71

386 324 469 377 ne,
496 311 557 363 ad
582 310 869 375 religionem
910 312 1249 377 conversione,
1277 315 1328 365 et
1364 313 1664 379 profectione
1705 315 1757 365 in
1779 313 1985 431 βαιῇ)Ἧέ

454 446 573 495 Car.
601 447 663 497 II.
692 472 756 484 —
781 449 851 498 De
873 448 1036 497 osculo
1067 447 1362 509 leprosorum
1391 451 1439 498 et
1466 448 1720 511 multiplici
1763 448 1985 498 consula.

387 512 537 574 tione,
582 514 746 563 verbis
782 515 935 564 nostri
973 516 1205 576 Hugonis,
1232 515 1290 564 de
1345 515 1598 565 dulcedine
1640 514 1931 574 Salvatoris,
1957 526 1984 563 e

387 579 707 641 eleemosynze
747 581 1020 642 largissime
1063 581 1419 631 distributione.
1448 608 1513 618 —
1534 584 1594 632 Et
1621 584 1711 631 hoc
1750 585 1825 631 est
1850 581 1985 642 capi-

388 646 539 696 tulum
566 646 614 696 in
635 648 763 697 serie
790 660 976 709 magna:
1002 648 1121 696 Vita'
1146 648 1271 697 libro
1290 652 1481 710 quarto.
1858 647 1982 697 1007

454 713 571 762 Car.
602 713 685 762 III.
713 739 776 749 ——
803 716 952 774 Quam
980 718 1265 763 constanter
1307 715 1565 764 rebellibus
1591 728 1643 763 se
1669 713 1905 776 Opposuit,
1935 717 1985 763 et

387 777 436 827 in
460 780 612 829 Deum
650 780 1001 830 contumaciter
1038 781 1370 842 delinquentes
1412 781 1740 831 ccelesiastica
1782 793 1985 831 censura

387 845 599 907 punivit.
1862 847 1986 896 1008

452 913 570 961 Car.
600 912 680 962 IV.
706 939 771 948 —
796 915 863 963 De
887 916 1055 976 partus
1080 914 1141 964 ab
1178 927 1328 965 uxore
1370 913 1620 978 cujusdam
1666 913 1833 964 militis
1874 927 1987 976 sup-

384 977 637 1039 positione,
668 983 717 1030 et
751 992 916 1030 eorum
956 982 1206 1042 punitione
1245 984 1325 1043 qui
1368 986 1501 1031 tanto
1539 981 1741 1030 facinori
1784 992 1987 1029 consen-

385 1049 572 1104 serunt,
621 1045 680 1095 de
725 1047 922 1096 nomine
968 1048 1228 1108 forestarii,
1286 1052 1335 1098 et
1380 1048 1440 1098 de
1487 1048 1669 1098 crudeli
1734 1046 1984 1108 cujusdam

382 1112 598 1173 episcopi
626 1112 1014 1163 maledictionem
1041 1116 1296 1165 retinentis
1319 1115 1678 1165 interfectione.
1856 1114 1985 1163 1009

452 1179 570 1227 Car.
598 1179 655 1227 V.
679 1205 741 1216 —
769 1182 837 1230 De
860 1181 1067 1243 quodam
1105 1182 1327 1243 diacono,
1356 1182 1435 1243 qui
1481 1182 1683 1231 militem
1726 1180 1985 1241 quemdam

382 1256 527 1307 super
551 1245 737 1295 crimen
773 1248 920 1307 regiae
962 1248 1253 1309 proditionis
1290 1249 1475 1297 acriter
1515 1247 1798 1309 impetebat.
1834 1272 1898 1281 —
1924 1249 1987 1297 Et

386 1312 478 1361 hoc
502 1312 761 1375 capitulum
796 1314 1031 1364 inseritur
1056 1327 1245 1377 magum
1289 1315 1409 1364 Vitae
1434 1327 1541 1376 cap.
1565 1315 1617 1374 6,
1643 1314 1730 1363 lib.
1759 1327 1826 1362 IV.
1856 1314 1985 1363 1014

450 1379 569 1428 Car.
612 1379 693 1428 VI.
728 1381 886 1430 —De
952 1382 1313 1431 adolescentula
1366 1381 1582 1440 Oxonize,
1640 1392 1764 1441 quia,
1822 1380 1986 1442 priore

387 1456 564 1505 sponso
604 1448 903 1510 contempto,
928 1447 987 1495 de
1025 1448 1156 1497 facto
1180 1449 1319 1497 alteri
1363 1446 1622 1509 conjugata
1650 1449 1700 1496 et
1721 1459 1867 1508 super
1892 1448 1985 1496 hoc

387 1512 628 1572 convicta,
655 1525 825 1575 parere
868 1515 1161 1575 contempsit
1202 1515 1341 1563 beato
1385 1515 1590 1574 Ilugoni.
1625 1539 1688 1549 —
1715 1515 1775 1563 Et
1796 1516 1869 1562 est
1894 1515 1985 1562 hoc

386 1577 609 1629 similiter
635 1580 893 1640 capitulum
922 1580 970 1628 in
998 1593 1171 1643 magna
1194 1582 1302 1630 Vita
1326 1582 1414 1630 sub
1440 1580 1650 1642 capitulo
1668 1584 1824 1629 sexto.
1858 1580 1986 1629 1015

455 1645 575 1695 Car.
601 1646 705 1695 Vll.
733 1671 798 1682 -—
818 1648 886 1696 De
913 1647 1086 1698 clerico
1121 1648 1440 1697 Eboracensis
1462 1648 1703 1708 diaeresis,
1731 1646 1811 1707 qui
1843 1659 1987 1709 super

388 1711 591 1760 ecclesia
628 1713 935 1773 dimittenda,
960 1714 1021 1764 de
1064 1728 1155 1777 qua
1200 1718 1367 1764 contra
1410 1727 1519 1763 eum
1556 1729 1583 1764 a
1610 1714 1752 1763 beato
1790 1714 1986 1774 Hugone

388 1778 673 1844 auctoritate
718 1779 936 1842 delegata
985 1781 1228 1830 ferebatur
1273 1781 1536 1840 sententia,
1598 1793 1768 1844 parere
1834 1779 1987 1829 noluit

388 1843 618 1904 judicatis
636 1872 701 1882 —
718 1847 779 1895 Et
805 1851 879 1896 est
900 1846 1057 1898 adhuc
1082 1848 1341 1911 capitulum
1365 1849 1455 1898 hoc
1472 1848 1563 1897 sub
1588 1843 1757 1897 eodem
1779 1847 1987 1909 capitulo

390 1914 528 1962 sexto
554 1912 603 1961 in
625 1926 801 1974 magna
822 1914 952 1964 Vita.
1861 1914 1989 1963 1016

455 1978 574 2027 CAP.
617 1980 742 2029 Vlll.
770 2006 833 2016 —
855 1980 1072 2042 Qualiter
1114 1995 1141 2032 a
1184 1994 1297 2044 rege
1334 1980 1575 2032 Richardo
1608 1979 1818 2031 redemit
1854 1979 1987 2042 pallii

391 2044 703 2107 servitutem,
732 2050 780 2097 et
804 2060 948 2110 quam
975 2048 1245 2098 liberaliter
1287 2048 1551 2099 contribuit
1585 2048 1744 2097 clerus
1767 2047 1991 2096 diceeesis

390 2123 487 2161 suae
516 2113 577 2162 ad
602 2114 733 2163 illam
772 2115 1172 2175 redemptionem,
1203 2120 1251 2165 et
1275 2117 1400 2177 quod
1437 2116 1582 2165 etiam
1623 2127 1814 2176 poenam
1842 2126 1990 2175 pecu-

388 2176 593 2228 niariam
632 2181 781 2241 recipi
828 2182 1075 2242 prohibuit
1110 2195 1199 2243 pro
1235 2176 1443 2233 delictis.
1473 2208 1535 2217 —
1560 2183 1622 2232 Et
1643 2183 1732 2231 hoc
1758 2184 1834 2231 cst
1854 2180 1991 2242 cipi-

389 2244 543 2294 tulum
570 2246 619 2295 in
647 2260 821 2307 magna
846 2249 953 2297 Vita
979 2249 1068 2297 sub
1094 2261 1199 2311 cap.
1231 2250 1282 2298 7.
1863 2249 1990 2296 1017

454 2312 573 2361 Car.
602 2314 685 2363 IX.
711 2339 775 2351 --
804 2314 1024 2375 Qualiter
1073 2314 1152 2375 jus
1178 2315 1443 2365 advocatia:
1486 2313 1696 2364 abbatire
1722 2313 1781 2362 de
1807 2315 1995 2375 Eynes-

388 2377 520 2427 haim
546 2384 715 2430 contra
739 2394 906 2440 regem
932 2381 1226 2433 Ricliardum
1253 2382 1370 2432 illud
1406 2382 1497 2431 sibi
1529 2381 1874 2439 vindicantem,
1904 2393 1991 2440 per

390 2444 751 2505 inquisitionem
787 2448 1052 2498 solemnem
1090 2449 1305 2499 cvicerit.
1334 2474 1396 2484 -—
1424 2450 1483 2499 Et
1505 2454 1578 2497 est
1611 2450 1703 2497 hoc
1730 2447 1988 2511 capitulum

390 2512 438 2561 in
467 2524 644 2575 magna
669 2514 776 2563 Vita
802 2528 911 2577 cap.
940 2516 987 2561 8.
1865 2513 1991 2562 1020

456 2581 574 2628 Car.
604 2582 664 2630 X.
691 2606 756 2617 —
780 2581 913 2642 Quod
938 2594 1078 2631 annis
1112 2581 1317 2644 singulis
1360 2580 1459 2629 fere
1496 2579 1799 2629 Witbamian
1842 2580 1992 2629 decli-

389 2647 600 2709 naverit,
617 2648 697 2697 ubi
722 2653 977 2698 cornutam
1003 2649 1177 2698 faciem
1201 2660 1371 2711 gerere
1396 2647 1669 2696 videbatur.
1698 2648 1760 2695 Et
1784 2647 1992 2706 qualiter

391 2712 705 2763 saecularibus
736 2714 911 2764 ibidem
950 2714 1257 2777 praedicando
1299 2715 1357 2764 de
1394 2714 1551 2762 tribus
1586 2712 1867 2773 specialiter
1909 2726 1992 2763 eos

388 2778 633 2829 instruere
659 2780 924 2840 nitebatur,
966 2781 1155 2831 scilicet
1192 2782 1251 2830 de
1296 2780 1459 2829 cordis
1501 2780 1758 2839 charitate,
1783 2780 1990 2829 veritate

390 2844 491 2893 oris
523 2849 572 2894 et
593 2846 809 2909 corporis
834 2846 1078 2909 castitate,
1108 2851 1155 2897 et
1179 2859 1322 2909 quam
1364 2846 1533 2895 stricte
1570 2857 1765 2895 servare
1789 2846 1915 2905 apud
1939 2859 1991 2895 se

391 2911 635 2963 nitebatur
672 2914 946 2963 veritatem.
973 2940 1037 2951 —
1075 2916 1136 2964 Et
1179 2915 1273 2963 hoc
1310 2912 1570 2975 capitulum
1614 2916 1687 2962 est
1728 2913 1775 2961 in
1815 2925 1989 2973 magna

1860 2980 1991 3029 1022

456 3045 575 3094 Car.
600 3048 686 3097 XI.
714 3048 930 3109 Qualiter
954 3048 1271 3097 Witbamiam
1297 3046 1499 3103 veniens
1535 3046 1741 3095 nitorem
1765 3045 1993 3096 habuerit

392 3110 658 3173 insolitum,
686 3116 845 3164 colore
892 3115 1159 3165 rubicundo
1195 3114 1522 3174 superfusum,
1562 3112 1620 3161 ad
1665 3113 1872 3174 primum
1901 3113 1991 3162 loci

391 3183 703 3241 conspectum
727 3181 959 3231 ineffabili
984 3183 1189 3244 quadam
1217 3180 1481 3243 spiritualis
1508 3178 1666 3240 gaudii
1690 3178 1992 3238 jucunditate

386 3247 601 3297 sentiens
627 3260 679 3296 se
722 3249 946 3310 perfundi
972 3268 984 3309 ;
1014 3252 1062 3298 et
1085 3248 1239 3310 qualis
1283 3250 1390 3296 erat
1424 3246 1829 3301 conversationis,
1877 3246 1991 3296 dum

392 3313 677 3364 morabatur
702 3314 882 3365 ibidem
915 3341 964 3351 —
996 3317 1057 3366 Et
1079 3319 1154 3365 est
1178 3316 1270 3363 hoc
1302 3312 1563 3374 capitulum
1607 3313 1654 3361 in
1684 3325 1857 3375 magna
1885 3313 1991 3363 Vita

392 3384 537 3438 caput
562 3381 823 3431 decimum.
1865 3379 1993 3429 1024

460 3447 580 3496 ΟΜ».
608 3448 711 3497 Xll.
744 3474 809 3485 —
833 3449 1052 3510 Qualiter
1072 3450 1253 3499 fratrer
1291 3446 1513 3509 Eynardo
1539 3446 1586 3494 in
1612 3445 1891 3507 arreptione
1915 3446 1994 3495 iti-

390 3514 519 3565 neris
558 3514 837 3574 constituto,
879 3519 933 3565 ut
974 3516 1293 3565 Witbamiam
1340 3514 1638 3574 relinquens,
1683 3513 1992 3563 Carthusiam

390 3584 650 3642 remearet,
699 3583 924 3632 reductus
967 3588 1041 3632 est
1080 3596 1107 3632 a
1151 3583 1291 3631 beato
1332 3581 1546 3641 Hugone,
1576 3580 1696 3629 inito
1740 3579 1867 3627 inter
1912 3592 1993 3629 eos

390 3648 603 3698 vicissim
631 3648 829 3709 foedere,
855 3650 980 3711 quod
1002 3662 1091 3699 nec
1133 3650 1210 3699 ille
1234 3646 1575 3706 Witbamiam,
1618 3658 1707 3694 nec
1746 3646 1836 3693 iste
1879 3646 1994 3694 Lin-

389 3715 596 3765 colniam
622 3716 871 3765 desereret
898 3716 947 3766 in
974 3717 1207 3766 futurum.
1867 3713 1995 3762 10Ξῦ

455 3783 574 3833 CAP.
602 3782 731 3831 XIII.
759 3808 823 3819 —
849 3784 915 3832 De
940 3788 1139 3845 peracto
1182 3779 1377 3831 innoxie
1416 3780 1633 3841 coquinm
1674 3778 1894 3829 inccndio
1944 3781 1992 3828 in

389 3849 545 3900 nostri
574 3850 788 3911 Hugonis
815 3850 945 3898 finali
971 3850 1031 3899 de
1054 3848 1323 3900 Witbamia
1348 3859 1562 3898 recessu.
1866 3845 1993 3895 1026

458 3916 693 3976 Prologus
716 3917 824 3965 libri
850 3917 1022 3978 quinti.
1864 3912 1990 3962 1027

458 3984 615 4032 LIBER
639 3996 869 4038 QUINTUS.
1864 3979 1992 4028 1020

459 4051 578 4099 CAP.
607 4049 644 4098 l.
675 4075 739 4086 —
764 4050 832 4099 De
850 4048 1181 4098 immensitate
1223 4048 1399 4098 divina:
1424 4047 1485 4097 ad
1512 4046 1729 4096 homines
1772 4044 1994 4095 dilectio-

392 4116 469 4166 nis
492 4128 598 4178 qua:
619 4116 670 4164 in
693 4116 953 4179 sepulturae
998 4116 1223 4165 humanae
1268 4114 1430 4164 ofﬁcio
1474 4113 1753 4163 notabiliter
1780 4111 1994 4179 demon-

387 4177 590 4245 stratur,
618 4185 668 4232 et
692 4177 760 4233 de
775 4184 927 4234 nostri
952 4182 1167 4245 Hugonis
1189 4182 1319 4232 circa
1347 4181 1487 4243 hujus
1507 4179 1712 4230 cilicium
1738 4177 1994 4229 affectione

396 4250 652 4300 immensa.
1869 4246 1885 4294 1
1898 4245 1994 4296 029

459 4320 576 4368 Car.
606 4318 667 4365 ll.
697 4341 751 4351 —
785 4316 851 4365 De
872 4314 1124 4375 cujusdam
1164 4316 1391 4377 pauperis
1437 4315 1685 4376 sepultura
1725 4313 1773 4361 in
1818 4313 1998 4363 North-

389 4384 606 4444 mannia,
632 4386 682 4433 et
706 4381 969 4445 plurimum
997 4381 1045 4431 in
1068 4381 1341 4444 Lincolnia,
1371 4386 1419 4432 et
1445 4381 1630 4445 praelati
1667 4380 1917 4441 cujusdam
1946 4381 1995 4430 in

395 4450 760 4501 Bermnndesia.
1870 4449 1990 4497 1051

457 4519 576 4568 CAP.
629 4517 711 4565 Ill.
750 4540 814 4550 —
844 4516 913 4564 De
949 4515 1258 4565 contentione
1297 4516 1425 4565 inter
1460 4516 1635 4576 ipsum,
1674 4517 1723 4563 et
1767 4514 1995 4564 comitem

391 4584 685 4646 Leycestria:
718 4594 867 4644 super
901 4594 1032 4645 pago
1073 4583 1282 4644 quodam
1326 4582 1619 4642 Leycestrizc
1660 4581 1905 4643 contiguo.
1932 4606 1997 4617 —

395 4652 457 4701 Et
476 4654 549 4700 est
577 4653 667 4700 hoc
693 4650 740 4699 in
769 4661 945 4711 magna
970 4650 1078 4698 Vita
1102 4650 1191 4698 sub
1218 4650 1427 4711 capitulo
1451 4646 1683 4697 secundo.
1871 4649 1998 4697 1054

460 4719 578 4767 Car.
608 4719 688 4768 IV.
716 4741 778 4752 —
808 4717 876 4765 De
914 4716 1211 4766 revelatione
1255 4717 1430 4765 clerico
1464 4715 1728 4776 insinuata,
1756 4715 1835 4775 qui
1871 4716 1998 4764 inter

396 4796 569 4834 manus
596 4783 801 4848 episcopi
841 4783 1128 4833 celebrantis
1155 4783 1359 4832 formam
1385 4782 1505 4832 vidit
1546 4782 1682 4843 pueri
1704 4781 1793 4848 sub
1838 4782 1997 4831 hostia

392 4847 696 4901 salutariJ—
733 4851 797 4900 Et
819 4853 893 4900 est
917 4850 1115 4900 tertium
1140 4850 1401 4911 capitulum
1430 4850 1479 4897 in
1505 4860 1680 4909 magna
1706 4847 1837 4896 Vita.
1871 4849 2000 4897 1055

457 4918 575 4967 CAP.
606 4918 663 4967 V.
702 4943 766 4954 —
792 4918 859 4966 De
881 4916 1119 4979 stupende
1164 4915 1303 4965 valde
1347 4916 1582 4965 miraculo
1623 4913 1747 4975 quod
1774 4916 1821 4963 in
1848 4916 2000 4964 Fran-

391 4985 465 5033 cia
489 4985 549 5034 de
577 4997 779 5047 corpore
805 4984 986 5032 Christi
1037 4983 1307 5044 contigerat
1332 4982 1459 5031 inter
1498 4994 1668 5031 manus
1715 4980 1896 5041 indigni
1921 4995 2002 5031 sa-

398 5051 628 5113 cerdotis,
655 5054 703 5100 et
727 5050 788 5099 de
830 5050 1077 5100 sententia
1124 5048 1332 5098 mirabili
1377 5048 1528 5098 nostri
1573 5047 1788 5109 Ilugonis
1830 5048 1889 5097 ad
1933 5050 2003 5097 vi-

393 5118 597 5168 sendum
646 5116 763 5167 illud
816 5117 1098 5166 miraculum
1139 5115 1349 5165 invitati.
1397 5140 1461 5151 —
1498 5117 1560 5165 Et
1624 5118 1700 5165 est
1738 5115 2002 5177 capitulum

397 5189 623 5248 quartum
650 5185 695 5233 in
724 5196 899 5245 magna
929 5185 1056 5233 Vita.
1877 5183 2002 5232 1059

465 5253 590 5302 CAP.
630 5252 713 5300 VI.
736 5275 800 5286 -
828 5251 1043 5311 Qualiter
1081 5251 1216 5309 Ηυςο
1256 5252 1421 5299 noster
1458 5260 1595 5298 suum
1633 5250 1867 5312 corripuit
1902 5262 2005 5299 me.-

395 5320 761 5379 tropolitanum,
784 5320 832 5367 et
851 5330 995 5378 quam
1022 5316 1257 5366 sollicitus
1291 5319 1400 5365 erat
1432 5317 1491 5366 de
1534 5317 1749 5365 moribus
1791 5317 2004 5373 subdite-

400 5399 527 5435 rum.
554 5412 618 5423 —
642 5387 705 5436 Et
746 5388 826 5434 est
862 5386 954 5434 hoc
999 5383 1259 5447 capitulum
1301 5384 1523 5445 quintum
1560 5382 1609 5431 in
1646 5385 1773 5433 serie
1816 5396 2003 5442 magna:

396 5453 537 5502 Vitae.
1876 5450 2003 5499 1042

468 5521 587 5571 Car.
615 5518 719 5570 VII.
746 5545 809 5557 —
831 5517 1051 5580 Qualiter
1071 5516 1118 5568 in
1145 5516 1348 5569 concilio
1383 5518 1646 5570 Oxoniensi
1672 5517 1896 5580 petitioni
1923 5530 2005 5567 re-

386 2977 497 3027 Vita
521 2980 611 3028 sub
635 2981 795 3042 capite
823 2981 873 3030 9.

1129 183 1324 241 ORDO
1363 184 1609 241 RERUM
1647 184 1807 255 QUzE
1843 184 1918 242 IN
1952 181 2096 243 HOC
2133 184 2329 245 TOMO
2367 188 2896 249 CONTINENTUB.

3546 200 3719 255 H73

2085 314 2215 365 sistit
2237 316 2297 368 de
2340 317 2516 368 auxilio
2540 318 2689 380 petito
2713 332 2741 369 a
2765 330 2878 381 rege
2917 319 3179 381 Richardo,
3205 334 3232 371 a
3254 333 3347 383 quo
3383 324 3548 373 tamen
3595 324 3711 374 fuit

2087 386 2338 444 susceptus
2377 384 2641 435 honorifice
2684 390 2789 448 post
2830 386 3084 436 offensam.
3112 413 3175 423 —
3202 389 3263 438 Et
3294 390 3568 440 continetur
3598 392 3714 440 hoc

2087 450 2347 510 capitulum
2376 452 2463 500 sub
2489 452 2648 513 capite
2674 453 2840 512 quinto
2866 453 2914 502 in
2939 455 3067 503 serio
3093 466 3277 515 magna:
3306 456 3445 505 Vitae.
3558 458 3711 506 1045

2153 516 2270 564 Car.
2314 518 2439 566 Vlll.
2484 543 2545 554 —
2584 518 2799 578 Qualiter
2840 520 3011 570 sedata
3050 534 3178 581 regis
3238 521 3422 571 offensa
3463 523 3712 572 eumdem

2089 583 2337 643 corripuit,
2366 591 2415 633 et
2439 584 2499 633 ab
2531 585 2696 633 eodem
2725 587 2997 639 honoratus
3034 588 3234 637 recessit
3259 601 3272 646 ;
3300 590 3377 637 cui
3405 589 3555 639 etiam
3584 594 3714 651 post

2089 660 2334 698 recessum
2360 664 2445 700 rex
2481 651 2841 713 contingentem
2894 653 2986 702 sibi
3024 653 3083 703 de
3121 654 3392 716 hospitibus
3432 655 3708 705 victoriam

2087 716 2346 766 nuntiavit.
3562 723 3713 772 1047

2154 782 2270 831 Car.
2303 784 2387 851 IX.
2418 785 2655 845 —Quam
2682 788 2962 835 constanter
2998 799 3051 835 se
3089 786 3149 836 ad
3194 788 3473 837 mandatum
3520 802 3711 851 regum

2088 850 2355 911 excusavit,
2378 863 2470 913 quo
2504 852 2593 901 sibi
2637 852 2914 911 mandatur,
2936 854 2989 901 ut
3034 854 3096 902 ad
3136 853 3295 914 ipsum
3330 856 3550 904 mitteret
3576 850 3715 905 duo-

2086 915 2241 965 decim
2269 916 2329 965 de
2354 918 2572 979 personis
2608 931 2705 967 suae
2733 919 3085 968 Lincolniensis
3124 920 3355 970 Ecclesiae
3399 923 3478 981 qui
3520 922 3585 971 ad
3614 935 3713 971 sua

2089 982 2253 1032 forent
2304 984 2473 1034 nuntia
2525 984 2823 1046 expedienda
2873 986 3107 1048 aptiores,
3157 991 3324 1036 contra
3383 992 3712 1037 exsccutores

2086 1050 2225 1098 datos
2252 1050 2311 1099 ad
2335 1051 2695 1102 confiscandum
2725 1052 2885 1101 omnia
2913 1052 3036 1101 bona
3055 1064 3141 1102 sua
3179 1066 3435 1103 censuram
3458 1067 3714 1104 exercen-

2087 1115 2567 1229 (‘ifotecclesiasticam
2595 1144 2657 1154 —
2686 1121 2747 1170 Et
2772 1120 2863 1168 hoc
2904 1122 2981 1168 est
3006 1119 3155 1182 capit.
3186 1121 3236 1182 7,
3263 1118 3311 1169 in
3350 1120 3476 1170 serie
3504 1133 3711 1229 magna;

2135 1195 2145 1229 l
2171 1194 2232 1229 a3.

2135 1182 2232 1231 itce.
3563 1187 3710 1236 10:19

2154 1250 2273 1298 Car.
2315 1251 2377 1301 X.
2404 1275 2470 1286 —
2494 1251 2628 1312 Quod
2668 1250 3038 1314 archiepiscopo
3075 1252 3361 1315 consulenti,
3404 1255 3457 1301 ut
3480 1253 3711 1304 mitteret

2088 1317 2344 1376 pecuniam
2386 1319 2508 1377 regi,
2531 1318 2610 1377 qui
2637 1331 2743 1368 eam
2767 1318 2985 1378 sitiebat,
3012 1318 3138 1368 sicut
3180 1319 3472 1380 hydropicus
3498 1333 3707 1382 aquam,

2088 1383 2339 1444 respondit
2366 1398 2379 1434 :
2412 1404 2433 1424 α
2463 1385 2515 1434 Si
2536 1383 2830 1445 hydropicus
2854 1389 2950 1445 est,
2994 1396 3083 1445 ego
3106 1397 3231 1446 aqua
3256 1398 3349 1436 non
3376 1398 3480 1435 ero.
3510 1402 3529 1433 ι
3566 1391 3621 1435 et
3644 1388 3709 1437 de

2088 1450 2339 1499 curatione
2361 1451 2485 1512 apud
2509 1451 2811 1500 Gastrehant
2838 1450 3095 1501 furibundi.
3572 1454 3708 1504 1053

2152 1516 2377 1566 CAP.XI.
2403 1518 2701 1577 —Qualiter
2749 1517 3081 1568 mulierculam
3145 1519 3405 1580 quamdam
3450 1533 3481 1569 a
3522 1520 3708 1583 spiritu

2088 1583 2349 1696 p'vthonico
2383 1582 2626 1633 liberavit.
2653 1608 2719 1620 —
2753 1585 2815 1634 Et
2854 1588 2931 1635 est
2969 1586 3117 1647 capit.
3158 1589 3382 1635 octavum
3429 1586 3481 1635 in
3523 1598 3706 1696 magri:

2116 1662 2145 1696 ’l
2171 1662 2217 1696 a.
3641 1686 3653 1696 .

2115 1648 2217 1698 ’ita.
3572 1654 3709 1703 1035

2158 1717 2277 1767 CAP.
2302 1718 2408 1767 XII.
2427 1741 2490 1755 —
2511 1716 2728 1778 Qualiter
2746 1717 2999 1768 mulierem
3027 1719 3171 1768 aliam
3196 1719 3419 1769 liberavit
3434 1733 3461 1769 a
3478 1720 3709 1770 dwmone

2089 1782 2281 1832 incubo.
2310 1810 2374 1821 —
2400 1786 2462 1834 Et
2495 1784 2770 1834 continetur
2815 1786 2908 1834 hoc
2947 1786 3097 1847 capit.
3144 1786 3193 1835 in
3240 1798 3415 1847 magna
3457 1787 3568 1836 Vita
3613 1787 3706 1836 sub

2092 1850 2243 1910 capit.
2272 1855 2463 1901 octavo.
3569 1853 3706 1903 1056

2156 1918 2275 1967 Car.
2324 1917 2636 1968 XIlI.—De
2687 1918 2808 1967 furis
2854 1920 3120 1981 ereptione,
3168 1920 3247 1981 qui
3282 1918 3340 1970 ad
3384 1920 3707 1982 suspendium

2091 1982 2379 2047 ducebatur,
2404 1988 2452 2035 et
2488 1984 2697 2047 qualiter
2736 1984 2999 2035 baronibus
3040 1986 3246 2035 scacarii
3289 1988 3364 2035 est
3403 1987 3606 2035 locutus.
3640 1988 3705 2036 Et

2091 2052 2369 2101 continetur
2394 2054 2484 2101 hoc
2510 2052 2657 2112 capit.
2684 2052 2772 2100 sub
2793 2053 2953 2113 capite
2978 2065 3103 2102 nono
3128 2052 3176 2101 in
3202 2065 3376 2113 magna
3408 2053 3536 2103 Vita.
3568 2053 3706 2102 1058

2157 2118 2275 2166 Car.
2306 2119 2435 2167 XIV.
2466 2144 2527 2154 —
2550 2120 2617 2167 De
2655 2116 2836 2179 juvene
2870 2132 3014 2180 quem
3053 2118 3179 2182 apud
3214 2120 3383 2169 urbem
3426 2118 3705 2169 Boﬂ’ensem

2092 2183 2403 2245 desperatum
2434 2185 2643 2243 invenit,
2667 2184 2805 2245 cujus
2826 2186 3131 2247 postmodum
3175 2189 3468 2247 computruit
3487 2199 3599 2234 caro
3626 2199 3699 2235 se-

2093 2264 2176 2300 cus
2200 2255 2459 2314 utrumque
2507 2253 2683 2310 femur,
2713 2252 2793 2311 qui
2839 2264 2927 2313 per
2968 2256 3188 2302 nostrum
3212 2253 3463 2312 nugonem
3506 2257 3607 2302 tam
3652 2253 3704 2301 in

2094 2330 2312 2378 corpore,
2359 2330 2502 2379 quam
2542 2320 2590 2367 in
2630 2318 2791 2366 anima
2828 2320 2903 2368 est
2942 2322 3158 2369 curatus.
3196 2342 3265 2355 —
3298 2320 3361 2369 Et
3390 2319 3482 2368 hoc
3523 2324 3591 2368 est
3638 2331 3703 2367 ex

2094 2385 2242 2446 capit.
2266 2384 2295 2433 2
2319 2386 2365 2433 in
2394 2398 2564 2446 magna
2588 2385 2716 2445 Viti,
2744 2384 2868 2433 libro
2892 2399 2960 2434 Iv.
3567 2386 3693 2435 1061

2160 2454 2278 2500 Car.
2306 2452 2408 2500 XV.
2438 2478 2502 2488 —
2527 2451 2663 2513 Quod
2688 2452 2747 2500 ad
2775 2451 2938 2500 clerici
2976 2450 3332 2501 ordinationem
3372 2451 3421 2501 in
3446 2451 3699 2501 subdiaco—

2094 2530 2209 2567 num
2259 2518 2418 2567 induci
2461 2532 2556 2568 non
2593 2521 2799 2580 poterat.
2855 2518 2936 2578 qui
2975 2519 3162 2567 futurus
3204 2522 3310 2567 erat
3350 2520 3583 2579 leprosus.
3637 2518 3698 2567 Et

2094 2597 2235 2644 quam
2284 2586 2506 2635 violenta:
2547 2585 2728 2633 fiebant
2768 2584 2859 2632 sibi
2901 2586 3256 2646 persuasiones,
3282 2589 3334 2634 ut
3376 2586 3501 2645 regis
3543 2584 3695 2633 nostri

2094 2651 2219 2700 iram
2241 2652 2435 2701 sedaret
2478 2652 2680 2713 pecunia
2723 2650 2983 2711 mediante,
3007 2655 3054 2700 et
3077 2651 3284 2711 qualiter
3324 2650 3695 2714 superveniente

2093 2718 2153 2767 de
2176 2722 2331 2767 morte
2354 2719 2481 2779 regis
2508 2730 2703 2767 rumore
2728 2717 2770 2765 ei
2809 2717 2997 2766 suaderi
3041 2730 3136 2766 non
3185 2722 3395 2779 poterat,
3436 2718 3550 2779 quin
3589 2717 3698 2775 ejus

2093 2784 2393 2897 sepulturam
2421 2786 2594 2835 adiret.
2632 2810 2679 2819 —
2714 2785 2773 2832 Et
2796 2785 2889 2833 hoc
2915 2788 2989 2834 est
3013 2797 3121 2847 cap.
3152 2784 3212 2833 10
3248 2786 3298 2833 in
3340 2785 3467 2834 serie
3514 2795 3693 2897 maga:

2138 2863 2235 2897 ne.

2095 2850 2235 2899 Viue.
3564 2850 3689 2898 1065

2162 2916 2280 2967 CAP.
2311 2919 2435 2967 XVI.
2474 2944 2521 2954 —
2555 2916 2771 2978 Qualiter
2794 2918 3026 2977 Joannes,
3053 2929 3137 2965 rex
3164 2916 3372 2973 futurus,
3401 2920 3507 2977 post
3535 2917 3696 2976 sepul-

2095 2986 2256 3034 turam
2288 2985 2471 3046 fratris,
2501 2984 2625 3044 apud
2669 2984 2868 3033 Fontezn
2910 2983 3122 3032 Ebrandi
3159 2983 3364 3032 accessit
3390 2989 3439 3032 et
3461 2983 3617 3044 qualia
3642 2995 3695 3032 se

2095 3048 2334 3101 facturum
2365 3051 2653 3101 monialibus
2675 3063 2761 3112 per
2788 3053 3005 3099 nostrum
3035 3051 3282 3109 Ilugonem
3320 3049 3619 3111 promiserit,
3646 3054 3695 3097 et

2095 3117 2153 3166 de
2180 3118 2394 3178 pluribus
2435 3119 2585 3179 gestis
2630 3115 2849 3177 ejusdem
2897 3117 3112 3175 Joannis,
3157 3128 3297 3166 suam
3342 3115 3695 3165 insinuantibus

2094 3186 2487 3245 reprobationem
2517 3186 2748 3234 futuram.
3567 3182 3693 3231 1068

2162 3252 2281 3301 Car.
2312 3253 2458 3301 XVII.
2486 3277 2549 3287 —
2576 3249 2793 3311 Qualiter
2815 3251 2923 3312 post
2968 3253 3173 3299 mortem
3213 3248 3345 3309 regis
3366 3248 3598 3298 Richardi
3621 3261 3699 3297 re-

2096 3318 2350 3379 patriando
2399 3318 2610 3369 hostium
2654 3316 2862 3365 evaserit
2905 3315 3177 3376 violentias,
3220 3320 3270 3365 et
3311 3329 3337 3364 a
3372 3315 3461 3364 sibi
3527 3327 3693 3364 occur-

2097 3385 2315 3434 rentibus
2340 3398 2449 3435 cum
2476 3384 2647 3447 gaudio
2690 3384 2756 3432 sit
2793 3386 3064 3443 susceptus.
3091 3408 3156 3418 —
3179 3384 3241 3433 Et
3281 3383 3375 3431 hoc
3399 3384 3472 3431 est
3497 3395 3602 3444 cap.
3632 3382 3693 3430 13

2098 3450 2145 3500 in
2174 3464 2348 3513 magna
2373 3453 2502 3501 Vita.
3568 3448 3695 3498 1072

2169 3518 2287 3567 CAP.
2314 3519 2486 3567 XVIII.
2513 3544 2572 3553 —
2602 3516 2815 3577 Qualiter
2854 3516 3039 3566 habens
3064 3517 3112 3566 in
3139 3516 3275 3565 votis
3290 3515 3592 3565 Carthusiam
3620 3514 3691 3563 vi-

2096 3584 2266 3643 sitare,
2295 3585 2499 3635 cedendi
2524 3584 2726 3646 petitam
2771 3583 3016 3635 licentiam
3058 3596 3151 3633 non
3199 3583 3425 3643 obtinuit,
3468 3588 3516 3631 et
3553 3594 3691 3641 quam

2096 3655 2292 3701 strenue
2318 3664 2370 3701 sc
2390 3651 2595 3714 gesserit
2629 3651 2677 3699 in
2703 3651 2861 3699 causis
2903 3651 2993 3699 sibi
3032 3650 3287 3712 delegatis,
3334 3654 3382 3699 et
3424 3648 3697 3709 specialiter

2096 3723 2265 3768 contra
2291 3720 2550 3780 quemdam
2592 3716 2851 3766 Jordanum
2879 3717 2938 3765 de
2961 3718 3124 3775 Turri,
3152 3722 3203 3766 et
3226 3729 3370 3777 quam
3409 3728 3555 3777 grave.
3596 3715 3699 3764 fue-

2097 3785 2161 3833 rit
2207 3785 2297 3834 sibi
2318 3798 2369 3834 se
2398 3786 2456 3835 de
2494 3783 2700 3845 negotiis
2740 3783 3051 3833 saecularibus
3094 3784 3416 3845 personaliter
3460 3782 3698 3831 intromit-

2098 3854 2222 3913 tere,
2252 3865 2357 3914 quae
2383 3852 2491 3902 aliis
2517 3849 2806 3914 imponenda
2850 3852 3059 3913 censuit,
3100 3850 3322 3900 ﬁdelibus
3358 3852 3409 3898 et
3449 3848 3693 3963 diSCl‘IthS‘:

3638 3930 3693 3963 ιο

3638 3930 3695 3963 li)

2160 3988 2278 4034 Car.
2306 3986 2434 4035 XIX.
2465 4011 2515 4020 —
2547 3983 2765 4045 Qualiter
2800 3996 2921 4045 pace
2962 3984 3088 4034 inter
3115 3996 3253 4043 rcges
3288 3981 3507 4032 Franciae
3533 3986 3584 4031 et
3607 3983 3697 4030 Au-

2094 4052 2203 4111 glite
2247 4052 2534 4113 reformata,
2585 4050 2663 4100 cui
2709 4054 2757 4099 ct
2802 4054 2968 4100 noster
3004 4052 3140 4110 [iugo
3176 4052 3430 4105 intererat,
3458 4060 3485 4095 a
3512 4060 3622 4109 rege
3646 4050 3693 4095 et

2094 4118 2458 4180 archiepiscOpo
2506 4119 2706 4177 accepta
2747 4118 2940 4166 licentia
2966 4121 3017 4166 ut
3058 4117 3367 4167 Carthusiam
3412 4114 3687 4173 declinaret,

2093 4186 2307 4235 Parisios
2356 4184 2614 4244 veniendo,
2644 4184 2825 4233 ibidem
2874 4184 3117 4232 Ludovico
3159 4184 3289 4245 regis
3335 4182 3553 4231 Francia:
3582 4180 3687 4239 tilio,

2096 4257 2147 4301 et
2170 4253 2382 4302 Arthuro
2426 4252 2623 4301 Joannis
2663 4250 2825 4311 nepoti
2867 4250 3186 4299 saluberrima
3211 4254 3286 4298 est
3310 4249 3498 4297 locutus
3526 4261 3537 4296 :
3568 4250 3610 4296 et
3634 4245 3689 4294 de

2096 4319 2298 4379 quodam
2326 4319 2418 4367 sibi
2456 4321 2741 4369 occurrente
2770 4321 2821 4366 et
2856 4317 3208 4366 absolutionem
3233 4318 3454 4377 petente,
3483 4325 3619 4374 quem
3644 4314 3690 4361 in

2096 4385 2266 4446 Anglia
2293 4386 2803 4435 excommunicaverat
2830 4384 2981 4433 multo
3019 4388 3241 4443 tempore
3267 4385 3382 4431 tunc
3427 4380 3607 4441 elapso.
3632 4380 3691 4428 Et

2098 4452 2189 4501 hoc
2234 4455 2307 4501 est
2337 4453 2485 4512 capit.
2514 4454 2574 4501 15
2600 4453 2648 4501 in
2690 4450 2816 4500 serie
2864 4462 3051 4510 magna:
3093 4450 3235 4509 Vita},
3280 4448 3370 4498 sub
3416 4459 3508 4508 quo
3555 4446 3691 4512 etiam

2094 4519 2369 4568 continetur
2394 4509 2657 4580 capitulum
2680 4509 2978 4586 praecedens.
3251 4584 3256 4586 _
3448 4580 3461 4586 -
3516 4580 3542 4586 _
3570 4509 3685 4586 1077

2164 4587 2282 4635 Car.
2311 4586 2411 4634 XX.
2451 4611 2500 4620 —
2534 4586 2599 4634 De.
2637 4583 2844 4633 adventu
2871 4584 2997 4632 illius
3021 4586 3068 4633 et
3093 4584 3294 4644 receptu
3341 4580 3465 4642 apud
3508 4580 3693 4629 Gratia-

2099 4653 2329 4715 nopolim,
2357 4655 2407 4701 et
2431 4651 2757 4710 Carthusiam,
2800 4654 2848 4699 et
2883 4651 3091 4712 qualiter
3113 4662 3166 4697 se
3193 4648 3241 4697 in
3267 4648 3386 4697 locis
3425 4646 3521 4695 illis
3562 4656 3694 4715 geref

2098 4714 2200 4768 bat.
2229 4721 2297 4769 De
2328 4718 2459 4781 pacis
2484 4731 2573 4780 per
2598 4718 2755 4779 ipsum
2807 4718 3149 4766 reformatione
3177 4715 3308 4763 inter
3350 4715 3622 4774 episcopum
3646 4714 3692 4758 et

2100 4786 2729 4853 consulemCencvenses,_
2770 4786 2817 4832 et
2861 4781 3389 4853 qualitcraCarthusia
3426 4789 3693 4853 recessurus

2099 4853 2158 4903 de
2202 4852 2419 4914 reliquiis
2454 4851 2756 4903 ordinaverit
2781 4845 2882 4900 asc
2916 4854 2966 4901 et
3010 4862 3098 4900 suo
3148 4849 3391 4898 monacho
3430 4845 3692 4959 exquiiiégsd

2167 4983 2285 5034 Car.
2311 4985 2440 5035 XXI.
2474 5012 2523 5021 —
2556 4986 2711 5046 Quam
2752 4985 2960 5052 devotus
2995 4982 3257 5052 castiterat
3293 4981 3341 5029 in
3386 4979 3694 5052 reliquiarum

2101 5055 2381 5103 sanctorum
2417 5044 2693 5101 visitat‘ione
2719 5054 2769 5102 et
2793 5049 3142 5118 conquisitione
3190 5059 3375 5118 earnm,
3405 5050 3453 5095 et
3495 5044 3696 5118 qualiter

2100 5119 2160 5168 de
2186 5120 2255 5168 eis
2279 5120 2490 5168 ﬁnaliter
2508 5119 2767 5169 ordinavit.
2787 5142 2853 5155 -—
2878 5110 2940 5167 Et
2965 5116 3242 5165 continetur
3282 5114 3331 5162 in
3374 5123 3552 5173 magna
3594 5110 3694 5157 Vita

2103 5185 2191 5235 sub
2211 5200 2318 5249 cap.
2345 5188 2425 5245 11,
2453 5186 2579 5235 circa
2607 5186 2815 5236 medium
2842 5184 2969 5233 illius
2992 5181 3209 5251 capituli.
3238 5247 3264 5251 μ
3308 5245 3322 5251 _
3384 5246 3410 5251 _
3478 5245 3507 5251 __

2169 5245 2286 5302 CAP.
2316 5252 2466 5302 XXII.
2495 5278 2560 5288 —
2586 5255 2651 5303 De
2670 5252 2806 5311 locis,
2827 5263 2933 5311 qua:
2958 5247 3272 5312 pertransivit
3295 5245 3355 5295 de
3376 5245 3628 5294 Cartbusia
3650 5245 3695 5290 in

2104 5320 2323 5387 Angliam
2353 5321 2660 5387 revertendo,
2701 5322 2750 5368 et
2774 5316 2964 5387 deejus
2986 5314 3232 5387 gestisin
3260 5312 3549 5387 iisde.m,__et
3590 5321 3695 5371 qua-

2104 5378 2403 5491 :‘a'eqrit,
2437 5378 2694 5448 antequam
2721 5385 3021 5436 Londonium
3050 5382 3261 5442 veniret,
3286 5378 3703 5491 aegritudine$281:5

2104 5457 2352 5516 gravatus.
2986 5516 2991 5517 ν
3090 5516 3093 5517 ν
3168 5515 3175 5517 Α
3528 5457 3605 5517 ,ἦ

2171 5522 2290 5571 Car.
2316 5521 2487 5571 XXIII.
2518 5520 2815 5582 —-Qualiter
2862 5516 3127 5570 Londoniis
3166 5515 3216 5565 in
3261 5526 3347 5564 sua
3387 5513 3697 5575 aegrotatione
