3960 6062
282 186 417 239 1173

292 310 418 362 mala
447 311 630 373 Anglia;
654 313 856 361 ventura
898 309 1141 371 praedixit,
1178 320 1369 358 sacram
1416 309 1692 359 unctionem
1734 320 1890 357 susce-

289 380 381 441 pit,
410 378 725 427 suadentibus
750 379 792 427 ci
817 381 1161 426 testamentum
1187 386 1295 424 esse
1320 375 1593 425 faciendum
1617 374 1885 436 respondit,

291 449 339 493 et
383 445 554 503 zelum,
607 458 749 506 quem
795 456 992 504 semper
1037 442 1093 491 ad
1120 442 1334 490 divinum
1364 441 1578 491 ofﬁcium
1623 442 1884 501 habuerat,

290 522 386 559 non
410 511 594 560 dimisit
618 515 665 560 et
687 511 899 573 qualiter
923 509 980 557 ad
1008 520 1168 570 regem
1194 509 1427 557 Joannem
1464 510 1511 557 et
1558 508 1888 569 archiepisco—

291 588 405 638 pum
453 589 507 626 se
548 578 717 627 habuit
763 590 908 627 causa
932 574 1161 625 visitandi
1206 573 1553 623 accedentibus
1578 574 1637 623 ad
1663 573 1885 622 eumdem

355 710 474 759 CAP.
503 710 677 758 XXIV.
724 734 789 745 —
814 708 1033 769 Qualiter
1054 707 1287 770 magistro
1314 707 1509 756 fabricae
1536 706 1889 757 Lincolniensis

291 777 523 827 Ecclesire
550 777 608 825 de
632 775 848 825 facienda
891 775 1247 836 praeparatione
1271 776 1440 823 contra
1478 774 1704 836 generale
1732 773 1887 821 collo-

294 844 457 905 quium
505 842 682 891 ibidem
724 843 770 891 in
807 842 942 891 brevi
989 842 1201 890 futurum
1239 840 1467 900 iniunxit,
1515 845 1562 889 et
1599 839 1806 901 qualiter
1830 851 1888 888 ea

293 909 608 970 descripserit
650 920 754 969 qua:
813 908 941 957 circa
986 907 1202 967 ejusdem
1246 906 1497 967 exsequias
1524 910 1571 955 et
1590 905 1888 967 sepulturam

293 976 445 1025 voluit
467 975 735 1038 observari,
763 979 814 1023 et
837 974 1044 1036 qualiter
1068 986 1120 1023 se
1146 972 1317 1023 habuit
1335 973 1393 1022 ad
1418 973 1692 1022 suasionem
1718 971 1779 1021 de
1805 984 1889 1021 esu

297 1042 517 1092 carnium
546 1041 634 1090 sibi
662 1042 864 1091 factam.
1762 1038 1890 1088 1098

360 1109 478 1157 CAP.
512 1108 658 1157 XXV.
686 1132 751 1143 —
776 1106 991 1169 Qualiter
1038 1106 1099 1155 ab
1145 1105 1237 1155 hac
1279 1105 1378 1154 vita
1402 1104 1702 1155 discesserit.
1743 1130 1807 1140 —
1829 1106 1891 1154 Et

297 1174 606 1225 continentur
652 1175 743 1225 hoc
786 1173 1051 1236 capitulum
1091 1173 1140 1221 iu
1184 1184 1358 1233 magna
1378 1172 1487 1221 Vita
1509 1173 1597 1223 sub
1622 1171 1775 1233 capit.
1805 1173 1889 1221 16.

362 1309 483 1358 CAP.
505 1307 678 1357 XXVI.
705 1332 767 1344 —
792 1307 861 1356 De
886 1305 1071 1355 visione
1098 1304 1312 1354 cadentis
1328 1304 1537 1365 arboris,
1567 1318 1623 1354 ex
1651 1318 1744 1368 qua
1764 1317 1893 1355 sum-

294 1377 376 1437 pta
402 1378 477 1424 est
526 1375 606 1423 illa
636 1374 935 1436 antipbona:
983 1371 1141 1421 Arbor
1187 1371 1315 1420 cadit
1340 1372 1532 1433 mystici
1559 1372 1701 1422 index
1726 1384 1891 1421 sacra-

296 1436 468 1503 menti,
522 1444 616 1491 etc.
676 1442 737 1490 Et
778 1443 852 1490 est
885 1441 979 1489 hoc
1017 1438 1167 1500 capit.
1214 1436 1263 1486 in
1290 1450 1467 1498 magna
1488 1439 1617 1500 Vita,
1644 1452 1758 1501 cap.
1804 1439 1887 1487 18.

364 1573 482 1623 CAP.
510 1572 703 1622 XXVII.
740 1598 804 1608 —
823 1573 892 1622 De
918 1569 1133 1632 corporis
1156 1569 1376 1620 defuncti
1403 1571 1779 1633 praeparatione,
1807 1583 1892 1620 ex-

292 1641 594 1700 sequarium.
642 1643 697 1689 ut
754 1638 1100 1701 descripserat,
1148 1636 1493 1697 celebratione,
1521 1638 1737 1697 ejusdem
1764 1637 1891 1699 apud

297 1704 597 1756 Lincolniam
641 1706 902 1767 delatione,
950 1703 1290 1753 miraculorum
1332 1702 1381 1750 in
1410 1704 1582 1752 itinere
1607 1706 1894 1764 contingen-

297 1773 418 1822 tium
470 1772 772 1833 recitatione,
835 1775 885 1821 et
919 1771 980 1819 de
1003 1782 1209 1819 occursu
1246 1780 1414 1829 regum
1440 1776 1488 1819 et
1514 1770 1715 1820 aliarum
1737 1771 1891 1821 subli-

299 1839 447 1888 mium
474 1851 814 1902 personarum.
856 1839 918 1888 Et
938 1840 1011 1886 est
1033 1837 1083 1885 in
1104 1836 1230 1885 serie
1257 1847 1444 1897 magna:
1464 1836 1586 1886 Vita
1612 1840 1700 1888 sub
1741 1838 1890 1900 capit.

361 1973 480 2022 CAP.
508 1972 722 2021 XXVIII.
752 1972 820 2020 De
867 1968 1093 2032 Corporis
1135 1980 1227 2030 per
1251 1968 1505 2019 civitatem
1528 1968 1889 2032 deportatione,

297 2038 515 2100 ejusdem
569 2051 693 2087 nova
731 2037 1114 2100 praeparatione,
1155 2034 1495 2085 miraculorum
1547 2038 1891 2095 ostentatione,

299 2105 553 2155 oblationis
601 2104 954 2168 magnitudine,
982 2108 1031 2152 et
1064 2114 1296 2151 versuum
1321 2102 1697 2165 subscriptione,
1725 2104 1894 2154 Ponti-

296 2173 437 2223 ﬁcum
482 2171 699 2232 baculus,
749 2174 845 2221 etc.
887 2172 940 2219 In
963 2170 1087 2228 loco,
1116 2168 1218 2217 ubit
1244 2174 1557 2231 praeceperat,
1588 2170 1891 2231 Sepelitione.

296 2241 361 2290 Et
386 2241 662 2289 continetur
687 2240 780 2289 hoc.
798 2238 947 2299 capit.
975 2236 1025 2285 in
1050 2235 1178 2285 serie
1206 2246 1392 2297 magnae
1418 2236 1541 2285 Vitze
1578 2236 1668 2285 sub
1682 2237 1893 2299 capitulo

361 2372 655 2422 LITTERE
725 2366 1274 2423 CONSTITUTIONUM
1344 2368 1406 2417 IN
1473 2368 1894 2423 VISITATIONE.

362 2505 721 2559 DIPLOMATA
1762 2439 1895 2554 11

366 2574 405 2622 Ι.
433 2600 499 2611 -
521 2576 705 2625 Charta
754 2575 1043 2626 donatorum
1087 2575 1427 2627 concessiones
1452 2574 1667 2626 recitans
1690 2574 1738 2622 et
1775 2584 1895 2621 con-

301 2638 518 2690 ﬁrmans.
1766 2640 1785 2688 1
1804 2638 1895 2688 115

366 2708 427 2756 II.
466 2732 530 2743 —
564 2706 743 2758 Charta
776 2708 959 2758 domini
983 2709 1196 2770 Hugonis
1222 2709 1434 2771 episcopi
1482 2711 1533 2758 et
1557 2705 1751 2770 capituli
1776 2706 1898 2755 Lin-

299 2773 560 2825 colniensis
583 2774 641 2825 de
666 2774 848 2826 duabus
876 2776 1092 2840 partibus
1116 2775 1337 2827 ecclesia
1372 2777 1432 2827 de
1458 2774 1624 2827 Corbi.
1765 2772 1895 2823 1118

1058 181 1251 239 ORDO
1290 183 1533 240 RERUM
1572 180 1731 253 QU/E
1770 182 1843 239 IN
1881 180 2022 239 HOC
2060 180 2257 240 TOMO
2297 180 2820 240 CONTINENTUR.

3450 182 3586 237 11⁵74

2056 311 2139 360 III.
2169 335 2233 347 —
2269 309 2455 361 Charta
2498 311 2711 371 Hugonis
2746 308 3101 362 Lincolniensis
3134 308 3348 373 episcopi
3381 306 3587 358 donato-

1992 390 2099 426 rum
2147 378 2489 427 concessiones
2524 380 2819 429 monasterio
2854 378 2913 427 S.
2970 376 3183 426 Oswaldi
3227 376 3287 426 de
3336 374 3589 437 Bardeney

1986 444 2202 493 recitans
2228 448 2275 493 et
2299 445 2613 494 conﬁrmans.
3455 443 3587 489 1H8

2055 509 2133 558 IV.
2162 537 2225 546 —
2250 512 2434 561 Charta
2484 509 2866 560 confirmationis
2902 510 3150 560 donatium
3201 521 3288 571 per
3334 511 3585 571 Hugonem

1986 575 2385 626 Lincolniensem
2434 576 2712 640 episcopum
2759 589 2846 639 pro
2905 577 3111 626 ecclesia
3162 576 3329 627 Sancti
3383 575 3591 626 Andrea:

1990 643 2408 706 Northamptionm
2422 682 2434 693 .
3463 643 3480 689 1
3501 640 3592 690 120

2055 709 2113 757 ν.
2160 735 2225 746 -
2260 710 2573 761 Conﬁrmatio
2612 710 2825 772 IIugonis
2872 708 3085 772 episcopi
3124 707 3481 759 Lincolniensis
3527 708 3588 757 de

1990 776 2197 825 ecclesia
2222 776 2281 826 de
2307 777 2568 827 Waldene.
3456 774 3589 823 1122

2054 843 2135 891 Vl.
2170 869 2218 879 —
2250 843 2562 894 Conﬁrmatio
2588 845 2744 894 sancti
2770 844 2984 905 Hugonis
3002 841 3355 893 Lincolniensis
3376 840 3589 904 episcopi

1991 908 2306 959 ecclesiarum
2329 911 2388 961 de
2413 911 2733 973 Thorneberg
2756 916 2804 961 et
2838 911 3081 962 Dodei‘ord
3120 909 3373 959 monachis
3415 907 3595 958 Luffel-

1989 974 2153 1025 densis
2180 978 2482 1028 monasterii.
3462 974 3589 1024 1122

2058 1042 2162 1092 VII.
2190 1070 2251 1081 —
2279 1044 2457 1095 Charta
2501 1044 2715 1108 Hugonis
2748 1043 3105 1095 Lincolniensis
3148 1042 3360 1105 episcopi
3389 1041 3448 1091 de
3477 1052 3593 1090 con-

1992 1108 2266 1161 firmatione
2291 1111 2567 1161 donationis
2611 1111 2800 1162 Rodulﬁ
2839 1112 2899 1162 de
2945 1111 3033 1163 Abi
3072 1110 3133 1161 ad
3177 1110 3420 1159 abbatiam
3473 1120 3595 1157 con-

1989 1178 2269 1226 struendam
2306 1178 2431 1241 apud
2455 1178 2750 1228 Grenefeild.
3461 1172 3591 1224 1122

2108 1245 2395 1295 STATUTA
2443 1246 2719 1306 ANTIQUA
2765 1244 3013 1295 ORDINIS
3049 1241 3468 1296 CARTHUSIANI

2056 1310 2316 1361 Monitum.
3462 1307 3591 1357 1123

2060 1377 2097 1425 I.
2126 1403 2189 1414 —
2215 1380 2337 1429 Acta
2362 1377 2505 1439 primi
2530 1378 2729 1440 capituli
2753 1376 2937 1427 ordinis
2971 1374 3354 1426 Cartbusiensis.
3464 1373 3595 1424 1125

2059 1443 2120 1492 II.
2148 1469 2213 1481 —
2237 1446 2357 1494 Item
2379 1445 2589 1507 capitula
2613 1445 2813 1495 alterius
2838 1447 3125 1494 conventus.
3468 1440 3595 1507 1127

2059 1509 2143 1558 III.
2170 1536 2235 1548 -—
2272 1512 2377 1563 Alia
2401 1506 2605 1561 statuta.
3464 1506 3596 1558 1127

2169 1603 2232 1614 —
2258 1578 2469 1639 Antiqua
2491 1581 2675 1629 statuta
2715 1577 2899 1628 ordinis
2932 1574 3297 1628 Cartbusiensis
3340 1574 3402 1626 de
3443 1574 3597 1652 sacris

1992 1642 2187 1693 ritibus.
3464 1641 3596 1690 1129

2058 1710 2117 1759 V.
2146 1736 2209 1748 —
2237 1712 2428 1762 Statuta
2478 1711 2679 1775 capituli
2716 1710 2959 1773 generalis
3004 1709 3190 1760 ordinis
3236 1707 3599 1775 Carthusiensis

1993 1775 2121 1827 edita
2157 1789 2284 1827 anno
2312 1778 2435 1827 1261
3466 1774 3594 1825 1133

2060 1844 2143 1893 VI.
2167 1871 2233 1881 —
2256 1848 2450 1895 Statuta
2494 1843 2623 1896 edita
2649 1847 2701 1897 in
2724 1844 2934 1908 capitulo
2974 1842 3216 1907 generalis
3258 1841 3440 1893 ordinis
3465 1842 3596 1892 Car-

1993 1910 2260 1961 thusiensis
2284 1924 2413 1961 anno
2444 1911 2591 1961 1289.
3464 1909 3589 1958 1141

2060 1978 2167 2026 VII.
2194 2005 2259 2015 —
2285 1980 2478 2029 Statuta
2516 1979 2643 2029 edita
2665 1992 2791 2030 anno
2820 1978 2969 2030 1290.
3468 1975 3598 2025 1145

2060 2044 2255 2093 Vlll.—
2292 2047 2485 2096 Statuta
2510 2047 2624 2096 anni
2654 2047 2801 2096 19.91.
3468 2042 3599 2090 1145

2060 2111 2145 2160 IX.
2191 2138 2241 2148 —
2285 2114 2475 2163 Statuta
2511 2125 2636 2164 nova
2674 2112 2873 2175 capituli
2898 2109 3160 2175 generalis.
3468 2108 3599 2175 1143

2060 2177 2121 2226 X.
2162 2204 2227 2216 -—
2264 2180 2460 2231 Statuta
2503 2173 2793 2231 anni1332.
2905 2173 2918 2175 ⁷
3470 2173 3602 2223 1149

2062 2246 2319 2296 Aeneam.
3470 2242 3491 2289 1
3507 2240 3600 2290 149

1994 2408 2327 2461 MAGISTER
2367 2410 2759 2462 LAMBERTUS
2804 2402 3330 2459 CARTHUSIENSIS
3364 2401 3608 2456 DOMUS

2414 2510 2933 2573 SQUILLACENSIS
2973 2508 3183 2561 PRIOR

3467 2623 3600 2674 1149

3469 2691 3601 2741 1H9

3471 2759 3595 2808 1151

2063 2639 2363 2753 5313133181
2388 2700 2707 2751 LAMBERTI
2746 2696 3060 2749 STATUTA.

2064 2771 2217 2820 INDEX
2240 2769 2289 2820 in
2309 2781 2457 2832 opera
2479 2768 2578 2820 divi
2604 2766 2861 2818 Brunonis.

1080 3894 1262 3951 FINIS
1299 3891 1471 3950 TOMI
1510 3890 1888 3948 CENTESIMI
1928 3887 2499 3961 QUINQUAGESIMI
2538 3888 2792 3945 TERTII.

1300 5597 1635 5749 5593
1765 5609 2084 5717 cuo'

2370 5528 2441 5577 Ex
2477 5526 2606 5592 typis
2641 5525 2886 5576 DUPONT
2924 5528 2973 5574 et
3008 5526 3086 5589 ϐε,
3122 5525 3421 5590 Périgueux.
