4222 6442
187 550 194 560 1
290 460 343 525 Π
492 498 495 501 -
715 493 751 536 ,α
1478 434 1484 442 ’
1590 466 1854 530 PROLm

1845 467 2182 530 GOMENA.
3438 457 3512 535 18

2092 618 2591 632 ————-—

314 611 3505 651 Μ

361 1013 953 1271 TOY;
1025 783 3442 1236 ΚΑέῗῖῈόΥΖΗΝΟΥ

1118 1351 1870 1504 ΙΣΤΟΡΙΩΝ·
1912 1329 2438 1468 »ΒΙΒΛΙΑ
2529 1353 2681 1468 A’.

611 1743 716 1914 J
729 1731 1318 1917 OANN
1324 1739 1519 1919 IS
1676 1738 2100 1920 CAN
2111 1736 2528 1919 TAC
2555 1743 3114 1922 UZEN
3126 1747 3202 1918 Ι

934 2057 2046 2229 ΗΙΞΤΟΒΙᾼΒΠΜ
2140 2063 2566 2190 LIBRI
2681 2065 2898 2194 IV.

1486 2441 1850 2506 LECTORI
1893 2443 2291 2508 CANDIDO.

361 2560 688 2622 Secundus
724 2572 778 2652 _et
809 2564 1324 2644 quadragesimus
1355 2586 1556 2628 annus
1586 2570 1688 2630 hic
1717 2569 1952 2648 agitur,
1989 2577 2322 2648 postquam
2346 2570 2622 2632 Jacobus
2656 2569 2984 2632 Pontanus
3009 2569 3346 2632 Societatis
3376 2573 3527 2635 Jesu
3574 2639 3582 2648 ,

282 2665 586 2728 Joannem
615 2666 1118 2726 Canfacuzenum
1151 2666 1431 2729 Orientis
1465 2670 1906 2747 imperatorem
1947 2689 1976 2730 e
2013 2669 2284 2751 palliata
2317 2681 2595 2750 togatum
2623 2670 2775 2749 fecit
2810 2691 2830 2730 :
2863 2669 2936 2732 de
2971 2669 3212 2743 erco,
3249 2674 3524 2751 inquam,

283 2767 348 2825 in
380 2767 678 2828 Latinum
710 2769 1023 2846 eleganter
1047 2771 1355 2831 convertit
1384 2791 1404 2831 :
1438 2783 1711 2851 togaeque
1765 2775 1900 2853 ejus
1946 2784 2128 2834 notas
2154 2773 2561 2853 pereruditas
2594 2770 2790 2832 veluti
2825 2788 3184 2850 purpuram
3217 2773 3521 2839 intexuit.

283 2886 356 2926 ne
383 2869 626 2930 scilicet
655 2882 839 2932 terrce
867 2871 1123 2960 Graeciae
1150 2875 1445 2953 princeps
1473 2876 1540 2934 in
1569 2875 1891 2953 publicum
1917 2879 2052 2939 sine
2078 2895 2379 2956 purpura
2399 2875 2716 2954 prodiret.
2749 2876 2971 2952 Itaque
3005 2872 3188 2952 longe
3218 2875 3525 2950 optimum

283 2968 678 3044 historicum,
716 2979 772 3030 et
795 2971 1104 3033 veteribus
1138 2992 1348 3033 rerum
1378 2975 1801 3052 scriptoribus
1835 2977 1968 3036 sine
2000 2976 2187 3039 dubio
2219 2976 2732 3054 comparandum,
2767 2993 2890 3054 qua
2913 2974 3108 3048 docti,
3137 2992 3258 3054 qua
3282 2973 3529 3035 indocti

283 3069 568 3131 manibus
587 3070 928 3159 cenabant.
952 3073 1042 3134 Hi
1057 3082 1320 3152 propter
1347 3092 1555 3135 rerum
1583 3085 1899 3154 gestarum
1916 3078 2273 3137 memoriam
2295 3087 2617 3137 auctorem
2638 3073 2981 3136 laudabant
3031 3083 3092 3132 et
3124 3072 3482 3151 probabant
3507 3097 3526 3137 :

286 3170 386 3230 illi
424 3189 637 3231 rerum
677 3173 1041 3233 divinarum
1087 3185 1272 3254 atque
1313 3177 1726 3239 humanarum
1776 3180 2105 3240 scientiam
2145 3179 2214 3238 in
2251 3177 2545 3256 principe
2585 3175 3012 3254 suspiciebant
3049 3194 3070 3234 :
3102 3173 3345 3234 civilem
3383 3178 3531 3236 ani-

282 3293 471 3339 mum.
511 3273 908 3352 prudentiam
947 3275 1112 3338 domi
1161 3275 1544 3355 militiaeque,
1576 3275 2014 3356 fortitudinem
2047 3278 2115 3338 in
2140 3277 2328 3338 rebus
2376 3272 2712 3337 hostilibus
2749 3275 2994 3333 :animi
3035 3273 3531 3352 magnitudinem

283 3377 350 3432 in
387 3375 782 3454 perferendis
816 3377 1097 3455 injuriis,
1131 3394 1283 3456 quas
1324 3377 1676 3438 intulerant
1715 3380 2031 3440 modestiae
2074 3379 2298 3451 nescii,
2335 3387 2391 3438 et
2421 3375 2693 3456 pudoris
2739 3375 2954 3451 ignari
2993 3377 3293 3447 homines,
3344 3393 3533 3454 quos.

282 3499 402 3559 que
430 3499 507 3540 ea:
535 3498 691 3558 pene
738 3481 932 3540 servis
966 3479 1198 3540 liberos
1234 3484 1488 3562 fecerat,
1523 3490 1580 3542 et
1617 3500 1694 3542 ex
1733 3485 1961 3563 inﬁmis
2005 3484 2346 3555 hominum,
2388 3498 2682 3540 summos.
2723 3479 3005 3559 Denique
3043 3481 3111 3540 in
3154 3481 3534 3558 imperatore

287 3581 671 3640 clementiam
714 3597 862 3657 erga
909 3579 1132 3654 hostes,
1180 3580 1404 3659 dignos
1447 3584 1736 3663 profecto
1770 3586 1880 3663 qui
1923 3585 2182 3646 hostilia
2223 3591 2621 3662 paterentur,
2666 3581 3086 3662 funditusque
3128 3579 3530 3641 tollerentur.

283 3684 611 3746 Postremo
640 3685 1095 3746 abdicationem
1129 3689 1396 3766 imperii,
1438 3690 2004 3771 despectionemque
2031 3708 2277 3750 summa
2312 3690 2404 3749 rei
2434 3687 2930 3761 demirabantur,
2965 3690 3144 3768 cujus
3178 3703 3364 3746 causa
3393 3685 3532 3763 ple-

285 3786 469 3861 rique
485 3787 644 3865 jura
673 3787 883 3848 dicina
914 3789 1299 3866 humanaque
1329 3791 1598 3859 violant,
1630 3802 1688 3852 et
1716 3809 2025 3852 secessum
2051 3793 2116 3851 in
2143 3792 2618 3860 monasterium,
2649 3807 2770 3868 quo
2804 3787 3138 3850 solitarius
3165 3801 3536 3866 separatus-

285 3904 406 3964 que
455 3904 535 3944 επ
586 3887 906 3947 hominum
953 3889 1315 3967 frequentia
1359 3891 1686 3968 puriorem
1743 3901 1801 3951 et
1850 3893 2232 3952 sanctiorem
2274 3894 2468 3951 vitam
2515 3893 2776 3952 viveret.
2825 3890 2935 3962 Hi,
2984 3891 3260 3968 inquam,
3314 3891 3382 3950 id
3418 3899 3531 3961 est,

289 3988 527 4047 Graece
551 3987 778 4064 linguae
797 3989 1016 4060 nescii,
1039 4007 1168 4048 non
1188 3991 1376 4051 aliter
1396 4009 1577 4071 quam
1597 3992 1813 4053 Latine
1839 3993 2180 4072 loquentem
2203 3992 2427 4062 vellent
2454 4015 2472 4054 :
2495 3992 2617 4065 illi,
2651 3994 2718 4054 id
2740 4002 2852 4065 est,
2884 3989 3178 4053 callentes
3205 3993 3537 4070 utriusque

285 4089 526 4169 lingua:
551 4092 796 4152 diutius
817 4095 982 4171 ferre
1000 4112 1125 4152 non
1151 4105 1468 4171 poterant,
1490 4106 1558 4156 ut
1585 4095 1839 4157 Graecus
1865 4109 2089 4158 auctor
2112 4097 2322 4169 aliter,
2347 4115 2531 4175 quam
2553 4096 2762 4158 Grece
2787 4095 3169 4175 loqueretur.
3195 4095 3378 4170 Quod
3398 4114 3537 4155 cum

286 4194 670 4270 intelligeret
695 4193 1177 4253 illustrissimus
1197 4197 1296 4254 vir
1318 4199 1389 4258 I).
1412 4196 1490 4278 de,
1507 4187 1750 4275 Noyers
1774 4201 2000 4276 regiab
2024 4201 2264 4260 intimis
2288 4197 2577 4259 consiliis
2597 4207 2653 4259 et
2667 4199 2944 4276 secretis,
2966 4197 3144 4276 cujus
3159 4212 3324 4256 cura:
3341 4193 3535 4272 «edifi-

287 4300 387 4360 cia
413 4295 610 4371 regia,
630 4307 818 4365 artes,
836 4297 1093 4372 ipsaque
1116 4296 1536 4373 lypographia
1557 4300 1728 4374 regia
1738 4301 2044 4376 permissa
2063 4308 2235 4372 sunt,
2257 4317 2376 4378 pro
2395 4298 2714 4376 singulari
2731 4289 3118 4358 humanitate
3137 4313 3277 4378 sua,
3294 4312 3536 4374 proque

288 4401 514 4455 innato
546 4414 671 4455 non
706 4395 956 4471 vulgari
1002 4411 1146 4472 erga
1177 4393 1421 4454 litteras
1458 4395 1713 4474 affectu,
1753 4415 2019 4475 quarum
2063 4398 2587 4476 propagationem
2632 4395 2715 4456 ad
2745 4413 3042 4454 summam
3087 4395 3535 4472 rempublicam

284 4501 610 4578 pertinere
634 4499 832 4580 probe
867 4501 1008 4569 scit,
1041 4501 1254 4559 statim
1285 4501 1588 4578 optimum
1612 4504 1846 4580 factum
1869 4503 2073 4563 videri
2109 4502 2233 4562 sibi
2261 4500 2674 4578 significavit,
2695 4508 2768 4558 ut
2798 4506 3090 4574 δίγλωττος
3113 4494 3398 4565 ederetur
3427 4490 3550 4559 aui

286 4613 432 4660 ctor
468 4603 604 4661 luce
640 4602 1069 4680 dignissimus,
1114 4621 1235 4682 quo
1283 4612 1580 4682 utrosque
1619 4607 1752 4666 voti
1792 4616 2106 4683 compotes
2156 4607 2437 4684 faceret:
2466 4615 2657 4682 utque
2692 4604 2826 4680 ipse
2873 4601 3346 4688 (.‘antacuzen‘us
3396 4599 3536 4663 cum

286 4700 484 4761 tineis
516 4713 569 4763 et
607 4701 822 4764 blattis
851 4721 1133 4780 pugnare
1165 4704 1497 4775 desineret,
1530 4705 1640 4783 qui
1670 4715 1760 4764 tot
1789 4723 2036 4782 pugnas
2065 4714 2430 4784 pugnasset,
2467 4711 2676 4780 totque
2708 4701 3024 4761 hominum
3055 4709 3297 4777 strages
3324 4692 3539 4779 prius-
3636 4712 3641 4718 ‘

285 4817 479 4886 quam
511 4823 539 4864 e
564 4805 844 4865 virorum
879 4823 1134 4864 numero
1168 4807 1569 4878 eximeretur,
1616 4805 1903 4866 edidisset
1936 4829 1955 4867 :
1985 4827 2104 4886 quo
2135 4810 2304 4887 facto
2340 4807 2584 4886 egregio
2615 4823 2791 4865 nemo
2823 4821 2971 4864 sane
3001 4807 3254 4882 sapiens
3280 4803 3398 4864 ibit
3429 4784 3544 4864 ins

285 4910 498 4986 ficias,
553 4907 1059 4968 illustrissimum
1104 4907 1310 4966 virum
1359 4909 1590 4984 optime
1631 4908 1705 4966 de
1762 4908 1995 4967 litteris
2040 4928 2166 4968 esse
2200 4910 2640 4986 promeritum,
2685 4925 2876 4985 eoque
2927 4909 3176 4972 nomine
3218 4898 3438 4968 unicus
3483 4905 3538 4965 ei

286 5011 542 5088 gratias
573 5010 866 5088 agendas.
906 5009 1071 5082 Quin
1105 5009 1250 5081 imo,
1285 5010 1342 5068 si
1371 5009 1522 5089 quid
1559 5029 1766 5089 manes
1795 5014 2098 5083 sentiunt,
2142 5014 2207 5073 id
2241 5015 2363 5087 ipsi
2395 5013 2828 5074 Cantacuzeno
2862 5014 3364 5088 acceptissimum
3396 5012 3565 5091 fore.

288 5111 595 5170 credibile
625 5121 737 5181 est,
779 5109 944 5186 quod
976 5107 1214 5167 Latince
1241 5107 1468 5185 linguae
1501 5119 1554 5169 et
1579 5110 1806 5171 Graecae
1825 5110 2089 5190 quodam
2123 5112 2442 5170 consortio
2480 5111 2659 5189 quasi
2692 5108 3140 5188 quodammodo
3175 5095 3534 5178 intervete-

286 5231 425 5270 rem
470 5228 817 5290 novamque
871 5212 1123 5270 Romam
1170 5211 1318 5271 bene
1365 5214 1698 5272 conveni-re
1740 5212 2051 5284 videatur,
2104 5213 2271 5292 quod
2323 5211 2424 5272 ille
2454 5213 2635 5272 vivus
2681 5212 3112 5296 percupierat.
3159 5209 3296 5270 Hoc
3337 5211 3538 5288 igitur

285 5315 532 5390 fruere,
561 5313 776 5384 lector,
812 5324 866 5373 et
900 5313 1256 5390 beneﬁcium
1292 5329 1555 5391 agnosce
1580 5317 1732 5384 viri,
1765 5333 1884 5394 quo
1915 5334 2086 5374 nemo
2118 5315 2199 5374 ad
2237 5315 2432 5375 bonas
2475 5323 2640 5371 artes
2669 5313 3146 5390 promovendas,
3182 5321 3235 5369 et
3273 5312 3565 5374 eximios-

288 5417 371 5477 ab
405 5426 545 5477 arte
573 5418 745 5477 viros
763 5414 1084 5496 juvandos
1113 5417 1492 5492 propensior
1537 5418 1820 5488 exsistit,
1855 5419 1912 5476 si
1948 5435 2076 5476 non
2104 5417 2392 5491 ingratus
2421 5423 2622 5494 atque
2653 5413 2728 5472 ab
2769 5413 2935 5472 omni
2964 5412 3349 5485 humanitate
3387 5411 3539 5472 alie-
3579 5497 3585 5503 α

285 5539 416 5579 nus
452 5539 514 5578 es
574 5520 759 5594 Quod
788 5520 842 5578 si
873 5529 929 5578 te
957 5519 1054 5578 hic
1091 5538 1328 5597 aquam
1373 5518 1740 5594 prtebueris,
1773 5520 1982 5596 primo
2021 5536 2259 5598 quoque
2299 5529 2576 5596 tempore
2619 5535 2824 5576 omnes
2855 5516 3137 5574 historice
3175 5517 3538 5592 Byzrmlinat

290 5625 644 5706 scriptores
697 5633 821 5682 tam
846 5623 1075 5703 ,editos,
1110 5639 1293 5700 quam
1327 5639 1511 5679 manu
1545 5631 1838 5680 exaratos
1889 5623 2061 5698 typis
2103 5624 2294 5697 regiis
2329 5620 2592 5681 edendos
2629 5616 2897 5698 ejusdem
2948 5616 3370 5677 illustrissimi
3412 5617 3540 5677 viri

293 5726 516 5796 ductu,
564 5736 620 5786 et
663 5710 828 5803 regis
858 5716 1391 5788 'Christianissitni
1438 5726 1745 5802 auspiciis
1793 5723 2120 5800 prolaturi
2161 5743 2371 5783 sumus
2404 5745 2423 5783 :
2453 5724 2526 5783 de
2573 5722 2752 5798 cujus
2793 5721 2887 5779 rei
2933 5709 3215 5780 utilitate
3257 5717 3541 5796 plerique

301 5843 511 5887 omnes
543 5817 966 5902 consentiunt.
1017 5804 1126 5884 l'os
1159 5828 1268 5902 qui
1299 5825 1541 5884 litteras
1579 5825 1825 5893 (muttis,
1871 5827 2087 5894 fatere,
2134 5835 2186 5884 et
2220 5811 2480 5882 consilio
2503 5822 2741 5908 jura‘e.
2785 5818 3000 5891 Fama,
3034 5819 3263 5889 virtus,
3303 5827 3356 5876 et
3388 5819 3545 5878 recti
