4222 6442
712 403 779 469 ta
981 478 989 485 ,
1808 399 2148 461 JOANNES
2187 370 2809 459 caxra'cozexus.

3876 394 3948 457 20

708 536 885 579 amor
932 536 1062 579 eum
1094 516 1443 590 deseruere,
1490 517 1599 597 qui
1637 515 1887 578 litteras
1916 534 2042 575 non
2082 527 2271 585 amat,
2310 523 2418 573 aut
2465 498 2571 573 eos.
2604 511 2875 571 incultas
2921 510 3151 571 deserit
3183 530 3203 570 :
3235 520 3294 570 et
3325 510 3580 588 penitus
3610 509 3954 589 inglorius,

708 621 1071 703 veljudicio
1104 640 1215 681 suo
1248 639 1359 679 nec
1390 637 1709 687 memoria,
1746 636 1941 698 neque
1973 616 2205 677 litteris
2243 616 2501 690 dignum
2530 615 2871 693 quidquam
2895 614 3108 690 gessit,
3149 611 3257 672 sed
3282 611 3452 689 quod
3494 622 3726 673 retento
3757 610 3954 672 silano-

708 725 794 786 tio
827 739 1020 801 magis
1052 720 1435 781 obruendum
1464 719 1571 792 sit,
1604 736 1787 798 quam
1824 718 2181 777 litterarum
2219 718 2635 775 monumentis
2663 710 3110 772 mandandum.
3150 708 3311 772 Vale.

1641 1066 1812 1182 'J.
1902 1008 2529 1183 PONTANI
2619 1066 2739 1179 s.
2830 1070 2941 1181 J.

1247 1296 1354 1355 AD
1395 1273 1805 1353 C’ANDIDUM
1854 1291 1956 1351 ET
2007 1286 2422 1349 ERUDITUM
2468 1287 2902 1351 LECTOREM
2947 1286 3403 1352 PREFATIO.

641 1622 645 1626 .
698 1580 1092 1645 lmerprstandi
1140 1580 1276 1633 laus.
1310 1581 1510 1632 ocrasio
1540 1569 1768 1648 suscepti
1801 1575 2255 1648 laboris._9ncwr.
2287 1574 2336 1629 Α
2430 1571 2702 1625 Creterum
2731 1586 2856 1627 cum
2893 1571 2947 1626 in
2982 1571 3089 1627 hoc
3113 1588 3337 1644 quoque
3365 1586 3474 1631 tam
3502 1580 3788 1648 praestanti
3815 1592 3940 1635 mu-

771 1644 1089 1710 mconomia,
1135 1660 1372 1715 tempus.
1419 1648 1593 1706 locus.
1649 1644 1969 1715 prircouium
2016 1644 2291 1698 Historiis.

770 1722 1050 1790 ,πυριδίων
1082 1735 1098 1771 :
1124 1728 1171 1771 et
1206 1719 1417 1772 tandem
1454 1719 1579 1787 quid
1605 1734 1637 1771 a
1669 1717 1816 1770 nobis
1848 1718 2140 1787 prwstituut
2172 1715 2261 1766 sit.

770 1857 872 1921 Qui
922 1858 988 1909 de
1038 1855 1244 1909 Graecis
1297 1854 1351 1908 in
1404 1854 1656 1907 Latinum
1707 1860 2033 1906 convertere
2075 1867 2265 1921 aggre-

699 1948 1020 2012 diuntur,et
1051 1948 1223 1999 honos
1256 1947 1554 2014 scriptores
1588 1946 1752 1998 veluti
1790 1945 2131 1997 immortales
2166 1959 2264 2011 pe-

702 2018 970 2104 regrinos.
1018 2048 1181 2106 atque
1225 2036 1294 2090 ab
1321 2036 1524 2091 exteris
1550 2035 1867 2101 regionibus
1901 2036 1967 2089 ad
2001 2050 2059 2089 se
2088 2033 2263 2088 venti-

701 2140 905 2192 lantes.
949 2130 1188 2199 hospitio
1230 2130 1541 2182 humaniter
1582 2143 1645 2181 ac
1692 2129 1924 2196 benigne
1962 2127 2258 2195 accipiunt.

696 2236 898 2289 eosque
927 2221 1113 2288 patria:
1148 2234 1259 2273 suae
1287 2220 1546 2287 linguam,
1580 2232 1759 2272 mores
1802 2227 1858 2271 et
1888 2218 2133 2271 instituta
2162 2215 2263 2268 do-

696 2327 821 2364 cere
852 2323 1143 2367 conantur.
1177 2328 1288 2377 quo
1328 2315 1553 2375 (contra
1588 2325 1753 2380 quam
1796 2311 1927 2362 olim
1960 2309 2109 2362 civili
2147 2308 2259 2362 Ro-

694 2419 978 2473 manner
1018 2405 1139 2473 jure
1184 2404 1631 2473 permittebatur,
1686 2419 1783 2473 per
1831 2404 1975 2471 quod
2020 2404 2257 2456 duarum

693 2496 976 2551 civitatum
1028 2496 1166 2548 civis
1208 2510 1330 2549 esse
1374 2512 1535 2550 nemo
1570 2496 1821 2565 poterat)
1871 2497 1923 2549 in
1979 2507 2259 2564 posterum

695 2603 804 2641 non
850 2589 1030 2642 minus
1061 2586 1203 2642 inter
1240 2587 1486 2647 Latinos.
1520 2605 1682 2657 quam
1715 2590 1858 2642 inter
1890 2588 2106 2644 Grzecos
2137 2607 2264 2659 pro-

697 2677 839 2731 ﬁteri
874 2689 1098 2744 queant,
1136 2694 1217 2732 me
1254 2678 1330 2731 illi
1375 2694 1576 2731 munus
1605 2693 1734 2732 sane
1768 2679 2080 2746 pulchrum,
2108 2680 2260 2733 utili-

699 2772 846 2831 tatis.
890 2772 1362 2842 jucunditatisque
1399 2774 1635 2840 plenum.
1676 2772 1814 2825 addo
1843 2772 2034 2833 etiam,
2073 2771 2173 2825 nisi
2204 2771 2259 2824 in

692 2878 760 2917 eo
792 2864 1372 2934 exercitationetnjam
1408 2866 1677 2932 ceperint.
1709 2865 2055 2934 impeditum.
2085 2881 2148 2919 ac
2180 2865 2260 2918 la-

693 2952 977 3006 boriosum
1014 2954 1419 3023 aggrediuntur.
1472 2954 1612 3020 Quid
1651 2957 1796 3009 enim
1869 2956 2097 3014 amabo.
2132 2971 2257 3009 cum

695 3043 952 3096 universo
979 3060 1178 3112 genere
1208 3046 1537 3107 litterarum,
1572 3056 1685 3099 tum
1718 3046 1935 3099 duabus
1970 3047 2120 3100 hisce
2153 3046 2260 3100 lin-

691 3134 832 3203 guis.
862 3134 1048 3189 Grmca
1084 3135 1315 3193 scilicet.
1346 3152 1408 3189 ac
1438 3137 1651 3196 Latina,
1680 3139 1885 3207 quibus
1906 3139 2126 3202 divmm,
2152 3139 2256 3191 Int-

693 3240 973 3293 manzeque
1027 3235 1194 3284 artes.
1251 3236 1305 3279 et
1350 3228 1596 3281 scientia:
1643 3244 1834 3281 omnes
1876 3230 2255 3288 continentur.

691 3315 1043 3381 praeclarius?
1091 3317 1221 3385 quid
1270 3317 1612 3381 eli-gamus?
1652 3335 1884 3386 quarum
1935 3322 1985 3373 in
2028 3330 2256 3388 utraque

690 3415 1001 3469 versantur,
1044 3406 1138 3474 qui
1182 3405 1247 3459 tlt‘.
1291 3407 1460 3459 altera
1498 3410 1552 3460 in
1599 3408 1824 3461 alteram
1864 3408 2005 3461 bona
2053 3412 2254 3476 scripta

690 3497 1007 3559 transferre,
1051 3498 1207 3551 etde
1253 3499 1630 3553 dot'trinarum
1677 3501 2006 3560 cindidatis.
2047 3516 2253 3569 perque

692 3586 815 3639 illos
868 3585 936 3638 de
991 3586 1274 3639 hominum
1324 3604 1523 3657 genere
1573 3605 1735 3657 quam
1788 3592 1994 3658 optime
2055 3592 2250 3643 mereri

688 3676 868 3742 (quod
914 3676 1088 3743 ipsum
1114 3689 1199 3733 est
1236 3695 1292 3732 tn
1327 3680 1517 3748 primis
1562 3680 1869 3747 laudabile)
1905 3683 2250 3736 annituntur.

686 3766 753 3820 Et
785 3783 919 3819 cum-
956 3769 1256 3823 etiamnum
1294 3771 1442 3824 haud
1479 3788 1650 3841 pauca
1696 3773 1751 3826 in
1778 3768 2003 3829 ‘Grzeris
2045 3777 2253 3829 codiri-

690 3858 811 3917 huz,
853 3874 948 3925 per
980 3859 1311 3915 illustriores
1347 3863 1794 3930 prrepotentium.
1830 3879 1893 3916 ac
1936 3864 2248 3933 principtnn

688 3947 826 3999 viro:
846 3965 957 4011 uin,
988 3960 1045 4003 et
1074 3952 1626 4020 rerumpublicarum
1652 3953 2013 4031 bibliothecas
2044 3955 2249 4020 abdita,

686 4048 743 4091 et
762 4040 981 4093 'iriclusa
1010 4042 1232 4105 lateant,
1257 4043 1459 4112 quibus
1490 4045 1543 4096 in
1571 4057 1819 4112 apertum
1867 4046 2098 4113 proditis
2131 4063 2250 4101 cre-

688 4144 864 4185 scere.
897 4145 960 4183 ac
989 4135 1274 4202 propagari
1308 4138 1483 4203 possit
1514 4136 1565 4188 in
1589 4144 1803 4190 omnem
1829 4147 2036 4206 partem
2064 4147 2249 4192 nostra

2368 1676 2500 1716 nere
2521 1661 2866 1728 elaborandi,
2894 1673 2949 1718 et
2973 1663 3197 1732 aliquod
3225 1680 3410 1734 opera
3431 1670 3667 1736 pretium
3696 1670 3933 1725 faciendi

2366 1754 2620 1808 voluntas
2672 1767 2781 1806 non
2826 1753 3123 1808 mediocris
3166 1757 3277 1825 jam
3329 1758 3541 1825 pridem
3593 1762 3727 1814 mihi
3784 1764 3931 1817 haud

2366 1842 2626 1903 defuerit,
2662 1842 3024 1895 nihilominus
3060 1845 3179 1913 ejus
3208 1844 3564 1903 ditlicultates
3594 1854 3935 1920 cogitatione

2365 1935 2855 2000 complectentem.
2911 1950 3020 1988 non
3062 1936 3285 2004 quidem
3339 1939 3516 2006 pudor
3561 1942 3934 2007 subrusticus.

2365 2024 2460 2078 sed
2490 2034 2670 2079 metus
2701 2024 2948 2093 quidam,
2984 2035 3040 2080 ut
3083 2026 3352 2088 arbitror.
3401 2030 3676 2099 ingenuus
3720 2049 3939 2103 semper

2365 2115 2684 2168 absterruit.
2717 2115 2784 2168 Et
2814 2116 3001 2169 nescio
3039 2118 3318 2186 quomodo
3346 2121 3517 2175 haeret
3551 2125 3604 2175 in
3656 2125 3933 2185 medullis.

2364 2222 2468 2261 nec
2509 2206 2759 2260 oblivisci
2798 2222 2965 2276 queo,
3005 2210 3152 2278 quod
3190 2211 3333 2276 apud
3377 2217 3702 2281 scriptorem
3749 2234 3935 2286 persv

2365 2300 2602 2369 pientent
2627 2298 2808 2368 legere
2835 2300 3056 2354 memini
3084 2319 3097 2354 :
3128 2312 3386 2370 praestare
3412 2307 3627 2365 timere.
3652 2324 3814 2376 quam
3843 2326 3940 2363 au-

2363 2389 2495 2441 dere
2539 2389 2590 2441 in
2632 2388 2852 2442 ltteris.
2910 2390 3157 2444 Accessit
3223 2393 3291 2445 ad
3352 2409 3439 2448 me
3501 2398 3935 2462 retardandum,

2362 2480 2507 2548 quoi
2563 2480 2656 2548 qui
2714 2480 3018 2548 primorum
3077 2484 3273 2550 primi,
3329 2484 3712 2556 signileriquc.
3768 2502 3934 2559 atque

2363 2569 2523 2632 adeo,
2556 2572 2649 2638 qui
2686 2570 3047 2638 interpretum
3082 2571 3344 2626 familiam
3389 2575 3592 2632 ducere
3620 2582 3866 2634 ex'stima
3892 2605 3937 2632 ι-

2366 2671 2474 2722 tur,
2516 2662 2601 2714 vel
2632 2661 2687 2714 in
2724 2675 2835 2714 uno
2867 2661 3007 2715 libro
3036 2665 3416 2719 convertenda
3444 2670 3783 2723 creberrime
3816 2673 3935 2723 hal-

2362 2753 2613 2814 lucinati,
2659 2764 2826 2823 atque
2857 2769 2888 2808 a
2926 2754 3120 2817 lineis.
3151 2757 3310 2825 ,qood
3356 2758 3597 2822 dicitur.
3640 2764 3932 2826 excidisse.

2364 2845 2775 2914 diligentiorum
2836 2846 3314 2906 animadversione
3375 2849 3708 2919 deprehensi
3783 2866 3932 2909 sum.

2298 2909 2336 2960 Β
2368 2909 2627 3003 Quaenam
2668 2954 2801 3009 ergo
2831 2940 2963 2997 mihi
2994 2940 3301 2994 semidocta
3327 2909 3467 2996 fama
3500 2948 3768 3012 Speranda
3798 2948 3940 3001 iuit?

2366 3030 2877 3093 Verumenimvero,
2909 3041 3283 3097 cunctantem,
3340 3050 3406 3087 ac
3452 3038 3814 3104 trepidantem
3842 3056 3932 3094 sa-

2364 3121 2633 3191 pientium
2684 3122 2930 3176 virorum
2984 3124 3286 3178 auctoritas
3333 3130 3650 3189 commovit.
3706 3130 3934 3198 ipsaque

2367 3214 2506 3267 ratio
2527 3214 2895 3276 confirmavit,
2915 3222 2974 3267 ut
2993 3213 3364 3284 aliquandoin
3388 3219 3600 3274 isthanc
3622 3224 3931 3289 pulsestrunt

2364 3305 2755 3359 descenderem
2805 3323 2836 3356 τω
2864 3305 3156 3374 siquidem,
3203 3309 3355 3376 juxta
3415 3310 3715 3379 vulgatum,
3771 3331 3931 3368 tteznu

2364 3398 2610 3450 nascitur
2640 3395 2833 3449 artifex
2863 3412 2877 3449 :
2910 3406 2965 3450 et
2990 3412 3081 3451 ars
3115 3399 3263 3452 nulla
3298 3407 3401 3463 est,
3439 3400 3492 3454 in
3522 3418 3629 3470 qua
3665 3422 3767 3457 nun
3800 3422 3926 3475 pec-

2364 3494 2540 3547 cando
2596 3492 2841 3547 discatur
2874 3510 2888 3545 :
2923 3493 3181 3563 quodque
3222 3497 3383 3549 nobis
3428 3499 3612 3565 pueris
3651 3503 3927 3568 quondam

2366 3596 2726 3656 praeceptores
2749 3586 2804 3639 in
2833 3586 2962 3639 ludo
2981 3586 3437 3656 ingerebant.Qui
3463 3606 3741 3660 nunquam
3771 3596 3932 3655 male,

2366 3693 2644 3746 nunquam
2681 3678 2840 3731 bene.
2872 3677 3094 3732 Factum
3146 3681 3334 3748 igitur,
3371 3690 3431 3734 ut
3469 3697 3593 3735 cutn
3638 3688 3932 3737 serenissi-

2366 3784 2482 3820 mns
2551 3768 2809 3822 Boiorum
2874 3769 3131 3837 princeps
3183 3770 3585 3827 Maxnnilianus
3651 3778 3935 3831 societatis

2364 3872 2563 3916 nostrae
2614 3860 2934 3917 domesticis
2993 3873 3316 3932 potestatem
3365 3865 3710 3929 liberaliter.
3764 3879 3932 3938 atque

2362 3954 2508 4007 ultro
2545 3954 2926 4017 concessisset,
2969 3968 3000 4007 e
3046 3955 3422 4011 voluminibus
3468 3957 3671 4011 Cra-cis
3717 3963 3928 4014 calamo

2358 4044 2597 4097 exaratis
2631 4044 2900 4114 (quorum
2933 4045 3099 4099 habet
3128 4046 3182 4098 in
3208 4046 3541 4102 bibliotheca
3571 4066 3667 4103 sua
3701 4052 3928 4106 nobilis-

2358 4136 2495 4188 sima
2530 4136 2881 4190 lectisslmam
2913 4137 3161 4207 copiam)
3190 4139 3572 4207 depromendi,
3597 4151 3654 4195 et
3681 4144 3750 4196 ad
3778 4161 3930 4198 com-

688 4221 945 4283 erud.no,
980 4238 1174 4278 eorum
1209 4226 1411 4286 str-lia.
1450 4228 1542 4296 qui
1587 4228 1640 4281 id
1685 4238 1966 4297 praestant.
2012 4229 2249 4283 fructum
2283 4252 2326 4309 ο
2364 4241 2585 4280 munem
2634 4242 2813 4288 usum.
2859 4230 3431 4300 emolumentumque.
3491 4235 3648 4302 cujus
3702 4236 3929 4290 incenso

684 4312 829 4365 ferre
866 4328 1219 4393 permagnum
1250 4318 1376 4385 quis
1406 4317 1739 4372 iniiciabttur
1760 4320 1782 4372 ἲ
1805 4319 1911 4374 Sed
1937 4335 2250 4389 quanquam

687 4404 842 4456 labor
880 4406 925 4456 is
953 4406 1130 4462 adhuc
1165 4409 1474 4477 tyronibus,
1500 4425 1911 4480 paucorumque
1945 4412 2254 4480 stipendio—

689 4509 809 4547 rum
862 4495 1131 4551 militibus
1180 4500 1463 4567 operosior
1493 4501 1690 4555 accidit
1747 4512 2061 4570 propterea,
2103 4502 2250 4571 quod

690 4588 960 4654 permulta
1014 4588 1170 4648 vitia,
1207 4599 1262 4643 et
1304 4602 1525 4659 peccata
1560 4604 1881 4657 occurrunt,
1926 4607 2050 4661 qua-
2082 4594 2255 4646 vitare

686 4676 907 4730 tiiniciic
933 4687 1016 4732 est
1047 4678 1242 4748 (cujus
1276 4683 1353 4733 rei
1392 4696 1499 4757 non
1530 4681 1647 4757 leve
1676 4689 2081 4751 argumentum.
2104 4681 2253 4748 quod

686 4784 810 4819 eum
863 4774 1192 4835 interpretes
1236 4754 1870 4839 peneinnmnerabiles.
1919 4775 2253 4829 excellentes

688 4869 892 4919 tanwn,
951 4868 1114 4927 atque
1142 4863 1411 4927 perfectos
1444 4863 1736 4917 admodum
1779 4880 1930 4919 raros
1966 4866 2253 4920 nominare

689 4951 1026 5018 possumus),
1061 4952 1422 5006 nihilominus
1465 4956 1519 5008 in
1576 4956 2135 5026 ista.quantacunque
2167 4956 2252 5011 itt-

691 5045 1020 5113 terpretamli
1067 5045 1455 5112 defatigatione
1483 5090 1496 5110 ,
1552 5064 1616 5101 ac
1645 5048 1890 5102 ιιιοιυειίςι
1916 5089 1929 5111 ,
1980 5049 2253 5119 suavitate

688 5135 923 5194 quatiam
990 5136 1360 5203 perfunditur,
1412 5138 1771 5207 expleturqne
1820 5140 2080 5201 animus,
2127 5154 2253 5193 cum

688 5225 792 5277 sibi
837 5227 891 5278 in
938 5227 1060 5280 sinu
1103 5227 1507 5296 quodammodo
1535 5231 1683 5282 nasci
1725 5230 2041 5284 thesaurum
2076 5231 2250 5296 videt,

689 5322 835 5371 unde
875 5320 1140 5373 bonarum
1192 5321 1496 5373 litterarum
1534 5320 1702 5373 ditior
1752 5321 1988 5375 evadat:
2023 5337 2253 5390 qumque

689 5410 955 5462 haetenns
989 5419 1068 5464 tot
1116 5412 1421 5472 hominum,
1467 5412 1634 5465 etiam
1662 5412 2031 5474 eruditorum,
2083 5415 2251 5468 millia

690 5502 1035 5567 ign'ozarunt,
1064 5502 1343 5568 multoque
1370 5492 1599 5564 diutius,
1631 5519 1693 5556 ac
1723 5516 1986 5573 perpetuo
2019 5504 2249 5577 forsitan

2361 4330 2580 4373 tenetur
2628 4319 2926 4383 desiderio,
2976 4321 3374 4392 interpretandi
3423 4340 3545 4394 qua:
3593 4327 3924 4395 placuisset,

2356 4425 2458 4480 ego
2510 4412 2565 4465 in
2614 4410 2762 4465 hunc
2807 4427 2917 4465 non
2967 4412 3387 4469 Christodulum
3440 4418 3658 4486 utique.
3718 4420 3813 4473 sed
3871 4421 3924 4473 in

2358 4504 2690 4570 ipsissitnum
2760 4504 3028 4559 Joannem
3079 4505 3523 4576 Cantacuzenum
3567 4506 3856 4564 inciderini
3912 4530 3927 4567 :

2356 4611 2467 4664 quo
2496 4596 2562 4649 ad
2592 4604 2833 4665 gustum.
2866 4598 3307 4666 sententiamque
3340 4614 3518 4654 meam
3550 4601 3684 4654 nihil
3711 4618 3929 4656 accom-

2356 4688 2651 4749 modatius.
2674 4688 2810 4742 nihil
2832 4689 2897 4741 ad
2923 4691 3097 4757 prima
3128 4690 3335 4744 militia:
3358 4691 3522 4764 hujus
3553 4694 3809 4748 tentanda
3837 4710 3920 4761 pe-

2357 4780 2554 4840 ricula.
2585 4790 2812 4848 prapter
2841 4778 3162 4834 facilitatem
3194 4782 3488 4850 quamdam
3534 4786 3654 4854 ejus
3701 4785 3755 4838 in
3790 4786 3930 4839 scri-

2358 4870 2540 4926 bendo
2577 4871 2947 4938 Opportunius
2972 4870 3217 4935 nancisci
3254 4872 3581 4938 potuissem.

2358 5010 2363 5014 .
2428 4961 2518 5017 Sic
2543 4962 2767 5016 omnino
2793 4970 2895 5026 est,
2924 4970 2983 5014 nt
3016 4962 3151 5027 dixi,
3187 4962 3243 5018 in
3280 4964 3547 5019 Joannem
3579 4964 3921 5021 Cantacnze-

2357 5066 2490 5105 num
2538 5052 2703 5105 incidi
2754 5068 2767 5103 :
2808 5053 2900 5119 qui
2930 5052 3154 5120 quidem
3206 5068 3317 5121 quo
3366 5053 3711 5107 commodius
3759 5054 3926 5120 hujus

2358 5141 2486 5195 libri
2523 5142 2607 5194 sui
2642 5142 2988 5195 oceasionem
3016 5183 3028 5205 ,
3063 5157 3369 5211 causasque
3410 5143 3671 5205 afferret.
3701 5156 3757 5198 et
3794 5164 3924 5213 per-

2358 5247 2551 5285 sonam
2579 5247 2733 5285 suam
2768 5233 2973 5285 celaret
3005 5233 3187 5302 (quod
3214 5241 3392 5287 tamen
3429 5235 3571 5288 haud
3604 5241 3736 5289 satis
3763 5250 3926 5293 cattle

2358 5323 2512 5385 fecit,
2549 5332 2605 5376 nt
2636 5339 2759 5376 mox
2790 5324 3039 5384 docebo)
3072 5324 3226 5391 lingit
3257 5340 3285 5377 a
3322 5327 3557 5394 quodam
3610 5327 3731 5380 Nilo
3766 5328 3925 5382 fami-

2357 5414 2476 5468 liari
2512 5430 2569 5465 se
2603 5414 2668 5467 ad
2711 5414 3065 5482 SCI'lpliOllelll
3104 5432 3202 5483 per
3240 5416 3453 5469 litteras
3487 5418 3798 5477 sollicitari.
3860 5436 3925 5472 ac

2358 5508 2458 5558 sibi
2488 5506 2816 5559 vocabulum
2844 5508 3179 5561 (thristodttli
3212 5508 3464 5576 imponit.
3502 5510 3763 5563 Idoneum
3799 5528 3926 5575 pm-

692 5594 1051 5660 ignorassvnt,
1088 5610 1149 5646 ea
1198 5595 1451 5662 princeps
1483 5596 1785 5665 cegnnscit.
1826 5606 1879 5652 et
1921 5596 2247 5651 sollicitudi-
2277 5580 2331 5640 Ῑ)
2359 5596 2524 5657 let-to,
2572 5613 2766 5656 nempe
2810 5615 2837 5649 ιι
2884 5608 3049 5656 statu.
3096 5611 3151 5653 et
3193 5602 3509 5655 eonditione
3557 5605 3702 5661 vitm,
3757 5621 3921 5672 quam

689 5701 807 5744 nes.
850 5702 1110 5754 operam.
1164 5699 1326 5756 atque
1367 5699 1596 5742 cun:th
1647 5707 1775 5743 suos
1819 5705 1912 5759 spe
1951 5701 1998 5741 et
2054 5690 2248 5745 fiducia

686 5785 854 5857 μνῖὶέυ
884 5778 1217 5853 posteritatis
1245 5780 1549 5833 consolatur
1569 5822 1580 5832 .

2363 5690 2476 5744 hmo
2523 5690 2771 5743 scribens
2803 5691 2997 5758 agt-hat
3027 5710 3038 5744 :
3086 5694 3285 5761 agebat
3316 5703 3498 5747 autent
3540 5699 3922 5763 monasticam,

2359 5793 2405 5837 rt
2440 5782 2660 5839 Christo
2687 5786 2949 5848 sctviens,
2995 5788 3189 5839 merito
3221 5785 3341 5855 ejtts
3374 5801 3596 5841 servum
3630 5803 3684 5840 se
3719 5791 3913 5857 appel-
