4222 6442
296 411 361 470 21

1601 429 2187 494 PilOLEGQMENA.

3447 433 3523 491 29

294 521 448 576 lavit.
498 525 780 583 Occultare
831 547 1013 600 porro,
1044 547 1096 590 et
1140 547 1318 610 tegere
1368 559 1654 612 personam
1693 563 1842 599 suam
1879 548 1917 601 Α
1948 547 2121 610 nimis,
2143 559 2190 601 et
2215 549 2451 602 antabilis
2478 539 2883 614 superamorcm
2909 549 3256 616 mulirrum‘),
3282 561 3387 600 nun
3414 547 3516 596 ui~i

293 614 422 668 ideo
459 618 650 682 voluit,
683 620 846 689 idque
887 627 1204 692 prudenter,
1241 635 1385 700 quod
1431 636 1496 690 de
1531 638 1692 690 rebus
1723 655 1846 691 cum

292 705 512 768 alienis,
543 719 656 761 tum
702 712 817 766 suis
859 715 1140 772 historiam
1186 725 1593 790 compositurus
1625 738 1762 790 erat,
1796 740 1850 782 et

292 807 615 852 narraturus
661 801 914 868 plurima,
954 809 1155 876 quibus
1203 814 1488 869 audiendis
1528 833 1688 870 aures
1725 821 1847 887 qui-

293 887 524 941 busdam
570 892 841 958 dolerent,
872 907 932 950 ut
971 909 1130 953 antea
1176 903 1430 958 videndis
1473 909 1616 960 oculi
1661 909 1852 962 dubie--

291 987 435 1028 rant.
481 978 574 1030 Est
607 996 736 1034 vero
770 992 876 1036 tam
913 986 1231 1056 infrequens
1254 991 1462 1047 Gnecis
1497 994 1599 1049 Hoc
1627 983 1848 1060 nomen,
1915 985 1926 997 \

291 1065 698 1131 Christodnlus,
751 1081 807 1124 ut
857 1077 938 1128 vel
987 1077 1114 1130 hinc
1148 1080 1251 1132 isto
1301 1085 1421 1135 loco
1470 1084 1742 1150 lictitium,
1791 1105 1851 1142 ac

289 1160 708 1224 supposititium
743 1177 1018 1230 appareat.
1054 1167 1300 1238 Cumque
1333 1189 1430 1241 per
1469 1177 1522 1228 id
1552 1186 1766 1247 tempus
1797 1181 1848 1233 in

293 1251 627 1302 monasterio
679 1268 777 1320 pro
821 1255 1028 1309 Joanne
1076 1261 1241 1314 etiam
1287 1263 1597 1334 Joasaplius
1645 1279 1853 1325 mutato

289 1337 512 1390 nomine
569 1341 867 1406 diceretur,
921 1347 1068 1400 sicut
1116 1367 1224 1404 non
1275 1355 1581 1424 antiquum.
1631 1369 1685 1412 et
1728 1377 1852 1427 pro-

285 1429 490 1492 prium,
521 1431 592 1484 ita
621 1449 720 1487 nec
753 1451 950 1489 novum
987 1441 1152 1507 istud,
1181 1453 1236 1498 et
1262 1452 1691 1518 assumplitiuin,
1725 1455 1851 1508 Joa-

288 1521 494 1584 sapbus
545 1523 804 1590 inquam,
855 1529 920 1582 ad
981 1531 1106 1585 libri
1159 1545 1440 1593 auctorem
1497 1542 1852 1600 indicandum

291 1623 562 1678 usurpare
608 1615 840 1672 decuit:
874 1637 941 1675 ne
991 1629 1290 1682 monachus
1333 1633 1550 1686 inanem
1593 1641 1853 1706 aucupari

288 1699 541 1766 gloriam,
575 1715 629 1759 et
659 1708 750 1774 qui
798 1709 908 1764 Deo
949 1714 1242 1770 militatum
1285 1733 1530 1786 venerat,
1569 1699 1761 1781 iterum
1797 1745 1852 1782 se

289 1792 525 1858 negotiis
575 1795 858 1864 implicare
921 1807 1278 1860 s:ecu|aribus
1327 1795 1625 1867 videretur.
1674 1821 1852 1888 Atque

289 1878 362 1932 ita
422 1883 596 1938 codex
643 1885 864 1944 Graecus
915 1897 1287 1967 ἀνεπίγραφος
1339 1912 1458 1966 cst,
1519 1878 1851 1964 SlllC‘llllllO

289 1984 536 2037 prorsus.
563 1975 770 2033 Deinde
793 1995 858 2036 ex
885 1984 997 2050 ipsa
1025 1985 1128 2040 Nili
1153 1992 1383 2057 epistola
1412 1994 1849 2054 Cantacuzenuui

289 2059 454 2128 hujus
499 2063 742 2122 historia:
789 2083 1091 2140 parentem,
1119 2087 1173 2130 et
1206 2083 1547 2138 conditorem
1581 2103 1697 2141 esse
1732 2105 1853 2156 per-

287 2153 540 2216 Spicuum
575 2157 654 2211 ﬁt.
688 2160 782 2214 Illa
812 2153 962 2216 enim
997 2169 1184 2231 verba,
1207 2171 1311 2223 Kal.
1341 2175 1426 2226 ὅτε
1459 2179 1564 2246 γὰρ
1606 2179 1674 2230 τὰ
1699 2153 1854 2235 nam

288 2243 548 2310 διετέλεις
584 2251 857 2319 πράττων,
905 2261 1143 2330 σωτηρία
1182 2267 1293 2326 τοῖς
1329 2269 1640 2336 πράγμασιν
1672 2269 1811 2341 ἦσθα
1835 2295 1849 2310 ο

287 2339 384 2386 καὶ
413 2337 506 2388 νῦν
534 2342 732 2395 σαυτοῦ
776 2350 1034 2415 γεγονὼς,
1069 2353 1326 2419 ἀληθείας
1366 2361 1472 2412 Καὶ
1509 2363 1854 2434 δικαιοσύνης

291 2429 642 2500 παράδειγμα
691 2433 782 2486 τὸν
825 2438 938 2506 βίον
975 2444 1315 2510 κατέστησας
1350 2452 1440 2502 τὸν
1492 2455 1688 2506 σαυπιῦ
1719 2475 1729 2486 ·
1775 2457 1851 2510 Tu

289 2520 426 2570 enim
448 2529 496 2572 et
527 2527 760 2590 quandiu
787 2533 994 2598 gessisti
1029 2539 1416 2604 rempublicam,
1455 2545 1600 2597 salus
1649 2551 1854 2619 imperii

287 2605 478 2708 (nisti:
529 2621 579 2664 et
639 2616 811 2684 hodie,
865 2631 1142 2690 postquam
1191 2632 1463 2698 defunctus
1511 2605 1733 2700 honore:
1780 2644 1855 2695 tui

285 2704 450 2764 ipsius
486 2716 595 2753 esse
623 2704 918 2771 instituisti,
977 2715 1133 2766 ritain
1177 2733 1442 2789 moresque
1479 2731 1590 2775 tuos
1621 2727 1852 2780 veritatis

287 2805 350 2841 ac
364 2792 592 2858 justitite
616 2801 884 2869 exemplar
899 2807 1109 2872 effecisti
1133 2825 1151 2859 .·
1175 2811 1206 2861 li
1229 2831 1278 2874 r,
1305 2814 1546 2882 inquam,
1569 2835 1850 2874 voccsnou

289 2881 356 2931 ad
409 2883 679 2951 iudicem,
725 2895 1030 2960 consulem,
1079 2901 1396 2966 pra-lectum
1439 2907 1702 2976 aliquem.
1759 2912 1852 2965 Sed

288 2974 354 3022 ad
384 2989 638 3043 magnum
676 2980 1042 3041 domesticum
1076 2987 1338 3045 Joannem
1385 2995 1852 3066 Cantaeuzenum,

288 3065 444 3133 cujus
477 3073 993 3136 postAndronicum
1030 3083 1318 3148 minorem,
1345 3090 1586 3155 quandiu
1622 3093 1667 3146 is
1695 3095 1852 3159 vixit,

288 3169 543 3224 suprema
577 3161 679 3217 fuit
715 3177 976 3233 potestas,
1020 3183 1074 3226 et
1113 3175 1476 3244 imperatoria:
1513 3187 1760 3250 proxima
1801 3190 1854 3242 in
1884 3187 1927 3244 C

287 3253 568 3315 omnibus,
604 3265 658 3309 et
706 3265 848 3326 apud
888 3277 1080 3319 omnes
1109 3272 1409 3325 auctoritas
1441 3289 1454 3324 :
1490 3275 1598 3329 imo
1632 3294 1759 3332 vero
1787 3281 1854 3334 ad

289 3341 466 3408 ipsum
505 3362 707 3402 munus
739 3351 1176 3424 imperatorium,
1219 3365 1362 3432 quod
1397 3367 1538 3422 idem
1585 3373 1720 3426 citra
1759 3391 1856 3428 uo-

289 3451 414 3489 men
451 3439 568 3500 diu,
607 3446 953 3507 postmodum
987 3461 1040 3504 et
1075 3468 1152 3512 re,
1197 3465 1248 3508 et
1293 3461 1512 3515 nomine
1545 3467 1731 3520 multis
1759 3484 1855 3522 an-

287 3530 374 3583 nis
410 3533 844 3601 administravit,
881 3541 1199 3608 planissime
1251 3551 1528 3625 pertinent
1562 3575 1574 3608 :
1618 3559 1710 3626 qui
1748 3577 1856 3628 quo

289 3633 452 3689 pacto
490 3629 737 3694 σωτηρία
768 3631 878 3684 τῶν
908 3641 1254 3704 πραγμάτων
1290 3643 1473 3710 fuerit,
1523 3647 1750 3716 legendo
1782 3653 1858 3706 di-

289 3728 412 3766 sces
448 3759 454 3764 .
490 3725 546 3769 et
577 3719 714 3773 nihil
749 3723 938 3778 verius
970 3725 1076 3780 dici
1109 3731 1356 3796 potuisse
1391 3738 1715 3793 constitues.
1762 3743 1858 3797 llla

287 3805 547 3860 similiter
587 3809 640 3862 in
671 3827 834 3879 quem
883 3815 1073 3874 alium,
1117 3835 1319 3886 quaeso,
1363 3825 1468 3877 nisi
1506 3825 1559 3878 in
1591 3829 1856 3892 eumdem

289 3898 586 3964 quadrant,
641 3904 844 3970 quibus
879 3922 1004 3961 eum
1051 3908 1205 3965 Nilus
1239 3913 1307 3966 ab
1344 3919 1610 3986 exemplis
1640 3932 1860 3975 nostra-

289 3987 450 4050 tium,
501 4003 929 4064 cxterorumque
971 3999 1301 4070 scriptorum
1349 4007 1572 4074 incitat,
1618 4011 1693 4064 uti
1741 4022 1860 4068 acta

287 4093 386 4133 sua
423 4085 700 4138 memoria:
731 4087 959 4154 ipsemet
991 4093 1220 4159 prodat?
1246 4097 1400 4149 Ἐστι
1441 4099 1496 4152 δὲ
1528 4101 1622 4154 καὶ
1653 4105 1734 4165 εἰς
1759 4123 1861 4158 πα-

289 4173 564 4244 ράδειγμα
594 4177 694 4244 τὴν
735 4180 1014 4249 ἡμετέραν
1047 4185 1281 4238 ἱκετείαν
1331 4190 1668 4258 ἀνενεγκεῖν.
1699 4195 1861 4249 ’Λντε

285 4265 398 4334 γὰρ
430 4268 556 4330 τσὺς
612 4267 836 4334 ἔξωθεν,
884 4271 1010 4324 ἄντε
1057 4278 1182 4339 τοὺς
1240 4280 1544 4352 ἡμετέρους
1590 4287 1864 4356 ἡγεμόνας

288 4357 626 4428 eve-simam,
679 4363 929 4432 οὐδαμῶς
981 4367 1255 4438 ἀτιμάσῃς
1296 4371 1393 4442 τὴν
1443 4377 1702 4445 ἱστορίαν.
1759 4383 1864 4434 Καὶ

287 4449 434 4507 οὗτοι
467 4457 575 4524 γὰρ
620 4457 861 4510 κάκεῖνοι
889 4461 981 4512 ἐπὶ
1003 4461 1062 4513 τὸ
1097 4467 1433 4535 συγγράφειν
1465 4471 1714 4538 καθῆκαν
1739 4477 1861 4527 ἐπυ-

289 4547 438 4606 τυῖλς,
469 4546 529 4596 οὐ
573 4549 746 4616 μικρὰ
798 4549 890 4601 τὸν
949 4553 1293 4622 ἀνθρώπινον
1328 4558 1442 4625 βίον
1483 4561 1546 4614 ἐκ
1604 4566 1861 4620 τοιούτων

288 4637 510 4706 ὀνήσειν
539 4639 775 4706 οἰόμενοι
798 4657 812 4672 ⁸
849 4641 954 4694 Nec
981 4661 1098 4698 vero
1129 4657 1272 4700 caret
1307 4655 1564 4720 exemplo,
1597 4659 1736 4724 quod
1771 4662 1862 4712 abs

289 4740 336 4781 te
361 4732 606 4796 petimus.
635 4730 844 4785 Etenim
870 4737 976 4786 sire
997 4737 1066 4787 ad
1092 4749 1352 4801 externos,
1373 4745 1480 4796 sive
1509 4749 1578 4797 ad
1604 4761 1864 4804 nostrates

287 4821 408 4874 belli
431 4823 586 4873 duces
609 4823 880 4892 respicias,
907 4841 1008 4878 non
1039 4829 1232 4892 poteris
1252 4831 1346 4882 hoc
1377 4849 1536 4900 genus
1565 4837 1865 4904 scriptionis

288 4927 643 4970 contemnere.
675 4917 878 4988 Quippe
898 4928 1005 4971 tum
1030 4921 1103 4982 lii,
1125 4929 1232 4974 tum
1259 4923 1340 4976 illi
1355 4925 1453 4977 huc
1475 4929 1676 4994 pariter
1699 4947 1752 4983 se
1775 4933 1866 4985 tle-

289 5013 571 5072 miserunt,
611 5025 716 5062 non
747 5027 934 5078 parum
967 5013 1086 5064 inde
1111 5015 1340 5066 humano
1363 5019 1540 5084 generi
1569 5023 1864 5076 consultum

291 5101 361 5152 iri
405 5101 752 5152 arbitrantes.
796 5099 936 5165 Quid
966 5103 1112 5170 quod
1153 5104 1218 5158 de
1255 5120 1350 5158 sua
1388 5121 1510 5160 cum
1548 5109 1862 5165 Andronico

291 5192 742 5256 eonjunctissima
788 5193 1212 5264 lideiissimaque
1274 5198 1514 5252 amicitia
1595 5202 1702 5270 (de
1754 5220 1860 5273 qua

291 5284 547 5351 equidem
601 5285 865 5353 cogitans,
907 5287 1068 5340 simul
1117 5289 1184 5340 de
1237 5289 1456 5343 Davidis
1511 5301 1565 5345 et
1595 5291 1861 5350 .Jonatlite

291 5374 708 5429 devinctissima
739 5376 1112 5432 laiiiiliaritute
1141 5378 1360 5448 rogito»:
1395 5380 1459 5432 de
1495 5382 1694 5449 quibus
1726 5389 1861 5437 scri—

291 5475 446 5535 ptum
472 5466 704 5534 legimus
730 5487 740 5520 :
763 5471 955 5524 Anima
982 5471 1224 5526 Jonatlite
1253 5477 1617 5545 conglutinata
1644 5487 1717 5530 est
1739 5481 1862 5531 ani-

292 5575 392 5611 ma:
429 5557 647 5613 Davidis
675 5577 692 5614 :
723 5571 768 5614 et
792 5562 974 5615 dilexit
1008 5581 1126 5617 eum
1174 5569 1324 5634 quasi
1357 5571 1592 5621 animum
1627 5585 1777 5622 suum
1803 5573 1855 5635 ';

290 5665 513 5704 rursum
552 5667 564 5706 :
603 5651 765 5705 Doleo
807 5671 962 5724 super
998 5665 1066 5719 te,
1101 5657 1268 5724 frater
1299 5661 1369 5710 mi
1401 5659 1654 5724 Jouatlia,
1681 5663 1861 5716 decore

369 5813 595 5882 'llteg.
631 5825 796 5878 XVIII,
837 5813 885 5866 t.
967 5816 982 5844 ³
1027 5812 1070 5868 ll
1123 5814 1234 5884 lteg
1305 5833 1340 5884 i,
1392 5815 1480 5870 9.6.

1955 641 2182 706 ipsemet
2223 643 2294 694 ita
2331 642 2634 710 συμπαθῶς
2661 653 2716 694 (ιι
2739 642 2980 708 ἐναργῶς
3028 641 3271 692 scribere
3305 637 3518 705 polu‘t?

1952 731 2094 793 quod
2112 733 2327 800 quidem
2349 747 2720 798 saepenumero
2734 731 2976 784 facit.Sic
2997 729 3520 796 Soleiiiusdreqmsu-

1955 828 2056 879 ter,
2089 821 2328 888 inquam,
2371 838 2672 890 magnoque
2703 837 2826 874 cum
2856 837 3018 874 sensu
3047 822 3113 874 de
3161 821 3227 873 iis
3253 819 3424 886 loqui.
3451 833 3512 868 :tt‘.

1954 911 2218 972 scribere,
2268 929 2388 980 qua:
2431 922 2527 966 aut
2588 913 2838 966 absentia
2893 912 3050 965 valde
3099 913 3154 964 in
3209 911 3518 968 desideriis,

1955 1015 2044 1058 aut
2077 1005 2362 1072 praesentia
2401 1009 2758 1056 vehementer
2789 1003 2946 1056 nobis
2976 1003 3028 1053 in
3057 1002 3338 1054 amoribus
3369 1009 3516 1049 sunt.

1955 1095 2064 1148 Nec
2097 1097 2236 1148 alius
2277 1105 2382 1148 tam
2425 1094 2632 1146 diserte
2669 1094 2734 1146 de
2773 1103 3026 1144 recusato
3067 1093 3230 1144 toties
3265 1092 3517 1158 imperio,

1955 1188 2022 1239 de
2059 1187 2310 1240 libertate
2341 1185 2482 1254 apud
2525 1184 2896 1238 Andronicum
2931 1198 3050 1244 sua,
3116 1183 3294 1250 deque.
3327 1181 3522 1246 ampli--

1957 1279 2145 1332 tudine
2179 1278 2464 1346 potestatis
2499 1291 2661 1344 quam
2695 1275 3048 1332 obtinuisset,
3085 1283 3283 1341 praeter
3318 1272 3524 1338 ipsum-

1958 1378 2068 1422 met
2098 1386 2318 1422 narrare
2347 1369 2632 1428 voluisset.
2660 1367 2876 1420 etiamsi
2907 1367 3194 1434 potuisset.
3221 1363 3522 1430 Scriptura:

1957 1473 2158 1516 sancta:
2184 1463 2343 1515 toties
2371 1460 2671 1528 productae,
2697 1471 2752 1512 et
2773 1457 3078 1510 monastica
3099 1455 3389 1522 disciplina
3415 1469 3520 1504 non

1957 1556 2124 1607 semel
2147 1554 2470 1607 tameximie
2497 1552 2810 1621 praedicata,
2839 1561 3002 1618 atque
3036 1551 3198 1601 etiam
3229 1564 3324 1616 per
3350 1557 3522 1598 totam

1959 1645 2242 1698 historiam
2270 1659 2468 1712 sparsa:
2491 1652 2566 1696 tot
2591 1643 2808 1710 pietatis
2833 1650 2996 1702 notzv,
3023 1656 3128 1691 non
3165 1639 3328 1691 alium
3358 1652 3520 1704 quam

1961 1737 2286 1790 monachum
2337 1737 2506 1792 olent.
2559 1734 2737 1800 qualis
2785 1733 2876 1784 ille
2927 1741 3038 1784 tum
3071 1741 3206 1790 erat,
3243 1743 3365 1780 eum
3410 1729 3525 1778 hmo

1959 1828 2164 1880 chartis
2214 1827 2513 1878 mandaret.
2559 1824 2780 1878 Dicendi
2830 1837 3022 1891 genus,
3072 1821 3216 1889 quod
3265 1821 3320 1871 in
3369 1818 3525 1893 libris

1956 1929 2148 1972 contra
2176 1918 2606 1974 Mahometanos.
2638 1926 2693 1974 et
2722 1914 2941 1968 Judwos
2974 1915 3026 1966 in
3055 1912 3372 1966 defensione
3401 1911 3524 1964 lidei

1955 1995 2278 2062 Christiana:
2326 1999 2603 2068 adhibuit,
2644 2006 2768 2058 ideo
2804 2005 3068 2058 dissimile
3096 2011 3200 2065 est,
3238 2002 3366 2070 quia
3413 2002 3524 2054 illic

1955 2101 2255 2170 disputatio
2287 2099 2536 2168 quatdain
2571 2108 2856 2167 perpetua,
2890 2107 2943 2150 et
2979 2096 3266 2150 dialectica
3307 2095 3525 2162 potius;

1957 2194 2045 2248 hic
2095 2193 2339 2245 narratio
2399 2191 2619 2252 diliusa,
2689 2197 2744 2242 et
2809 2187 3128 2241 continuata
3185 2185 3524 2252 suscipitur;

1955 2287 2186 2355 proinde
2225 2291 2281 2336 ut
2318 2283 2420 2336 alia
2456 2281 2556 2340 ibi.
2585 2281 2688 2334 alia
2727 2280 2814 2332 bic
2843 2279 2911 2332 sit
2945 2278 3130 2340 iacies,
3164 2293 3389 2330 necesse
3421 2287 3524 2327 est.

1959 2377 2048 2429 Illa
2083 2376 2306 2429 demum
2347 2375 2441 2427 lib.
2483 2389 2555 2435 iv,
2589 2388 2708 2440 cap.
2745 2371 2813 2422 9-4
2844 2383 2898 2422 et
2943 2369 3034 2429 (ἐκ.
3067 2370 3334 2421 adversus
3367 2367 3527 2419 Nice-

1957 2470 2188 2538 phorum
2217 2467 2510 2527 Gregoram
2547 2465 2713 2518 multa
2751 2479 2876 2517 cum
2908 2461 3234 2520 acrimonia,
3274 2468 3328 2512 et
3352 2459 3528 2511 iusius

1959 2562 2132 2629 posita
2164 2562 2263 2620 (ne
2291 2559 2526 2627 amplius
2549 2559 2847 2610 verborum
2879 2557 2930 2607 in
2961 2569 3016 2607 re
3047 2569 3238 2622 parum
3275 2550 3529 2618 ambigua

1956 2653 2378 2718 (‘OlIStllllalllUS)
2431 2650 2716 2703 manifeste
2767 2649 2924 2700 nobis
2972 2649 3384 2714 astipulantur;
3436 2645 3526 2695 ubi

1957 2760 2066 2813 pra:
2119 2742 2494 2812 indignatione
2533 2740 2890 2792 dissimulatio
2929 2753 3176 2808 persona:
3221 2739 3528 2796 immemor,

1956 2849 2174 2886 causam
2249 2847 2405 2885 suam
2440 2831 2754 2885 accuratius
2795 2831 2926 2894 agit.
2965 2843 3128 2895 quam
3161 2827 3302 2878 alius
3335 2839 3433 2893 pro
3465 2841 3531 2876 eo

1958 2927 2156 2992 egisset
2190 2941 2203 2976 :
2240 2923 2457 2976 tametsi
2504 2923 2556 2976 id
2596 2920 2945 2990 postmodum
2978 2919 3444 2976 aniinadvcrteas,
3480 2916 3532 2968 in

1961 3018 2100 3069 viam
2176 3021 2397 3074 redeat,
2463 3027 2792 3080 rursumque
2852 3011 2946 3078 qui
3013 3011 3116 3070 sit,
3185 3009 3533 3063 dissimulare

1959 3107 2196 3160 studeat.

2034 3200 2294 3268 Sequitur
2323 3207 2382 3250 ut
2413 3197 2480 3250 de
2498 3196 2802 3250 (econoniia
2825 3194 3068 3249 breviter
3100 3201 3150 3247 te
3187 3207 3532 3247 maneamus.

1959 3294 2054 3348 llis
2086 3303 2318 3360 quatuor
2342 3289 2498 3342 libris
2532 3303 2619 3341 res
2649 3289 2749 3340 sub
2783 3297 3016 3353 utroque
3044 3283 3378 3346 Andronico,
3431 3300 3534 3336 :H'u

1959 3395 2014 3440 et
2051 3392 2286 3452 nepote,
2339 3387 2394 3434 et
2446 3379 2548 3434 sub
2602 3376 2989 3431 Cantacnzeno
3049 3375 3284 3428 filiorum
3321 3377 3535 3442 nepotis

1962 3485 2163 3532 tutore.
2199 3485 2362 3541 atque
2397 3471 2726 3538 imperatore
2770 3479 2936 3537 gesta:
2969 3468 3331 3535 explanantur
3374 3481 3387 3518 :
3428 3467 3527 3527 sie,

1961 3579 2022 3620 ut
2055 3566 2264 3634 primus
2295 3561 2622 3615 disrordiam
2653 3599 2667 3620 ,
2693 3571 2748 3612 et
2789 3559 2928 3611 bella
2962 3559 3103 3610 inter
3150 3558 3532 3610 Andronicus:

1961 3658 2099 3712 alter
2129 3655 2421 3722 imperium
2457 3651 2685 3703 minoris
2725 3666 2738 3702 :
2771 3651 2967 3702 tertius
3022 3649 3223 3700 bellum
3266 3647 3539 3701 (.antueu—

1962 3749 2082 3802 zeni
2113 3761 2237 3800 cum
2299 3742 2770 3798 obtrectatoribus
2819 3751 2874 3794 et
2914 3740 3539 3807 inimicis,postremus

1962 3838 2208 3908 ejusdem
2235 3835 2460 3890 victoris
2490 3850 2554 3888 ac
2594 3833 3019 3901 triumpliatoris
3059 3843 3304 3900 tempora
3357 3847 3540 3898 perse-

1962 3943 2211 4004 quatur:
2258 3933 2312 3985 in
2371 3945 2481 3999 quo
2527 3929 2696 3983 etiam
2755 3928 3162 3990 subtexuntur,
3224 3943 3343 3996 qua:
3397 3927 3539 3980 inter

1962 4028 2226 4082 Joannem
2255 4021 2620 4090 Palaeologum
2646 4021 2948 4088 legitimum
2984 4019 3254 4072 luet-edem
3283 4062 3296 4079 ,
3343 4030 3398 4072 et
3448 4035 3541 4086 pa-

1967 4117 2066 4171 tris
2113 4114 2196 4168 sui
2225 4111 2522 4166 Andronici
2564 4125 2964 4172 successorem,
2996 4123 3361 4176 socerumque
3395 4107 3540 4162 Can-

1965 4220 2290 4263 tacuzenutn
2321 4243 2334 4261 .
2391 4211 2446 4256 et
2483 4201 2728 4270 ejusdem
2778 4201 2950 4254 ﬁlium
3003 4201 3316 4254 Manlianum
3366 4203 3538 4269 (cum

1965 4301 2164 4371 quibus
2188 4297 2458 4351 ambobus
2487 4295 2774 4348 dissidinm
2817 4295 2866 4347 ei
2901 4295 3252 4360 intercessit)
3289 4295 3538 4364 contige-

1967 4402 2116 4446 rnnt.
2143 4388 2382 4443 Tametsi
2409 4396 2463 4440 et
2491 4387 2544 4439 in
2567 4386 2782 4440 duobus
2813 4385 3089 4454 prioribus
3122 4396 3227 4438 tam
3269 4385 3436 4440 multa
3468 4385 3536 4439 de

1965 4483 2347 4539 Cantacuzeno
2373 4485 2796 4530 commemorata
2833 4484 2981 4536 sunt,
3025 4483 3084 4528 ut
3139 4477 3284 4546 quod
3324 4475 3376 4528 in
3409 4475 3533 4544 epi-

1964 4575 2098 4628 stola
2133 4571 2288 4626 Nilus
2323 4570 2417 4630 ait,
2449 4583 2574 4622 eum
2611 4567 2934 4634 αὑτουργδν,
2967 4568 3068 4621 hoc
3100 4577 3204 4631 est,
3249 4570 3415 4622 rebus
3451 4571 3534 4637 ip-

1963 4648 2150 4720 sismet
2190 4678 2373 4717 coram
2403 4704 2414 4723 ,
2449 4671 2508 4714 ut
2536 4670 2802 4720 actorem,
2829 4660 3096 4723 adfuisse,
3116 4677 3270 4730 teque
3297 4664 3363 4718 de
3393 4665 3502 4718 illis
3521 4705 3536 4728 ,

1963 4767 2025 4810 ut
2055 4756 2122 4807 de
2151 4750 3019 4820 posterioribus.intelligenduin
3053 4751 3325 4805 videatur.

2033 4845 2196 4900 Gesta
2234 4852 2362 4896 sunt
2387 4853 2568 4896 autem
2597 4842 2777 4894 omnia
2813 4841 2882 4894 ab
2927 4857 3072 4894 anno
3113 4853 3236 4912 post
3261 4843 3542 4898 Christum

1971 4949 2162 4992 natum
2201 4935 2509 4994 millesimo.
2531 4933 2918 4987 trecentesimo
2947 4935 3208 4988 vicesimo
3241 4937 3440 5003 primo,
3473 4937 3542 4990 ad

1973 5041 2177 5080 annum
2215 5026 2335 5092 plus
2388 5025 2568 5077 minus
2614 5025 3132 5093 quinquagesimum
3176 5041 3404 5088 nouum,
3443 5043 3542 5079 an-

1971 5120 2058 5172 nis
2089 5119 2348 5171 nimirum
2379 5117 2596 5184 triginta
2621 5131 2840 5178 novem,
2869 5127 2962 5168 aut
3001 5117 3242 5170 circiter.
3279 5117 3369 5170 Sic
3395 5119 3540 5170 enim

1975 5211 2243 5263 rationein
2282 5191 2664 5261 subducinius.
2705 5207 2933 5259 Michael
2969 5207 3304 5277 Pala-ologus
3334 5209 3543 5277 collega

1971 5276 2142 5368 patris
2173 5301 2254 5352 sui
2284 5300 2578 5354 Andronici
2609 5310 2859 5352 mortuus
2882 5309 2964 5352 est
2995 5301 3288 5352 millesimo
3323 5310 3545 5356 trecen-

1974 5393 2165 5444 tesimo
2193 5392 2448 5444 vicesimo
2472 5391 2672 5460 primo.
2703 5391 2905 5444 Eodem
2927 5390 3045 5458 ipso
3067 5405 3211 5442 anno
3241 5391 3308 5461 (si
3337 5407 3364 5444 a
3390 5393 3548 5445 Sem-

1971 5484 2168 5536 tembri
2201 5483 2370 5536 ducas
2392 5485 2518 5535 anni
2555 5483 2816 5542 initium,
2856 5489 2914 5535 ut
2950 5481 3124 5536 Graeci
3173 5483 3386 5550 dicunt)
3431 5485 3547 5537 bel-

1969 5573 2080 5624 lum
2144 5573 2285 5626 inter
2316 5587 2474 5624 avum
2519 5584 2572 5625 et
2624 5583 2875 5642 nepotem
2929 5575 3172 5637 esarsit,
3218 5574 3544 5644 duravitque

1971 5645 2313 5729 sexennium,
2353 5673 2405 5718 et
2431 5679 2671 5719 mensem
2723 5681 2913 5730 unum,
2977 5674 3034 5717 ut
3093 5665 3145 5734 in
3206 5667 3354 5721 calce
3417 5669 3543 5726 libri
