4222 6442
219 479 294 544 25
1537 469 2136 533 PROLEGOMENA.
3421 463 3494 530 26

229 594 414 650 ἀνείπη
453 599 581 664 post
616 590 923 650 Clementis
950 603 980 645 e
1007 589 1118 646 vita
1166 589 1470 646 discessum
1525 586 1818 658 imperavit

1935 584 2230 652 τελεωτᾶτη
2267 581 2556 648 πολιτείαν
2589 581 2733 636 θεῖόν
2763 598 2816 636 τι
2865 579 3050 652 χρῆμα
3092 579 3186 636 καὶ
3215 579 3382 649 ἱερὶν,
3413 566 3503 652 ξρι-

223 687 584 741 Andronicus
617 689 830 750 senior,
884 699 1043 740 sacro
1083 683 1179 738 illo
1223 683 1454 737 t‘ulntine
1492 691 1670 736 tactus
1698 687 1805 734 est.

225 779 372 848 Ergo
403 779 457 830 in
483 778 798 832 Andronico
840 777 1071 834 Juniore
1111 776 1408 833 Christiani
1460 775 1811 844 imperatoris

223 885 550 939 expressum
612 885 676 924 ac
753 871 938 922 vivum
983 869 1387 938 quodammodo
1454 867 1807 920 simulacrum

227 964 326 1016 hie
355 963 706 1034 proponitur.
739 963 836 1034 Est
874 963 1044 1024 enim,
1082 973 1139 1016 ut
1171 963 1378 1032 paucis.
1419 973 1473 1016 ct
1498 959 1810 1014 summatim

229 1072 486 1122 agamus,
521 1055 748 1118 excelsi,
789 1071 892 1108 nec
926 1057 1110 1108 minus
1139 1055 1372 1108 modesti
1410 1052 1610 1114 animi,
1646 1052 1813 1104 bene-

230 1151 390 1208 licus,
421 1149 598 1209 l'ortis,
627 1163 690 1200 ac
714 1163 1043 1216 generosus.
1077 1149 1347 1201 adversus
1372 1146 1511 1200 bene
1540 1153 1815 1196 merentes

225 1247 458 1304 gratus,
495 1237 802 1301 humanus,
857 1237 1187 1307 iniuriarum
1241 1237 1602 1304 laborumque
1681 1232 1816 1286 tole-

227 1343 396 1390 rans,
445 1331 496 1382 in
546 1330 882 1398 ignoscendo
928 1329 1112 1386 mitis.
1151 1328 1506 1388 misericors,
1545 1326 1692 1394 pacis
1720 1339 1816 1376 cu-

229 1421 418 1489 pidus,
465 1425 518 1475 in
567 1423 936 1476 consultando
969 1437 1093 1474 cum
1123 1421 1320 1475 amicis
1357 1421 1594 1486 diligens
1630 1417 1812 1486 (quod

227 1523 435 1568 contra
483 1515 754 1568 mentitur
780 1515 1074 1582 Gregoras,
1109 1516 1236 1566 dum
1279 1513 1506 1566 consilia
1543 1511 1690 1563 nulla
1721 1509 1817 1562 ad-

231 1609 476 1660 unsisse.
512 1617 568 1660 ct
601 1607 890 1672 imperium
927 1607 1229 1672 neglexisse
1268 1605 1562 1670 autumat),
1592 1603 1662 1654 ab
1689 1601 1818 1654 odio

233 1701 287 1751 in
322 1715 662 1767 quemquam
710 1698 1064 1766 suscipiendo
1096 1699 1349 1758 alienus,
1387 1695 1636 1764 pecunia:
1677 1692 1818 1746 libe-

233 1791 370 1842 ralis
392 1831 406 1852 ,
441 1789 749 1843 :edilicaudi
786 1789 1070 1842 studiosus
1093 1830 1106 1846 .
1139 1802 1270 1856 erga
1301 1787 1472 1840 Deum
1499 1827 1514 1850 ,
1568 1783 1778 1837 cmlitcs
1804 1819 1818 1844 ,

234 1883 564 1936 sacerdotes
591 1923 604 1946 ,
657 1898 820 1935 avqu
855 1883 993 1934 inire
1026 1881 1171 1950 pius.
1219 1879 1411 1932 lusunt
1453 1879 1505 1930 in
1548 1876 1634 1928 his
1667 1875 1821 1928 libris

235 1973 474 2042 insuper
503 1974 606 2027 alia
656 1973 709 2026 in
762 1973 886 2026 aliis
921 1973 1316 2041 praeclarorum
1370 1969 1714 2028 facinorum,
1765 1975 1822 2020 et

235 2067 434 2132 (quod
475 2065 943 2118 dissimulandum
987 2077 1094 2116 non
1140 2067 1264 2129 est)
1310 2059 1476 2112 etiam
1526 2058 1822 2126 insignium

233 2161 506 2218 vitiorum
535 2159 786 2226 Clt‘lllpi'l
823 2173 836 2210 :
875 2171 1111 2224 quorum
1163 2164 1222 2206 ut
1267 2155 1356 2206 ilia
1387 2151 1650 2206 imitanda
1679 2192 1692 2214 ,
1745 2150 1825 2202 sic

233 2249 338 2298 ista
371 2248 632 2300 evitanda
685 2245 848 2300 nobis
879 2255 1032 2298 sunt.
1069 2243 1271 2298 Notum
1301 2252 1387 2296 est
1418 2255 1655 2310 namque
1686 2238 1820 2293 illud

237 2341 507 2394 liotuaua!
533 2339 776 2418 historia!
804 2337 1074 2408 principis
1099 2354 1112 2390 :
1148 2335 1261 2388 lloc
1287 2333 1422 2387 illud
1457 2343 1533 2386 cat
1565 2333 1826 2400 prrccipue

235 2435 288 2487 in
315 2436 621 2504 cognitione
649 2451 823 2486 rerum
874 2433 1086 2484 salubre
1117 2447 1178 2484 uc
1211 2429 1550 2500 frugiferum,
1583 2429 1752 2480 orariis
1777 2435 1825 2478 te

235 2525 469 2594 exlmpli
501 2525 812 2577 documenta
840 2525 892 2574 in
926 2522 1122 2574 illu~tri
1157 2523 1324 2590 posita
1379 2526 1714 2572 monumento
1746 2519 1828 2570 iu-

235 2619 400 2678 tueri,
437 2617 575 2674 unde
605 2617 696 2669 tibi
739 2627 946 2686 tua'qnc
977 2614 1276 2684 rcipnb’icm
1305 2613 1444 2682 quod
1505 2613 1708 2664 imitere
1735 2627 1824 2662 m-

237 2711 354 2774 pius
391 2724 407 2760 :
439 2709 580 2760 unde
605 2707 796 2776 [mlum
833 2709 1062 2774 ittrt'pln,
1097 2706 1288 2775 [redimi
1317 2713 1457 2756 exitu
1495 2702 1633 2772 quod
1675 2702 1823 2755 rites.

237 2801 422 2872 llabct
457 2801 548 2853 hic
573 2800 716 2862 dux,
751 2799 915 2853 habet
950 2799 1106 2850 miles
1132 2840 1143 2856 ,
1180 2797 1343 2849 habet
1379 2795 1624 2864 privatus
1659 2794 1824 2856 int'lS,

239 2885 406 2943 lvahet
445 2890 831 2956 magistratus.
870 2889 1076 2942 habent
1107 2887 1284 2948 sacri,
1329 2887 1534 2940 habent
1570 2884 1824 2954 profani,

239 2982 456 3036 habent
497 2981 722 3040 summi,
761 2981 964 3034 habent
995 2980 1189 3038 intimi.
1231 2979 1434 3032 habent
1467 2975 1590 3038 viri,
1621 2976 1828 3028 habent

239 3078 548 3138 uiuiiercs,
589 3075 735 3143 quod
771 3075 852 3127 vel
893 3073 1096 3140 fugiant
1137 3073 1220 3125 vel
1257 3079 1586 3139 sequantur.
1634 3068 1828 3121 lusunt

240 3169 532 3222 orationes
575 3165 973 3220 creberrume:
1015 3181 1154 3234 quas
1199 3180 1321 3216 cum
1375 3164 1466 3216 hic
1511 3172 1706 3214 auctor
1738 3161 1824 3213 di-

1916 957 2036 1010 bilt's
2065 997 2078 1018 ,

1917 1067 2221 1118 supremum
2275 1067 2336 1102 ac
2399 1052 2838 1120 perfectissimum
2879 1053 3001 1102 vitae
3044 1051 3367 1112 institutum,
3423 1064 3504 1100 res

1915 1149 2100 1193 unum
2160 1153 2204 1192 ct
2287 1141 2486 1204 divina,
2549 1141 2876 1212 philosophia
2958 1150 3006 1192 et
3054 1142 3282 1210 cognitio
3333 1155 3510 1192 rerum

1919 1233 2229 1296 ca'lrstium,
2281 1251 2410 1302 opus
2467 1235 2688 1286 sublime
2722 1245 2770 1287 et
2802 1235 3046 1288 Immanis
3087 1234 3282 1288 viribus
3309 1232 3508 1302 majus,

1918 1330 2065 1398 quies
2109 1337 2318 1380 sancta.
2354 1325 2595 1380 Montem
2639 1343 2808 1396 porro
2853 1329 3016 1390 Atho,
3055 1327 3120 1380 ad
3157 1343 3321 1396 quem
3353 1341 3508 1379 com-

1913 673 2159 742 λοσοφία,
2219 673 2312 726 καὶ
2367 674 2495 742 περὶ
2549 673 2819 744 οὐρανίων
2875 674 3216 744 πραγμάτων
3267 673 3502 741 γνῶσις,

1915 772 2072 841 ἔργον
2113 771 2336 840 ὑψηλὸν,
2365 771 2460 824 καὶ
2489 771 2586 840 τὴν
2611 770 2959 842 ἀνθρωπξνὴν
2991 771 3318 843 ὑπερθαίνον
3341 769 3503 822 δύνα-

1918 883 2030 934 μιν,
2071 866 2189 936 ἱερὰ
2243 866 2464 936 ἡσυχὶα.
2505 865 2560 918 ld
2595 873 2702 926 est,
2739 882 2819 919 res
2869 865 3108 924 honesta.
3138 873 3186 926 et
3223 865 3328 918 Deo
3356 879 3508 918 ama-

2135 959 2240 1010 ritu
2292 960 2513 1028 negotiis
2552 974 2749 1022 vacua,
2786 967 2834 1010 et
2866 955 3274 1028 tranquillitatit
3319 957 3501 1025 plena,

1922 1421 2082 1488 plura
2113 1421 2384 1475 :edilicata
2423 1423 2786 1487 monasteria,
2828 1422 2883 1474 in
2920 1421 3126 1490 quibus
3164 1421 3356 1484 ingens
3387 1431 3509 1470 mo-

1923 1513 2226 1566 nachorum
2259 1513 2579 1576 multitudo,
2617 1513 2770 1566 πόλιν
2827 1513 3104 1582 οὐράνιον,
3149 1511 3410 1564 σωιθειρηι
3439 1509 3512 1561 ci-

1922 1607 2137 1658 vitatem
2169 1605 2438 1658 nominat.
2479 1605 2656 1658 Fucos
2690 1605 2812 1657 illos
2843 1603 3206 1658 scholasticos
3230 1641 3244 1662 ,
3277 1602 3369 1653 καὶ
3408 1599 3508 1660 τὰς

1923 1697 2218 1766 ληκύθους,
2263 1705 2320 1749 et
2380 1696 2658 1765 pigmenta
2718 1691 2992 1752 Isocratea
3045 1711 3154 1747 non
3187 1693 3351 1746 habet
3396 1691 3512 1746 hinc

1925 1789 2160 1844 historia
2191 1807 2204 1843 :
2235 1789 2329 1842 sed
2357 1799 2616 1844 ornatum
2645 1787 2939 1858 quemdam
2965 1785 3327 1842 matronalem
3381 1783 3514 1836 viri-

1925 1885 2166 1952 lemque,
2203 1898 2266 1936 ac
2303 1883 2586 1937 robustam
2639 1882 2993 1951 elegantiam.
3037 1879 3330 1936 Schemata
3363 1893 3514 1946 quae-

1925 1977 2050 2028 dam
2099 1975 2340 2028 oratoria
2409 1981 2462 2028 et
2531 1973 2808 2028 Atticismi
2864 1989 2974 2026 non
3021 1972 3246 2041 penitus
3290 1969 3554 2024 absunt.’

1925 2067 2135 2136 Lingua
2167 2067 2360 2136 purior
2405 2076 2512 2126 est.
2549 2081 2716 2135 quam
2753 2079 2856 2134 pro
2890 2063 2979 2118 illa
3015 2071 3197 2126 relate,
3251 2075 3360 2114 non
3387 2073 3514 2114 cum

1927 2161 2068 2212 laete
2101 2159 2338 2212 nutricis
2371 2159 2565 2212 hausta
2589 2199 2602 2224 ,
2655 2157 2752 2211 sed
2786 2173 2852 2210 ex
2888 2155 3046 2209 libris
3079 2163 3337 2224 percepta
3361 2151 3518 2204 vide-

1925 2253 2074 2306 licet.
2129 2253 2266 2306 Nam
2313 2253 2406 2306 illo
2449 2253 2652 2306 sweulo
2702 2249 2826 2320 (sub
2859 2247 3190 2304 Audrouicis
3231 2245 3515 2308 nimirum,

1925 2353 1979 2398 et
2025 2349 2224 2411 antea)
2279 2361 2386 2397 non
2433 2343 2798 2398 mediocriter
2839 2343 3200 2400 ini‘uscatam.
3244 2347 3302 2393 et
3335 2345 3517 2390 muta-
3589 2405 3592 2408 ἠ

1931 2451 2112 2490 tones
2137 2437 2282 2490 haud
2315 2437 2462 2490 leves
2486 2451 2825 2504 perpessam,
2860 2434 3066 2488 eruditi
3097 2448 3208 2486 nou
3234 2429 3516 2485 nesciunt.

1930 2532 2216 2584 Addamus
2261 2531 2366 2584 hoc
2418 2545 2518 2600 pro
2561 2529 2876 2584 corollario.
2911 2527 3232 2581 Genttenscs
3309 2535 3364 2578 ct
3407 2522 3516 2576 Ve-

1933 2624 2048 2678 neti
2081 2625 2254 2677 multa
2301 2623 2392 2677 hic
2421 2625 2488 2676 ab
2520 2623 2643 2676 aliis
2673 2621 2956 2675 historicis
2984 2621 3100 2674 suis
3129 2615 3518 2688 prmtcrmissa.

1931 2727 2026 2772 aut
2055 2733 2340 2787 numquam
2367 2719 2588 2782 cognita
2617 2717 2684 2768 de
2717 2715 3023 2786 majoribus
3049 2711 3186 2772 suis.
3213 2723 3520 2777 eorumque

1931 2813 2134 2864 virtute
2158 2819 2214 2864 ct
2240 2809 2400 2864 laetis
2426 2810 2629 2880 legere,
2668 2817 2730 2862 et
2786 2806 3038 2874 quaedam
3069 2803 3204 2858 falso
3229 2803 3295 2856 de
3323 2801 3550 2874 iisdenr

1933 2901 2198 2954 hactenus
2231 2899 2436 2966 scripta
2474 2897 2892 2968 deprehendere
2923 2903 3206 2964 poterunt.

2005 2995 2226 3056 llestat,
2259 3001 2318 3046 ut
2361 3007 2482 3060 qum
2531 3007 2630 3044 nos
2675 2994 2756 3043 vel
2807 2989 3184 3057 lil‘EBSlllilllllS,
3231 2985 3332 3039 -vc|
3381 3000 3522 3052 pra:-

1934 3096 2082 3138 stare
2127 3084 2556 3140 contendimus,
2616 3081 2952 3134 iudicemus.
2993 3079 3047 3132 in
3103 3075 3526 3146 interpretando

1935 3191 2056 3230 eam
2091 3176 2329 3245 speciem
2365 3189 2464 3242 pro
2503 3181 2666 3241 captu
2709 3181 2899 3226 nostro
2951 3170 3256 3226 consectati
3307 3183 3529 3233 sumus,

245 3271 430 3316 rectas
459 3260 620 3314 valde
653 3269 797 3313 amet
833 3270 980 3312 (sunt
1011 3258 1156 3312 enim
1188 3259 1550 3325 spcriosiorrs
1607 3263 1663 3308 et
1703 3269 1825 3322 gra-
1860 3269 1903 3330 ρ
1938 3285 2100 3336 quam
2149 3283 2216 3320 ex
2273 3267 2748 3320 comnhiccuone
2775 3305 2788 3327 '
2823 3265 2918 3333 qui
2953 3265 3019 3316 de
3067 3263 3275 3331 opum,
3324 3277 3528 3330 genam

243 3357 482 3418 \iores‘t,
511 3369 608 3406 uos
631 3351 906 3404 interdum
946 3351 1226 3404 brevitatis
1253 3350 1447 3418 gratia,
1473 3363 1528 3402 et
1553 3349 1619 3402 ad
1653 3349 1830 3401 vitan-

245 3451 372 3498 daui
403 3463 470 3499 ev
499 3443 861 3498 similitudine
898 3444 1206 3496 satietatem
1235 3485 1246 3502 ,
1274 3443 1338 3494 ad
1363 3442 1636 3510 obliquas,
1681 3455 1832 3492 more

244 3539 564 3594 Ca-sariauo
594 3537 924 3606 rcdegimns.
945 3536 1053 3588 Nec
1085 3551 1301 3602 possunt
1329 3535 1396 3587 de
1424 3534 1542 3587 istis
1567 3531 1832 3586 orationi.

247 3630 688 3698 husqnidquam
725 3630 924 3682 melius
977 3643 1040 3679 ac.
1095 3629 1280 3680 verius
1328 3627 1548 3686 dicere,
1585 3643 1748 3696 quam
1787 3623 1828 3678 si

249 3737 346 3775 eas
373 3721 698 3790 prudentes,
727 3719 1002 3786 copiosas,
1033 3733 1438 3785 nervmatmque
1463 3733 1524 3769 ac
1549 3721 1835 3784 sanguinis

251 3815 484 3882 plenas,
521 3822 577 3864 et
608 3811 834 3864 omnino
881 3811 1320 3880 ῥητορικωτέρας
1366 3809 1574 3864 duc-ro.
1609 3811 1838 3864 l’raster—

249 3924 314 3960 ea
374 3897 470 3958 hic
549 3905 799 3957 invenire
851 3913 932 3956 est
977 3902 1128 3954 loces
1182 3917 1508 3956 communes
1569 3913 1836 3956 tractatos

249 4001 496 4065 egregie,
535 3997 670 4052 scite
698 3997 842 4050 dicta
866 4038 879 4060 ,
919 4011 1211 4063 paruimus
1238 4011 1344 4046 non
1375 3995 1658 4064 _vulgares.
1694 3999 1838 4048 cele-

253 4093 442 4145 brium
475 4091 808 4158 scriptorum
841 4089 924 4158 (ut
947 4088 1015 4140 de.
1045 4087 1218 4140 sacris
1244 4093 1474 4152 taceam)
1507 4091 1833 4144 sententias.

254 4183 422 4236 Iabell
445 4198 490 4236 :s
519 4181 732 4250 aliquot
761 4179 992 4248 lepidas,
1029 4191 1082 4232 et
1115 4178 1178 4230 ad
1208 4195 1318 4230 rem
1349 4178 1836 4232 demonstramlam

254 4275 544 4345 appositas
577 4291 590 4327 :
627 4288 788 4343 quas.
839 4283 900 4325 ut
928 4273 1057 4332 scis,
1091 4272 1550 4339 philosophorum
1606 4273 1682 4324 illi
1739 4291 1838 4324 an-

257 4369 488 4428 tistites,
544 4367 695 4418 l'lato
746 4375 800 4416 et
835 4364 1161 4418 Aristotcles
1185 4403 1199 4424 ,
1237 4366 1561 4432 neutiquam
1595 4377 1842 4417 content-

255 4461 474 4515 nendas
505 4468 862 4511 censuerant.
897 4458 1132 4524 (lapicut
1176 4467 1226 4510 te
1261 4457 1393 4510 item
1425 4471 1563 4524 quas
1605 4457 1840 4510 Strictim

255 4551 483 4619 attingit
517 4549 776 4602 Romana:
801 4549 1080 4617 histOriae;
1117 4551 1342 4618 capient
1373 4551 1511 4603 varii
1543 4550 1718 4612 ritus;
1753 4567 1842 4602 ca-

1942 3359 2346 3428 intcrpretandi
2381 3368 2790 3427 praeceperunt,
2823 3359 3212 3426 bonormuque
3247 3358 3528 3423 interpre-

1939 3463 2051 3505 tum
2085 3452 2478 3506 observatione
2547 3463 2729 3506 mente
2778 3461 3100 3517 conceptam
3165 3458 3327 3516 atque
3359 3445 3533 3500 infor-

1939 3553 2140 3596 tnctam
2195 3543 2570 3599 tenebamus:
2607 3557 2729 3611 quae
2781 3541 3092 3611 cuiusmodi
3143 3541 3250 3602 sit,
3291 3541 3323 3592 ii
3355 3539 3530 3606 potis-

1938 3637 2142 3688 simum
2202 3635 2567 3703 intelligunt,
2619 3650 2855 3704 quorum
2908 3633 3178 3686 industria
3225 3632 3276 3684 in
3331 3629 3529 3682 eodem

1939 3727 2222 3780 curriculo
2276 3743 2334 3779 se
2385 3726 2688 3794 aiiquatnlo
2739 3726 3059 3795 explicavit.
3102 3723 3358 3778 Codicem
3405 3736 3532 3790 per-

1939 3833 2102 3886 quam
2156 3818 2531 3883 mendosum,
2593 3817 2848 3884 maleque
2905 3819 3321 3883 interpunctum
3375 3825 3534 3866 accc-

1943 3911 2142 3978 pimus,
2175 3923 2234 3962 ut
2264 3909 2516 3962 divinare
2583 3919 2636 3962 ct
2671 3909 2948 3976 conjicere
2997 3907 3320 3975 frequenter
3361 3919 3530 3972 opor-

1945 4005 2130 4056 tuerit.
2173 4002 2402 4056 Nomiua
2451 4003 2724 4064 locorum,
2774 4017 2894 4069 quae
2937 4015 3038 4054 nec
3065 3998 3528 4068 diligentissimus

1941 4094 2187 4146 Ortelius
2221 4093 2408 4146 munia
2439 4093 2702 4162 collegit,
2741 4101 2798 4146 et
2851 4106 3246 4160 personarum,
3281 4105 3402 4159 qua:
3443 4089 3531 4144 vel

1943 4185 2152 4238 Gra'eia
2199 4185 2312 4253 iam
2364 4184 2626 4238 occidens
2681 4192 2738 4238 ct
2797 4183 3305 4252 βεϐαρϐαρωυὲνη,
3339 4181 3422 4235 vel
3465 4181 3534 4234 li-

1945 4277 2258 4330 brariorum
2301 4276 2595 4329 oscilantia
2643 4273 3004 4343 depravarat,
3047 4274 3252 4328 alicubi
3276 4273 3346 4327 de
3378 4288 3528 4326 con-

1939 4369 2156 4438 icctura
2185 4365 2604 4419 cmendavimus
2661 4369 2807 4436 (nam
2838 4365 2932 4434 qui
2958 4365 3206 4418 omnium
3235 4377 3422 4418 veram
3477 4371 3536 4418 et

1947 4475 2268 4532 germanam
2307 4461 2636 4529 scripturam
2671 4458 3036 4528 coniectando
3081 4457 3254 4527 possit
3283 4456 3530 4525 assequi,

1945 4571 2048 4624 ego
2070 4554 2292 4622 quidem
2321 4551 2566 4606 luiturum
2597 4553 2794 4620 opinor
2821 4551 3145 4615 nemiuemt,
3167 4549 3370 4604 omissa
3387 4563 3536 4618 quin-

257 4645 580 4713 picutquos
623 4641 815 4694 miscet
845 4641 1156 4694 animorum
1195 4653 1397 4704 motus,
1439 4651 1554 4694 tum
1595 4643 1748 4695 lenes
1777 4657 1842 4696 ac
1877 4617 1918 4672 θ
1949 4647 2078 4700 dam
2129 4645 2546 4714 supplevimus;
2599 4645 2652 4700 iu
2706 4643 2956 4708 singulos
2993 4643 3168 4696 libros
3224 4642 3536 4711 periochas,

261 4733 468 4795 sedati,
509 4747 647 4800 quos
679 4731 784 4800 ἤθη
816 4731 1011 4792 Graeci,
1051 4741 1162 4784 tum
1204 4747 1398 4802 graves
1425 4733 1522 4796 illi,
1571 4733 1840 4787 etcouei-

259 4828 405 4890 tati,
457 4841 598 4894 quos
645 4825 808 4878 iidem
853 4823 1004 4893 πάοη
1055 4833 1300 4880 vocant:
1331 4825 1552 4894 capient
1627 4825 1841 4879 descri-

259 4921 486 4990 ptiones
519 4917 728 4986 aliquot
765 4917 1010 4985 insignes
1042 4935 1054 4970 :
1087 4919 1306 4986 capient
1339 4917 1442 4971 alia
1471 4918 1692 4970 demum
1727 4917 1844 4984 plu-

263 5016 430 5066 rima.
452 5010 612 5076 Quod
639 5011 682 5064 si
714 5025 893 5062 rerum
919 5009 1156 5062 varietas
1180 5011 1440 5074 delectat,
1465 5009 1534 5066 de
1549 5024 1663 5080 quo
1680 5025 1844 5062 neuio

261 5107 510 5166 dubitat,
543 5119 606 5157 ea
635 5119 769 5157 sane
809 5105 896 5156 hic
925 5103 1157 5156 miriﬁca
1184 5105 1455 5163 cernitur.
1491 5113 1552 5156 ut
1593 5103 1842 5170 singulo-

263 5215 386 5252 rum
419 5197 686 5248 librorum
729 5195 1032 5264 periochae,
1083 5209 1178 5248 seu
1208 5195 1463 5262 epitonia:
1497 5195 1840 5247 indicabunt.

268 5288 798 5360 Episcopisdebitns
825 5287 997 5340 honos
1029 5296 1079 5340 et
1123 5287 1426 5340 reuerentia
1448 5287 1536 5340 hic
1559 5287 1841 5339 tribuitur.

265 5383 574 5440 Catholica-
625 5381 874 5435 iustitma
921 5381 1370 5447 caeremoniaequc
1431 5377 1503 5430 ita
1562 5389 1692 5430 sunt
1751 5394 1846 5446 per

271 5479 438 5531 hosce
469 5475 640 5528 libros
665 5475 966 5536 luculenta,
998 5481 1054 5524 ut
1083 5487 1188 5524 non
1227 5479 1382 5539 eptes
1419 5471 1606 5538 magis.
1647 5471 1703 5522 In
1733 5471 1844 5537 pri-

271 5573 374 5624 mis
403 5583 543 5624 vero
569 5569 660 5622 Dei
688 5569 856 5622 Mater
883 5581 1095 5620 summa
1131 5565 1184 5618 iu
1219 5564 1569 5618 veneratione
1598 5574 1682 5616 est
1713 5580 1724 5615 :
1757 5562 1844 5614 cui

271 5665 441 5712 etiam
497 5658 633 5712 urbs
681 5667 794 5710 tota
841 5655 1352 5724 Constantinopolis
1405 5669 1433 5706 a
1487 5653 1848 5706 Constantino
1885 5669 1900 5682 κ

273 5751 470 5814 Magno
522 5755 814 5806 commissa
873 5767 936 5804 ac
996 5751 1248 5804 dedicata
1285 5749 1505 5818 legitur.
1569 5746 1689 5801 Vita
1737 5763 1852 5800 uto-

259 5841 484 5894 'uastica
520 5851 606 5894 est
636 5841 734 5904 illi,
781 5844 892 5908 πρΞι
909 5857 1012 5908 (μα
1038 5841 1198 5892 καλὸν
1239 5841 1330 5892 καὶ
1360 5838 1623 5906 Θεοφιλὲς,
1675 5837 1852 5908 ἀπρά-

283 5948 436 6001 γμων
467 5940 558 5986 καὶ
599 5935 790 6000 psam;
823 5933 1060 6006 -ίκλὴνης
1095 5935 1226 6005 βίης,
1265 5935 1558 6003 expirare;
1593 5930 1728 6002 βίης,
1761 5933 1850 5987 καὶ

1944 4757 2039 4797 seu
2089 4743 2364 4811 epitomas
2421 4736 2901 4806 conscripsimus:
2941 4751 3080 4806 quas
3125 4743 3182 4788 et
3229 4737 3440 4790 lecturo
3471 4735 3539 4789 ad

1949 4833 2428 4906 προπαρασκευὴν
2457 4873 2474 4898 ,
2525 4841 2583 4886 et
2617 4832 2668 4884 ei
2706 4831 2800 4900 qui
2842 4831 2954 4900 iam
3013 4830 3189 4898 legit,
3239 4829 3306 4882 ad
3339 4829 3540 4880 ἁνακε-
3597 4821 3604 4844 ⁹

1945 4929 2254 4998 φαλπῐωσιν
2298 4926 2464 4979 utiles
2515 4925 2636 4980 fore
2688 4924 3068 4978 conﬁdimus:
3103 4921 3312 4976 relictis
3335 4923 3542 4975 sectio-

1946 5021 2111 5074 nibus
2143 5023 2304 5086 (quas
2339 5017 2393 5068 in
2447 5015 2729 5084 plerisque
2759 5013 3054 5067 codicibus
3081 5053 3093 5074 ,
3135 5015 3250 5066 sive
3301 5010 3538 5074 scribas,

1946 5117 2060 5166 sive
2087 5111 2354 5170 lectores,
2392 5123 2504 5160 uou
2555 5107 2706 5174 ipsos
2753 5115 3015 5160 auctores
3067 5105 3410 5174 excogitasse
3485 5099 3543 5158 ἐι

1947 5201 2272 5256 adhibuisse
2317 5199 2462 5264 reor)
2495 5197 2642 5264 quod
2697 5195 2862 5249 modo
2897 5197 3064 5248 nimis
3111 5195 3342 5258 crebrae,
3379 5192 3548 5246 modo

1951 5291 2118 5346 nimis
2177 5306 2348 5350 rane,
2399 5289 2602 5356 smpius
2651 5298 3040 5356 argumentum
3097 5287 3184 5339 vix
3229 5301 3294 5340 ex
3343 5285 3546 5340 triente

1953 5383 2526 5450 comprehenderent,
2559 5382 2612 5433 in
2649 5381 2826 5449 capita
2857 5419 2872 5442 ,
2909 5397 3060 5434 more
3108 5380 3426 5432 Latinorum
3457 5386 3546 5430 to-

1953 5483 2067 5526 tum
2099 5487 2304 5541 corpus
2330 5473 2624 5526 divisimus
2650 5511 2664 5532 ,
2713 5481 2770 5524 et
2798 5473 2863 5524 ad
2909 5473 3178 5540 cuiusque
3209 5469 3406 5536 capitis
3437 5467 3545 5519 ini-

1955 5567 2088 5620 tium
2153 5565 2622 5634 cius,snnunam
2692 5565 3058 5632 apposuimus
3105 5569 3415 5629 notasque,
3485 5569 3545 5612 ut

1951 5663 2216 5723 quantum
2251 5657 2488 5706 tiiaxime
2535 5669 2824 5720 possemus
2849 5695 2865 5718 ,
2899 5661 2955 5705 et
3007 5653 3158 5704 hisce
3203 5649 3457 5710 sununis,
3488 5659 3545 5703 et

1957 5747 2063 5800 illis
2097 5745 2357 5813 epitomis
2391 5745 2586 5797 lectori
2621 5745 2807 5797 lumen
2835 5743 3338 5813 prwpauderemus.
3364 5739 3541 5794 Locos

1955 5839 2165 5906 aliquot
2202 5853 2394 5904 parum
2439 5851 2635 5898 sanos,
2669 5835 2948 5905 pra-textis
3001 5837 3052 5887 in
3107 5835 3226 5902 ipso
3269 5841 3532 5886 contextu

1956 5927 2531 5984 anitnadvcrsiouihus
2607 5927 3062 5992 perstrinximus,
3109 5939 3246 5995 quas
3298 5925 3524 5995 quidem
