4222 6442
282 5904 615 6025 βπ

692 426 766 489 27
1832 421 2179 481 JOANNES
2216 423 2836 489 CAN'l‘ACUZENUS.
3858 432 3930 494 28

696 540 888 602 rogatu
922 536 1115 586 nostro
1145 529 1385 587 Iacobus
1409 529 1726 592 Gretscrus,
1749 530 2032 584 societatis
2066 540 2265 583 nostrae
2296 532 2340 587 Δ
2370 550 2477 606 que
2503 544 2563 588 ut
2594 537 2666 590 ab
2698 533 2982 590 historicis
3012 534 3294 600 abeamus,
3346 543 3402 591 et
3428 535 3493 590 ad
3522 536 3658 592 alios
3692 541 3931 609 scripto-

697 623 1019 692 tbeologus,
1050 622 1186 676 etin
1212 621 1489 677 academia
1536 621 1937 692 lngolstadiana
1986 621 2261 690 professor

696 716 1010 769 ordinarius
1068 715 1423 784 conscripsit.
1459 714 1525 768 Et
1554 715 1668 769 hare
1696 713 1928 768 fecimus
1952 752 1967 776 ,
2003 714 2174 776 magis
2206 721 2267 765 nt

696 803 993 856 candorem
1036 812 1281 856 nostrum
1312 804 1470 857 bonis
1500 803 1634 856 viris
1669 803 2025 870 probaremus
2050 842 2065 865 ,
2100 816 2263 869 quam

699 892 845 959 quod
886 893 978 946 illa
1006 932 1020 955 ,
1066 894 1472 962 qualiacunque
1525 902 1653 947 sunt
1682 934 1696 957 ,
1758 894 1863 948 hoc
1913 896 2135 963 quidem
2168 909 2267 947 sa:-

697 983 825 1035 culo
852 1022 866 1044 ,
913 990 971 1036 et
1007 983 1059 1036 in
1093 983 1179 1037 his
1210 985 1370 1037 terris
1426 984 1491 1036 ad
1532 1000 1863 1053 quemquam
1913 983 2265 1038 inliciendmn

699 1074 1225 1143 depravandumque
1309 1077 1540 1130 valitura
1617 1076 2061 1137 formidaremus.
2135 1076 2267 1143 Quis

699 1164 847 1217 enim
889 1167 1107 1230 nescit,
1155 1169 1318 1221 etiam
1362 1169 1455 1237 qui
1507 1168 1725 1222 litteras
1755 1184 1862 1222 non
1917 1168 2128 1231 didicit,
2160 1182 2266 1219 non

701 1263 817 1307 tmn
847 1257 1085 1323 primum
1116 1296 1132 1322 ,
1181 1259 1560 1328 propendente
1608 1248 1819 1313 scilicet
1855 1260 1966 1328 jam
2014 1258 2079 1312 ad
2111 1273 2271 1311 occa-

700 1361 820 1401 sum
856 1347 1086 1416 imperio
1110 1390 1123 1411 ,
1158 1350 1253 1404 sed
1296 1350 1483 1403 multis
1506 1359 1631 1403 ante
1678 1365 1943 1403 annorum
1980 1349 2265 1412 centuriis,

700 1453 841 1507 pene
878 1447 1002 1508 post
1036 1442 1553 1509 octingentesimum
1603 1442 1784 1493 statim
1832 1440 1900 1493 ab
1935 1451 2058 1493 ortu
2106 1440 2269 1495 Chri-

701 1532 809 1593 sti,
855 1532 1189 1587 Orientalem
1227 1534 1531 1587 Eeclesiam
1562 1549 1591 1586 a
1635 1534 1882 1586 Romana
1934 1532 2274 1587 secessisse?

701 1623 977 1678 Feruntur
1031 1625 1159 1678 item
1208 1625 1454 1679 historici
1510 1642 1620 1678 non
1671 1625 1872 1694 pauci,
1925 1624 2029 1679 hoc
2076 1635 2269 1678 nostro

702 1717 899 1783 partim
930 1716 1294 1784 antiquiores,
1328 1717 1523 1786 partim
1560 1718 1895 1782 recentiores
1914 1731 2105 1787 ,‘quos
2143 1731 2267 1770 cum

703 1803 770 1855 ad
816 1819 985 1856 unum
1035 1806 1121 1857 vel
1182 1804 1234 1858 in
1281 1804 1602 1869 haereticis,
1641 1804 1725 1858 vel
1790 1805 1843 1857 in
1901 1803 2265 1858 scbismaticis

698 1894 821 1965 jure
856 1909 1211 1948 numeremus
1233 1936 1245 1956 ,
1294 1895 1443 1948 nullo
1474 1904 1653 1947 tamen
1698 1910 1888 1949 eorum
1918 1894 2035 1947 sine
2065 1892 2267 1961 aliquo,

703 1985 963 2038 omnibus
996 1986 1159 2038 simul
1196 1985 1315 2039 sine
1362 1985 1599 2039 maximo
1648 1985 1982 2038 detrimento
2030 1983 2269 2036 Ecclesia

709 2073 953 2129 liomana
1012 2090 1199 2129 carere
1243 2091 1355 2129 non
1410 2085 1609 2143 potest.
1663 2076 1782 2130 Vin‘
1831 2083 1885 2127 tu
1934 2074 2126 2128 audire
2176 2071 2270 2141 qui

707 2165 860 2219 sint?
917 2167 1253 2220 Sozomeuus
1320 2178 1375 2219 et
1430 2166 1690 2220 Socrates
1734 2166 1928 2220 Novati
1986 2164 2270 2234 perfidiam

704 2256 895 2312 sectati
928 2266 1075 2312 sunt.
1113 2258 1356 2323 Quorum
1409 2259 1499 2311 hic
1546 2275 1654 2313 non
1699 2258 1880 2312 oblata
1931 2258 2147 2318 solum,
2176 2255 2272 2310 sed

707 2348 987 2402 interdum
1045 2351 1208 2402 etiam
1281 2350 1508 2417 quaesita
1585 2351 1875 2404 occasione
1941 2349 2275 2422 Novatianos

705 2439 941 2493 libenter
972 2441 1189 2505 laudat,
1239 2442 1372 2511 ipsis
1420 2444 1681 2497 miracula
1734 2443 1963 2506 tribuit,
2000 2442 2279 2508 Romano:

705 2546 828 2584 rum
878 2532 1195 2598 pontiﬁcum
1253 2534 1548 2600 potentiam
1607 2535 1898 2603 exagitat:
1948 2550 2069 2603 qua:
2093 2534 2274 2587 omnia

706 2621 943 2676 Jacobns
972 2623 1166 2678 Billius
1196 2625 1450 2679 eruditus
1499 2626 1785 2694 theologus
1816 2624 2274 2679 Observationum

707 2726 987 2766 sacrarum
1023 2715 1163 2766 libro
1194 2718 1407 2783 primo,
1460 2717 1638 2786 capite
1688 2716 1950 2771 vicesimo
2001 2730 2155 2771 sexto
2188 2717 2276 2769 lu-

708 2803 960 2857 culenter
1012 2806 1373 2860 demonstrat.
1440 2809 1515 2861 De
1565 2809 1878 2874 Nicephoro
1929 2808 2156 2863 Callisto
2210 2809 2277 2863 li-

711 2904 842 2964 quet
872 2912 934 2949 ex
988 2897 1257 2951 Gennadii
1307 2899 1570 2969 Apologia
1615 2915 1716 2968 pro
1765 2902 1999 2955 concilio
2050 2902 2279 2957 Floren-

714 2988 869 3051 tino,
929 2987 1019 3041 ubi
1064 2987 1183 3057 ejus
1226 3004 1335 3042 non
1391 2999 1496 3043 tam
1545 2991 1770 3059 scripta,
1819 2998 1981 3059 quam
2033 2993 2279 3047 convicia

714 3089 904 3131 contra
943 3078 1168 3133 Latinos
1197 3079 1543 3145 refelluntur,
1578 3090 1638 3134 ut
1678 3081 1746 3135 de
1783 3082 2002 3152 iisquae
2047 3085 2279 3153 sparsim

714 3168 768 3222 in
808 3169 1092 3223 historiam
1130 3186 1280 3223 suam
1314 3172 1533 3225 sinistra
1588 3173 1864 3237 inseruit,
1912 3175 2046 3228 nihil
2080 3176 2276 3230 dicam.
2310 3208 2352 3265 ο
2384 3179 2439 3223 et
2487 3169 2819 3237 inquirimus
2864 3185 2877 3221 :

714 3259 983 3313 Zonaram
1015 3260 1182 3314 fuisse
1209 3262 1645 3327 schismaticutn,
1681 3265 1869 3317 testari
1906 3274 2137 3333 possunt
2163 3267 2283 3335 ejus

715 3361 975 3419 poemata
1013 3351 1420 3405 aculeatissima
1463 3352 1529 3405 de
1560 3354 1913 3421 processione
1961 3356 2133 3410 sancti
2165 3356 2287 3426 Spi-

717 3441 857 3493 ritus
888 3481 900 3500 ,
953 3451 1007 3493 ct
1041 3442 1147 3494 alia
1203 3442 1469 3495 adversus
1518 3443 1740 3497 Latinos
1785 3446 2123 3513 composita,
2165 3463 2287 3516 qua:

720 3532 1116 3586 chebrardus
1166 3534 1294 3587 dum
1329 3544 1718 3597 converteret,
1770 3550 1828 3589 se
1876 3536 2287 3593 criminationes

719 3623 841 3676 illas
877 3626 1134 3679 omisisse
1180 3635 1389 3679 narrat.
1440 3625 1514 3678 De
1572 3625 1930 3696 Pachymerio
1979 3628 2121 3682 idem
2159 3644 2290 3684 con-

718 3724 865 3769 stare
912 3724 1094 3784 potest
1147 3732 1212 3769 ex
1259 3717 1533 3782 adjunctis
1576 3718 1642 3771 ad
1678 3717 1975 3789 Gregoram
2009 3720 2285 3775 Latinum.

720 3803 793 3857 Ea
830 3815 959 3858 sunt
989 3806 1167 3874 capita
1197 3846 1213 3871 ,
1258 3821 1356 3860 seu
1384 3807 1488 3862 loci
1545 3824 1724 3861 rerum
1779 3811 2042 3864 memoria
2096 3812 2288 3881 digna-

721 3911 844 3949 rum
866 3936 879 3958 ,
910 3913 940 3952 e
967 3898 1159 3951 codice
1193 3901 1548 3967 Augustaiio,
1583 3899 1731 3953 carie
1763 3900 2014 3954 confecto
2058 3911 2111 3955 et
2165 3918 2289 3954 mu-

720 3986 856 4046 tilo,
893 4001 992 4053 per
1042 3987 1291 4055 singulos
1328 3988 1503 4042 libros
1552 3989 1793 4057 excerpti
1826 4006 1840 4042 :
1872 3989 2031 4057 cujus
2073 3991 2291 4044 animus

719 4074 775 4130 in
831 4077 1138 4130 Romanam
1184 4076 1491 4130 Ecclesiam
1543 4079 1723 4145 qualis
1769 4076 1956 4138 fuerit,
1984 4094 2048 4131 ex
2076 4079 2288 4147 quinto,

721 4178 879 4222 sexto
904 4206 919 4229 ,
951 4179 1007 4223 et
1040 4178 1234 4222 octavo
1266 4170 1614 4236 potissimum
1648 4170 1805 4224 libris
1835 4170 2289 4239 deprehenditur.

720 4258 1095 4327 Nicephorum
1142 4259 1438 4328 Gregoram
1479 4276 1698 4329 quoque
1748 4271 1803 4315 et
1842 4261 2085 4315 Nicetam
2147 4261 2293 4316 Clio-

722 4349 929 4403 niatain
977 4366 1172 4403 eorum
1228 4360 1581 4405 monumenta
1663 4351 1924 4420 produnt.
1978 4353 2132 4406 Adde
2185 4354 2293 4407 huc

723 4440 1073 4503 Ccdrenum,
1140 4440 1405 4511 Glycam,
1471 4441 1892 4521 Constantinum
1965 4444 2289 4507 blanassem,

2373 641 2464 681 res
2515 627 2838 690 veniamus,
2887 622 3151 693 Origenes
3191 635 3248 681 et
3324 626 3694 683 Tertullianus
3742 631 3934 699 quales

2369 717 2589 771 tandem
2635 714 2908 770 fuerunt?
2949 731 3131 772 nonne
3176 733 3368 771 eorum
3409 718 3644 773 hmreses
3674 720 3935 774 exstant?

2367 809 2641 862 Feruntur
2671 807 3159 863 Demonstrationes
3187 808 3502 876 evangelica:
3531 809 3747 863 Eusebii
3774 810 3936 864 Pam-

2369 901 2503 969 phili
2527 941 2540 962 ,
2573 902 2625 954 in
2664 901 2873 969 quibus
2902 909 3090 969 aperte
3118 908 3173 951 et
3227 900 3426 967 szepius
3452 899 3755 967 dptavtCEt,
3784 899 3930 968 quod

2370 990 2723 1043 doctissimus
2770 989 2965 1042 Billius
2996 986 3432 1040 Observationum
3467 987 3564 1041 lib.
3603 1003 3655 1048 ι.
3691 1002 3810 1057 cap.
3840 988 3932 1052 27,

2370 1079 2528 1147 plane
2580 1094 2643 1131 ac
2700 1078 2904 1132 diserte
2953 1077 3218 1132 ostendit.
3262 1076 3404 1141 Quid
3454 1077 3936 1131 Demonstrationes

2369 1169 2732 1239 evangelicae?
2803 1168 2996 1223 Statim
3061 1168 3114 1222 in
3171 1169 3290 1237 ipso
3345 1168 3617 1238 principio
3674 1162 3939 1221 Ecclesia-

2372 1262 2675 1337 sticzeejus
2724 1261 2978 1316 Historia:
3027 1262 3159 1331 (quo
3193 1269 3550 1315 monumento
3598 1261 3735 1314 nihil
3765 1260 3938 1314 habe-
3988 1301 4032 1337 ι.

2370 1367 2493 1406 mus
2536 1336 2616 1406 .in
2671 1352 2952 1422 republica
3004 1351 3317 1406 Christiana
3371 1350 3678 1419 illustrius)
3730 1350 3938 1404 ariani-

2371 1456 2519 1496 smos
2562 1443 2770 1510 aliquot
2819 1444 3074 1496 observat
3121 1450 3268 1495 torno
3319 1442 3481 1495 tertio
3508 1441 3796 1495 Annalium
3829 1442 3941 1495 Zo-

2371 1547 2556 1585 naras.
2612 1532 2753 1586 Sunt
2802 1533 2855 1585 in
2893 1531 3144 1586 manibus
3178 1532 3528 1586 Monumenta
3574 1531 3776 1595 Photii,
3812 1543 3939 1588 sunt

2374 1620 2652 1676 Theodori
2694 1622 3034 1675 Balsamonis
3062 1661 3076 1683 .
3130 1621 3223 1689 qui
3281 1620 3508 1676 Latinos
3536 1662 3550 1686 ,
3595 1630 3653 1675 ut
3681 1622 3941 1693 pestilen-

2323 1705 2329 1710 ’
2376 1711 2618 1766 tissimus
2673 1711 3077 1776 schismaticus,
3133 1710 3400 1765 conviciis
3459 1711 3660 1779 passim
3714 1712 3938 1764 lacerat.

2376 1804 2609 1857 Eosdem
2650 1803 2718 1853 ob
2748 1802 3162 1869 processionem
3216 1802 3389 1855 sancti
3421 1802 3661 1871 Spiritus
3706 1803 3944 1871 exagitat

2374 1898 2534 1948 etiam
2589 1894 2791 1948 nobilis
2851 1893 2996 1947 inter
3055 1894 3335 1963 theologos
3400 1892 3586 1948 Patres
3646 1892 3942 1963 TheOphy-

2379 1984 2561 2040 lactus
2594 1985 2860 2054 Bulgaria:
2891 1985 3208 2053 episcopus,
3245 1995 3323 2047 et,
3355 1985 3511 2055 cujus
3545 1985 3804 2039 similiter
3831 1999 3946 2036 ma-

2372 2090 2536 2145 gnum
2562 2076 2704 2128 inter
2717 2090 2901 2129 sacros
2923 2075 3221 2143 scriptores
3246 2089 3445 2127 nomen
3467 2082 3570 2138 est,
3592 2074 3941 2145 Euthymius.

2372 2166 2601 2220 Possum
2649 2165 2830 2219 adhuc
2873 2167 3158 2218 nominare
3184 2165 3437 2219 homilias
3461 2207 3475 2231 ,
3513 2174 3569 2218 et
3603 2165 3705 2218 alia
3736 2167 3943 2233 scripta

2374 2258 2751 2325 hujuscemodi
2774 2256 3080 2319 hominum,
3096 2272 3217 2326 quae
3240 2256 3292 2309 in
3315 2256 3566 2310 Latinum
3591 2257 3846 2310 translata
3871 2256 3939 2309 lc-

2377 2359 2602 2419 guntur,
2627 2359 2682 2403 et
2705 2348 2774 2401 ab
2796 2349 3030 2403 eruditis
3047 2349 3423 2417 proferuntur.
3442 2347 3497 2403 Si
3521 2363 3649 2419 ergo
3667 2363 3766 2401 nec
3783 2363 3946 2416 supe-

2376 2441 2579 2494 riorum
2609 2434 2869 2504 historité,
2895 2455 2997 2493 nec
3020 2440 3248 2493 istorum
3275 2438 3654 2493 commentarii
3681 2438 3947 2492 hactenus

2379 2531 2635 2586 Ecclesia:
2691 2530 3193 2594 incommodaruut,
3236 2531 3368 2599 quin
3421 2530 3604 2598 p0tius
3654 2528 3819 2596 (quod
3858 2544 3946 2582 res

2376 2624 2592 2689 clamat)
2618 2623 2815 2677 mirum
2854 2622 2908 2676 in
2935 2623 3154 2677 modum
3192 2623 3656 2691 vehementerque
3698 2636 3944 2675 commo-

2380 2717 2600 2778 darunt,
2638 2731 2707 2770 ne
2740 2731 2767 2769 a
2799 2716 3182 2770 Cantacuzeno
3215 2714 3437 2784 quidem
3469 2715 3641 2783 magis
3686 2714 3944 2767 damnum

2382 2804 2554 2857 ullum
2586 2804 2939 2857 metuendum
2968 2844 2983 2868 ,
3011 2819 3174 2871 quam
3208 2803 3420 2858 fructus
3448 2843 3462 2868 ,
3515 2804 3667 2873 isque
3700 2818 3807 2856 non
3835 2818 3950 2857 mc-

2380 2894 2607 2955 diocris,
2640 2903 2695 2948 ut
2726 2910 2794 2948 et
2822 2893 3277 2947 antecedentibus
3304 2894 3479 2962 patuit
3500 2933 3514 2956 ,
3538 2894 3946 2963 exspectandus

2382 2997 2486 3043 est.
2522 2989 2725 3041 Rerum
2755 2995 3032 3057 gestarum
3060 3028 3074 3053 ,
3109 3001 3173 3041 ac
3199 2986 3566 3041 vetustiorum
3618 2995 3948 3059 temporum,

2382 3078 2592 3141 utilem,
2640 3076 3118 3145 necessariamque
3150 3076 3517 3145 cognitionem
3571 3079 3953 3145 persequimur

2942 3170 2986 3223 si
3031 3168 3161 3237 quid
3219 3166 3499 3222 interdum
3551 3166 3603 3219 in
3652 3165 3719 3220 iis
3769 3165 3951 3219 minus

2385 3259 2826 3313 commendabile
2875 3261 3232 3329 aspergitur,
3283 3259 3336 3313 id
3393 3268 3504 3312 tota
3563 3266 3744 3313 mente
3794 3271 3953 3310 aver-

2386 3365 2569 3403 samur
2597 3360 2759 3418 atque
2786 3350 3066 3418 rejicimus
3117 3366 3129 3401 :
3168 3356 3223 3402 et
3264 3348 3473 3401 calamo
3502 3345 3690 3411 etiam,
3713 3360 3837 3400 cum
3869 3354 3955 3399 est

2387 3443 2627 3506 occasio,
2662 3452 2919 3494 notamus
2949 3449 3114 3509 atque
3168 3438 3534 3493 confodimns.
3584 3437 3696 3491 Nec
3727 3451 3856 3490 vero
3885 3436 3955 3489 ab

2389 3536 2492 3589 hoc
2526 3543 2755 3588 auctore
2800 3541 2991 3586 nostro
3049 3530 3307 3585 Ecclesia:
3357 3529 3657 3592 Romanis,
3703 3538 3799 3582 aut
3850 3527 3959 3580 llo-

2389 3608 2555 3677 mano
2603 3622 2849 3692 pontiﬁci
2900 3621 3247 3677 contumeliae
3301 3620 3593 3680 dicuntur.
3635 3633 3797 3686 quem
3844 3616 3955 3670 Pa-

2391 3725 2549 3778 trem,
2590 3714 2982 3767 sanctissimum
3029 3710 3346 3774 Dominum,
3393 3720 3483 3763 tua
3533 3710 3817 3772 sanctitas,
3863 3716 3957 3759 tua

2390 3805 2659 3859 beatitudo
2692 3812 2883 3868 vocat,
2916 3813 2972 3856 et
3026 3811 3084 3855 ut
3130 3800 3273 3869 apttd
3328 3815 3454 3853 eum
3506 3798 3766 3867 opinione
3814 3797 3957 3851 mala

2392 3913 2460 3951 ne
2492 3897 2602 3959 sit,
2650 3896 2897 3949 elaborat
2932 3895 3177 3964 (propter
3215 3891 3474 3945 barbaros
3502 3928 3517 3953 ,
3563 3888 3770 3943 Turcas
3801 3888 3959 3942 vide-

2391 3991 2564 4053 licet,
2617 3989 2670 4041 in
2707 3987 2970 4040 auxilium
3024 3985 3321 4039 accersitos
3346 4023 3360 4046 ,
3397 3990 3771 4049 vastatamque
3817 3982 3959 4033 bello

2392 4081 2538 4136 civili
2571 4056 2938 4149 provinciam)
2969 4092 3094 4131 cum
3123 4090 3189 4129 eo
3224 4089 3373 4128 arma
3402 4075 3667 4127 adversus
3713 4072 3962 4126 infideles

2391 4189 2492 4241 pro
2522 4171 2690 4242 gloria
2743 4169 2926 4223 crucis
2976 4168 3182 4232 Christi
3234 4167 3569 4236 conjungere
3614 4166 3807 4232 cupit;
3842 4165 3962 4233 ejus

2393 4263 2763 4318 laudationem
2789 4259 2896 4314 sibi
2925 4259 3268 4327 amplissimo
3298 4256 3495 4310 honori
3526 4254 3680 4309 ducit
3707 4273 3720 4307 :
3752 4254 3961 4320 legatos

2394 4355 2567 4423 ipsius
2624 4352 2857 4421 benigne
2912 4350 3117 4420 excipit
3158 4367 3173 4403 :
3221 4365 3347 4404 cum
3414 4348 3607 4402 eodem
3657 4346 3962 4417 (Clemente

2396 4443 2656 4497 nimirum
2686 4442 2773 4504 Vl)
2839 4441 2903 4493 de
2935 4438 3146 4509 synodo
3194 4435 3469 4497 habenda.
3510 4434 3965 4502 redintegranda-

722 4533 989 4587 Joannem
1023 4542 1077 4585 et
1106 4532 1402 4603 Georgium
1433 4570 1449 4595 ,
1493 4520 1855 4602 Curopalatas
1877 4576 1893 4596 ,
1942 4545 1997 4589 et
2025 4536 2164 4589 alios
2193 4576 2206 4592 .
2245 4528 2290 4589 si
2329 4533 2371 4585 D
2396 4552 2500 4605 que
2536 4534 2899 4590 Ecclesiarum
2932 4520 3227 4585 concordia
3262 4528 3494 4583 sollicite
3514 4567 3529 4589 ,
3556 4542 3620 4580 ac
3648 4535 3965 4580 reverenter

724 4639 1060 4691 quaeramus.
1117 4624 1251 4677 Nam
1307 4641 1404 4694 per
1435 4625 1526 4678 illa
1558 4635 1802 4694 tempora
1832 4634 1939 4679 tam
1994 4642 2099 4679 non
2134 4626 2292 4681 facile

726 4715 1059 4767 monachum
1091 4756 1105 4778 ,
1157 4724 1252 4769 aut
1299 4715 1632 4783 scriptorem
1678 4733 1709 4770 a
1763 4717 2007 4771 Romana
2050 4718 2293 4774 Ecclesia

725 4821 831 4856 non
865 4807 1262 4860 alienissimum
1293 4820 1411 4864 erat
1442 4812 1690 4866 invenire
1738 4812 1789 4865 in
1839 4812 2046 4867 Gram-ia
2075 4853 2089 4877 ,
2130 4831 2292 4883 quam

726 4896 891 4949 hodie
924 4899 1145 4953 dillicilc
1188 4911 1271 4954 est
1306 4919 1613 4971 przeconcm
1646 4906 1799 4959 verbi
1854 4906 1947 4960 Dei
1980 4947 1994 4967 ,
2046 4918 2140 4962 aut
2170 4925 2297 4977 pro-

725 4988 990 5044 fessorem
1022 4992 1353 5047 catholicum
1406 4997 1653 5050 invenire
1696 4999 1750 5051 in
1783 4998 2045 5053 Saxonia.
2102 5000 2167 5053 Et
2203 5004 2298 5069 qui

730 5083 951 5139 tandem
984 5086 1100 5136 fieri
1141 5096 1326 5153 potest
1355 5127 1369 5149 ,
1425 5098 1483 5142 ut
1514 5091 1607 5157 qui
1661 5091 2000 5159 patriarchas
2030 5090 2303 5146 Constan-

729 5176 1130 5244 tinopolitanos
1196 5178 1620 5245 schismaticos,
1678 5184 1957 5251 appellant
2021 5185 2305 5238 sanctissi-

731 5281 882 5328 mos,
943 5271 1319 5324 mcumenicos
1351 5311 1364 5333 ,
1419 5281 1476 5325 ct
1524 5274 1802 5341 principes
1857 5276 2154 5339 Ecclesiae,
2200 5276 2300 5343 ipsi

727 5357 976 5426 ejusdem
1033 5358 1222 5413 farinae
1272 5377 1380 5413 non
1432 5360 1687 5417 fuerint?
1742 5362 1795 5416 Si
1850 5377 1951 5430 ego
1992 5364 2301 5431 quempiam

732 5449 1283 5517 superinteinlentcm
1318 5454 1647 5508 sanctiss’mi
1700 5454 1967 5508 vocabulo
2009 5454 2301 5518 allicerem,

731 5539 901 5591 credo
930 5578 944 5603 ,
982 5541 1192 5610 aliqui,
1231 5544 1340 5595 imo
1370 5544 1593 5612 plurimi
1620 5584 1635 5609 ,
1672 5561 1773 5598 nee
1805 5544 2003 5615 injuria
2035 5583 2048 5607 ,
2084 5560 2167 5598 me
2201 5543 2309 5597 Lu-

733 5628 1026 5689 tberanum
1054 5675 1069 5700 ,
1115 5645 1208 5691 aut
1236 5636 1621 5692 Calvinianum
1669 5653 1792 5693 esse
1833 5638 2176 5708 colligerent.
2214 5639 2307 5691 At-

2396 4629 2524 4695 agit.
2554 4628 2673 4682 Non
2705 4664 2719 4689 ,
2762 4625 2985 4692 inquam
3011 4661 3026 4685 ,
3065 4621 3157 4674 hic
3187 4619 3385 4690 probra
3413 4659 3428 4684 ,
3465 4627 3522 4671 et
3566 4616 3852 4670 maledicta
3878 4617 3965 4687 ja-

2403 4721 2665 4773 ciuntur:
2704 4714 2796 4769 sed
2831 4711 3106 4767 dissensio
3134 4751 3150 4775 ,
3200 4723 3263 4764 ac
3307 4708 3593 4763 dissidium
3639 4707 3771 4760 illud
3808 4722 3836 4759 a
3868 4722 3972 4761 no-

2398 4810 2483 4864 bis
2517 4807 2731 4861 Latinis
2758 4807 2872 4876 jam
2904 4803 3070 4871 lippis
3118 4813 3172 4855 et
3207 4800 3526 4855 tonsoribus
3553 4799 3721 4853 etiam
3753 4807 3969 4860 notum,

2399 4901 2690 4969 aliquoties
2729 4912 2788 4951 se
2835 4894 3062 4957 exserit,
3090 4901 3256 4961 atque
3313 4906 3342 4944 a
3392 4891 3660 4959 majorum
3717 4890 3973 4956 exemplo

2401 4992 2775 5047 defensionem
2804 5028 2819 5052 ,
2853 5000 3169 5057 quanquam
3230 4983 3488 5053 injustam
3516 5020 3531 5046 ,
3572 4981 3725 5049 petit.
3758 4977 3891 5032 Nam
3927 4981 3974 5033 si

2402 5086 2636 5155 majores

2514 5215 2835 5285 Magnopere
2865 5227 2895 5267 a
2922 5226 3063 5274 vero,
3092 5207 3341 5278 longeque
3367 5220 3571 5258 errasse
3601 5202 3866 5267 videntur,

2410 5363 2470 5405 ut
2511 5350 2584 5408 ait
2651 5343 2962 5405 Lucretius,
3008 5357 3120 5395 non
3177 5339 3300 5393 ideo
3354 5337 3665 5391 minoribus
3702 5336 3869 5405 pedes
3925 5334 3979 5388 in

2411 5428 2924 5507 illorum'vestigiis
2968 5432 3206 5504 ponendi
3258 5441 3387 5485 sunt
3421 5447 3433 5483 :
3472 5429 3574 5482 nisi
3614 5428 3713 5497 ipsi
3761 5442 3985 5495 quoque

2411 5550 2534 5588 cum
2590 5532 2782 5584 iisdem
2844 5529 2899 5582 in
2953 5526 3097 5581 idem
3130 5538 3189 5578 sc
3261 5521 3581 5576 barathrum
3641 5518 3986 5590 praecipitare

2412 5625 2691 5682 studeant.
