4222 6442
293 5867 484 5951 Ἰ

691 421 758 492 at
1818 428 2167 492 JOANNES
2206 430 2833 493 CANTACUZENUS.
3207 491 3210 493 λ
3375 410 3382 413 ’
3721 446 3775 457 -σ
3883 434 3952 497 32

695 540 909 595 ratione
950 547 1007 596 et
1059 537 1252 611 gloria,
1295 539 1410 611 ipse
1454 539 1780 598 clarissimis
1819 543 2024 607 verbis,
2063 544 2160 598 lib.
2187 560 2268 610 ιιι,
2304 552 2343 604 Α
2379 553 2468 597 ιυι-
2500 562 2512 597 :
2543 545 2707 614 digna
2740 544 3013 625 profecto,
3063 547 3152 601 cui
3185 547 3270 603 vel
3301 547 3475 619 majus
3518 548 3950 606 committeretur

695 646 816 701 cap.
844 633 912 689 55
935 641 987 688 et
1013 629 1080 686 78
1114 631 1356 686 edocuit.

1082 721 1291 779 Studia.
1315 723 1568 776 doctrina,
1608 733 1656 776 et
1689 741 1910 778 mores.-

765 811 824 866 ln
858 813 1081 868 militari
1108 815 1429 884 disciplina,
1460 816 1612 870 socio
1661 816 1984 887 Syrgianne,
2009 815 2270 884 magistro

699 903 909 972 Angelo
947 919 1103 959 usum
1131 919 1188 958 se
1213 916 1400 959 narrat
1433 925 1446 960 :
1473 907 1524 959 in
1559 925 1663 975 qua
1713 909 1912 962 deinde
1945 925 2040 976 per
2063 905 2272 961 c‘xerci-

696 995 959 1057 tationem
1011 995 1413 1063 lectionemque
1443 998 1600 1067 longe
1641 999 1936 1052 admodum
1966 996 2267 1068 processit,

703 1084 930 1153 talisque
961 1100 1185 1153 prorsus
1226 1086 1408 1139 extitit
1450 1088 1764 1155 imperator,
1799 1089 2106 1156 qualeutM.
2144 1088 2273 1142 Tul-

700 1177 807 1231 lius
839 1178 892 1230 iu
941 1178 1271 1246 Pompeiana
1319 1169 1568 1248 de‘pinxit
1599 1179 1906 1248 :siquidem
1941 1182 1991 1231 in
2030 1196 2097 1234 eo
2131 1195 2270 1249 quo-

701 1284 808 1337 que
846 1270 934 1323 illa
962 1283 1219 1340 quatuor,
1254 1287 1373 1340 quae
1409 1273 1461 1322 in
1493 1288 1706 1323 summo
1732 1272 2066 1341 imperatore
2091 1273 2271 1326 inesse

698 1361 922 1425 debent,
954 1361 1297 1426 enituerunt,
1332 1363 1588 1428 seieqtia.
1656 1366 1855 1420 virtus.
1896 1363 2150 1426 felicitas,
2175 1379 2273 1418 ttu-

697 1453 944 1507 etoritas.
1003 1452 1150 1506 Talis
1201 1453 1354 1516 itetn,
1401 1453 1618 1520 qualem
1672 1455 1724 1506 in
1787 1453 2095 1525 Strategico
2149 1473 2272 1525 gra-

696 1543 959 1598 vissimus
998 1554 1304 1614 praeceptor
1341 1545 1596 1598 militaris
1646 1545 1967 1600 Onosander
2009 1547 2274 1602 describit

697 1651 818 1704 cap.
858 1636 910 1700 1,
939 1644 1146 1695 castus.
1178 1646 1516 1706 temperans.
1554 1640 1790 1702 sobrius,
1824 1640 1990 1708 frugi.
2032 1641 2274 1696 laborio-

667 1740 814 1807 'sus,
858 1726 1193 1796 intelligens,
1239 1729 1464 1806 minium
1516 1744 1735 1790 avarus,
1783 1743 1884 1784 nec
1919 1731 2133 1800 junior,
2172 1747 2272 1786 nec

698 1818 905 1880 senior,
968 1819 1206 1872 ﬁliorum
1267 1829 1445 1888 pater,
1507 1819 1725 1873 dicendi
1800 1820 2032 1885 peritus.
2099 1823 2274 1889 gloria

2378 638 2692 709 imperium.
2742 636 3130 701 Fortitudinis.
3190 632 3677 708 magnanimitatis.
3727 657 3791 697 ac
3854 659 3949 712 pa-

2378 728 2580 781 tientue
2611 737 2715 789 est.
2743 729 2890 796 quod
2923 745 3194 799 nusquam
3225 730 3394 784 ferme
3419 731 3572 785 abest
3593 733 3660 784 ah
3683 733 3948 795 exercitu.

2376 813 2676 887 manuque
2724 833 2824 873 sua
2886 820 2939 873 in
2993 822 3204 876 hostem
3281 833 3485 892 pugnat
3532 823 3809 876 viriliter:
3850 841 3952 879 nec

2375 909 2751 976 voluptatibus
2818 910 3087 980 indulget.
3142 922 3196 966 et
3256 913 3502 967 adversis
3569 914 3786 968 casibus
3845 929 3950 968 non

2365 997 2653 1065 frangitur
2683 1014 2698 1050 :
2735 999 2956 1068 injuriis
2987 1001 3363 1069 (potissimum
3399 1003 3468 1055 ab
3499 1003 3842 1071 Apocaucho.
3863 1006 3948 1056 cui

2375 1097 2669 1156 tantopere
2730 1090 3105 1155 benefeeerat,
3133 1091 3322 1160 illatis)
3361 1108 3468 1147 non
3521 1095 3826 1146 succumbit
3854 1113 3868 1149 :
3897 1103 3952 1147 et

2375 1179 2638 1233 invidiam
2695 1196 2851 1248 aequa
2916 1193 3102 1236 mente
3152 1183 3404 1237 sustinet.
3466 1184 3520 1236 In
3579 1184 3716 1237 bene
3770 1185 3837 1236 de
3893 1199 3950 1236 se

2374 1279 2652 1324 merentes
2677 1286 2820 1346 unus
2858 1272 3108 1334 omnium
3151 1272 3496 1343 gratissimus
3529 1290 3538 1323 :
3569 1289 3731 1342 quam
3777 1275 3949 1327 virtu-

2375 1373 2484 1416 tem
2518 1363 2571 1437 i'n
2609 1363 2730 1416 aliis
2757 1365 2921 1417 etiam
2953 1375 3119 1428 amat,
3145 1350 3200 1418 et
3231 1365 3358 1419 ideo
3383 1367 3530 1419 nulla
3566 1367 3948 1433 prapemoduni

2376 1456 2570 1522 pagina
2603 1453 2908 1521 gratiarum
2940 1456 3256 1510 actionibus
3289 1467 3462 1509 vacat.
3508 1457 3586 1509 Ad
3620 1455 3952 1510 moderatio-

2378 1557 2501 1594 nem
2587 1545 3093 1614 eontincntiamque
3191 1548 3468 1614 pertinet,
3537 1546 3679 1613 quod
3741 1545 3950 1613 imperii

2377 1633 2824 1689 communionem
2871 1635 2978 1689 sibi
3019 1635 3088 1689 ab
3127 1634 3446 1690 Andronico
3500 1638 3662 1690 etiam
3702 1647 3950 1705 quartum

2378 1723 2637 1789 delatam,
2664 1735 2905 1780 recusat.
2946 1727 3008 1782 lu
3035 1727 3278 1781 amicitia
3314 1726 3543 1782 colenda
3576 1728 3945 1781 constantissi-

2381 1827 2522 1874 mus.
2557 1814 2934 1868 Andronicum
2969 1815 3242 1869 minorem
3269 1818 3563 1885 praecipue.
3590 1825 3643 1870 et
3669 1817 3952 1870 Amurium

698 1909 951 1964 illustris.
1007 1910 1235 1975 Qualem
1287 1919 1551 1978 praeterea
1602 1909 1671 1964 de
1726 1909 1924 1965 bellico
1981 1922 2267 1978 apparatu,
2304 1906 2347 1962 Β
2378 1905 2598 1960 Persam
2647 1906 2812 1960 Ioniae
2863 1907 3174 1976 Satrapam,
3225 1909 3341 1962 sive
3385 1907 3690 1978 principem
3744 1907 3951 1972 dilexit,

698 2012 820 2067 cap.
847 1996 901 2062 2,
935 1997 1045 2051 Leo
1079 1999 1398 2067 imperator.
1434 1997 1699 2066 Linguam
1742 1990 1989 2051 Latinam
2016 2000 2271 2054 calluisse

698 2089 828 2144 inde
889 2090 1261 2158 conjecturam
1315 2090 1490 2158 capio.
1519 2089 1734 2143 Etenim
1778 2103 1864 2142 res
1898 2089 2272 2144 Romanorum

699 2181 1094 2249 imperatorum
1135 2181 1218 2242 (ut
1252 2195 1354 2234 nos
1380 2179 1656 2233 Romanos
1694 2179 2058 2249 imperatores
2089 2182 2274 2250 appel-

701 2271 901 2334 lamus,
950 2269 1052 2323 hoc
1075 2279 1158 2324 est
1189 2285 1379 2323 eorum
1414 2272 1508 2339 qui
1543 2271 1597 2324 in
1622 2271 1775 2325 Italia
1815 2280 1872 2324 et
1907 2273 2092 2325 Roma!
2121 2273 2273 2326 vixe-

700 2363 849 2426 runt)
880 2361 1168 2428 aliquoties
1203 2361 1254 2414 in
1287 2361 1528 2415 medium
1573 2361 1818 2423 adducit,
1850 2378 1986 2430 quas
2025 2362 2258 2416 forsitan

675 2451 842 2520 apud
881 2451 1128 2505 historiae
1174 2452 1430 2519 Augustae
1466 2453 1762 2522 scriptorcs
1796 2455 1944 2535 legit.
1988 2455 2049 2506 Ισίι
2103 2457 2277 2524 Arego

700 2542 968 2598 multacho
995 2541 1247 2598 Sabautlo
1289 2536 1534 2612 quaedam
1575 2543 1761 2600 Graece
1815 2548 2018 2615 scripta
2052 2562 2157 2600 non
2191 2548 2274 2600 inv

699 2635 988 2704 telligeuti,
1042 2636 1436 2705 interpretatur
1475 2637 1572 2690 lib.
1636 2654 1713 2701 ιιι,
1750 2654 1869 2706 cap.
1917 2641 2003 2693 8-4.
2056 2640 2110 2692 Si
2155 2644 2279 2710 quis

697 2726 988 2780 auditione
1037 2737 1248 2781 tantum
1295 2729 1669 2782 Romanorum
1728 2731 1864 2784 facta
1895 2734 2194 2797 accepisse.
2225 2741 2281 2785 et

697 2816 886 2872 Grama
960 2819 1052 2873 illa
1103 2819 1284 2874 Italico
1347 2822 1618 2874 monacho
1674 2822 2098 2891 interpretatum
2159 2841 2280 2878 esse

699 2910 925 2964 credere
959 2911 1133 2970 malit,
1169 2927 1292 2964 cum
1336 2927 1544 2971 eo.non
1588 2916 1919 2968 contendam
1949 2928 2040 2969 :et
2081 2916 2151 2969 ita
2185 2932 2282 2969 no-

699 3005 846 3058 mine
903 3005 1108 3060 Latina:
1161 3006 1383 3076 liugum,
1413 3009 1570 3073 Cujus
1615 3021 1685 3058 se.
1722 3009 1988 3060 scientem
2043 3007 2278 3076 quodam

699 3096 822 3150 loco
855 3094 1114 3157 allirmat.
1136 3112 1353 3166 quaque
1381 3097 1753 3166 praesidiarius
1787 3099 1948 3150 ltalm
1981 3099 2284 3167 alloquitur

697 3187 1174 3255 (lonstantinopoli
1207 3189 1302 3241 lib.
1339 3204 1414 3250 tv,
1455 3205 1578 3256 cap.
1619 3189 1709 3249 54,
1747 3189 1930 3242 Italica
1971 3190 2251 3260 intelligent

2378 1995 2594 2066 fuitque
2646 1997 2893 2052 vicissim
2953 1998 3226 2052 ambobus
3257 2014 3424 2067 supra
3449 2014 3614 2067 quam
3645 1998 3750 2052 dici
3779 2007 3950 2066 potest

2377 2090 2576 2144 charos
2599 2099 2654 2144 et
2679 2091 2986 2161 jucundus.
3019 2091 3223 2146 Dilexit
3248 2106 3374 2146 eum
3400 2091 3566 2146 etiam
3600 2092 3951 2145 vehementer

2376 2198 2425 2250 e_
2470 2183 2797 2250 proceribus
2837 2183 3208 2238 Triballorum
3253 2183 3702 2253 opulentissimus
3737 2184 3956 2252 quidam

2376 2275 2630 2341 Liberos,
2663 2285 2723 2330 ut
2767 2289 2852 2331 est
2898 2276 2996 2330 lib.
3035 2293 3114 2338 tu.
3146 2291 3271 2344 cap.
3305 2275 3392 2330 42.
3435 2275 3856 2329 Beneficeutiam
3897 2290 3958 2330 ac

2377 2367 2763 2420 lilr-ralitatem
2791 2368 2960 2422 coluit
2991 2367 3343 2429 mirabiliter,
3385 2378 3438 2419 et
3470 2368 3521 2419 in
3557 2367 3863 2420 exercitum
3891 2365 3957 2419 de

2377 2473 2476 2508 suo
2504 2467 2804 2526 sumptum,
2833 2458 3164 2528 imperatore
3199 2459 3322 2513 vivo
3372 2470 3724 2525 mortuoque.
3761 2459 3960 2526 smpius

2376 2548 2506 2602 fecit
2533 2569 2546 2604 :
2575 2550 2796 2605 castella
2829 2561 2882 2606 et
2911 2551 3110 2620 Oppida
3139 2568 3235 2605 sua
3276 2552 3506 2622 pecunia
3541 2553 3737 2607 refecit
3789 2562 3844 2606 et
3876 2553 3957 2605 in-

2380 2643 2685 2707 stauravit,
2744 2643 3038 2712 eidemque
3095 2643 3418 2711 imperatori
3478 2643 3644 2696 funus
3694 2642 3960 2711 amplissi-

2380 2750 2526 2787 mum
2576 2749 2673 2789 sua
2723 2736 2970 2805 impensa
3030 2738 3266 2791 curavit.
3315 2738 3522 2790 Aurum
3573 2735 3719 2804 quod
3761 2735 3960 2788 habere

2381 2829 2550 2895 gratis
2581 2837 2797 2897 poterat
2830 2831 3186 2898 contempsit.
3214 2831 3372 2886 Pacis
3419 2839 3472 2883 et
3502 2829 3809 2884 concordia:
3839 2829 3961 2895 quis

2381 2916 2474 2969 isto
2503 2918 2792 2981 cupidior?
2832 2919 2958 2986 quis
3017 2919 3280 2973 Barbaris
3331 2929 3387 2973 et
3445 2919 3753 2972 idololatris
3785 2917 3960 2971 inimi-

2383 3007 2535 3058 cior?
2571 3006 2689 3060 Non
2724 3017 2904 3077 potest
2959 3025 3059 3078 pro
3117 3009 3390 3079 dignitate
3453 3009 3756 3063 collaudari
3800 3008 3961 3084 hujus

2387 3100 2830 3165 pra-stantissimi
2896 3101 3164 3170 principis
3214 3101 3538 3155 admiranda
3570 3101 3788 3162 lenitas,
3817 3109 3875 3154 et
3895 3100 3959 3152 ad

2385 3188 2768 3254 (inponendam
2802 3188 3187 3253 offensionem,
3254 3191 3573 3259 veniamque
3617 3188 3961 3244 tribuendam

699 3279 768 3329 da
818 3278 925 3330 erit
952 3295 964 3330 :
999 3278 1141 3331 sicut
1177 3292 1274 3346 per.
1301 3277 1524 3332 Latinos
1554 3280 1694 3341 ltali,
1722 3289 1775 3332 et
1802 3279 1920 3343 alii,
1952 3296 2058 3333 non
2086 3279 2281 3335 Graeci.
2310 3249 2352 3304 C
2404 3278 2756 3347 suspicienda
2788 3279 3046 3344 facilitas,
3072 3280 3465 3334 beneficiorum
3492 3281 3753 3335 altissima
3780 3295 3964 3333 recor-

701 3367 922 3420 l’ersice
952 3384 1188 3437 quoque,
1214 3369 1327 3422 sive
1380 3369 1608 3423 Turciee
1639 3385 1798 3424 nosse
1829 3387 1885 3424 se
1933 3371 2032 3424 lib.
2071 3388 2142 3433 tv.
2167 3388 2285 3440 cap.

706 3463 793 3522 10,
825 3459 1074 3513 aflirmat.
1108 3463 1295 3514 Artem
1337 3460 1595 3514 didicisse
1627 3464 1948 3524 oratoriam,
1979 3463 2289 3530 eloquentia

707 3547 881 3612 ipsius
904 3549 1050 3602 omni
1089 3548 1481 3617 praedicatione
1513 3550 1544 3602 d
1571 3566 1673 3618 gua
1703 3560 1759 3604 et
1789 3552 1839 3603 in
1880 3562 1984 3604 tam
2012 3554 2292 3650 pra-etpris

705 3637 1068 3701 orationibus,
1097 3648 1316 3707 totaque
1343 3641 1643 3706 scriptione
1668 3657 1725 3695 se
1749 3656 2033 3705 exserens,
2065 3637 2292 3696 deoiou-

705 3737 861 3780 Strat.
894 3722 1033 3783 Sane
1059 3731 1204 3798 quod
1252 3729 1318 3782 M.
1353 3730 1565 3784 Tullius
1596 3731 1663 3784 de
1692 3731 1970 3802 Pompeio.
2021 3735 2162 3795 idem
2189 3751 2289 3802 ego

705 3822 988 3874 Verissime
1007 3822 1072 3873 de
1093 3814 1194 3874 h'oc
1216 3822 1355 3879 viro.
1381 3822 1566 3890 paucis
1587 3823 1890 3877 immutatis
1911 3841 2283 3895 usurpavero:

707 3911 974 3976 Quantum
996 3913 1234 3974 (ciuilio,
1259 3927 1513 3981 quantum
1545 3915 1748 3968 dicendi
1775 3919 2033 3984 gravitate
2073 3929 2120 3972 et
2140 3922 2286 3986 capia

705 4003 903 4064 vult-rut.
933 4006 985 4056 in
1020 4021 1120 4071 quo
1156 4006 1265 4070 ipso
1293 4006 1423 4057 inest
1463 4005 1713 4074 quu'dam
1743 4008 1978 4076 dignitas
2002 4012 2286 4080 imperato-

707 4098 811 4154 ria.
837 4112 922 4148 vos
951 4112 1012 4148 ea:
1043 4100 1178 4148 hisee
1203 4096 1345 4149 libris
1367 4114 1504 4164 saepe
1530 4101 1868 4166 cognoscetis.
1898 4099 2107 4169 Oppida
2131 4118 2283 4155 com-

706 4187 888 4254 plura.
935 4203 1058 4255 qua:
1115 4188 1283 4240 armis
1338 4188 1688 4262 resistebant.
1734 4192 1848 4245 oris
1884 4193 1967 4245 sui
2033 4194 2284 4249 facundia

706 4278 964 4346 subegit:
1005 4289 1062 4331 ιιι
1107 4279 1250 4346 quod
1279 4280 1494 4349 (lyncas
1550 4282 1762 4350 legatus
1797 4285 2006 4351 Pyrrho
2035 4285 2286 4352 Epirota-

708 4381 831 4428 rum
889 4367 1026 4436 regi,
1079 4366 1184 4420 hoc
1239 4367 1382 4420 idetn
1437 4386 1571 4435 pene
1616 4373 1929 4424 Andronico
1967 4373 2287 4441 imperatori

705 4455 1124 4511 Cantacuzeuus
1170 4457 1358 4512 fuerit.
1415 4459 1642 4513 Etcum
1695 4463 1933 4515 oratoris
1980 4463 2051 4515 sit
2111 4464 2285 4517 histo-

707 4549 843 4600 riam
884 4548 1143 4609 scribere.
1177 4549 1222 4600 si
1269 4565 1373 4616 qua
1421 4551 1548 4611 alia.
1601 4552 1714 4604 haec
1753 4553 1872 4606 sine
1906 4556 2280 4609 controversia
2316 4587 2356 4642 Β

709 4643 972 4699 oratorie.
998 4643 1100 4694 hoc
1124 4651 1209 4694 est
1251 4641 1572 4710 prudenter,
1607 4643 1893 4711 disposite,
1933 4644 2157 4709 diserte.
2182 4663 2282 4702 nec

711 4730 1000 4782 invenuste
1053 4729 1259 4797 scripta
1309 4740 1411 4808 est.
1473 4731 1665 4784 Poetas
1713 4734 2008 4800 diligenter
2040 4735 2281 4805 'legisse,

712 4818 1006 4872 "umerum
1036 4821 1328 4887 praecipue.
1371 4829 1427 4873 et
1467 4822 1804 4890 Euripidem,
1839 4824 2090 4878 crebrius
2118 4842 2181 4879 ex
2219 4827 2286 4881 iis

712 4909 910 4976 prolati
943 4923 1138 4962 versus
1176 4911 1390 4966 ducent.
1430 4914 1718 4964 Sacrorum
1766 4914 2066 4966 litterarum
2103 4916 2284 4968 scien-

715 5006 787 5056 tia
828 5019 934 5056 non
972 5019 1162 5072 parum
1197 5009 1490 5069 imbutum,
1519 5017 1599 5060 tot
1639 5009 1743 5060 lori
1791 5011 2037 5076 apposite
2076 4987 2282 5067 inducti

707 5107 1035 5165 argumento
1067 5111 1216 5152 sunt.
1255 5098 1360 5153 Sed
1402 5099 1452 5151 id
1504 5114 1567 5150 ex
1601 5100 1755 5151 libris
1784 5101 1906 5152 aliis
1937 5103 2052 5154 sole
2085 5105 2286 5159 clarius

704 5194 812 5247 est,
842 5201 980 5253 quos
1033 5203 1225 5256 nempe
1270 5198 1459 5242 contra
1499 5188 1946 5258 Mahometattos_
1979 5205 2033 5245 et
2067 5194 2286 5248 Judaaos

706 5279 901 5334 edidit.
933 5278 1130 5334 Fertur
1174 5283 1402 5349 insuper
1457 5281 1509 5332 in
1548 5287 1788 5350 quinque
1834 5285 2045 5352 priores
2076 5287 2288 5340 Fit/tiro-

708 5384 828 5421 rum
856 5370 1168 5423 Aristotelis
1216 5371 1578 5438 Paraphrasin
1625 5374 2036 5442 conscripsisse.
2071 5377 2191 5432 lla-c
2221 5381 2289 5434 de

709 5461 910 5515 studiis
965 5470 1019 5513 et
1043 5462 1241 5514 litteris
1268 5463 1405 5531 ejus.
1516 5469 1520 5472 '

780 5549 937 5613 Quod
987 5549 1053 5602 ad
1128 5567 1310 5606 mores
1355 5566 1410 5608 et
1470 5557 1704 5610 virtutes
1753 5559 1963 5624 attinet,
2003 5561 2288 5615 veritatem

710 5642 937 5700 amavit.
983 5647 1041 5693 ut
1088 5641 1180 5708 qui
1211 5644 1462 5707 maxime,
1521 5645 1684 5714 idque
1742 5651 1901 5703 toties
1943 5661 2182 5705 testatur
2228 5670 2292 5708 ac

719 5730 1030 5796 profitetur.
1066 5730 1196 5801 Ejus
1255 5720 1542 5800 prudentia
1592 5754 1622 5790 e
1668 5739 1850 5802 dictis,
1887 5741 2230 5811 maximeque
2261 5759 2291 5797 e

715 5818 963 5888 i-onailiis
992 5821 1210 5884 egregia
1252 5839 1467 5885 semper
1543 5838 1597 5880 ct
1645 5846 1673 5878 ιι
1700 5846 1922 5884 emoran
1948 5833 1994 5884 ia
2030 5834 2292 5888 uersuici-

2394 3372 2571 3432 datio.
2609 3381 2665 3425 et
2718 3373 2770 3425 in
2821 3373 3014 3442 gratiis
3039 3374 3265 3442 agendis
3289 3372 3766 3427 commemoranda
3805 3371 3966 3425 sedu-

2393 3463 2538 3517 iitas.
2564 3463 2760 3518 Omnia
2799 3465 2884 3518 his
2908 3465 3068 3518 libris
3092 3467 3409 3534 gratiarum.
3431 3465 3742 3518 actionibus
3766 3463 3963 3518 referta

2391 3567 2540 3608 sunt.
2609 3555 2832 3608 Summa
2885 3565 3150 3623 praeterea
3207 3555 3261 3608 iit
3322 3557 3556 3625 negotiis
3609 3555 3967 3623 procurandis

2392 3647 2702 3714 diligentia,
2734 3657 2787 3700 et
2849 3646 3154 3715 vigilantia.
3209 3649 3485 3714 animique
3547 3647 3755 3716 religio.
3789 3647 3968 3699 Mona-

2390 3741 2662 3792 (:hismum
2690 3741 2911 3807 quantis
2939 3741 3246 3807 praeconiis.
3281 3741 3426 3794 Deus
3460 3741 3622 3802 bone.
3658 3749 3713 3794 et
3739 3741 3964 3795 ouidem

2393 3833 2580 3890 toties.
2609 3832 2974 3885 cohonestat?
2998 3847 3062 3885 ac
3095 3833 3311 3885 tandem
3355 3835 3470 3899 ipse
3522 3833 3573 3885 in
3607 3831 3967 3901 Manganense

2390 3924 2786 3976 monasterium
2817 3939 2989 3992 prope
3039 3924 3572 3991 Constantinopolim
3621 3939 3678 3978 sc
3715 3925 3854 3977 ultro
3901 3938 3968 3977 ac

2389 4014 2569 4066 libens
2597 4014 2850 4077 includit,
2887 4029 3010 4068 cum
3067 4015 3358 4084 imperium
3411 4015 3651 4068 retinere
3678 4013 3964 4082 potuisset.

2391 4118 2448 4157 ιιι
2500 4106 2711 4158 videbis
2759 4105 2856 4158 lib.
2909 4121 2983 4159 tv.
3031 4107 3264 4158 Tantum
3329 4105 3504 4164 abest.
3553 4113 3612 4158 ut
3666 4120 3732 4157 eo
3788 4105 3965 4166 ipsum

2385 4196 2627 4250 Joannes
2679 4195 3022 4266 Palaeologus
3061 4198 3239 4250 victor
3277 4195 3627 4264 compulerit,
3661 4195 3806 4262 quod
3839 4195 3965 4262 qui-

2387 4288 2512 4341 dam
2539 4290 2704 4359 hujus
2740 4299 2942 4342 nostra:
2989 4287 3234 4342 historias
3269 4287 3519 4341 funditus
3550 4287 3723 4354 ignari
3757 4301 3966 4354 nugon-

2389 4387 2498 4430 tur.
2529 4377 2739 4449 Conjux
2803 4396 2969 4447 porro
3021 4380 3177 4434 lrene
3238 4380 3292 4432 in
3327 4382 3660 4433 monasterio
3694 4393 3722 4432 a
3756 4377 3968 4432 Martha

2385 4466 2665 4521 Michaelis
2725 4469 2890 4537 primi
2977 4467 3265 4535 Paia-ologi
3351 4482 3538 4521 sorore
3625 4474 3964 4527 constructo.

2387 4557 2707 4610 monacham
2758 4557 2954 4611 induit.
3017 4557 3306 4627 Ῥωμαίων
3339 4567 3393 4610 ιιι
3431 4555 3686 4624 quidem,
3740 4554 3855 4608 ἀλλ’
3905 4555 3966 4608 οὐ

2398 4647 2706 4716 Ῥωμαϊκὸν
2734 4641 2979 4714 pactilo.
3042 4647 3256 4712 laudas,
3313 4648 3514 4716 inquis.
3567 4647 3679 4717 Ego
3723 4661 3857 4701 vero
3905 4663 3966 4701 e-

2387 4740 2516 4792 tiam
2572 4740 2872 4806 Agesilaos.
2908 4741 3271 4804 Alexandros,
3315 4739 3508 4801 Julios.
3541 4748 3597 4792 et
3651 4738 3991 4812 Pompeios,

2385 4829 2655 4890 ethnicos.
2685 4839 2741 4883 et
2777 4830 3092 4882 idololtitras
3117 4845 3258 4897 s:epe
3302 4829 3519 4881 laudavi
3568 4847 3581 4880 :
3625 4840 3680 4883 et
3711 4829 3966 4882 virtutem

2385 4919 2469 4972 vel
2509 4920 2560 4972 in
2623 4922 2778 4974 hoste
2833 4922 3398 4988 amabilem,ejus:;oe
3457 4920 3707 4987 exempla
3770 4935 3798 4971 a
3832 4935 3971 4986 quo-

2389 5022 2632 5074 cunque,
2663 5018 2716 5060 et
2758 5008 3134 5076 qualicunque
3170 5011 3432 5061 sumenda
3484 5011 3645 5062 nobis
3669 5024 3789 5062 esse
3827 5024 3965 5062 eou-

2393 5098 2570 5151 lirmo.
2611 5100 2705 5152 Est
2731 5101 2878 5152 enim
2912 5101 3106 5152 eadem
3139 5115 3381 5167 semper,
3421 5117 3521 5152 nec
3565 5103 3682 5170 ejus
3710 5099 3970 5169 splendor

2393 5194 2719 5245 immortalis
2746 5195 3068 5264 cujusquam
3097 5194 3350 5248 sordibus
3378 5203 3552 5263 potest
3601 5195 3964 5248 obsolescere.

3057 5283 3286 5337 Divitiae.

2462 5369 2790 5425 Incredibile
2836 5358 3142 5424 memoratu
3199 5378 3552 5439 est,quaut:e
3603 5371 3722 5440 ejus
3772 5371 3965 5439 capite,

2393 5459 2702 5520 fat-ultates.
2758 5463 2950 5529 quanti
3007 5463 3256 5530 pecunia:
3318 5461 3560 5514 thesauri
3615 5460 3840 5518 fuerint.
3897 5461 3965 5513 de

2393 5548 2596 5614 quibus
2623 5547 2790 5600 variis
2819 5549 2955 5613 loris
3004 5548 3118 5616 ipse
3163 5547 3479 5609 confitetur,
3529 5558 3582 5601 et
3640 5545 3742 5615 ego
3781 5547 3962 5621 yirum

2395 5651 2635 5704 gravem,
2671 5636 3013 5704 vanitatique
3045 5635 3502 5698 infensissimum,
3547 5636 3614 5690 ad
3649 5637 3763 5690 haec
3793 5637 3960 5690 etiam

2397 5716 2738 5794 religiosum,
2787 5727 3012 5780 mentiri
3069 5743 3178 5780 non
3232 5739 3383 5796 puto.
3441 5728 3685 5790 insulas.
3741 5731 3961 5797 oppida.

2397 5818 2616 5870 castella
2655 5817 2708 5871 in
2731 5818 2932 5887 opibus
2981 5818 3094 5872 suis
3141 5829 3410 5874 recenset.
3463 5819 3754 5873 Pecuniam
3804 5835 3958 5876 sane.
