4222 6442
701 419 773 485 35
1819 429 2152 492 JOANNES
2183 422 2807 524 cAN'rACUZENUS,

3863 396 3945 520 .36

705 533 858 588 tione
917 533 1182 603 quldem,
1230 535 1508 605 tantisque
1568 536 1804 608 negotiis
1845 538 2146 608 quidquam
2202 535 2269 590 de
2300 554 2343 609 Α
2378 534 2528 604 pta-5v

2388 534 2528 602 ρικδν
2582 535 2692 589 οὐδ’
2746 537 2806 588 εν
2860 536 2979 602 ταῖς
3029 534 3340 606 ὑπερορίοις
3395 534 3702 604 διατριϐαῖς
3735 553 3794 592 τε
3853 545 3948 592 καὶ

706 625 937 692 pristina
967 624 1292 682 liberalitate
1349 627 1630 696 animique
1674 630 1978 684 co’nstantia
2008 638 2268 691 mutaret,

704 714 953 768 mutabat
984 715 1074 769 ille
1102 724 1282 770 tamen
1321 717 1373 770 in
1412 718 1607 772 melius
1637 733 1823 772 eorum
1851 711 2147 783 fortunam,
2175 717 2269 786 qui

706 807 820 852 tum
856 799 999 854 fame
1044 817 1106 857 ac
1139 813 1290 869 peste
1329 804 1672 860 laborabant.
1705 807 1883 870 Quare
1928 821 2121 862 omnes
2165 822 2270 860 una

704 905 837 944 voce
866 893 960 958 qui
987 896 1550 961 supercrantmilites
1571 912 1635 952 ac
1658 897 1846 971 duces,
1873 898 2097 962 ordines
2115 914 2271 968 aeque

703 987 868 1047 atque
909 981 1165 1046 ordinum
1202 984 1443 1051 praefecti
1470 996 1810 1040 servatorem
1845 987 2022 1050 illum,
2054 997 2110 1041 et
2139 989 2275 1041 alto-

704 1083 844 1134 rem,
888 1087 951 1125 ac
989 1072 1302 1142 largitorem
1338 1076 1634 1142 appellare,
1688 1087 1801 1130 tum
1849 1093 1915 1131 ea
1947 1078 2270 1146 praedicare,

702 1161 910 1229 quibus
955 1162 1260 1217 llomauum
1312 1165 1605 1234 imperiutn
1638 1168 1908 1222 illustrius
1938 1169 2166 1231 fecerat,
2194 1177 2272 1232 et,

706 1261 768 1306 ut
799 1255 1113 1307 summatim
1152 1256 1505 1323 complectar,
1537 1257 1804 1326 quidquid
1837 1259 1938 1312 sub
1969 1259 2112 1312 idem
2140 1268 2278 1313 tern-

704 1357 809 1410 pus
851 1344 970 1411 ejus
1012 1345 1114 1398 viri
1148 1347 1441 1415 prudentia
1485 1347 1793 1402 confectum
1848 1360 1953 1411 est,
1993 1364 2115 1418 quze
2165 1359 2273 1404 tam

704 1433 1011 1502 propinqua
1067 1451 1233 1503 quam
1290 1437 1482 1492 dissita
1537 1438 1876 1493 moderando
1933 1432 2291 1495 continebat.‘

704 1521 924 1578 Etenim
963 1527 1092 1579 dum
1127 1543 1233 1582 una
1273 1544 1398 1582 cum
1440 1530 1771 1598 imperatore
1809 1532 2277 1588 Acarnanumur-

710 1613 834 1668 bem
887 1616 1127 1681 obsidet,
1169 1621 1552 1688 comprehensi
1601 1630 1732 1675 sunt
1784 1624 1879 1691 qui
1931 1624 2274 1694 tyrannidem

706 1708 1023 1776 cogitabant
1055 1727 1119 1765 ac
1142 1712 1402 1782 Byzantio
1440 1713 1828 1795 imminebant,
1858 1731 1959 1770 nec
1989 1719 2150 1786 pauci
2178 1734 2278 1776 nec

705 1798 951 1866 obscuri,
977 1802 1045 1856 de
1071 1803 1276 1872 quibus
1297 1805 1454 1873 plura
1487 1819 1677 1876 postea
1709 1806 1941 1862 dicenda
1969 1820 2120 1865 sunt.

2371 629 2653 701 ἀσχολίαις
2681 629 2947 700 ἀμείϐων,
2969 629 3195 701 ἢμεισεν
3221 631 3372 700 ὅμως
3425 631 3523 694 τὰς
3549 631 3719 702 τύχας
3748 632 3856 685 τῶν
3889 632 3950 686 ιν

2370 721 2482 780 τοῖς
2507 719 2690 781 ὅπλοις
2719 721 2796 790 τῷ
2820 738 2879 775 τε
2902 719 3046 791 λιμῷ
3067 721 3160 774 καὶ
3184 720 3358 790 λοιμῷ
3387 720 3950 791 προσταλαιωροῦν-

2372 823 2482 860 των
2517 809 2573 872 ις
2601 825 2662 877 γε
2687 811 2748 862 τὸ
2782 809 3028 880 βέλτιον⁸
3081 811 3174 862 καὶ
3227 805 3368 879 ἦσαν
3413 803 3607 878 ὥσπερ
3644 811 3708 862 εκ
3741 812 3868 879 μιᾶς
3898 811 3950 863 οί

2373 890 2819 974 περιλειπόμενοι
2869 901 3104 974 βοῶντες
3137 900 3376 963 ἅπαντες
3402 899 3647 969 γλώττης
3678 900 3950 971 στρατιῶ-

2374 1011 2466 1049 ται
2493 995 2592 1048 καὶ
2631 981 2949 1065 στρατηγοὶ,
2971 993 3118 1063 λόχοι
3151 993 3245 1046 καὶ
3277 992 3520 1062 λοχαγοὶ,
3558 991 3781 1061 σωτῆρα
3819 991 3947 1044 τοῦ·

2373 1101 2488 1148 τον,
2520 1083 2617 1136 καὶ
2648 1082 2876 1149 τροφέα,
2906 1082 3001 1134 καὶ
3031 1081 3410 1149 πλουτοδότην,
3442 1080 3536 1134 καὶ
3569 1082 3669 1134 ὅσα
3697 1082 3802 1149 τὴν,
3819 1081 3954 1132 Ῥω-

2379 1174 2558 1244 μαίων
2581 1173 2881 1242 ἡγεμονίαν
2909 1171 3260 1241 ἐνδοξοτέραν
3289 1171 3584 1239 καθίστησι
3602 1187 3616 1201 ’
3647 1170 3742 1224 καὶ
3781 1168 3853 1223 ἵν’
3871 1169 3950 1239 ὡς

2375 1264 2434 1316 ιν
2462 1262 2745 1333 κεφαλαίῳ
2765 1262 3141 1333 διεξέλθωμεν,
3183 1263 3283 1316 ὅσα
3312 1263 3369 1318 ὲν
3413 1261 3586 1331 τούτῳ
3605 1260 3684 1330 τῷ
3712 1261 3888 1331 χρόνῳ
3915 1261 3952 1332 ἡ

2376 1353 2471 1407 τοῦ
2501 1354 2692 1426 ἀνδρὸς
2727 1353 2942 1423 εὐφυῶς
2971 1352 3284 1424 κατέπραξε
3317 1351 3556 1416 σύνεσις,
3599 1350 3828 1420 ἐγγύθεν
3857 1351 3955 1404 καὶ

2377 1431 2666 1516 πόρῤωσεν
2690 1446 2892 1516 ὁμοίως
2939 1443 3313 1515 διενεργοῦσα.
3365 1442 3539 1497 Αὑτοῦ
3568 1443 3679 1514 γὰρ
3719 1443 3837 1512 ἃμα
3872 1440 3953 1510 τῷ

2379 1535 2590 1604 βασιλεῖ
2613 1534 2713 1605 τὴν
2753 1534 2862 1608 τῶν
2907 1535 3256 1603 Ἀκαρνάνων
3291 1533 3703 1603 πολισρκοῦντος
3751 1533 3956 1602 μητρὸ-
3989 1605 3993 1609 _
4061 1568 4066 1574 -

2377 1623 2555 1690 ῖπολιν,
2589 1624 2837 1684 ἑάλωσαν
2893 1627 2942 1679 oi
2971 1626 3264 1695 τυραννίδα
3305 1623 3698 1694 μελετήσαντες
3746 1639 3806 1676 τε
3854 1624 3952 1676 καὶ

2377 1715 2691 1786 ἐπιθέμενοι
2747 1719 2828 1780 είς
2880 1713 3177 1780 Βυζάντιον
3197 1756 3214 1783 ,
3235 1716 3443 1798 ,πολλοί
3471 1732 3531 1768 τε
3559 1715 3713 1779 ὄντες
3763 1715 3858 1769 καὶ
3887 1716 3950 1770 οὐ

2378 1810 2486 1864 τῶν
2508 1810 2756 1880 ἀφανῶν,
2786 1813 2914 1880 περὶ
2951 1805 3026 1867 ὧν
3063 1804 3290 1885 ὕστερον
3317 1810 3651 1882 πλατύτερον
3682 1811 3944 1882 λέξομεν.

707 2013 2739 2054 ..__________________

1129 2141 1903 2275 DlGNl’l‘ATUM
1977 2187 2116 2282 AC
2189 2184 2998 2284 FUNCTIONUM
3075 2161 3574 2288 PALATII'

1526 2379 1631 2439 ΕΤ
1672 2379 2077 2444 ECCLESIE
2113 2381 3133 2475 CONSTANTINOPOLITANIE,

787 2545 1074 2622 Quarum
1115 2544 1483 2609 Historicus
1539 2553 1758 2610 noster
1815 2548 2132 2624 meminit,
2184 2550 2264 2612 e'x
2318 2551 2698 2633 Curopalata
2745 2563 2806 2618 et
2856 2557 2996 2636 ejus
3042 2557 3392 2624 Scholiasta
3430 2559 3845 2642 potissimum

1981 2651 2264 2716 dilucida
2293 2655 2678 2736 explanatio.

779 2958 1079 3032 Δεσπότης,
1121 2962 1409 3017 Dominus.
1444 2963 1570 3018 Ilaec
1604 2963 1894 3032 appellatio
1943 2963 2282 3034 impcratori,
2316 2969 2359 3026 Β
2390 2965 2752 3035 imperatores
2802 2965 3172 3025 dormiebant.
3218 2969 3348 3025 Tale
3399 2985 3546 3025 nunc
3587 2972 3826 3028 omcium
3870 2984 3956 3030 est

707 3057 834 3110 [iliis
858 3057 996 3124 ejus,
1024 3056 1286 3110 fratribus
1327 3072 1390 3111 ac
1422 3058 1640 3126 generis
1675 3059 2019 3112 tribuebatur
2056 3073 2284 3131 genera-7

711 3148 832 3204 tim.
883 3147 1106 3216 Proprie
1153 3147 1227 3201 ab
1269 3149 1619 3216 imperatoria
1670 3149 1951 3219 majestate
2006 3149 2283 3203 secundus

711 3242 791 3297 sic
817 3233 1125 3307 dicebatur,
1154 3259 1315 3311 quem
1344 3244 1680 3298 recentiores
1708 3245 1872 3298 etiam
1898 3245 2162 3296 σεδαστὸν
2189 3259 2285 3297 vo-

706 3343 922 3391 carunt.
966 3334 1080 3388 lloc
1115 3337 1260 3388 enim
1297 3336 1463 3388 semel
1498 3336 1761 3390 denotare
1804 3337 2082 3399 convenit,
2113 3338 2285 3407 impe-

707 3435 919 3478 ratores
954 3424 1079 3481 illos
1106 3423 1346 3479 Orientis
1394 3426 1593 3481 multos
1640 3427 1825 3481 titulos
1857 3427 2182 3482 honorarius
2214 3428 2282 3482 ad

709 3530 840 3569 suos
871 3515 974 3569 sibi
1003 3515 1377 3570 deviueendos
1423 3516 1784 3588 excogitasse.
1821 3517 1878 3571 In
1909 3517 2100 3572 Galliis
2147 3519 2279 3573 olim

712 3607 997 3675 proximus
1020 3622 1049 3659 a
1074 3622 1202 3676 rege
1227 3609 1400 3678 major
1420 3609 1676 3663 dOminus
1697 3610 2099 3666 nominabatur.
2137 3610 2286 3665 Cra:-

707 3711 903 3750 corum
956 3695 1352 3765 imperatorum
1389 3713 1470 3751 ex.
1494 3699 1642 3767 mplo
1677 3715 1736 3753 se
1767 3715 1989 3768 quoque
2029 3700 2287 3768 desputas

709 3787 878 3842 vicini
907 3789 1186 3858 principes
1227 3787 1336 3843 dici
1365 3791 1679 3855 voluerunt,
1720 3790 2022 3859 praesertim
2061 3789 2277 3861 Bulgari

708 3890 767 3937 et
797 3880 994 3935 Servii.
1019 3879 1121 3946 Qui
1146 3880 1422 3935 interdqu
1450 3883 1502 3936 in
1525 3882 1839 3937 Graecorum
1868 3883 2110 3936 bistoriis
2135 3885 2285 3953 regio

709 3987 933 4040 quoque
971 3972 1129 4026 titulo
1153 3982 1468 4036 censentur,
1501 3989 1624 4026 cum
1662 3989 1760 4042 pro
1787 3974 2033 4042 dcspotis
2074 3973 2281 4041 Crales,

713 4072 768 4118 et
800 4080 999 4120 uxores
1029 4081 1129 4135 pro
1164 4064 1442 4134 despmuis
1471 4064 1729 4120 Cralzcua:
1763 4067 2145 4135 appellantur;
2180 4068 2286 4122 huc

709 4156 915 4226 quippe
940 4167 1102 4210 sonat
1133 4172 1332 4210 nomen
1371 4158 1455 4211 bat
1475 4157 1689 4226 barum.
1722 4157 1810 4211 Sic
1840 4173 1868 4210 a
1900 4161 2279 4212 (Zantacuzeno

707 4248 1028 4302 Acarnania:
1054 4258 1109 4300 et
1153 4246 1370 4301 AEtolia:
1396 4247 1670 4316 principes
1717 4248 1958 4316 despotae
2001 4246 2278 4302 dicuntur.

693 4330 916 4393 ‘Verum
940 4338 1440 4393 uosterbistoricus
1456 4338 1880 4407 Constantinum
1905 4337 2201 4416 Andronici
2229 4337 2285 4392 li-

711 4431 846 4486 lium
874 4431 1155 4500 despotam
1184 4441 1439 4484 vocatum
1462 4429 1675 4494 scribit,
1707 4431 1797 4499 qui
1819 4439 1940 4498 post
1965 4429 2284 4484 Micltaclem

709 4528 934 4575 lratrem
977 4521 1217 4591 genitus,
1275 4537 1374 4589 per
1415 4531 1612 4574 cuncta
1670 4521 1939 4575 secundas
1989 4520 2286 4576 obtineret.

711 4611 979 4665 Infantem
1014 4619 1210 4663 vocant
1262 4608 1512 4678 Hispani.
1572 4608 1927 4662 Observauda
1969 4608 2131 4676 igitur
2179 4608 2286 4662 alia

696 4707 884 4759 ‘notio.
907 4703 1253 4757 lllonebimus
1285 4703 1339 4754 in
1372 4701 1609 4754 Aduolat

785 4796 1308 4866 Παρακοιμώμενοι,
1343 4793 1579 4848 subaudi
1606 4792 1698 4845 τοῦ
1720 4793 1999 4855 κοιτῶνος,
2021 4793 2282 4856 cubiculi,

713 4889 994 4943 Accubilar
1025 4887 1251 4939 cubiculi
1275 4887 1340 4940 ad
1369 4886 1623 4947 verbum,
1653 4883 1704 4936 id
1733 4895 1816 4938 est
1856 4885 1993 4937 sacri
2017 4885 2282 4948 cubiculi,

712 4997 808 5035 seu
845 4978 1200 5033 excubiarum
1223 4976 1364 5029 sacri
1395 4974 1637 5028 cubiculi
1672 4973 1983 5043 praefectus,
2019 4966 2282 5060 principi,

711 5089 807 5127 seu
841 5068 1157 5140 imperatori
1190 5084 1220 5122 a
1263 5067 1556 5129 cubiculis,
1588 5076 1681 5120 aut
1734 5065 2024 5132 praefectus
2066 5067 2288 5120 excubi-

711 5176 915 5219 torum.
947 5168 1002 5213 et
1033 5157 1324 5213 custodum
1361 5157 1500 5211 sacri
1526 5155 1788 5210 cubiculi.
1826 5156 2003 5224 Caput
2033 5165 2118 5208 est
2151 5172 2285 5225 pue-

711 5267 899 5306 rorum
932 5251 1025 5319 qui
1056 5251 1108 5303 in
1141 5259 1359 5304 caelone
1385 5259 1534 5312 sunt,
1580 5242 2144 5317 etcubicularioruqt,
2189 5248 2285 5300 Ita-

710 5345 846 5398 beus
880 5341 1046 5396 etiam
1070 5341 1173 5395 sibi
1203 5339 1484 5394 subditum
1523 5337 1926 5408 procubitorem
1957 5338 2098 5391 sacri
2131 5337 2286 5391 cubi-

710 5437 842 5490 culi.
878 5435 956 5488 lla
1000 5433 1626 5502 GuropalataJlaguutn
1667 5429 2067 5484 cubicularium
2113 5430 2280 5500 aliqui

707 5539 927 5583 vocant.

2388 3054 2533 3122 apud
2591 3054 2895 3109 Turcarum
2946 3057 3225 3112 sultanum
3275 3061 3394 3124 ejus
3453 3060 3796 3126 cubicularii,
3857 3064 3954 3132 qui

2387 3143 2649 3207 Tbiotlar,
2670 3156 2766 3199 aut
2804 3145 3091 3201 'I'roltadar
3111 3148 3438 3218 appellatur.
3472 3150 3520 3204 ls
3539 3152 3683 3222 enjm
3713 3162 3771 3208 et
3810 3154 3956 3210 intra

2385 3237 2700 3291 cubiculum
2737 3249 2902 3292 noctu
2928 3239 3189 3294 excubias
3225 3241 3358 3311 agit,
3391 3249 3447 3296 et
3472 3243 3712 3312 pluviam
3741 3243 3956 3302 Sullani

2384 3337 2591 3380 vestem
2622 3335 2816 3396 gestat,
2845 3336 2903 3381 ut
2925 3328 3350 3398 παρακείμενος,
3375 3346 3496 3399 qua:
3519 3333 3956 3404 searamangium

2383 3429 2634 3472 vocatur.
2678 3421 2758 3473 Ac
2808 3430 3016 3473 norunt
3056 3435 3268 3481 omnes,
3308 3422 3402 3490 qui
3441 3417 3655 3478 Portam
3696 3426 3959 3480 viderunt

2383 3505 2754 3574 Osmanicam,
2796 3496 3222 3564 non'snltanum
3256 3512 3418 3568 modo
3455 3514 3704 3569 comitari
3733 3517 3962 3571 cubicu-

2383 3600 2603 3659 larium.
2649 3601 2741 3668 qui
2792 3615 2991 3654 sereno
3045 3617 3266 3671 quoque
3318 3604 3459 3658 coelo
3508 3608 3955 3677 scaratnangiutn

2387 3694 2507 3763 ejus
2537 3703 2749 3762 gestat;
2791 3695 2885 3750 sed
2939 3711 3134 3751 omnes
3165 3699 3332 3751 etiam
3372 3699 3617 3768 quotidie
3661 3702 3870 3768 bassas,
3902 3713 3962 3760 et

2385 3784 2574 3854 begos,
2601 3785 3060 3856 quotiescumque
3093 3803 3192 3857 per
3210 3789 3412 3844 urbem
3457 3790 3524 3844 ad
3557 3801 3766 3860 portam
3796 3796 3961 3864 equi-

2389 3883 2527 3941 tant,
2570 3876 2775 3932 ltabere
2806 3878 3166 3948 pedisequum
3193 3897 3382 3943 unum,
3415 3882 3507 3950 qui
3531 3894 3736 3938 vestem
3768 3885 3961 3957 hujus-

2386 3969 2534 4020 modi
2559 3975 2762 4035 portat,
2799 3968 3012 4022 ceteris
3043 3969 3566 4041 snperinjiciendam
3586 3977 3956 4041 vestimentis,

2386 4057 2432 4113 si
2461 4073 2587 4112 aere
2627 4070 2838 4114 mutato
2875 4061 3016 4116 forte
3037 4061 3209 4132 pluat.

2485 4150 2677 4216 Μέγας
2735 4151 3072 4220 δομέστικος,
3124 4169 3349 4223 magnus
3407 4153 3744 4210 donmticus.
3793 4157 3955 4214 Varia

2387 4241 2508 4310 ejus
2541 4241 2718 4296 ollicia
2741 4245 2882 4311 apud
2913 4241 3264 4313 Curoplatam
3291 4244 3440 4310 vide,
3481 4247 3819 4302 variislocis.
3845 4249 3959 4304 No-

2391 4348 2514 4386 lncll
2540 4334 2828 4388 domestici
2850 4334 2916 4388 ad
2941 4333 3125 4404 plures
3155 4333 3450 4406 dignitates
3479 4338 3806 4407 pertinebat,
3834 4356 3957 4409 qua:

2389 4425 2650 4495 adjuncto
2685 4426 3167 4490 discernebantur,
3218 4435 3279 4480 ut
3322 4433 3639 4496 cognosces,
3686 4444 3718 4484 e
3751 4432 3958 4500 quibus
3995 4423 4009 4451 ⁴
4054 4474 4056 4476 τ

2388 4517 2566 4586 magni
2600 4515 2890 4572 domestici
2921 4519 3260 4588 pracipuum
3293 4519 3593 4585 exstitisse,
3629 4535 3834 4576 nomen
3877 4523 3959 4593 ip-

2390 4622 2512 4661 sam
2542 4624 2764 4677 magnus
2802 4607 3094 4675 signiﬁcat.

2465 4699 2506 4750 [1
2515 4699 2937 4770 ρωτοστράτωρ,
2963 4699 3348 4754 Protostralor.
3370 4701 3612 4758 Absente
3635 4719 3834 4774 magno
3852 4704 3960 4760 do-

2391 4793 2622 4845 mestico
2662 4791 2768 4845 fert
2794 4792 3145 4861 imperatoris
3174 4792 3614 4862 spatltam.'Cum
3639 4796 3821 4865 itaque
3859 4775 3960 4851 im-

2389 4895 2609 4952 perator
2639 4893 2722 4948 est
2749 4899 3159 4957 coltscensurus
3185 4888 3650 4954 equum,.cumite
3682 4905 3958 4958 equorum

2389 4977 2737 5044 imperatoris
2755 4975 3063 5030 adducente
3085 4987 3142 5030 et
3163 4987 3384 5031 tenente
3425 4993 3648 5046 equum,
3670 4992 3958 5048 postquam
4013 5019 4050 5037 κ-

2388 5068 2636 5121 ascendit
2670 5068 2986 5135 imperator,
3020 5077 3381 5136 protostrator
3412 5070 3762 5138 prehendens
3799 5071 3959 5127 freno

2388 5157 2609 5211 deducit
2639 5173 2844 5227 equum
2893 5157 2958 5211 ad
3011 5170 3287 5226 quartam,
3341 5169 3432 5214 aut
3481 5160 3727 5229 quintam
3785 5178 3986 5232 usque-

2389 5259 2596 5318 partcm
2625 5252 2760 5303 aulae
2787 5249 2994 5317 palatii.
3027 5249 3235 5306 Deinde
3271 5252 3543 5320 recipiens
3569 5268 3693 5306 eum
3731 5270 3963 5323 magnus

2387 5341 2786 5401 Cbartularius.
2819 5342 3044 5396 deducit
3071 5341 3224 5396 freno
3260 5344 3326 5397 ad
3355 5356 3564 5412 portam
3598 5360 3771 5414 usque
3799 5346 3961 5401 aulae.

2389 5437 2656 5490 Similiter
2679 5437 2844 5490 ctiam
2873 5435 3024 5500 facit,
3068 5451 3191 5489 cum
3222 5437 3521 5505 imperator
3564 5437 3797 5505 pedibus
3856 5439 3967 5491 itu-

2299 5524 2305 5527 ”
2391 5544 2483 5580 rus
2503 5544 2609 5592 ρετ,
2636 5545 2801 5598 agens
2815 5528 3069 5583 videlicet
3093 5539 3295 5596 aperta
3314 5544 3514 5598 equum
3541 5529 3608 5582 ad
3635 5543 3761 5583 euut
3789 5545 3966 5598 usque
4050 5575 4057 5580 .

778 5619 1165 5688 Leunclavius,
1205 5619 1472 5674 I’audecle
1519 5617 1756 5672 historia:
1803 5614 2037 5672 Turcicw
2072 5631 2166 5669 seu
2212 5618 2280 5668 ad
2311 5636 2362 5694 Ι)
2390 5619 2407 5672 l
2432 5636 2594 5683 Icum,
2647 5635 2810 5689 quem
2845 5629 2970 5673 ante
3003 5619 3244 5674 diximus
3272 5637 3286 5673 :
3314 5636 3381 5674 ex
3427 5635 3538 5687 quo
3575 5620 3772 5673 iterum
3825 5620 3969 5673 reei-

704 5716 940 5771 Atmales
969 5713 1247 5769 Turcicos:
1267 5712 1756 5785 Παρακοιμώμενοι
1785 5720 1911 5765 sunt
1935 5711 2110 5763 intimi
2128 5710 2282 5762 nubi-

703 5807 901 5865 cularii
930 5809 1028 5880 qui
1052 5808 1435 5881 augustalibus
1455 5807 1512 5860 in
1543 5803 1812 5862 cubiculis
1839 5813 1895 5860 et
1922 5801 2022 5872 ipsi
2057 5812 2284 5873 propter

2396 5701 2620 5780 piteum
2648 5719 3031 5779 protostrator,
3065 5723 3233 5780 agens
3257 5709 3325 5764 ad
3366 5725 3492 5765 eum
3535 5724 3708 5779 usque
3753 5709 3966 5774 locum,

2395 5803 2486 5858 ubi
2529 5803 2826 5874 imperator
2850 5804 3018 5876 pedes
3050 5819 3173 5861 esse
3199 5803 3361 5860 solet.
3384 5802 3542 5872 Quod
3569 5805 3618 5862 si
3645 5806 3789 5863 forte
3831 5820 3968 5878 ιιι-ο·
4022 5815 4028 5819 ·
