4222 6442
212 439 282 502 31
1559 402 2157 473 PROLEGOMENA.
3425 391 3495 455 35

215 560 567 608 testratoretn
602 543 797 598 abesse
830 535 1144 607 contigerit,
1175 533 1281 586 hoc
1310 527 1442 582 facit
1474 540 1502 578 a
1535 519 1811 594 principio
1846 528 1883 577 Λ

216 661 393 714 usque
425 643 493 695 ad
525 639 688 693 linem
741 646 971 702 magnus
997 624 1391 683 chartularius.
1427 617 1597 675 Paulo
1633 623 1758 683 post
1790 624 1802 662 :

217 742 592 794 l‘rotostrator
637 730 802 785 etiam
835 733 921 782 est
957 723 1215 777 defensor
1248 729 1544 772 cursorum
1593 712 1811 781 (curso-

218 849 309 888 res
357 831 465 884 hoc
512 827 637 880 loco
686 831 838 884 sunt,
897 817 1233 888 quicumque
1279 807 1416 864 nulli
1459 803 1684 875 agmini,
1719 806 1813 854 aut

221 927 383 995 signo
419 917 642 974 militari
674 912 900 982 ascripti
944 896 1095 969 sunt,
1139 905 1233 959 sed
1285 901 1385 970 ipsi
1416 907 1592 953 castra
1630 907 1816 963 prosc-

228 1026 477 1088 quuntur
516 1013 686 1072 ultro,
710 1011 1097 1074 exspectantes
1117 999 1248 1053 dum
1273 991 1490 1049 accensi
1516 990 1693 1055 ﬁant).
1719 984 1816 1039 llis

223 1111 372 1164 enim
407 1104 584 1174 néque
608 1101 861 1154 ordinent
895 1090 1289 1148 retinentibus,
1322 1099 1503 1152 neque
1531 1083 1809 1134 llatnmeo-

221 1204 337 1258 Iutn
353 1201 593 1270 (signum
614 1193 853 1248 militare
874 1197 980 1253 est,
996 1186 1188 1238 Latina
1201 1179 1434 1248 origine,
1456 1191 1484 1229 a
1499 1173 1682 1228 colore
1703 1169 1819 1222 dic-

227 1296 375 1356 tum)
403 1304 587 1351 suum,
617 1285 714 1340 sed
742 1269 1483 1345 inordinatequodanuuodo
1509 1261 1814 1324 dissolutis,

225 1388 601 1454 protoslrator
626 1376 743 1444 ipse
765 1372 1131 1438 subsequens,
1151 1361 1389 1417 defendit
1415 1360 1586 1428 ipsos,
1607 1353 1654 1407 si
1674 1354 1818 1406 forte

225 1452 374 1530 bello
425 1471 836 1542 opprimantur.
893 1461 1190 1528 Propterea
1248 1453 1395 1507 enim
1453 1452 1818 1519 protostrator

221 1570 395 1623 etiam
454 1540 784 1632 appellatur,
827 1553 974 1626 quod
1027 1551 1127 1603 toti
1189 1547 1290 1616 ipsi
1345 1540 1583 1612 στρατῷ,
1634 1540 1685 1590 id
1737 1544 1820 1591 est

221 1655 498 1711 exercitui
525 1659 748 1722 przeeat,
779 1654 836 1700 et
867 1641 1134 1699 consistat
1157 1637 1390 1707 primus.
1423 1633 1467 1686 A
1499 1627 1820 1683 cursoribus

223 1761 409 1803 autem
439 1760 633 1799 omnes
683 1754 773 1794 res
812 1736 998 1790 varias
1043 1746 1164 1800 qua:
1215 1726 1393 1782 iutilia
1440 1721 1816 1779 nominantur,

227 1841 401 1894 moris
422 1849 506 1890 cst
527 1841 978 1906 protostratorem
995 1826 1268 1892 accipere.
1294 1816 1525 1873 Nomine
1539 1811 1818 1882 φυτιλίων,

225 1935 472 1989 [utilium
538 1933 665 1998 {est
719 1925 866 1979 enim
923 1919 1177 1975 Latinum
1235 1906 1601 1972 vocabulum)
1644 1902 1812 1973 signi-

232 2030 476 2081 ticantur
507 2033 860 2091 quaecunque
891 2030 1000 2080 res,
1035 2026 1156 2082 qua:
1190 2024 1288 2079 per
1336 2022 1395 2061 se
1449 2001 1610 2057 nihili
1660 2006 1810 2064 sunt,

228 2133 326 2176 aut
357 2118 492 2173 nihil
517 2117 582 2170 ad
615 2129 729 2168 rem
763 2111 1054 2166 militarem
1086 2102 1322 2162 faciunt.
1352 2097 1592 2166 denique
1631 2093 1805 2160 impe-

248 2215 478 2269 limcnta
508 2209 633 2264 belli
662 2206 996 2264 certissima,
1020 2197 1127 2253 nisi
1151 2203 1496 2249 avertantur.
1529 2187 1663 2242 Nam
1701 2185 1816 2238 lucc

231 2320 488 2362 cursores
514 2298 864 2358 commodius
882 2296 1232 2363 comportant
1254 2299 1417 2356 quam
1442 2281 1662 2340 milites,
1687 2275 1814 2346 quia

230 2416 342 2455 non
375 2398 586 2451 luerent
615 2391 787 2463 signis
820 2407 833 2442 :
863 2398 919 2441 et
963 2381 1228 2438 audacius
1259 2377 1546 2444 colligunt,
1597 2371 1726 2440 quia
1758 2384 1816 2422 se

251 2491 447 2562 egibus
481 2503 591 2541 non
626 2482 802 2538 teneri
838 2486 1053 2550 putant.
1090 2472 1463 2542 Quamobrem
1512 2473 1820 2536 protostra-

240 2561 339 2638 -ori
375 2591 619 2652 potestas
653 2577 779 2631 data
802 2583 884 2628 est
915 2570 1092 2626 {utilia
1125 2567 1228 2621 ista
1269 2561 1577 2617 auferendi.

306 2649 497 2742 Μέγας
531 2667 944 2728 κοντοσταῡλος,
980 2661 1074 2733 qui
1111 2659 1314 2714 Gallice
1349 2651 1679 2715 connétabie,
1714 2649 1820 2703 ita-

233 2768 339 2820 lice
369 2758 708 2822 conestabile,
755 2755 948 2810 Lcttine
981 2763 1166 2806 eomes
1208 2745 1428 2802 stabuli.
1464 2743 1565 2798 Ubi
1623 2741 1667 2794 si
1715 2749 1824 2793 sta-

237 2857 429 2911 bulum
473 2865 573 2920 pro
607 2847 776 2917 equiti
808 2843 1069 2912 accipias,
1106 2839 1216 2891 erit
1251 2823 1436 2890 eomes
1479 2830 1704 2894 stabuli,
1737 2827 1821 2880 vel

237 2949 331 3010 qui
372 2952 570 3016 purast
612 2939 873 2995 omnibus
934 2934 1110 3002 copiis
1152 2927 1550 2999 equestribus:
1589 2923 1671 2976 vel
1729 2921 1824 2990 qui

237 3049 440 3111 praeest
491 3033 758 3103 equitatui
802 3024 1155 3097 imperatoris
1197 3021 1400 3074 aulico.
1445 3015 1602 3085 Apud
1636 3027 1827 3067 recert-

237 3136 412 3188 tiores
442 3130 662 3183 Graecos
687 3135 771 3178 est
806 3123 918 3176 dux
948 3117 1237 3187 copiarum
1273 3108 1650 3169 auxiliarium,
1707 3119 1827 3173 quae

1915 516 2008 584 qui
2041 510 2295 567 Michaeli
2313 509 2492 565 Balbo
2523 507 2742 583 adiutor
2770 505 2893 571 fuit,
2938 514 2998 561 ut
3025 504 3264 560 Leonem
3303 503 3498 560 Armo-

1917 626 2048 664 nttnt
2086 625 2116 662 e
2148 607 2331 662 medio
2371 604 2610 668 tolleret,
2645 590 2992 672 imperioque
3026 599 3318 670 potiretur.

1987 702 2177 768 Μέγας
2211 697 2724 769 Σ·ρατοπεδάρχης,
2769 709 2996 764 magnus
3035 701 3336 746 castrorum
3363 703 3506 760 pne-

1916 797 2101 868 [εειιιε.
2133 795 2226 849 Est
2245 801 2466 846 curator
2483 805 2671 844 earum
2705 804 2910 850 rerum,
2935 801 3058 856 quae
3082 768 3353 838 exercitui
3375 791 3504 838 sunt

1917 907 2081 962 Opus,
2133 888 2393 942 videlicet
2447 886 2862 946 alimentorum,
2904 881 3401 935 instrumentorum
3449 885 3506 929 et

1920 980 2352 1037 necessariorum
2389 978 2657 1032 omnium.
2716 972 3207 1025 Proviantmet'ster.
3260 969 3508 1038 Exponi-

1921 1081 2011 1127 tur
2041 1074 2251 1136 etiam,
2299 1069 2558 1139 princeps
2604 1068 2908 1126 exercitus,
2954 1072 3014 1117 ut
3045 1064 3114 1117 sit
3159 1065 3300 1116 idem
3357 1058 3506 1128 quod

1921 1164 2325 1236 στρατιὰρχηςς
2364 1177 2490 1215 nam
2514 1159 2876 1230 στρατόπεδον
2897 1155 3194 1226 aliquando
3213 1169 3311 1223 pro
3339 1169 3509 1222 στρα-

1922 1256 2012 1316 τὸς
2044 1255 2290 1325 ponitur.

2032 1365 2515 1435 Πρωτα).ογάτωρ,
2595 1379 2832 1426 summus
2903 1362 3138 1430 equitum
3203 1357 3506 1428 prcefertus.

1924 1463 2070 1519 Voce
2109 1461 2258 1517 enim
2315 1460 2512 1525 ἄλογον
2548 1455 2720 1510 Graeci
2769 1454 3110 1508 recentiores
3144 1469 3373 1522 equum,
3414 1460 3511 1505 aut

1921 1555 2228 1626 iumentum
2256 1549 2586 1620 signiﬁcant,
2620 1549 2762 1621 facta
2792 1563 2856 1601 ex
2891 1546 3110 1617 ἀλόχου,
3138 1541 3177 1599 θ’
3200 1546 3371 1610 verbo
3413 1545 3511 1597 ha-

1926 1647 2039 1709 lac,
2073 1645 2222 1715 quod
2247 1642 2626 1698 Orientalibus
2658 1648 2794 1700 erat,
2830 1639 2911 1692 ire
2950 1657 2962 1691 :
2991 1640 3119 1707 quia
3146 1629 3416 1690 maximus
3454 1644 3510 1690 ct

1928 1739 2242 1808 praecipuus
2269 1735 2647 1806 jutnentorum
2681 1746 2812 1785 usus
2835 1732 2900 1784 ad
2939 1729 3387 1784 commoditatem
3421 1728 3512 1781 iti-

1929 1845 2147 1884 nerum.
2178 1828 2371 1880 Turcaz
2398 1827 2566 1880 etiam
2595 1825 2757 1878 hodie
2795 1828 3072 1883 nuntium,
3108 1838 3202 1875 seu
3242 1802 3509 1875 viatorem

1921 1921 2380 1994 appellanthulac
2402 1918 2500 1972 .Ex
2524 1916 2714 1969 ἀλόχου
2732 1917 2896 1986 igitur
2918 1917 3136 1982 ἄλογον,
3163 1915 3214 1968 id
3240 1924 3345 1976 est,
3376 1914 3519 1973 bro:

1923 2027 2039 2072 tum
2061 2013 2180 2066 κατ’
2199 2011 2740 2081 ἐξοχὴνὶυηιθιιιιιιη,
2762 2019 3065 2076 autequus,
3084 2015 3143 2060 ut
3162 2007 3278 2060 Itali
3294 1999 3510 2067 dicunt,
3564 2002 3566 2006 ’

1925 2104 1979 2156 la
2013 2103 2177 2154 bestia
2201 2101 2330 2163 mia,
2354 2115 2450 2168 pro
2473 2113 2652 2167 equus
2677 2112 2851 2151 meus.
2878 2095 2953 2149 Ex
2978 2096 3172 2162 ἀλόγου
3202 2097 3258 2150 tit
3293 2087 3516 2162 ὰὶόγιόν

1923 2193 2224 2260 equitatus,
2268 2206 2364 2244 seu
2396 2205 2667 2259 equorum
2699 2199 3019 2257 equitumve
3047 2197 3253 2243 m‘erus.
3280 2189 3514 2244 Prtefec-

1929 2292 2014 2337 tus
2043 2282 2330 2352 ἀλογάτωρ
2365 2299 2377 2335 :
2405 2297 2655 2335 summus
2683 2283 2990 2350 pra-fectus.
3033 2281 3511 2352 πρωταλογάτωρ.

1998 2397 2493 2465 Σεϐαστοκρὰτωρ,
2531 2394 3058 2464 Augustimperator,
3097 2394 3286 2449 Tertia
3336 2395 3515 2464 (ligni-

1932 2500 2012 2545 tas
2065 2489 2134 2543 ab
2193 2475 2561 2556 imperatore,
2594 2487 2906 2541 Caesariana
2966 2489 3336 2556 praestantior.
3376 2469 3515 2540 Dum

1931 2583 2230 2650 imperator
2275 2578 2550 2648 βισιλτὺς,
2598 2577 2886 2640 cremat-Lg.
2939 2580 3154 2646 Καῖσαρ
3191 2578 3374 2632 dictus
3407 2588 3513 2644 est,

1933 2689 2041 2726 uno
2071 2673 2377 2740 eodemque
2406 2685 2600 2723 omnes
2632 2671 2732 2724 hos
2765 2670 2954 2724 titulos
2979 2671 3289 2734 obtinente.
3337 2671 3520 2739 digni-

1933 2774 2070 2818 tates
2097 2763 2307 2824 olliciis,
2350 2777 2414 2814 ac
2451 2777 2558 2814 non
2606 2761 2800 2825 titulis,
2847 2763 3128 2816 mstitnatte
3159 2772 3311 2817 sunt.
3359 2764 3518 2818 Post-

1886 2916 1888 2918 τ
1931 2871 1996 2910 ca
2046 2870 2176 2909 vero
2206 2856 2568 2923 imperatores
2601 2855 2856 2907 luserunt
2889 2855 3084 2920 titulis,
3133 2865 3187 2909 et
3220 2857 3518 2909 honoraria

1933 2949 2260 3018 dignitatum
2302 2950 2521 2999 nomina
2561 2949 2678 3001 sine
2717 2947 2912 3001 ofﬁciis
2951 2949 3214 3016 impcrtiti
3268 2959 3398 3002 sunt
3425 2943 3516 3002 ara-

1937 3041 2142 3095 bitratu
2173 3057 2297 3102 suo,
2354 3049 2413 3093 ut
2467 3039 2797 3107 Curopalata
2854 3040 2943 3093 his
2977 3015 3163 3094 verbis
3221 3015 3516 3096 declarat:

1937 3130 2194 3202 υιιειιοιει,
2231 3117 2674 3192 sehastocrator,
2711 3132 2894 3184 (ia-sar
2962 3131 3027 3183 ad
3095 3132 3304 3185 nullum
3337 3134 3522 3190 ,tuini-

237 3242 305 3278 (³³⁸
325 3224 524 3279 Ganm'
550 3218 760 3282 Smha’
787 3213 966 3274 llal'a’
990 3209 1216 3262 factum!
1242 3201 1514 3272 “manu”
1542 3197 1823 3252 oneum"
1856 3231 1897 3289 C
1939 3227 2167 3280 steriunt
2208 3237 2485 3281 tenentur:
2525 3224 2626 3276 nisi
2661 3223 2724 3274 ad
2778 3239 3054 3275 sumntum
3088 3224 3328 3292 aliquent
3369 3227 3523 3294 prin.

243 3316 527 3386 petebant.

317 3410 507 3472 Μέγας
550 3401 860 3466 ὶογοῦἐτης,
907 3395 1132 3461 Magnus
1197 3387 1508 3456 Logotheta,
1557 3380 1831 3436 cancella-

257 3503 401 3554 rium
443 3496 652 3550 Latinis
680 3489 864 3544 vocari
895 3485 1209 3553 λογτιθέτηγ,
1244 3483 1320 3533 ait
1353 3479 1572 3532 Nicetas
1606 3475 1700 3528 lib.
1733 3486 1830 3524 VII.

252 3596 451 3648 Munus
499 3588 675 3657 magni
705 3583 998 3653 logothcta:
1036 3580 1119 3631 his
1170 3574 1354 3626 verbis
1377 3570 1706 3638 Uuropalata
1740 3565 1837 3618 de-

247 3686 448 3743 scribit
479 3701 490 3733 :
525 3679 772 3748 Disponit
807 3673 1060 3727 mandata
1093 3677 1147 3721 ct
1183 3665 1357 3718 bullas
1385 3677 1599 3724 aureas,
1633 3675 1751 3726 quin
1767 3657 1836 3709 ab

247 3780 582 3846 imperatore
607 3771 902 3838 mittuntur
935 3763 1000 3818 ad
1034 3775 1210 3831 reges,
1243 3757 1512 3813 sultauos,
1555 3763 1613 3805 et
1652 3760 1837 3818 topar-

249 3874 403 3926 chas.
445 3871 623 3935 Atque
656 3864 759 3916 hoc
786 3859 1010 3930 quidem
1044 3850 1328 3922 pr0priutn
1361 3855 1444 3900 cst
1477 3841 1653 3912 magni
1687 3841 1836 3906 logo-

251 3965 419 4017 litt-Le
472 3953 862 4013 ministerium.
905 3944 1060 4012 Quod
1111 3952 1295 3996 autem
1344 3938 1410 3990 ad
1463 3949 1578 3988 rem
1613 3932 1832 3985 domes-

255 4060 447 4114 tn-znn,
483 4050 657 4118 ipsius
706 4054 789 4098 est
826 4044 1064 4098 edicere,
1101 4033 1245 4104 quod
1285 4033 1581 4098 imperator
1608 4022 1834 4077 manda-

257 4145 414 4199 t-‘erit.
440 4140 662 4194 Addunt
690 4134 778 4188 alii
807 4147 930 4185 esse
957 4131 1121 4183 etiam
1153 4123 1464 4186 libellorum
1491 4115 1836 4184 magistrum,

253 4232 470 4290 archivi
512 4227 856 4298 prmfcctutu,
890 4231 984 4274 aut
1037 4217 1140 4270 tale
1171 4211 1476 4282 quippiam.
1531 4204 1838 4271 Λογοθέτης

254 4325 557 4394 esponitur
593 4337 624 4371 a
680 4315 1039 4386 quibusdam,
1092 4309 1347 4374 magister
1399 4298 1694 4355 rationum,
1735 4289 1838 4358 qui

254 4431 529 4488 expensas
582 4422 639 4466 et
707 4409 914 4462 reditus
960 4408 1266 4470 computat,
1324 4403 1663 4449 cecouomus,
1727 4386 1841 4437 sive

260 4517 612 4580 procurator,
643 4500 791 4572 quod
843 4491 1099 4566 magnum
1151 4498 1271 4544 erat
1310 4483 1573 4544 olliciutn,
1621 4486 1677 4531 et
1705 4476 1842 4545 poli-

261 4617 452 4658 tcum.
1696 4571 1701 4579 ’

338 4692 648 4758 Λιιχτιοέτης
676 4684 769 4736 τοῦ
797 4673 1214 4748 στρατιωτικοῦ,
1247 4671 1510 4741 logotlteta
1535 4663 1841 4721 castrensis,

262 4788 649 4847 Zultlmeister,
692 4774 1156 4849 Pfemtignteister,
1197 4766 1402 4822 Gallice
1451 4759 1720 4814 Τηίων-ἱει-
1772 4755 1844 4806 du

262 4903 444 4952 Camp.

345 4949 773 5036 suametme
830 4958 1155 5015 caballarius
1226 4949 1608 5014 Καίαλλάριον
1673 4956 1845 5009 eque,-

267 5084 440 5124 stretu
478 5058 823 5130 intprratoris
871 5052 1187 5105 comitatum
1217 5041 1466 5096 nominat
1498 5034 1846 5103 Curopalata.

273 5164 347 5215 Ι-ῖι
387 5161 575 5212 Italico
607 5153 772 5205 ducta
795 5162 920 5210 vox,
953 5158 1075 5212 qua:
1114 5140 1228 5207 ipsa
1278 5152 1305 5186 ιι
1343 5132 1532 5201 Latina
1563 5143 1695 5180 voce
1732 5141 1849 5195 tua-

272 5253 448 5307 navit.
489 5247 661 5314 liujus
689 5257 821 5309 ergo
853 5237 1150 5291 comitatus
1183 5226 1476 5299 prarl‘cctus
1506 5217 1849 5274 Caballarius

268 5345 381 5398 diti
412 5341 649 5392 videtur.

378 5434 570 5497 Μέγας
638 5422 919 5485 «amrin,
988 5417 1214 5486 Magnus
1297 5409 1558 5480 I’uppias.
1626 5402 1684 5455 ιιι
1740 5409 1847 5481 est,

269 5537 505 5591 magnus
538 5514 882 5588 patet'culus,
941 5521 1192 5564 summus
1223 5504 1308 5556 i‘lle
1359 5501 1551 5565 judex,
1584 5489 1648 5547 ad
1684 5509 1846 5562 quem

271 5609 807 5670 eotutnentarienses
835 5606 902 5658 de
961 5598 1214 5671 personis
1261 5608 1478 5647 reorum
1540 5597 1596 5641 et
1659 5600 1851 5638 nume-

271 5724 356 5769 ro,
389 5707 459 5759 de
491 5701 752 5771 qualitate
782 5695 1134 5767 delictorum,
1164 5691 1232 5741 de
1279 5688 1588 5741 clausorum
1643 5677 1854 5730 ordini-

273 5804 376 5853 bus
431 5795 634 5848 rel'crre
683 5766 923 5842 debent.
957 5783 1014 5837 in
1076 5782 1214 5833 hanc
1262 5774 1588 5830 sententiam
1621 5766 1852 5834 'at-cipio

274 5904 478 5947 nomen
521 5883 698 5954 Papia:
747 5877 892 5950 apud
944 5875 1233 5935 Zonaratn,
1285 5869 1376 5922 tthi
1429 5866 1494 5919 de
1533 5878 1597 5917 co
1650 5859 1847 5930 agitur,

1939 3327 2184 3387 etpalunt
2220 3317 2586 3369 instituantur
2611 3358 2624 3378 ,
2664 3325 2794 3384 puta
2830 3323 2924 3367 aut
2978 3310 3218 3385 regendo
3267 3317 3521 3385 imperio,

1939 3409 2310 3482 aut.gct'entlo
2344 3408 2525 3462 bello:
2559 3409 2716 3478 cujus
2771 3406 2846 3459 rei
2899 3405 3150 3475 cxctupla
3202 3418 3333 3459 sunt
3375 3409 3522 3476 apud

1939 3501 2312 3570 Nicephorum
2347 3501 2645 3568 Gregorant
2680 3515 2844 3567 quam
2881 3500 3139 3567 plurima.
3174 3501 3250 3554 At:
3282 3502 3521 3570 primum

1941 3595 2165 3664 quidem
2219 3593 2400 3646 Caesar
2449 3592 2552 3644 fuit
2607 3592 2888 3645 secundus
2937 3593 3007 3644 ab
3071 3595 3404 3660 imperatore
3439 3595 3522 3663 (ut

1942 3689 2106 3741 hodie
2149 3702 2242 3740 rex
2277 3687 2652 3740 Romanorum
2702 3697 2785 3738 cst
2830 3685 2883 3737 itt
2911 3684 3198 3739 Oecidenti
3234 3687 3523 3756 imperio),

1939 3789 1996 3831 et
2047 3777 2287 3830 obtinuit
2338 3775 2443 3828 hoc
2488 3775 2553 3827 ad
2605 3775 2855 3827 Alexiutn
2913 3766 3259 3831 Coinnenum
3303 3772 3523 3847 osque:

1941 3878 2132 3937 postea
2188 3869 2598 3921 sebastocrator
2649 3866 2930 3920 secundus
3003 3876 3089 3920 est
3144 3869 3409 3931 habitus,
3471 3879 3526 3924 et

1941 3959 2124 4012 Caesar
2155 3959 2355 4011 tertius
2390 3972 2512 4010 esse
2542 3956 2735 4024 etepit,
2783 3973 2906 4009 eum
2943 3957 3167 4011 Alcxius
3203 3939 3525 4016 Conlucnus

1942 4051 2204 4105 lsaaciunt
2259 4055 2482 4102 t‘ratretn
2528 4048 2979 4102 Sebastocratora
3035 4050 3296 4104 diceret:
3333 4065 3528 4116 aut-tor

1947 4141 2210 4195 Zonaras.
2275 4141 2561 4194 Postremo
2616 4125 2913 4208 dospotes,
2954 4140 3071 4194 sive
3128 4139 3412 4209 dominus,
3459 4143 3541 4195 ab‘

1947 4235 2290 4302 imperatore
2357 4232 2637 4284 secundus
2685 4238 2770 4284 εει
2808 4230 2985 4284 factus
3011 4271 3024 4294 ,
3077 4248 3274 4300 nempe
3302 4233 3530 4302 Aleﬁus

1946 4327 2328 4394 Pal-.eologus,
2368 4323 2677 4377 cumidem
2730 4322 3050 4378 Comnenus
3100 4324 3228 4378 filiis
3280 4292 3530 4380 maribus

1946 4432 2166 4481 carens,
2221 4418 2433 4471 lrencm
2472 4416 2636 4469 ﬁliam
2684 4431 2840 4470 suam
2876 4415 3297 4484 primogenitum
3334 4417 3528 4474 Alexio
3571 4457 3574 4461 .

1950 4510 2079 4563 huic
2133 4509 2737 4578 despondit,eumque
2791 4507 2952 4562 titulo
3011 4509 3274 4575 desintne,
3328 4486 3530 4572 idest,

1876 4588 1920 4642 Ῐ)
1950 4601 2182 4666 domini,
2210 4602 2456 4664 ornavit,
2477 4600 2724 4653 futurum
2762 4615 2959 4667 nempe
2981 4598 3255 4671 ltmrcdetu
3289 4599 3528 4674 imperii,

1950 4693 2053 4747 nisi
2094 4702 2270 4746 morte
2303 4691 2555 4746 sublatus
2607 4700 2796 4756 esset,
2860 4699 3001 4744 teste
3041 4690 3282 4759 Gregora
3316 4692 3410 4745 lib.
3445 4707 3527 4745 ιιι.

2023 4810 2448 4890 Πρωτοψάλτηςν,
2504 4811 2746 4879 princeps
2779 4824 2872 4862 seu
2919 4809 3119 4877 primus
3167 4807 3529 4877 psallentium.

1950 4905 2400 4958 Eeclesiasticum
2434 4917 2637 4958 nomen
2669 4914 2757 4956 est
2781 4941 2796 4964 ,
2833 4903 2901 4955 de
2953 4903 3102 4955 clcro
3139 4901 3345 4968 palatii.
3399 4899 3533 4953 For-

1951 4997 2095 5050 sitan
2128 5001 2388 5065 magister
2419 4995 2599 5058 chori,
2638 4978 2740 5047 aut‘
2769 4993 2950 5047 simile
2990 4971 3278 5060 quiddam.
3354 5004 3357 5007 '

2023 5110 2366 5176 Aoyésrtxm,
2415 5105 2710 5158 domestici.
2757 5104 2816 5156 in
2858 5104 2986 5172 jure
3035 5103 3386 5170 appellantur
3435 5102 3535 5155 du-

1955 5202 2168 5256 tucstici
2201 5215 2394 5253 omnes
2437 5198 2741 5266 adjutores,
2788 5197 2902 5250 sive
2933 5194 3247 5248 administri
3285 5184 3532 5262 legitime

1955 5295 2194 5349 instituti
2252 5309 2281 5345 a
2322 5293 2484 5362 justis
2524 5292 2880 5354 t‘uttctionutn
2929 5288 3296 5357 principibus,
3336 5287 3388 5339 in
3437 5303 3534 5354 pa-

1955 5389 2237 5456 latio,,aut
2271 5387 2322 5438 itt
2355 5384 2503 5454 l‘oro,
2558 5394 2655 5436 aut
2702 5383 2758 5434 itt
2807 5382 3060 5435 ecclesia.
3110 5378 3167 5432 ltt
3219 5380 3444 5447 palatio,
3477 5387 3539 5434 ut

1955 5495 2188 5550 magnus
2228 5477 2567 5532 domesticus
2595 5514 2609 5537 ,
2659 5474 2998 5527 domesticus
3052 5486 3255 5524 mensa:
3282 5513 3295 5533 ,
3346 5471 3536 5523 dome-

1955 5571 2124 5628 sticUs
2176 5571 2490 5624 scholarum
2521 5609 2533 5629 ,
2577 5564 2919 5619 domesticus
2953 5578 3242 5616 murorum
3273 5601 3287 5623 ,
3338 5553 3536 5614 dolue-

1955 5669 2128 5723 sticus
2164 5664 2472 5733 regionum,
2509 5671 2618 5712 etc.
2658 5659 2712 5711 lu
2749 5659 2892 5720 foro,
2938 5664 2998 5709 ut
3047 5653 3336 5709 domestici
3383 5652 3537 5723 judi-

1956 5777 2105 5820 cutu,
2158 5754 2494 5812 administri.
2523 5752 2578 5805 In
2605 5751 2861 5814 ecclesia,
2887 5761 2947 5802 ut
2990 5746 3327 5802 domesticus
3355 5744 3534 5808 cuori,

1957 5851 2301 5908 domesticus
2332 5848 2648 5918 januarunt,
2698 5853 2835 5909 etc.,
2869 5855 3105 5911 quorum
3131 5839 3385 5894 omnium
3409 5835 3537 5891 inn-
