4222 6442
731 408 804 472 39

1825 410 2194 475 .IOANNES
2230 411 2857 499 CANTACUZENUS.

3885 397 3969 474 ’40

730 520 841 574 ctio
869 520 1265 589 copas-rixam,
1299 520 1418 576 sive
1461 521 1827 592 δομεστεκιον,
1877 527 1928 579 id
1974 538 2080 592 est,
2121 526 2313 580 dome—
2341 530 2383 585 Α
2415 526 2484 579 de
2517 528 2794 596 stipendio
2827 527 2968 596 ejus.
3022 533 3117 578 aut
3166 523 3234 577 ad
3268 524 3555 579 servitium
3603 525 3759 594 eius,
3813 524 3970 593 cujus

730 612 960 664 sticatus
986 611 1134 666 dicta
1157 624 1261 666 est.

813 699 1308 769 Ῥαιφερενδὰριος,
1342 706 1754 774 referendarius.
1784 703 2185 759 Ecclesiasticz
2217 704 2302 759 di-

729 791 954 858 gnitatis
994 808 1193 846 nomen
1222 835 1236 856 ,
1276 795 1468 850 Latine
1512 799 1714 850 relator
1739 837 1753 859 ,
1792 797 1886 866 qui
1929 797 2202 866 allegatur
2234 797 2301 850 ad

730 889 1117 947 imperatorem
1149 895 1204 937 et
1237 887 1578 940 sacerdotem
1612 888 1934 941 maximum.

803 975 1363 1044 ιιανυπερσέἦαστος,
1420 981 1840 1048 Augustissimus
1896 984 2151 1033 omnium.
2219 979 2303 1034 Ab

728 1064 922 1118 Alexio
948 1065 1239 1121 Comueuo
1275 1070 1466 1122 titulus
1500 1071 1758 1124 inventus
1783 1115 1796 1131 .
1831 1082 1890 1124 ut
1918 1072 2165 1125 Michaeli
2202 1070 2306 1123 Ta-

731 1154 926 1206 ronita:
957 1155 1360 1223 gratiﬁcaretur
1387 1197 1402 1219 ,
1436 1159 1582 1225 quod
1634 1159 1827 1212 scribit
1862 1158 2103 1211 Zonaras
2154 1169 2303 1211 tonio

731 1245 819 1309 Ill,
849 1249 952 1302 sub
983 1249 1168 1302 linem.
1203 1250 1467 1319 Superior
1511 1261 1632 1304 erat
1661 1252 1935 1316 clunibus,
1964 1252 2132 1306 etiam
2182 1251 2303 1320 ipso

731 1341 1187 1406 protovestiario.
1225 1357 1423 1410 magno
1455 1343 1617 1405 duce,
1669 1358 1865 1412 magno
1892 1341 2218 1405 domestico,
2246 1348 2305 1394 et

727 1431 970 1483 caeteris.
1015 1477 1023 1487 .

805 1517 1332 1588 Πρωτοὸεστιάρεος,
1366 1522 1823 1590 protovestiarius.
1858 1521 2033 1591 liujus
2065 1519 2302 1574 oﬁicium

726 1611 808 1664 sic
838 1612 1177 1666 describitur
1212 1630 1226 1667 :
1259 1614 1604 1668 Ascendente
1637 1615 1804 1684 igitur
1838 1615 2205 1682 imperatore,
2245 1619 2304 1663 ut

726 1703 1066 1757 declaratum
1096 1715 1202 1768 est,
1235 1706 1302 1758 ad
1335 1708 1658 1768 oratorium,
1689 1705 2167 1774 protovestiarius,
2202 1703 2298 1772 qui

727 1795 998 1862 pilaticia,
1035 1812 1157 1864 qua
1202 1797 1552 1864 imperatoris
1584 1781 1956 1866 prospectum
2000 1796 2297 1863 obtegunt,

2404 636 2570 676 causa
2619 618 2896 685 stipendia
2931 616 3082 670 facit.
3115 615 3270 684 Apud
3298 615 3542 670 Nicetam
3565 623 3621 669 et
3643 614 3970 684 φροντιστὴς

2405 717 2495 766 καὶ
2523 712 2796 778 λογιστὴς.
2836 707 3031 762 Valere
3065 719 3263 778 putant
3310 708 3478 769 idem,
3519 706 3666 775 quod
3703 715 3969 775 quaestor,

2403 812 2501 857 aut
2529 813 2780 871 receptor
2828 801 3145 872 generalis,
3197 813 3293 853 aut
3340 799 3489 866 quod
3543 798 3834 853 Germanis
3885 806 3976 850 est

2404 892 2893 947 Kammermeister.
2915 893 3044 945 Inde
3063 892 3270 944 clarum
3293 891 3420 958 quis
3442 889 3973 958 μεγαλογαριάστης.
4061 923 4063 925 ι

2474 983 2960 1050 Ἀποκρισιάριος,
3012 982 3408 1050 apocrisiarius.
3461 980 3551 1034 Sic
3594 979 3973 1047 iurisconsulti

2403 1075 2573 1130 Graeci
2611 1090 2735 1128 eum
2767 1074 3078 1136 nominaut,
3127 1073 3221 1140 qui
3278 1073 3650 1141 legationibus
3681 1070 3976 1124 audiendis

2406 1167 2819 1234 referendisque
2844 1166 2910 1219 ad
2949 1165 3359 1233 imperatorem,
3400 1175 3453 1216 et
3487 1163 3766 1231 responsis
3793 1161 3862 1214 ab
3906 1175 3977 1215 eo

2404 1259 2600 1312 dandis
2624 1262 2959 1312 constitutus
2989 1266 3093 1311 est.

2472 1347 2856 1417 Χαρτοφύλαξ,
2891 1347 3163 1416 prtefecttts
3195 1346 3411 1399 chartis.
3441 1343 3545 1409 Qui
3574 1341 3785 1396 tabulas
3812 1340 3979 1394 habet

2405 1439 2750 1502 chartaeeas,‘
2778 1442 2844 1491 ad
2878 1439 3002 1508 jura
3041 1437 3292 1490 ecclesia
3343 1435 3710 1503 pertinentes,
3756 1431 3980 1486 charta-

2405 1544 2525 1582 rum
2588 1538 2812 1590 custos,
2864 1528 2959 1596 qui
3011 1527 3296 1596 privilegia
3350 1535 3407 1579 et
3463 1524 3664 1579 similia
3707 1531 3974 1580 asservat.

2403 1620 2694 1688 praefectos
2726 1619 3082 1683 scriniorum,
3111 1618 3280 1688 judex
3318 1616 3462 1669 idem
3489 1629 3778 1670 causarum
3799 1613 3981 1666 eccle-

2404 1710 2772 1773 siasticarum,
2805 1719 2863 1762 et
2909 1707 3276 1778 quaestionum
3332 1702 3845 1763 matrimonialium,
3876 1703 3979 1776 de-

2365 1799 2591 1864 -l‘ensor
2617 1800 2673 1854 in
2705 1799 3034 1854 clericorum
3081 1799 3302 1860 causis,
3346 1795 3517 1850 veluti
3556 1807 3750 1846 manus
3775 1790 3977 1845 summi

726 1893 821 1937 aut
852 1897 1067 1954 sceptra
1110 1888 1398 1956 judicialia
1438 1897 1611 1953 tenet,
1649 1898 1708 1942 ut
1739 1888 1792 1941 in
1828 1887 2000 1940 altum
2033 1887 2295 1940 subvecta
2328 1881 2374 1940 B
2403 1889 2711 1944 sacerdotis
2736 1889 2950 1943 dextra.
2990 1885 3128 1942 Hinc
3163 1886 3339 1954 μέγας
3365 1880 3733 1953 χαρτοφύλαξο

726 1987 878 2037 sunt,
907 1976 1100 2029 dextra
1153 1993 1318 2030 manu
1377 1994 1475 2031 sua
1512 1979 1758 2032 educens
1805 1992 1892 2039 ea,
1940 1992 1972 2031 e
2027 1976 2298 2049 prothyro

727 2067 971 2119 ostendit
1025 2068 1248 2135 populo,
1281 2068 1670 2123 demonstrans
1724 2071 1827 2122 hoc
1875 2068 2055 2136 signo,
2106 2082 2299 2120 ascen-

726 2160 875 2214 disse
931 2162 1316 2230 imperatorem
1373 2163 1426 2216 in
1479 2163 1806 2217 oratorium.
1863 2162 1964 2216 liic
2005 2170 2187 2215 autem
2241 2160 2330 2234 in_

725 2255 992 2312 oratorio,
1046 2254 1090 2304 si
1147 2253 1452 2321 imperator
1484 2266 1580 2307 aut
1620 2269 1780 2308 suum
1833 2253 2007 2322 ipsius
2039 2262 2296 2317 stemma,

724 2353 822 2428 aint
856 2343 1083 2409 aliquod
1133 2343 1282 2397 aliud
1333 2354 1616 2414 gestamen
1650 2360 1811 2398 suum
1845 2352 2161 2414 gestaturus
2191 2352 2297 2407 est,

727 2436 1203 2505 protovestiarius,
1235 2435 1500 2505 inquam,
1544 2436 1716 2491 sumit
1766 2435 1898 2489 illud
1951 2451 1982 2489 a
2027 2436 2300 2492 ministris

727 2529 993 2591 rucliarii,
1025 2536 1083 2580 et
1115 2529 1437 2594 imperatori
1472 2527 1638 2579 tradit
1671 2547 1682 2580 :
1719 2513 1898 2595 neque
1929 2526 1983 2578 id
2029 2526 2206 2579 solum
2241 2511 2311 2579 in.

726 2625 975 2686 tempore
1007 2616 1278 2688 ejusmodi
1331 2618 1595 2671 festorum
1629 2618 1864 2680 dierum,
1910 2630 2098 2671 verum
2130 2619 2298 2670 etiam

725 2723 945 2777 semper
973 2708 1047 2762 ita
1080 2709 1235 2764 facit.
1300 2710 1355 2761 Id
1394 2725 1524 2762 vero
1559 2710 1726 2762 etiam
1765 2708 2049 2778 proprium
2104 2719 2158 2762 et
2186 2709 2350 2772 ιςὶιιο,⁸

725 2801 911 2867 gulare
943 2802 1129 2864 habet,
1163 2801 1310 2870 quod
1355 2803 1400 2855 si
1460 2803 1587 2868 quid
1635 2802 1878 2854 alienum
1933 2803 2172 2864 viderit,
2208 2809 2303 2854 aut

725 2892 926 2955 lutum,
964 2902 1059 2945 aut
1099 2894 1229 2961 quid
1269 2892 1416 2944 aliud
1460 2894 1524 2945 ad
1571 2893 1923 2960 imperatoris
1951 2905 2183 2958 vestem,
2210 2897 2304 2951 de-

726 2998 938 3052 ponens
971 2984 1062 3038 ille
1102 2987 1421 3047 umbellam,
1459 2995 1553 3038 ant
1587 2995 1800 3052 tegmen
1833 2985 2033 3054 capitis
2065 2987 2173 3049 sui,
2210 3002 2305 3040 ex-

727 3084 875 3128 tenta
907 3092 1069 3128 manu
1105 3076 1267 3141 tollit,
1301 3091 1392 3129 aut
1422 3087 1620 3145 purgat
1649 3076 1784 3130 illud
1819 3092 1927 3130 non
1961 3086 2200 3147 rogatus.
2230 3077 2304 3130 Ex

725 3169 988 3221 omnibus
1021 3185 1151 3222 vero
1184 3169 1306 3221 aliis
1347 3169 1692 3238 principibus
1727 3185 1890 3223 nemo
1921 3170 2304 3224 auctoritatem

729 3368 870 3421 Opus
903 3367 932 3406 e
967 3353 1280 3421 margaritis
1332 3368 1454 3407 enm
1509 3351 1747 3417 ﬁmbria,
1797 3353 1851 3405 in
1902 3353 2302 3421 longitudinem

729 3445 916 3496 minus
949 3443 1244 3510 spitbama,
1272 3443 1326 3495 in
1362 3443 1712 3495 latitudinem
1741 3451 1922 3498 autem
1953 3443 2154 3510 palmo,
2183 3456 2306 3509 quas

729 3550 821 3588 rex
859 3521 1140 3587 Medorum
1172 3533 1442 3602 gestabat,
1470 3533 1828 3601 similiterque
1852 3532 2085 3602 judiees,
2109 3547 2304 3600 quem-

727 3629 1026 3680 admodum
1083 3625 1212 3677 olim
1290 3624 1464 3677 duces
1510 3625 1790 3677 exercitus
1839 3623 2129 3695 gestabant
2193 3632 2307 3674 tor-

726 3733 887 3786 ques,
927 3718 1194 3770 honorem
1231 3717 1475 3784 ipsorum
1507 3718 1970 3769 demonsuantes.
1999 3713 2073 3766 Τὸ
2111 3712 2308 3782 ροὖχον

728 3823 986 3877 suprema
1021 3809 1210 3871 vestis,
1258 3808 1468 3875 Species
1518 3807 1685 3860 vestis
1714 3822 1744 3860 e
1774 3805 2064 3877 Germania
2108 3819 2308 3874 appor—

730 3913 864 3966 tata,
916 3901 1063 3955 unde
1145 3900 1535 3954 Germanicum
1590 3915 1789 3953 nomen
1845 3890 2095 3960 retinuit,
2147 3897 2304 3952 Rork.

732 3994 1243 4069 Ilinc‘pouy‘apsiov
1313 3992 1630 4044 vestiarium
1688 3989 1912 4058 speciali
1991 3990 2215 4041 nomine
2275 4003 2306 4042 a

727 4085 1056 4152 Curopalata
1111 4083 1460 4152 appellatur,
1497 4081 1625 4151 quia
1687 4081 1852 4134 latius
1903 4089 2054 4150 patet
2106 4095 2306 4133 nomen

732 4173 973 4226 vestiarii
1007 4173 1151 4240 apud
1183 4172 1520 4225 recentiores
1547 4170 1785 4225 Grarcos.

807 4263 1273 4328 l'rotovcstiarius,
1307 4275 1362 4317 ut
1395 4279 1618 4332 agamus
1653 4261 1976 4326 dilucidius,
2023 4261 2173 4330 regio
2219 4276 2308 4312 ve-

732 4357 882 4412 stitui
919 4367 1172 4426 praeerat,
1214 4357 1358 4425 quod
1392 4356 1554 4408 hodie
1588 4356 2056 4410 cubiculariorum
2090 4352 2310 4405 videtur

733 4463 957 4502 munus.
999 4448 1150 4516 Saepe
1202 4448 1366 4500 rebus
1418 4447 1636 4499 maximi
1673 4444 1934 4498 momenti
1972 4443 2310 4496 adhibeban-

2473 1982 2804 2051 Δομέστικος
2827 1982 2926 2052 τῆς
2951 1978 3250 2051 τραπέζης,
3283 1977 3512 2046 dapifer,
3548 1983 3644 2028 aut
3672 1972 3850 2028 simile
3875 1969 3978 2023 ha-

2405 2074 2542 2127 bens
2566 2072 2827 2138 oﬁicium,
2870 2083 2928 2125 ut
2958 2070 3230 2140 suspicor.

2473 2164 2865 2232 Δρουγγάριος,
2897 2161 3240 2230 drungarius.
3269 2157 3556 2228 Δρουγγὰς
3581 2171 3677 2209 seu
3713 2155 3979 2222 δρουγγδς

2402 2256 2682 2327 Orientale
2715 2269 2936 2318 nomen,
2965 2261 3168 2307 canum
3198 2251 3484 2304 hominum
3516 2264 3621 2300 una
3653 2262 3977 2300 eommeau-
4072 2253 4079 2258 ‘

2406 2349 2541 2401 tium
2571 2345 2910 2416 signiﬁcans,
2953 2351 3010 2397 et
3056 2351 3236 2397 coetus
3280 2339 3427 2393 illius
3458 2338 3718 2407 princeps
3747 2346 3978 2388 voratur

2403 2441 2633 2509 dargon,
2678 2438 2760 2492 vel
2794 2437 3027 2505 dorgon.
3055 2450 3122 2487 ex
3154 2449 3266 2500 quo
3289 2428 3620 2498 drungarius
3649 2429 3787 2481 laeta
3809 2440 3980 2495 epen-

2409 2506 2550 2586 thesi
2585 2530 2678 2582 τοῦ
2709 2547 2737 2579 ν
2767 2543 2866 2598 pro
2901 2544 2934 2593 γ
2963 2525 3260 2596 geminato.
3303 2523 3538 2588 Quidam
3574 2506 3979 2573 vocanttribu-

2405 2641 2535 2678 nutu
2567 2623 2826 2676 militum.
2857 2621 3112 2687 Drungus
3142 2618 3365 2687 globum
3398 2613 3690 2684 signiﬁcat,
3730 2611 3808 2665 ait
3837 2611 3981 2662 Tur-

2405 2715 2603 2769 nebius
2623 2715 2764 2768 libro
2781 2713 3044 2766 vicesimo
3065 2719 3265 2778 quarto
3278 2708 3458 2776 capite
3478 2703 3738 2761 vicesimo
3758 2702 3978 2772 quinto.

2406 2805 2673 2874 Vopiscus
2709 2806 2762 2858 in
2798 2803 2981 2858 Probo
3016 2819 3030 2856 :
3059 2799 3445 2868 Triumpbavit
3494 2797 3562 2850 de
3596 2795 3884 2850 Germanis
3922 2803 3982 2848 et

2407 2898 2651 2962 Blemiis,
2678 2898 2924 2952 omnium
2952 2895 3197 2965 gentium
3221 2892 3489 2960 drungos,
3527 2903 3700 2958 usque
3721 2887 3788 2941 ad
3813 2887 3978 2955 quin-

2407 2991 2663 3059 genarios
2699 2988 2954 3040 homines
2994 2995 3120 3039 ante
3151 2982 3488 3050 triumphum
3518 2979 3693 3033 duxit.
3717 2976 3979 3047 Vegetius

2408 3083 2552 3138 libro
2586 3082 2749 3134 tertio
2777 3079 2957 3149 capite
3007 3076 3226 3130 decimo
3257 3083 3410 3127 sexto
3440 3091 3456 3124 :
3482 3072 3634 3127 Scire
3661 3069 3823 3124 debet
3865 3069 3979 3122 dus

729 3169 988 3221 omnibus
1021 3185 1151 3222 vero
1184 3169 1306 3221 aliis
1347 3169 1692 3238 principibus
1727 3185 1890 3223 nemo
1921 3170 2304 3224 auctoritatem
2345 3222 2376 3240 η
2412 3175 2676 3236 hostium,
2729 3182 2921 3226 contra
2972 3184 3112 3238 quos
3161 3168 3405 3235 drungos
3462 3165 3623 3231 (male
3676 3165 3940 3231 scriptum
3965 3201 3980 3220 .

729 3250 894 3313 habet
947 3260 1182 3314 faciendi
1238 3260 1404 3322 istud.
1439 3260 1536 3314 sed
1581 3261 1671 3314 ille
1717 3262 1889 3316 solus.
1932 3259 2180 3314 l’ilaticia
2221 3271 2306 3315 est
2335 3235 2378 3279 (’
2411 3265 2657 3322 drunos).
2682 3265 2784 3316 hoc
2801 3271 2907 3322 est,
2929 3260 3119 3322 globos
3141 3260 3407 3321 hostium,
3432 3272 3574 3322 quos
3595 3256 3806 3322 equites
3821 3269 3979 3322 opor-

2411 3265 2658 3332 drttttos),
2682 3265 2784 3316 hoc
2801 3271 2907 3324 est,
2929 3260 3119 3330 globos
3141 3260 3413 3332 hostium,
3432 3272 3574 3326 quos
3595 3256 3806 3324 equites
3821 3269 3979 3324 opor-

2412 3364 2523 3411 teat
2553 3369 2776 3423 ponere.
2828 3353 2966 3405 llinc
3023 3349 3368 3420 Drungarius
3409 3348 3590 3418 biglte,
3642 3345 3986 3414 Drungarius

2407 3447 2622 3510 classis,
2671 3446 2765 3515 qui
2838 3453 3084 3515 praesunt
3121 3442 3300 3514 globis
3350 3441 3578 3509 vigilum
3648 3447 3704 3492 et
3756 3437 3986 3493 classia-

2409 3539 2641 3594 riorum.
3131 3607 3134 3609 Α
3878 3575 3886 3580 .
3945 3524 3948 3526 ⁷

2485 3632 2557 3684 De
2592 3631 2693 3684 hac
2720 3643 2855 3682 voce
2885 3626 3252 3681 Leunclavius
3286 3626 3338 3679 in
3369 3624 3632 3679 Pandecte
3653 3621 3722 3675 ad
3744 3619 3986 3675 Annales

2411 3720 2655 3774 Turcicos
2686 3735 2703 3772 :
2739 3711 2890 3780 Dico,
2923 3717 3121 3770 Turcis
3165 3712 3452 3782 Agelarios
3481 3727 3603 3766 esse
3648 3727 3743 3766 sua
3774 3712 3984 3771 Iinttna,

2409 3814 2503 3882 qui
2530 3811 2734 3866 Graecis
2760 3819 2919 3863 erant
2953 3810 3035 3862 vel
3070 3807 3388 3878 Drungarii,
3435 3806 3521 3860 vel
3559 3801 3846 3857 Druncarii
3881 3817 3985 3870 pa-

2413 3907 2543 3959 tius.
2573 3905 2681 3959 Eos
2707 3903 2816 3957 Leo
2843 3903 3075 3970 Sapiens
3102 3904 3381 3970 Augustus
3401 3900 3456 3953 in
3485 3899 3629 3952 libro
3653 3910 3754 3951 suo
3783 3895 3855 3947 De
3884 3911 3988 3962 ap-

2410 3995 2680 4064 paratibus
2706 3993 2922 4054 bellicis.
2961 3991 3142 4060 capite
3163 3991 3216 4054 5,
3245 4004 3397 4042 num.
3435 3988 3527 4051 ιε,
3577 3985 3646 4060 45
3670 4003 3693 4050 ,'
3718 3984 3787 4038 45
3807 4021 3824 4048 ,
3853 3985 3984 4036 olim

2410 4085 2612 4142 dictos.
2642 4083 2810 4137 fuisse
2863 4081 3030 4147 tradit
3086 4078 3464 4141 chiliarchas,
3509 4076 3661 4145 quod
3714 4075 3986 4128 militibus

2344 4220 2360 4236 ,
2414 4175 2563 4228 mille
2598 4180 2898 4243 praeessent
2930 4188 2943 4224 :
2976 4179 3031 4224 et
3055 4169 3326 4223 druneum
3364 4155 3765 4220 cbiliarehiam.
3803 4163 3987 4216 Latini

2413 4264 2748 4321 thiliarehos
2774 4262 3044 4316 vocabant
3082 4259 3357 4324 tribunos,
3394 4259 3495 4326 ἰιιιὶ
3542 4271 3690 4310 nunc
3728 4256 3988 4334 Colum-lli

2411 4367 2561 4411 sunt.
2598 4354 2874 4409 Druncutn
2899 4354 3002 4421 (sic
3030 4351 3177 4406 enim
3207 4351 3598 4419 pronuntiabat
3631 4347 3868 4417 Zygoma
3893 4364 3982 4410 ai,

2413 4445 2883 4506 etdrunearium,
2943 4443 3367 4509 non..drungum
3399 4479 3414 4503 ,
3458 4439 3541 4492 vel
3604 4438 3989 4506 drnugarium,

735 4558 844 4605 tur,
881 4552 938 4596 et
971 4557 1055 4595 res
1083 4555 1178 4610 per
1211 4554 1306 4593 eos
1338 4554 1444 4592 non
1475 4538 1730 4606 vulgares
1763 4524 2118 4606 gerebantur,
2157 4542 2218 4586 ut
2251 4533 2304 4584 in
2341 4555 2381 4605 υ
2413 4540 2560 4609 (μιοά
2602 4539 2767 4607 vulgo
2803 4536 2918 4591 ﬁeri
2948 4536 3121 4603 solet)
3173 4533 3252 4587 sic
3302 4532 3635 4601 appellatum
3684 4530 3933 4584 arbitror
3959 4545 3991 4584 α

736 4634 1022 4703 Lecapeno
1083 4641 1139 4686 et
1191 4631 1375 4684 Leone
1421 4629 1606 4684 Basilii
1638 4629 1750 4681 ﬁlio
1803 4625 1947 4694 apud
1995 4624 2308 4679 Cedrenutn

737 4728 925 4780 videre
957 4735 1060 4779 est.
1106 4725 1161 4778 lu
1211 4723 1615 4785 Constantino,
1668 4719 1899 4774 Romani
1957 4717 2067 4770 lilio
2121 4725 2310 4784 proto-

736 4819 984 4874 vestiarii
1017 4816 1254 4886 dignitas
1290 4816 1538 4885 proxima
1572 4829 1602 4867 a
1634 4812 1936 4878 domestico
1975 4808 2310 4870 scholarum,

735 4923 792 4968 et
820 4911 1160 4974 accubitore,
1186 4909 1345 4976 bigla:
1372 4907 1675 4976 drungario
1692 4904 1948 4973 superior
1975 4899 2308 4954 ostenditur.

738 5004 948 5068 Inveni,
977 5004 1071 5074 qui
1101 5003 1392 5063 scriberet,
1447 4995 1935 5069 protovestiarium
1985 4994 2155 5048 fuisse
2189 4991 2313 5044 the-

733 5095 1066 5158 aurarium,
1123 5107 1221 5146 seu
1256 5092 1516 5144 thesauro
1551 5087 1897 5158 praefectum,
1927 5085 2057 5154 quia
2092 5081 2314 5152 βεστιά-

737 5205 852 5257 ριον
877 5186 1132 5239 :nrarium
1172 5193 1421 5245 vocetur,
1465 5197 1560 5234 seu
1600 5177 1846 5234 thesauri
1900 5175 2310 5246 repositorium,

733 5280 1002 5348 ταμιεῖον.
1037 5277 1193 5342 Quod
1229 5291 1330 5345 ego
1357 5273 1579 5343 quidem
1610 5274 1664 5326 iti
1716 5271 1902 5340 aliquo
1933 5269 2020 5323 vel
2064 5276 2311 5327 auctore,

735 5371 820 5424 vel
848 5370 1115 5440 glossario
1147 5370 1388 5420 nondum
1424 5366 1552 5436 legi.

808 5461 1200 5531 Δικαιοφύὶαξ.
1229 5463 1309 5513 Ad
1345 5460 1574 5514 verbum
1603 5498 1618 5522 ,
1672 5468 1844 5511 custos
1881 5455 2052 5523 legum
2079 5463 2127 5507 et
2149 5453 2313 5524 juris,

734 5554 805 5609 tie
837 5570 947 5623 quo
977 5554 1299 5623 magistratu
1337 5551 1476 5604 nihil
1519 5549 1686 5602 habet
1713 5546 2061 5615 CurOpalata.

803 5648 1219 5718 Δογαριὰστης,
1257 5645 1592 5714 logariastes.
1625 5643 1668 5695 Α
1704 5639 2043 5708 Curopalata
2071 5635 2317 5699 additur,

735 5742 834 5810 τῆς
863 5741 1058 5809 αὐλῆς,
1087 5739 1246 5803 aulai,
1279 5754 1378 5793 seu
1407 5735 1617 5806 palatii.
1651 5733 1920 5787 Rationes
1944 5729 2046 5786 init
2069 5725 2314 5783 omnium

736 5833 1208 5903 stipendiatorum
1243 5815 1336 5902 qui
1369 5833 1426 5885 in
1458 5831 1580 5884 aula
1613 5836 1766 5891 sunt,
1801 5825 1846 5880 si
1877 5811 2009 5894 quid
2038 5823 2193 5878 deest
2219 5821 2317 5875 ulli

2416 4642 2634 4693 trunco,
2676 4631 2790 4684 sive
2823 4629 3040 4690 baculo,
3074 4620 3189 4681 sive
3223 4638 3442 4694 sceptro
3476 4643 3490 4677 :
3524 4622 3989 4692 quemadmodum

2414 4724 2690 4791 hodieque
2741 4723 3108 4791 regimentum
3149 4731 3419 4772 vocamus.
3441 4726 3550 4768 tam
3582 4715 3756 4783 ipsius
3781 4714 3990 4768 tribuni

2416 4814 2670 4868 baculum
2724 4813 2912 4880 (vitem
2961 4811 3152 4864 dixere
3204 4819 3337 4878 puto
3383 4805 3634 4873 Romani)
3677 4819 3842 4876 quem
3889 4820 3990 4861 ceu

2418 4908 2767 4976 magistratus
2795 4904 3009 4972 insigne
3039 4907 3234 4972 gestat,
3265 4915 3430 4968 quam
3473 4899 3628 4952 illum
3668 4886 3992 4965 signorum,

2422 5002 2768 5067 militumque
2806 5009 3118 5053 numerum,
3148 4993 3242 5062 qui
3275 4991 3342 5046 ad
3367 4987 3817 5044 constituendum
3850 4987 3996 5055 regi-

2419 5104 2664 5145 mentum
2691 5089 3015 5159 requiritur.
3049 5084 3290 5153 Ideoque
3327 5083 3574 5136 druncus
3601 5089 3685 5133 est
3714 5079 3994 5148 regimen-

2421 5193 2534 5234 tum
2567 5181 2845 5242 militum,
2889 5177 3048 5245 cuius
3099 5181 3265 5243 caput
3318 5180 3400 5226 est
3454 5169 3823 5233 drunearius,
3860 5169 4003 5222 olim.

2422 5271 2698 5335 tribunus,
2735 5285 2884 5323 nunc
2933 5267 3259 5330 colonell'us,
3307 5273 3404 5316 aut
3449 5261 3741 5331 regimenti
3794 5259 3997 5329 praete-

2419 5371 2562 5416 ctus.

2498 5455 2689 5521 Μέγας
2733 5453 3108 5519 ὲταιριάρχης,
3142 5462 3365 5518 magnus
3394 5441 3698 5498 sodalitatis
3727 5442 3993 5509 princeps.

2422 5553 2726 5616 Antequam
2753 5561 2782 5598 e
2809 5545 2945 5600 cella
2975 5559 3069 5597 sua
3102 5544 3401 5610 imperator
3421 5545 3600 5596 exeat.
3630 5533 3998 5605 protovestia-

2423 5644 2557 5705 rites
2592 5639 2749 5692 adest
2779 5637 2831 5690 in
2865 5635 3104 5688 triclinio
3135 5646 3260 5687 cum
3299 5644 3494 5699 magno
3531 5625 3893 5680 betaariarcha
3941 5633 3998 5676 et

2424 5730 2744 5803 primicerio
2788 5728 2947 5781 aulae.
2995 5727 3294 5792 Postquam
3345 5736 3473 5775 vero
3505 5733 3763 5790 egressus
3799 5730 3906 5780 est,
3941 5726 4001 5771 et

2422 5808 2673 5876 constitit
2708 5820 3031 5888 imperator,
3069 5813 3364 5884 egrediens
3399 5809 3876 5882 protovestiarites
3901 5822 3999 5860 ac-
4035 5814 4041 5820 '
