4222 6442
328 418 396 482 ιι
1494 419 1995 478 IIiSTOlU'AllU!

1898 420 2035 477 {Ulli
2077 419 2305 477 LIBE‘il
2354 423 2397 478 Ι.
3497 427 3565 489 42

330 536 500 589 cersit
561 535 1012 588 honoratissimus
1049 530 1323 602 principes
1369 530 1435 584 ad
1490 532 1891 587 circumstatio—
1921 535 1963 590 Α

332 641 480 679 item.
511 626 653 694 Lege
681 634 899 687 caetera,
935 632 990 679 et
1029 623 1187 676 infra.
1223 622 1320 676 llic
1348 635 1476 676 vero
1495 624 1701 690 excipit
1732 624 1897 676 etiam

328 718 589 786 perfugas
620 716 975 771 advenientes
1016 732 1084 769 ex
1125 716 1271 769 onmi
1305 725 1481 784 parte,
1513 730 1577 769 ac
1609 724 1897 784 propterea

324 811 496 862 etiam
532 809 920 863 hetaeriarehes
951 807 1289 870 nominatur,
1303 806 1454 862 velut
1479 807 1758 876 ἑταίρους,
1781 806 1897 860 sive

328 901 543 953 amicos
576 898 880 966 excipiens.

408 993 704 1061 Ιιαράγγοι,
738 992 984 1060 baraugi.
1040 990 1094 1044 lu
1143 990 1280 1043 festo
1313 988 1583 1044 Occursus
1612 987 1898 1055 (Purifica-

335 1082 526 1149 tionis)
561 1082 793 1134 discedit
834 1082 1128 1149 imperator
1188 1084 1241 1133 in
1299 1080 1722 1132 Blacbernarum
1763 1087 1898 1130 tein-

332 1175 506 1241 ]:lum,
538 1174 790 1244 barangis
821 1188 1038 1241 quoque
1069 1172 1451 1240 sequentibus.
1481 1175 1655 1239 Atque
1692 1169 1745 1220 hi
1776 1169 1898 1237 qui-

328 1267 456 1319 dent
505 1268 705 1333 ubique
751 1266 1133 1333 imperatorem
1178 1263 1516 1332 equitantem
1550 1276 1895 1329 prosequun-

330 1369 444 1421 tur,
504 1358 742 1411 ferentes
782 1356 1029 1410 humeris
1067 1369 1293 1409 secures
1347 1369 1494 1408 suas.
1553 1353 1722 1406 Erant
1767 1368 1896 1421 ergo

328 1450 611 1514 custodes,
646 1450 935 1511 satellites,
968 1456 1061 1502 aut
1100 1449 1395 1515 stipatores
1431 1446 1779 1514 imperatoris
1817 1444 1899 1495 bi-

332 1540 649 1610 penniferi;
702 1555 895 1595 eorum
943 1538 1235 1610 prafectus
1283 1546 1410 1591 ante
1445 1537 1567 1590 illos
1606 1535 1896 1603 imperatu-

330 1622 445 1686 rein
489 1633 842 1701 sequebatur,
872 1642 928 1686 et
961 1631 1084 1684 ideo
1110 1629 1401 1691 ἀκόλουθος
1426 1629 1732 1682 dicebatur.

403 1726 734 1793 "'.‘fxép‘.1],‘,
765 1725 1038 1792 pincerua,
1082 1737 1112 1775 a
1146 1720 1375 1790 poculis.
1407 1718 1562 1785 Quod
1590 1721 1633 1775 si
1662 1718 1897 1787 impera-

328 1826 505 1867 torem
549 1823 767 1882 oportet
806 1813 1017 1875 bibere,
1070 1812 1329 1879 pincerna
1382 1810 1658 1862 ministrat
1686 1808 1818 1863 illud
1881 1826 1893 1861 :

328 1921 394 1959 ac
447 1920 556 1958 non
592 1904 789 1958 diebus
819 1903 970 1957 festis
1000 1903 1198 1965 solum,
1246 1916 1439 1956 verum
1480 1902 1643 1955 etiam
1677 1916 1895 1969 semper

332 1994 668 2061 imperatore
696 1992 879 2045 cibum
903 2002 1154 2044 sumente
1189 1991 1405 2054 miscet,
1440 1988 1484 2043 si
1518 2003 1761 2058 prazsens
1789 1996 1891 2042 est.

330 2090 410 2137 Ac
441 2095 625 2136 vetere
659 2080 882 2149 quidem
933 2095 1084 2152 more
1119 2080 1208 2133 hic
1236 2089 1391 2134 extra
1420 2079 1697 2134 civitatem
1726 2082 1895 2149 impe-

329 2185 576 2228 ratorem
623 2188 860 2243 sequens
910 2171 1125 2225 ferebat
1174 2172 1432 2240 poculum
1476 2180 1773 2238 castrense,
1807 2187 1897 2226 ca-

332 2276 461 2319 tena
511 2266 757 2318 vinctum
803 2279 821 2321 :
875 2270 936 2317 ut
962 2262 1011 2317 si
1057 2277 1182 2316 cum
1228 2278 1369 2332 opus
1408 2273 1557 2318 esset
1586 2262 1795 2328 bibere,
1828 2281 1892 2319 ex

332 2360 507 2423 futue,
551 2368 645 2412 aut
670 2356 837 2410 fluvio
868 2355 1043 2420 daret,
1075 2368 1141 2409 ac
1182 2354 1415 2409 biberet.
1454 2353 1571 2409 Hoc
1622 2366 1806 2410 autem
1839 2356 1895 2410 in

330 2450 622 2520 praesentia
640 2463 757 2503 non
791 2447 871 2502 ﬁt.

411 2541 473 2593 Ὀ
503 2542 594 2593 ἐπὶ
616 2540 715 2609 τῆς
736 2539 1038 2611 τραπέζης.
1062 2556 1252 2595 mensa:
1281 2539 1575 2611 praefectus.
1609 2538 1899 2595 Serviebat

329 2633 497 2686 etiam
538 2630 857 2701 imperatori
907 2631 973 2684 ad
1029 2644 1297 2685 mensam.
1352 2630 1639 2684 Praebebat
1668 2630 1895 2685 missum

330 2737 566 2792 rmgnus
625 2722 966 2777 domesticus
1033 2722 1247 2792 primus
1296 2722 1544 2791 proxime
1602 2721 1899 2792 imperato-

330 2830 448 2868 rem
484 2830 499 2867 :
533 2822 655 2882 post
701 2829 826 2868 eum
858 2812 1194 2869 domesticus
1227 2828 1463 2880 mensae;
1503 2824 1559 2868 et
1599 2822 1721 2883 post
1752 2813 1898 2868 hunc

332 2906 625 2975 praefectus
671 2919 897 2972 mensae,
948 2913 1005 2961 et
1055 2920 1178 2976 quae
1208 2904 1352 2975 apud
1392 2903 1778 2975 Curopalatam
1808 2919 1897 2960 sc-

329 3008 601 3068 quuntur.

402 3089 730 3158 Δομὲστικος
761 3087 1013 3158 θεμάτων
1035 3088 1327 3156 ἑσπερίων,
1352 3088 1664 3143 domesticus
1693 3092 1899 3145 thema-

2063 532 2248 595 Μέγας
2269 530 2411 593 δοὺξ,
2459 547 2680 599 magnus
2743 534 2870 585 dux.
2920 532 3390 598 Quemadmodum
3447 552 3566 589 ma.

2002 638 2140 689 guns
2172 622 2506 676 domesticus
2537 624 2810 693 princeps,
2844 636 2899 679 et
2941 636 3103 692 caput
3136 627 3202 679 ad
3244 628 3560 681 universum

2001 714 2257 766 fossatum
2289 713 2441 781 (quid
2470 715 2541 770 sit
2570 715 2845 783 fossatum,
2866 732 2967 769 suo
2998 717 3119 771 luco
3146 718 3557 786 explicabitur),

2000 803 2079 856 sic
2108 804 2273 857 etiam
2311 804 2398 858 hic
2432 805 2497 857 ad
2541 806 2856 859 universum
2897 822 3066 860 mare.
3103 809 3179 861 Ac
3213 810 3396 862 caeteri
3435 809 3561 877 qui-

2000 894 2123 947 dem
2157 895 2430 964 principes
2460 896 2583 950 aliis
2616 898 2782 951 rebus
2816 899 3074 962 instituti,
3104 908 3162 951 ut
3194 902 3391 969 capita,
3423 916 3560 969 pm:-

2000 994 2183 1041 leruut
2250 999 2576 1042 consuetum
2648 989 2997 1057 imperatoris
3060 988 3410 1056 ﬂammeum,
3464 1002 3563 1045 aut

1998 1079 2272 1133 exercitus
2308 1078 2618 1133 ﬂammeum
2647 1094 2770 1132 cum
2802 1081 2985 1149 ignitis
3022 1081 3166 1135 telis.
3199 1082 3423 1149 Magnus
3451 1082 3563 1135 dux

1998 1179 2218 1222 contum
2251 1169 2473 1238 praefert
2500 1171 2850 1237 imperatoris
2875 1172 3167 1224 insidentis
3187 1189 3350 1240 equo.
3389 1173 3563 1225 Ilabet

1998 1271 2180 1313 autem
2210 1261 2488 1327 subjectus
2520 1262 2623 1313 sibi
2668 1277 2924 1331 magnum
2957 1262 3312 1331 druugarium
3349 1263 3559 1324 classis.

1998 1352 2340 1417 atneralium,
2394 1361 2500 1405 etc.
2564 1352 2695 1406 Vide
2761 1351 3167 1421 CurOpalatam,
3215 1362 3268 1407 et
3322 1354 3563 1409 scholia-

2000 1454 2142 1497 sten.

2070 1531 2548 1603 Πρωτοσέὅαστος,
2582 1534 2995 1603 primaugustus.
3053 1533 3273 1587 Nullum
3314 1535 3563 1589 ministe-

1998 1625 2141 1679 rium
2177 1623 2363 1687 habet,
2394 1625 2519 1692 quia
2548 1640 2658 1678 non
2686 1624 2898 1678 functio
2927 1637 3011 1680 est
3046 1626 3249 1693 palatto
3281 1626 3561 1679 militans:

1997 1715 2091 1768 sed
2149 1714 2383 1785 dignitas
2424 1716 2736 1779 honoraria,
2778 1731 2942 1785 quam
2977 1731 3086 1769 non
3139 1717 3424 1771 ministerii
3468 1728 3565 1771 aut

2000 1806 2212 1860 ordinis
2240 1809 2537 1862 necessitas
2565 1809 2715 1870 facit,
2749 1808 2845 1861 sed
2878 1808 3229 1877 imperatoris
3260 1808 3499 1882 εὑδοκίᾳ.

2090 1899 2276 1965 Μέγας
2348 1899 2738 1978 mpm-finitiva;
2779 1939 2793 1963 ,
2884 1915 3106 1967 magnus
3185 1899 3562 1952 chartularius.

2003 1986 2215 2056 Equum
2244 1989 2589 2057 imperatoris
2618 2004 2647 2043 a
2672 1998 3067 2059 protostratore
3085 1999 3428 2059 susceptum,
3454 2000 3563 2044 etc.

2003 2080 2137 2134 Vide
2204 2095 2327 2150 quae
2401 2095 2563 2150 supra
2627 2081 2681 2134 in
2748 2090 3147 2151 protostratore
3205 2081 3349 2135 dicta
3414 2092 3561 2136 sunt.

2004 2170 2358 2225 Stallmeister
2388 2172 2679 2228 Germanis
2723 2172 2831 2227 dici
2866 2182 3023 2243 putat
3069 2174 3411 2229 scholiastes.
3462 2173 3567 2229 Zo-

2003 2278 2164 2317 naras
2190 2263 2244 2317 in
2284 2262 2467 2317 Leone
2499 2264 2710 2329 Isauro,
2756 2273 2906 2319 torno
2937 2264 3101 2320 tertio
3132 2263 3423 2319 Annalium
3459 2280 3561 2335 po-

2004 2354 2331 2409 sterioribus
2364 2356 2708 2425 temporibus
2731 2355 2823 2408 τὸν
2850 2356 2959 2408 τῶν
2992 2355 3286 2425 βασιλικῶν
3333 2356 3564 2409 ἱπποκό-

2005 2464 2123 2516 μων
2151 2448 2546 2501 ἐπιστατοῦντα
2573 2448 2906 2516 appellatum
2948 2448 3137 2505 tradit.

2076 2540 2439 2611 Πριμικήριος
2506 2540 2711 2610 αὐλῆς,
2786 2540 2926 2596 aula
2979 2544 3323 2610 primicerius.
3388 2541 3564 2597 Habet

2002 2632 2224 2703 quidem
2252 2633 2306 2686 in
2336 2633 2787 2687 circumstationo
2839 2631 3398 2700 administrationem,
3432 2650 3569 2705 qua-

2002 2725 2110 2779 lem
2144 2734 2271 2782 ante
2308 2724 2572 2787 diximus,
2599 2724 2791 2779 ordine
2820 2739 2952 2779 vero
2975 2724 3206 2779 collocat
3237 2726 3403 2780 etiam
3447 2741 3569 2780 om-

2004 2831 2102 2871 nes
2149 2815 2246 2884 qui
2297 2813 2355 2868 in
2418 2815 2541 2869 aula
2586 2824 2734 2870 sunt.
2780 2814 2849 2870 Ut
2914 2816 3060 2868 enim
3102 2816 3352 2886 princeps
3406 2832 3569 2871 suum

2004 2909 2237 2979 quisque
2260 2917 2317 2962 et
2345 2907 2703 2962 constitutum
2750 2908 2931 2962 locum
2987 2908 3055 2962 ad
3103 2908 3569 2965 circumstandum

2006 2999 2171 3055 habet
2201 3016 2216 3055 :
2255 2998 2335 3055 sic
2360 2999 2526 3054 etiam
2562 2999 2787 3055 ordines
2818 3000 2911 3070 qui
2949 3000 3005 3054 in
3030 2999 3154 3055 aula
3185 3008 3334 3066 sunt,
3367 3000 3569 3071 singuli

2004 3091 2286 3161 proprium
2318 3105 2479 3145 suum
2507 3090 2689 3145 locum
2718 3090 2993 3146 obtinent.

330 3190 445 3270 tum
499 3178 1110 3270 occidentalium._Qua:
1149 3178 1394 3270 Allorente
1438 3181 1621 3236 adhuc
1663 3180 1899 3252 imperio
1928 3214 1969 3270 ο
2074 3181 2522 3255 Πρωτοκυνηγός,
2546 3192 2852 3237 venatorum
2895 3186 3155 3255 princeps,
3180 3185 3568 3256 jdgermeister.

331 3268 581 3323 Romano
610 3268 886 3339 τάγματα,
910 3267 1027 3323 sive
1057 3267 1303 3341 legiones
1326 3268 1510 3333 dictas,
1549 3271 1899 3339 postmodum

333 3361 623 3415 imminuta
672 3358 906 3414 Heraclii
954 3358 1295 3428 temporibus
1352 3360 1598 3415 Romana
1626 3363 1897 3431 potentia,

330 3461 389 3505 et
422 3462 680 3506 truncato
728 3451 962 3521 imperio
1004 3450 1258 3519 Θεμάτων
1298 3466 1496 3505 nomen
1542 3468 1896 3523 acceperunt,

331 3553 586 3598 carentes
602 3544 715 3613 jam
747 3543 919 3598 veteri
948 3542 1312 3612 amplitudine
1338 3558 1458 3599 sua.
1488 3543 1625 3601 Vide
1650 3545 1898 3602 libellum

328 3635 676 3691 Constantini
709 3636 1240 3705 Porphyrogennette
1265 3636 1333 3692 de
1362 3636 1740 3703 Thematibus,
1782 3638 1898 3695 sive

331 3728 401 3783 de
449 3727 761 3798 agminibus
808 3727 1141 3784 militaribus
1170 3743 1270 3799 per
1304 3729 1596 3798 imperium
1630 3730 1897 3785 orientale

332 3820 664 3877 distributis.
718 3820 819 3875 llic
860 3820 1152 3889 praefectus
1190 3820 1569 3889 hujuscemodi
1617 3823 1896 3892 agminum

332 3929 433 3982 per
496 3912 806 3969 Occidentis
874 3914 1043 3969 urbes
1109 3913 1533 3969 distributorum
1587 3914 1897 3985 intelligen-

330 4004 438 4057 dus
471 4014 577 4058 est.

401 4098 585 4165 Μέγας
607 4096 906 4167 διοικητὴς,
935 4113 1156 4168 magnus
1185 4098 1608 4166 administrator,
1637 4100 1740 4153 sive
1773 4114 1898 4167 pro-

328 4197 563 4242 curator.
606 4188 752 4242 Nihil
786 4189 853 4243 de
890 4190 995 4245 hoc
1021 4190 1372 4259 Curopalata.

353 4386 400 4403 h
417 4388 1298 4402 *ι’-ψ’*

2007 3274 2339 3345 lmperatore
2374 3274 2776 3329 conscendente
2805 3291 3008 3346 equum
3061 3291 3225 3332 nemo
3262 3276 3404 3331 alius
3427 3292 3568 3346 prae-

2008 3377 2093 3423 ter
2145 3368 2291 3422 hunc
2330 3367 2563 3437 stapiam
2601 3376 2751 3422 tenet
2791 3382 2915 3422 cum
2963 3383 3201 3437 praesens
3229 3379 3333 3425 est.
3367 3369 3569 3425 Praeest

2007 3472 2137 3513 vero
2165 3458 2236 3513 iis
2266 3458 2646 3523 venatoribus,
2691 3459 2788 3529 qui
2828 3469 3115 3514 curatores
3140 3474 3341 3514 canum
3380 3460 3569 3529 appel-

2007 3550 2212 3605 lantur.
2254 3548 2412 3617 Quod
2440 3550 2486 3606 si
2521 3550 2743 3620 quando
2786 3552 3161 3621 imperatoris,
3214 3566 3339 3606 cum
3389 3551 3443 3605 in
3475 3566 3567 3607 ve-

2006 3640 2231 3694 natione
2289 3648 2392 3706 est,
2462 3650 2668 3695 vestem
2721 3640 2960 3709 aliquam
3014 3640 3279 3709 sanguine
3346 3640 3563 3711 aspergi

2006 3732 2338 3802 contigerit,
2395 3746 2517 3787 eam
2583 3732 2674 3787 hic
2722 3742 2949 3788 venator
3014 3732 3328 3803 accipit-ex
3389 3731 3567 3786 bene-

2006 3822 2151 3878 ﬂcio.

2076 3914 2333 3985 Πραιτωρ
2370 3914 2566 3985 δήμου,
2628 3923 2825 3985 prwtor
2861 3915 3060 3985 populi.
3094 3914 3310 3969 Nullam
3339 3910 3572 3968 admini-

2004 4007 2324 4061 strationem
2349 4006 2514 4062 habet
2559 4011 2613 4061 in
2638 4009 2779 4077 {aula
2811 4009 3072 4078 palatina,
3106 4006 3201 4063 sed
3229 4006 3284 4061 in
3324 4004 3485 4070 urbe,
3512 4012 3569 4059 et

2007 4097 2267 4152 urbanam
2295 4100 2491 4155 solum.

1636 4525 1645 4533 ’
1720 4546 2184 4626 LECTORI.

408 4715 565 4769 Nilus
596 4726 643 4771 ct
673 4715 1039 4772 Christodulus
1074 4718 1198 4785 ﬁcta
1230 4718 1441 4770 nomina
1475 4724 1622 4778 sunt,
1672 4714 1851 4783 qualia
1886 4712 2026 4780 apud
2074 4721 2265 4765 veteres
2298 4713 2349 4764 in
2408 4710 2631 4779 dialogis
2673 4718 2722 4760 et
2765 4710 2997 4776 epistolis
3035 4710 3285 4779 plurima.
3320 4712 3571 4767 Christo—

330 4809 490 4862 dulus
525 4808 651 4862 mihi
686 4808 1084 4864 Cantacuzenus
1115 4807 1441 4877 est,‘utpote
1496 4808 1585 4877 qui
1635 4806 1776 4859 curis
1831 4804 2125 4858 illustribus
2169 4804 2469 4873 defunctus,
2507 4798 2837 4871 decursisque
2880 4804 2996 4856 vita:
3027 4806 3280 4871 palatina:
3308 4803 3572 4871 maleﬁtlis

331 4906 635 4969 honoribus,
674 4906 882 4959 Christo
920 4906 1121 4969 sibique
1150 4907 1203 4957 in
1239 4913 1507 4972 posterum
1536 4919 1724 4955 vacare
1754 4911 2017 4961 statuens,
2050 4899 2277 4953 nobilem
2312 4898 2465 4951 illam
2501 4900 2805 4951 servitutem
2835 4898 3111 4966 amplexus
3147 4911 3242 4962 cst,
3274 4916 3390 4968 qua:
3422 4915 3570 4953 mera

336 4998 438 5050 viri
473 4999 726 5065 sapientis
771 4998 984 5051 libertas
1016 4997 1191 5050 haberi
1230 4997 1394 5049 debet.
1439 4995 1617 5057 Nilus,
1656 5012 1686 5047 (ι
1721 5009 1822 5061 quo
1852 5008 1905 5044 se
1940 4993 2009 5044 ad
2055 4993 2385 5045 scribendum
2420 4990 2621 5058 impelli
2657 4990 2834 5060 ﬁngit,
2872 4993 3112 5043 monachi
3148 5008 3357 5056 nomen,
3387 4999 3441 5043 ut
3467 4995 3578 5045 cui-

334 5090 412 5142 vis
452 5089 656 5141 obvium
695 5099 791 5141 est.

699 5338 969 5391 ΝειΑοΣ
1005 5335 1519 5403 ΧΡΙΣΤυΔΟΥΑῼ.

317 5484 331 5497 ι
418 5452 637 5521 Ἐπειδὴ
676 5468 733 5505 σε
764 5450 1047 5521 βούλεσθαι
1099 5445 1216 5502 οἴδα
1252 5432 1419 5518 μηδὲν
1451 5448 1560 5499 τῶν
1620 5445 1907 5517 ἡμετέρων

336 5550 577 5615 ἀγνοεῖν,
616 5549 663 5597 εἰ
694 5547 789 5598 καὶ
844 5544 1013 5615 μηδὲν
1050 5561 1101 5596 τι
1149 5546 1395 5610 γενναῖον
1442 5542 1657 5611 ἔχοιμεν
1705 5539 1904 5606 λέγιιν,

334 5630 437 5705 ἆγε
467 5636 641 5690 ἔνεστι
676 5639 886 5708 σιωπᾷν
910 5636 968 5688 οὐ
1002 5635 1185 5705 θέμις·
1219 5630 1373 5687 οἶσθα
1418 5633 1545 5695 τοὺς
1574 5632 1907 5700 περιπάτους

336 5730 430 5793 οὓς
489 5730 747 5783 ἑκάστοτε
801 5729 943 5797 μετᾷ
985 5729 1093 5779 τῶν
1142 5726 1311 5794 φίλων
1361 5724 1695 5792 ποιούμεθα’
1739 5724 1796 5774 ὲν
1827 5718 1909 5785 οἷς

338 5821 537 5886 πολλὰ,
566 5820 640 5873 τὰ
671 5820 771 5889 μὲν
801 5819 1027 5888 σπουδῇ,
1055 5820 1123 5895 τὰ
1151 5818 1206 5869 δὲ
1227 5816 1418 5887 παιδιᾷ
1445 5816 1793 5887 προσήκοντα
1819 5812 1907 5867 λέν

656 5913 926 5976 ΡΑτιιοι..
975 5912 1064 5967 Gn
1148 5908 1221 5948 "l
1248 5909 1341 5965 "'.

1911 5214 1982 5223 .—

1940 5333 1987 5392 D

2352 5332 2394 5399 1
2432 5294 2643 5386 Maus
2680 5324 3165 5384 CHRISTODULO
3204 5324 3261 5379 s.

2077 5445 2348 5513 Quoniam
2381 5445 2551 5516 probe
2584 5443 2699 5499 scio
2736 5450 2785 5496 te
2830 5457 2919 5495 res
2950 5450 3411 5501 nostrasomnes,
3439 5453 3576 5507 qua-

2010 5542 2090 5595 les
2123 5540 2335 5609 quales,
2364 5536 2534 5593 etiam
2565 5552 2728 5592 avere
2774 5550 3130 5604 cognoscere,
3166 5534 3441 5589 desiderio
3480 5544 3577 5588 tuo

2014 5646 2222 5687 morem
2256 5616 2439 5697 geram
2468 5649 2481 5683 :
2512 5640 2691 5685 tacere
2719 5628 2865 5683 enim
2900 5628 3189 5683 non'licet.
3221 5626 3279 5679 In
3304 5626 3580 5695 quotidia-

2011 5722 2099 5776 nis
2124 5720 2614 5784 ambulationibus,
2646 5734 2805 5789 quas,
2847 5719 2993 5790 quod
3039 5728 3090 5771 te
3118 5731 3227 5771 non
3261 5715 3420 5786 fugit,
3450 5728 3576 5768 cum

2008 5813 2377 5869 familiaribus
2397 5811 2695 5885 “conficere
2744 5810 3159 5869 consuevimus,
3213 5806 3371 5863 multi
3416 5804 3579 5890 nobis

3142 5901 3181 5960 2
