4222 6442
1278 360 1317 371 '4‘

262 413 338 476 ts
758 388 767 391 ’
1400 406 1967 473 ‘msromanun
2016 413 2245 472 LIBER
2284 414 2327 471 ι.
3420 411 3490 474 50

259 530 517 598 δραστὴς,
570 528 670 599 ips
701 545 759 580 τε
786 528 935 582 οὐδέν
969 527 1082 578 ἐστι
1112 526 1170 577 τὸ
1210 526 1393 577 πεῖσον
1450 525 1653 593 ταύτης
1696 526 1829 576 ἀπο-
1857 532 1898 585 Α

1825 551 1829 561 ι
1857 532 1898 585 Α
1931 525 2093 584 alius.
2138 522 2582 591 perspectissima
2615 522 2843 587 habens,
2884 530 2945 574 ut
2981 531 3196 591 potero,
3243 536 3305 577 ea
3338 536 3492 575 eom-

264 615 457 689 στῆναί
493 619 581 672 διὰ
616 619 796 688 πάσης
830 619 929 686 τῆς
974 618 1277 686 διηγήσεως
1302 655 1318 679 ,
1350 617 1494 683 ἔχεις
1521 616 1654 682 ὅπερ
1702 614 1829 665 ἐπό-

263 713 397 777 θεις.
427 714 614 779 ’Δξιον
632 714 687 766 δὲ
721 712 915 781 μικρὸν
943 710 1149 764 ἄνωθεν
1189 706 1482 760 ἀναλαϐεῖν
1502 705 1601 773 τὴν
1642 702 1828 771 σειρὰν

263 802 357 855 τοῦ
396 803 586 870 γένους
632 803 741 854 τῶν
782 801 1073 871 βασιλέων·
1114 800 1189 861 ὡς
1236 797 1301 850 ἂν
1351 796 1623 863 εἰδείημεν
1653 794 1732 854 τίς
1766 797 1828 845 ἐκ

264 896 407 957 τίνος
439 895 563 963 ἔφυ,
595 895 747 956 τινας
783 910 840 947 τε
873 894 1033 954 αὐτὸς
1067 891 1327 948 τετοκὼς,
1359 889 1479 941 τίνα
1520 887 1827 954 προέστησε

267 983 593 1047 βασιλεύειν,
621 984 744 1045 τοὺς
785 983 974 1043 ἄλλους
1026 981 1374 1047 καταστήσας
1406 977 1579 1028 τελεῖν
1604 976 1695 1027 ὑπ’
1732 973 1830 1028 an

265 1092 355 1126 τον

1934 615 2246 667 memorabo
2294 632 2306 666 :
2362 614 2779 682 veritatemque.
2832 625 3088 683 tauquam
3139 630 3365 683 scepum
3413 615 3499 665 iu-

1937 712 2118 764 tuens,
2171 716 2500 770 quacunque
2568 704 2675 757 alia
2726 720 2888 758 causa
2950 707 3218 772 potiorem
3277 706 3496 757 ducam.

1935 793 2300 857 Quamobrem
2328 795 2373 847 si
2405 804 2487 856 tu,
2519 792 2661 855 Nile,
2692 797 2808 848 veri
2847 797 3204 863 pernoscendi
3238 811 3295 848 es
3339 795 3497 861 cupi-

1936 884 2059 942 dus.
2094 883 2228 937 nihil
2260 892 2441 937 autem
2483 886 2589 939 erit
2639 885 2783 953 quod
2837 902 2921 939 me
2970 902 3131 954 quam
3187 887 3343 953 longa
3394 884 3500 937 erit

1938 974 2181 1026 narratio
2206 975 2274 1027 ab
2297 989 2361 1031 eo
2382 985 2595 1037 avocet,
2617 976 2707 1029 fiet
2732 976 2974 1041 profecto
2998 977 3142 1043 quod
3168 974 3496 1042 concupisti.

1939 1063 2141 1116 Verum
2175 1063 2339 1130 paulo
2370 1079 2536 1131 supra
2586 1065 2944 1119 seriem.sive
2980 1068 3349 1135 genealogiam
3396 1065 3499 1117 do-

268 1183 390 1222 nius
442 1166 811 1236 imperatoriae
860 1169 1016 1234 juvat
1061 1172 1356 1232 repetere:
1410 1176 1520 1230 quo
1568 1158 1829 1212 nimirum
1869 1156 1993 1225 quis
2025 1171 2053 1209 a
2122 1169 2233 1224 quo
2265 1166 2609 1223 procreatus.
2675 1165 2730 1210 ct
2767 1155 2973 1224 quibus
3011 1157 3125 1226 ipse
3160 1158 3396 1210 vicissim
3433 1171 3498 1209 ex

266 1276 324 1317 se
349 1259 573 1329 genitis,
603 1276 766 1330 quem
798 1258 1052 1328 imperio,
1080 1257 1308 1326 reliquis
1338 1255 1602 1309 fratribus
1628 1250 1952 1310 antelatum,
1988 1250 2314 1312 admoverit,
2348 1252 2664 1319 perspicere
2698 1252 2993 1320 possimus.

346 1354 407 1405 Ὀ
461 1353 709 1421 βασιλεὺς
778 1351 959 1403 τοίνυν
1003 1348 1260 1413 Ἀλέξιος,
1309 1351 1336 1400 ὁ
1388 1349 1486 1417 τὴν
1518 1345 1837 1416 ἐπωνυμίαν

270 1448 556 1515 Ἄγγελος,
591 1445 668 1512 τῷ
706 1444 967 1515 Θεοδώρῳ
992 1443 1244 1513 Λὰσκαρι
1274 1443 1380 1510 τὴν
1421 1440 1697 1508 Θυγατέρα
1739 1456 1837 1491 κα-

266 1526 606 1605 τεγγυήσας,
623 1536 721 1607 τὴν
750 1534 1019 1604 βασίλειον
1038 1533 1210 1605 ἀρχὴν
1225 1531 1554 1601 παρέπεμψε
1583 1529 1716 1599 πρὸς
1743 1528 1839 1581 αὐ-

265 1628 379 1681 τόν.
419 1622 586 1689 Οὗτος
632 1626 688 1680 δὲ
730 1625 800 1680 αὖ
858 1625 1018 1678 ⁴πὶιλιν
1073 1624 1303 1694 sepem;
1347 1621 1534 1682 παιδὸς
1589 1618 1833 1687 ἀπορῶν,

2007 1344 2229 1399 Alexius
2274 1346 2440 1413 igitur
2488 1348 2809 1413 imperator,
2850 1355 3211 1415 cognomento
3240 1345 3498 1412 Angelus.

1937 1436 2047 1489 lilia
2076 1435 2371 1490 Theodoro
2415 1436 2637 1489 Lascari
2682 1436 2921 1489 thalamo
2964 1436 3191 1495 sociata,
3225 1451 3498 1488 summum

1935 1540 2155 1594 quoque
2184 1525 2555 1594 principatum
2578 1524 2643 1577 ad
2665 1524 2919 1578 eumdem
2948 1524 3273 1578 transmisit.
3304 1524 3502 1578 Lasca-

1939 1619 2013 1672 ris
2043 1617 2230 1673 sobole
2255 1618 2400 1672 virili
2430 1631 2624 1672 carens
2655 1618 2850 1672 Joanni
2913 1617 3164 1681 Batatzm,
3196 1634 3263 1672 ex
3307 1619 3502 1671 ordine

275 1718 503 1788 Ἰωάννῃ
551 1716 627 1785 τῷ
681 1716 932 1785 Βατάτζῃ
959 1714 1019 1778 ἐξ
1072 1710 1405 1782 ἀρχοντικῆς
1437 1709 1644 1812 τάξευὶς
1696 1708 1831 1762 ὅντι.
1869 1754 1909 1812 Β

1869 1754 1909 1812 Β
1942 1723 2253 1779 procerum,
2302 1707 2422 1778 [seu
2462 1709 2701 1761 virorum
2729 1706 3090 1781 principum.]
3125 1709 3317 1762 lrenen
3352 1724 3415 1761 ex
3444 1723 3502 1762 se

263 1807 504 1875 Εἰρήνην
560 1805 657 1875 τὴν
706 1804 982 1875 θυγατέρα
1030 1802 1366 1868 συνέζευξεν,
1408 1800 1695 1866 ἀποδείξας
1739 1801 1834 1852 καὶ

263 1897 493 1967 βασιλέα
523 1897 616 1951 τὸν
646 1896 913 1966 κηδεστήν
935 1913 950 1926 ·
973 1894 1123 1965 αὐτῷ
1140 1895 1197 1947 δὲ
1215 1894 1490 1962 Θεόδωρος
1514 1892 1837 1959 γεγέννηται

226 2015 230 2018 ~
265 1989 421 2052 παῖς,
458 1987 746 2057 Ῥωμαίων
774 1987 869 2039 καὶ
890 1986 1052 2048 αὐτὸς
1094 1983 1457 2053 βασιλεύσας·
1496 1981 1557 2045 ἐξ
1594 1979 1759 2035 αὑτοῦ
1781 1980 1836 2032 δὲ

262 2078 591 2148 γεγέννηται
625 2077 902 2146 Ἰωάννης,
931 2076 1018 2146 ἐφ’
1051 2069 1113 2127 οὗ
1163 2076 1228 2144 δὴ
1277 2073 1377 2142 τῆς
1409 2070 1695 2142 βασιλικῆς
1740 2070 1835 2123 τοῦ

264 2170 461 2235 γένους
504 2168 895 2238 διατμηθείσης
948 2148 1154 2236 σειρᾶς,
1192 2166 1283 2217 ἐπὶ
1333 2162 1568 2233 Μηχαὴλ
1612 2162 1704 2214 τὸν
1731 2162 1841 2214 Πα-

265 2256 551 2323 λαιολόγον
594 2256 627 2324 ἡ
659 2255 911 2325 βασιλεία
937 2254 1172 2323 μετέϐη·
1209 2253 1268 2314 ὃς
1292 2251 1359 2321 δὴ
1396 2251 1588 2313 παῖδας
1618 2251 1842 2319 ἐγέννη-

268 2364 361 2401 σεν
386 2348 626 2418 ᾶρῤενας
656 2349 809 2417 τρεῖς
834 2361 849 2377 ο
896 2345 1257 2413 ⁹Δνδρόνικον,
1303 2343 1365 2405 ὃς
1397 2342 1491 2394 κα)⁵
1545 2342 1653 2394 τῶν
1685 2341 1841 2410 βασι-

269 2437 751 2493 λικῶνὲπελάσετο
804 2438 1120 2507 σκήπτρων,
1166 2438 1261 2489 καὶ
1294 2435 1706 2487 Κωνσταντϊνον
1752 2433 1844 2486 τὸν

272 2535 329 2586 ἐν
359 2536 425 2603 τῇ
456 2531 711 2603 πορφύρᾳ
736 2517 1016 2601 τεχθέντα.
1054 2529 1150 2581 καὶ
1172 2527 1354 2599 τριτον
1373 2526 1648 2595 Θεόδωρον
1668 2542 1682 2557 ο
1709 2526 1845 2577 ἀλλὰ

1938 1808 2119 1852 natam
2158 1798 2465 1861 colloravit,
2498 1811 2867 1867 generumque
2911 1799 3293 1867 imperatorem
3320 1799 3498 1851 nomi~

1937 1889 2111 1943 navit.
2142 1887 2370 1943 Joannis
2402 1896 2521 1941 satu
2552 1887 2880 1964 Theodorus
2922 1888 3128 1951 editur,
3174 1888 3267 1957 qui
3303 1897 3357 1940 et
3388 1870 3505 1957 ipse

1938 1977 2202 2032 Romanis
2229 1977 2585 2046 impcritavit.
2626 1978 2678 2031 Is
2712 1976 2976 2031 Joannem
3017 1986 3186 2043 creat,
3220 1979 3274 2032 in
3306 1978 3355 2047 5
3394 1994 3503 2048 quo

1939 2068 2197 2122 intercisa
2227 2069 2619 2137 propagatione
2653 2070 3027 2143 imperatoria,
3070 2071 3135 2124 ad
3178 2072 3498 2126 Michaelem

1941 2159 2303 2229 Palmologum
2345 2159 2458 2229 (16)
2507 2175 2571 2213 ex
2625 2176 2744 2214 asse
2792 2162 3099 2231 respublica
3156 2164 3502 2232 demigravit.

1938 2248 2041 2304 llic
2068 2265 2233 2305 senos
2264 2251 2486 2306 sustulit
2532 2251 2734 2305 liberos
2777 2252 2917 2320 (17).
2965 2252 3364 2316 Andronicum,
3409 2257 3506 2324 qui

1937 2344 2104 2395 etiam
2162 2342 2464 2395 secundum
2521 2354 2730 2410 patrem
2796 2343 2852 2397 in
2918 2352 3136 2413 sceptra
3200 2336 3507 2401 successit:

1939 2432 2360 2488 Constantinum
2401 2432 2934 2503 Porphyrogenitum
2985 2434 3096 2505 (l8)
3144 2451 3209 2490 ac
3246 2436 3507 2493 Theodo~

1945 2540 2108 2587 rum;
2148 2524 2287 2577 tilias
2319 2523 2537 2587 lrenen,
2599 2524 2893 2579 Eudociam
2932 2535 2988 2579 et
3024 2529 3256 2580 Annam.
3295 2526 3507 2583 Andro-

1542 2666 1758 2731 Jecohi
1801 2668 2064 2733 Pontani
2098 2678 2283 2730 notae.

274 2801 552 2855 sariorum
583 2813 809 2855 suorum
833 2797 1235 2853 conventiculis
1262 2797 1461 2867 agitata
1486 2796 1710 2867 sinuet
1738 2799 1847 2855 alia

277 2871 490 2940 utique,
518 2868 719 2938 quibus
746 2868 938 2940 adesse
968 2883 1208 2936 praesens
1240 2866 1353 2921 non
1384 2868 1587 2935 potuit.
1611 2866 1722 2940 Nec
1743 2867 1843 2940 Ju-

276 2935 392 2994 lius'
424 2935 608 2994 Caesar
659 2937 916 2993 omnibus
967 2935 1087 3004 quae
1165 2944 1349 2992 narrat
1409 2950 1595 2991 coram
1646 2935 1841 3002 aﬂuit;

276 3009 437 3063 aﬂ'uit
465 3018 649 3063 autem
684 3006 973 3076 plurimis:
1007 3015 1063 3059 et
1096 3021 1216 3075 quae
1256 3020 1354 3075 pro
1389 3006 1482 3060 illo
1509 3014 1661 3075 gesta
1688 3018 1838 3068 sunt.

277 3080 409 3139 eius.
434 3079 635 3133 virtute
669 3077 838 3130 multa
878 3081 952 3129 et“
985 3076 1245 3143 auspiciis
1291 3083 1440 3142 gesta
1472 3084 1600 3129 sunt
1628 3078 1837 3131 omnia.

1950 2814 2139 2853 novam
2167 2800 2419 2869 refecerat
2444 2802 2681 2870 miroque
2703 2808 2899 2854 ornatu
2925 2807 3279 2865 exstruxerat,
3302 2803 3507 2858 initium

1948 2870 2127 2923 habuit
2149 2885 2174 2942 ί
2201 2872 2430 2942 sic__sa_ne
2462 2871 2515 2923 in
2546 2871 2894 2942 Constantino
2927 2879 3127 2942 octavo,
3176 2874 3264 2925 cui
3300 2884 3505 2942 quoque

1945 2950 2116 2992 mater
2136 2938 2233 3006 fuit
2269 2938 2487 3001 Helena,
2520 2940 2693 2993 desiit.
2730 2938 2867 3003 Quin
2900 2940 3057 2992 etiam
3080 2956 3197 2993 cum
3224 2942 3277 2993 id
3312 2938 3507 2996 tenuis-

1945 3017 2060 3061 sent
2096 3006 2273 3062 Latini
2302 3010 2604 3079 quotannis
2636 3026 2799 3079 supra
2820 3010 3067 3073 diximus,
3101 3021 3148 3061 et
3173 3025 3353 3064 eorum
3379 3029 3507 3066 aus-

1944 3079 2081 3147 picia
2113 3080 2258 3148 regni
2301 3078 2333 3132 α
2385 3078 2646 3148 Balduino
2689 3078 2953 3132 Flandriw
2993 3080 3179 3148 comite
3214 3084 3505 3148 cmpissent.

279 3149 435 3203 Valet
483 3148 552 3220 ad
603 3146 999 3220 conciliandam
1057 3145 1299 3220 historiae
1350 3144 1535 3220 fidem,
1591 3147 1837 3220 scribere
1870 3165 1911 3219 α
1945 3144 2026 3201 sic
2051 3144 2472 3220 postmodumgin
2503 3147 2787 3220 Batduiuo,
2810 3145 3040 3220 secundo
3064 3144 3310 3203 nimirum
3347 3153 3503 3220 hujus

277 3234 398 3285 qua:
449 3216 676 3279 videris,
705 3230 815 3269 non
852 3230 974 3284 quae
1018 3214 1307 3270 audieris:
1350 3214 1525 3285 oculis
1571 3214 1840 3282 siquidem

277 3281 486 3341 certior
533 3286 667 3340 fldes
711 3294 816 3348 est,
862 3281 1024 3353 quam
1059 3284 1307 3344 auribus.
1348 3281 1527 3348 Quare
1571 3281 1841 3349 nonnulli,

278 3371 388 3424 quo
409 3355 776 3425 exploratiora
798 3364 854 3408 et
882 3353 1279 3425 lndubitatiora
1325 3361 1551 3421 possent
1573 3354 1841 3425 scribere,

279 3423 505 3490 ipsimet
542 3435 721 3479 terras
760 3432 819 3493 et
861 3423 1115 3491 regiones
1165 3429 1548 3493 peragrarunt,
1615 3433 1673 3476 ut
1718 3424 1845 3478 Dio—

277 3495 451 3549 dorus
479 3495 717 3554 Siculus,
749 3492 1063 3546 Sallustius.

380 3563 464 3628 l6)
491 3563 719 3617 Michael
749 3562 1083 3629 Paltcologus
1107 3560 1368 3616 Joannem
1400 3563 1843 3629 puerum,Theo-

346 3578 464 3635 (ιυ)
491 3578 719 3617 alienae:
751 3578 1083 3683 ram-onolgus
1107 3578 1368 3616 Joannem
1400 3578 1696 3629 puerum,‘t
1712 3578 1841 3618 neo-

279 3632 403 3687 dori
460 3633 657 3696 filium,
704 3631 930 3686 Joannis
1017 3640 1207 3684 atatzze
1245 3639 1519 3699 nepotem,
1569 3633 1841 3687 Theodori

281 3701 533 3757 Lascaris
578 3710 958 3774 pronepotem,
992 3701 1260 3774 Inui-edem
1299 3701 1624 3774 legitimum,
1684 3704 1842 3774 cujus

282 3783 433 3826 tutor
466 3783 587 3827 erat
640 3771 944 3831 institutus,
1002 3771 1207 3824 nefarie
1257 3772 1586 3837 exoculavit,
1634 3771 1843 3833 vel.'ut

280 3843 372 3895 alii
416 3841 747 3901 retulerunt,
781 3838 1080 3905 interfecit;
1127 3840 1415 3908 imperium
1463 3840 1845 3895 Constantino-

320 3913 591 3980 olitanum
639 3910 858 3980 circiter
918 3924 1094 3980 annos
1126 3924 1218 3980 se}
1265 3910 1754 3980 etquinquaginta
1814 3928 1843 3965 a

327 3982 514 4045 atiriis,
546 3979 614 4033 ab
648 3994 794 4033 anno
827 3978 1042 4031 Domini
1077 3978 1211 4031 1203
1236 3979 1299 4031 ad
1332 3979 1493 4045 1‘259,
1520 3978 1702 4034 seu—ut
1729 3981 1841 4047 alii,

284 4050 352 4103 ad
401 4064 577 4103 annos
607 4049 829 4103 circiter
862 4059 972 4100 tres
1023 4056 1079 4100 et
1113 4048 1412 4116 sexaginta,
1463 4065 1491 4103 a
1534 4050 1729 4116 Belgis,
1765 4052 1845 4104 in-

283 4136 472 4187 quam.
518 4128 866 4185 occupatum.
911 4117 1069 4185 pulso
1100 4116 1367 4171 Balduino
1405 4120 1669 4179 secundo,
1700 4120 1846 4174 Gne-

285 4191 365 4243 cis
408 4188 674 4245 restituit.
719 4187 933 4255 sibique
977 4187 1277 4253 usurpavit.
1314 4187 1446 4241 Vide
1472 4189 1843 4256 Nicephorum

285 4258 605 4327 Gregoram,
648 4257 744 4316 lib.
774 4272 828 4310 ιιι
855 4264 910 4309 et
942 4271 1015 4327 tv_;
1053 4256 1271 4327 Petrum
1311 4256 1580 4327 Bizarum,
1611 4260 1673 4311 de
1713 4260 1845 4313 bello

292 4324 514 4389 Veneto,
558 4326 697 4380 libro
733 4327 933 4391 primo.
981 4324 1150 4379 Docet
1198 4325 1340 4379 idem
1387 4326 1654 4395 Gregoras
1704 4329 1847 4382 libro

284 4407 463 4459 sexto,
488 4410 599 4465 quo
632 4407 788 4461 pacto
817 4395 1161 4449 Andronicus
1191 4395 1353 4458 filius,
1385 4401 1594 4463 paterni
1624 4399 1845 4453 sceleris

288 4466 583 4519 vindictam
608 4475 857 4536 metuens
888 4471 978 4529 (ne
1008 4472 1063 4517 et
1095 4465 1206 4533 ipse
1230 4466 1483 4519 videlicet
1507 4467 1695 4536 oculos
1718 4483 1841 4521 cum

285 4535 521 4603 itnpcrio
554 4534 831 4604 amitteret
861 4542 1085 4604 propter
1117 4550 1277 4604 quem
1312 4546 1468 4604 pater
1507 4534 1732 4591 Michael
1763 4537 1842 4591 leo

284 4606 538 4675 gitimum
590 4603 860 4675 ha:_redem
897 4603 982 4675 ita
1012 4603 1336 4675 crudeliter
1368 4610 1735 4673 traetaverat),
1782 4606 1848 4660 ad

284 4672 412 4728 eum
447 4676 502 4726 in
536 4672 774 4741 quodam
810 4672 1075 4740 Bithynia:
1101 4672 1361 4741 oppidulo
1393 4676 1727 4729 custoditum
1750 4691 1846 4730 ve-

286 4744 456 4803 nerit,
490 4742 804 4797 consolatus
854 4742 943 4803 sit,
979 4743 1044 4793 ad
1070 4743 1273 4796 victum
1322 4753 1377 4796 et
1415 4746 1620 4798 cultum
1667 4746 1848 4799 omnia

287 4813 471 4879 quoad
516 4813 746 4871 viveret,
782 4810 1166 4881 suppe‘ditarit.
1196 4842 1273 4881 7-—
1314 4810 1604 4867 Familiam
1642 4814 1850 4867 Pola-o—

287 4878 530 4952 logorum
554 4896 616 4952 ea;
641 4881 825 4942 Italia,
853 4878 905 4932 et
943 4878 1150 4934 Viterbo
1186 4880 1417 4937 Etruria:
1446 4886 1669 4952 ,civitate
1709 4886 1851 4937 haud

286 4950 506 5020 ignobili
537 4950 791 5020 originem
822 4952 1063 5013 traxisse,
1104 4952 1366 5021 nonnullis
1399 4951 1568 5021 placet
1601 4971 1617 5007 :
1648 4963 1696 5006 et
1724 4970 1850 5007 ron-

287 5019 500 5073 tinuata
539 5019 765 5089 quadam
792 5021 924 5073 serie
968 5036 1031 5073 ea:
1056 5021 1151 5072 hac
1191 5019 1425 5075 Ca'sares
1464 5024 1680 5088 imperio
1716 5022 1853 5076 Con-

286 5088 767 5157 stantiiwpolitano
803 5090 915 5142 dati
942 5099 1084 5151 simt,
1122 5092 1273 5143 annis
1296 5093 1497 5144 circiter
1525 5102 1729 5145 centum
1762 5110 1851 5146 na-

289 5161 769 5232 nagintaqnatnur
801 5175 817 5211 :
845 5157 1035 5232 donec
1094 5161 1309 5232 tandem;
1342 5161 1706 5232 refrigescente
1736 5164 1849 5231 pri—

286 5225 428 5282 stina
465 5225 562 5281 illa
584 5230 773 5281 virtute
804 5225 1448 5299 pietatequeChristiana.
1473 5225 1648 5284 omnia
1684 5225 1851 5299 segni-

290 5301 357 5351 tie
378 5300 610 5371 quadam
663 5299 956 5371 etidiversis
974 5297 1174 5371 studiis
1184 5299 1260 5371 _in
1285 5299 1510 5354 deterius
1542 5301 1648 5354 labi
1688 5297 1852 5371 ccupe—

291 5380 415 5439 r_unt
450 5370 582 5427 :sic.
615 5379 671 5421 ut
701 5368 1127 5438 ﬂorentissimum
1154 5367 1456 5439 (ἔνατον-ατη
1481 5367 1772 5439 ἱηιρενίυηί
1797 5374 1849 5424 in

294 5436 590 5520 Turcarum
621 5435 808 5520 inquas
855 5454 916 5489 ac
931 5446 1242 5520 potestatem
1259 5435 1698 5520 deueniretfanno
1732 5440 1852 5494 mil-

294 5507 478 5561 lesimo
519 5507 1031 5580 quadringentesimo
1051 5509 1475 5580 quinquagesimo
1505 5512 1676 5573 tertio,
1706 5520 1850 5580 post-

293 5594 452 5645 quam
478 5575 623 5631 mille
649 5575 853 5630 centum
885 5586 933 5629 et
988 5575 1215 5645 amplius
1270 5575 1559 5645 nonaginta
1592 5575 1743 5634 annis
1772 5583 1851 5633 in-

294 5646 499 5699 colume
518 5649 755 5700 stetisset.
785 5646 847 5701 Ut
873 5649 1340 5715 autemimperium
1378 5651 1470 5701 hoc
1502 5665 1534 5699 a
1584 5648 1848 5705 Constan-

296 5718 407 5767 tino
432 5733 626 5784 magno
652 5716 845 5769 Helena
880 5726 1047 5770 matre
1076 5718 1267 5786 genito,
1308 5719 1395 5785 qui
1439 5720 1572 5771 hunc
1606 5720 1779 5773 urbem
1824 5738 1850 5774 e

298 5787 568 5839 ruderibus
590 5794 637 5839 et
655 5786 985 5841 nobilissima:
1026 5788 1354 5857 antiquitatis
1374 5788 1672 5855 fragmentis
1696 5791 1851 5845 ulane

1944 3218 2193 3280 nominis,
2226 3218 2585 3272 conciderunt.
2612 3216 2735 3273 ﬂzec
2767 3227 2825 3271 ut
2855 3216 3139 3285 perspicua
3182 3227 3238 3287 et
3274 3216 3498 3287 cognitu

1945 3287 2207 3410 gigna-ex
2238 3288 2409 3343 Bizari
2448 3287 2591 3342 libro
2637 3303 2650 3340 ι
2692 3287 2759 3342 de
2806 3287 2946 3342 bello
2984 3288 3187 3343 Veneto
3220 3286 3504 3345 inferenda

1990 3374 2225 3410 eximus.

1990 3374 2225 3413 tmmus.

2018 3428 2131 3495 (17)
2180 3428 2560 3484 Posteritatem
2616 3426 2891 3480 Michaelis
2932 3426 3214 3496 Palseologi
3255 3438 3360 3481 tam
3388 3429 3504 3481 dis-

1948 3496 2134 3565 tincte,
2159 3499 2318 3567 plene
2368 3511 2604 3567 ac_vere
2636 3512 2742 3549 non
2779 3496 2934 3567 facile
2984 3496 3127 3567 apud
3158 3499 3293 3551 alios
3331 3500 3507 3563 expli—

1946 3576 2121 3620 catam
2154 3565 2393 3637 V'eernas.
2431 3565 2585 3637 Quod
2649 3566 2966 3637 ignorantiae
3017 3565 3257 3637 historia:
3317 3568 3501 3637 hujus,

1948 3650 2069 3704 quae
2096 3636 2276 3691 adhuc
2311 3637 2365 3690 in
2423 3636 2664 3690 tenebris
2720 3636 2911 3705 jacuit.
2943 3636 3322 3689 ascriheudum
3352 3636 3505 3704 quis-

1950 3705 2095 3775 piam
2150 3707 2435 3775 putaverit.
2471 3706 2701 3771 Propter
2724 3721 2884 3773 quam
2924 3705 3282 3774 ignorantiam
3334 3708 3505 3761 multa

1950 3774 2109 3829 aliter
2136 3774 2205 3830 ab
2228 3776 2348 3830 aliis
2376 3784 2591 3829 narrata
2638 3784 2694 3828 et
2720 3784 2898 3829 errata
2937 3785 3081 3828 sunt.
3400 3802 3405 3807 -

2019 3844 2130 3913 (18)
2172 3846 2409 3916 Verbum
2456 3858 2486 3897 e
2523 3845 2711 3908 verbo,
2759 3853 2808 3897 et
2848 3844 3249 3916 Constantinum
3290 3846 3344 3898 in
3378 3862 3506 3916 puro

1950 3931 2083 3983 pura
2125 3924 2329 3968 natum.
2382 3915 2493 3969 Hoc
2526 3923 2631 3979 est,
2681 3925 2833 3981 patre
2876 3914 2987 3983 jam
3038 3914 3501 3982 purpuram—seu

1949 3999 2245 4053 purpuram
2272 3993 2539 4053 gestante,
2568 3983 2711 4052 quod
2740 3984 2989 4053 solebant
3018 3984 3377 4050 imperatores
3408 4004 3420 4037 :
3450 3986 3503 4039 id

1948 4052 2093 4106 enim
2123 4065 2242 4108 erat
2271 4052 2461 4108 eorum
2495 4053 2727 4121 insigne.
2759 4053 2864 4107 Seu
2898 4052 2990 4120 qui
3033 4061 3192 4107 natus
3213 4062 3296 4107 est
3329 4057 3503 4123 impe-

1950 4133 2118 4187 rator,
2152 4124 2217 4177 ad
2244 4139 2405 4193 quem
2442 4138 2701 4191 purpura,
2733 4126 2846 4177 sive
2897 4123 3187 4193 imperium
3231 4124 3389 4192 cujus
3439 4139 3502 4178 ea

1947 4192 2273 4261 symbolum
2300 4193 2664 4252 etindieium.
2702 4209 2795 4247 seu
2838 4192 3112 4245 successio
3159 4192 3211 4245 in
3246 4194 3499 4261 imperio.

1951 4260 2070 4330 ipso
2100 4273 2254 4317 ortus
2291 4263 2416 4332 jure
2451 4261 2778 4332 pertinebat.
2813 4261 3051 4332 Tametsi
3100 4260 3336 4332 infantes
3368 4280 3506 4332 quo-

1949 4346 2053 4401 que
2108 4332 2210 4401 ipsi
2262 4330 2553 4401 purpureis
2591 4331 2775 4385 fasciis
2800 4330 3001 4401 involvi
3033 4331 3296 4401 solerent,
3356 4330 3504 4401 quod

1949 4400 2019 4455 de
2041 4415 2099 4454 se
2135 4399 2288 4454 Anna
2323 4399 2620 4463 cumnena,
2676 4401 2850 4454 Alexii
2893 4399 3021 4461 lilia,
3055 4399 3385 4455 Prasfatiune‘
3410 4403 3506 4455 Hi-

1950 4470 2134 4524 storia:
2164 4485 2277 4523 sua:
2314 4471 2656 4524 testificatur.
2680 4469 2850 4524 Unico
2890 4469 3055 4523 verbo
3084 4468 3269 4523 (ἔπαιρε
3304 4472 3504 4531 dicitur

1952 4541 2507 4609 Πορφυρογεννῄτης,
2536 4540 2679 4606 quod
2736 4540 2875 4593 malo
2920 4539 3042 4606 (nec
3079 4538 3133 4609 id
3168 4539 3288 4593 sine
3322 4555 3505 4594 exem-

1952 4607 2062 4678 pld)
2084 4607 2320 4663 reddere
2350 4607 2846 4678 Porpltyrogenitns,
2865 4623 2973 4675 quo
2996 4608 3172 4678 magis
3205 4609 3503 4672 Iatinizem,

1950 4675 2112 4745 quam
2137 4679 2372 4733 retinere
2398 4675 2666 4742 caecum,
2694 4694 2756 4732 ac
2779 4679 2961 4731 dicere
2988 4675 3502 4746 Porphyrogeuneta.

1953 4747 2334 4802 Verumtamen
2364 4747 2756 4811 Constantinus
2803 4748 2905 4800 iste
2942 4760 3048 4799 non
3077 4747 3180 4801 fuit
3226 4750 3505 4815 proximus

1952 4817 2123 4871 haeres
2148 4818 2383 4886 imperii,
2407 4816 2499 4870 sed
2528 4818 2812 4885 posterior.
2837 4816 3053 4869 Etenim
3078 4816 3302 4869 Michao-l
3350 4828 3504 4886 pater

1950 4887 2285 4949 Andronico,
2328 4894 2453 4940 ante
2493 4900 2789 4955 purpuram
2815 4886 2918 4939 sibi
2958 4895 3101 4955 nato,
3151 4895 3209 4939 ut
3252 4900 3502 4954 apparet,

1952 4956 2163 5022 priores
2187 4955 2317 5011 dare
2342 4954 2531 5010 voluit.
2562 4955 2779 5009 Poterat
2808 4956 2948 5007 inter
2974 4954 3392 5010 Consmnlinum
3447 4971 3504 5013 et

1950 5024 2321 5095 Andronicum
2379 5026 2577 5079 iratres
2619 5024 2809 5095 eadem
2864 5025 2930 5095 lis
2984 5022 3348 5095 intercedere.
3384 5043 3503 5095 quae

1952 5097 2094 5148 inter
2118 5094 2460 5149 Artemenem
2519 5104 2575 5148 et
2620 5093 2872 5155 Xerxem,
2907 5094 3048 5145 Darii
3086 5093 3371 5147 Persarum
3402 5093 3502 5150 Vre-

1950 5164 2030 5234 gis
2067 5162 2206 5234 illius
2235 5164 2558 5219 intercessit.
2606 5168 2922 5216 Arteiuenes
2952 5163 3243 5229 siquidem,
3282 5176 3340 5218 ut
3370 5177 3502 5219 natu

1951 5232 2238 5293 maximus,
2263 5235 2438 5287 tetatis
2458 5234 2808 5302 praerogativa
2838 5234 3122 5300 imperium
3148 5234 3210 5284 ad
3235 5249 3292 5286 se
3332 5240 3505 5289 trahe-

1950 5303 2062 5374 bat,
2093 5302 2364 5374 quodjus_
2386 5314 2441 5358 et
2467 5306 2601 5358 ordo
2627 5301 2905 5374 nascendi,
2934 5313 2989 5355 et
3018 5312 3206 5374 natura
3236 5303 3349 5370 ipsa
3374 5320 3506 5374 gen-

1952 5372 2098 5426 tibus
2122 5371 2290 5425 dedit.
2326 5371 2529 5428 Xerxes
2569 5373 2994 5427 contr0versiam
3028 5388 3133 5423 non
3170 5372 3236 5425 de
3282 5371 3501 5439 ordine,

1950 5442 2041 5495 St‘d
2075 5439 2142 5494 de
2186 5442 2444 5496 nascendi
2470 5443 2733 5497 felicitate
2769 5443 3056 5495 referebat.
3100 5440 3345 5510 Namque
3394 5445 3501 5496 Ar-

1953 5522 2220 5565 tetnenem
2252 5514 2487 5580 primum
2519 5512 2739 5580 quidem
2779 5513 2954 5572 Itario,
2986 5510 3079 5563 sed
3106 5516 3329 5581 privato
3369 5529 3501 5581 pro-

1950 5582 2182 5642 venisse.
2206 5597 2262 5635 se
2296 5586 2407 5649 regi
2436 5583 2669 5650 primum
2703 5590 2908 5643 natum,
2928 5591 3062 5640 etc.,
3094 5580 3375 5636 Justinus.
3398 5585 3497 5637 lil).

1952 5667 2008 5713 ll,
2032 5652 2098 5704 de
2124 5650 2438 5705 eorumdein
2471 5651 2807 5705 memorabili
2839 5651 3130 5704 concordia
3158 5650 3210 5701 in
3238 5654 3502 5717 petitione

1951 5721 2139 5788 regni;
2187 5721 2531 5785 Plutarchus,
2570 5722 2710 5773 libro
2750 5720 2821 5773 De
2866 5735 3044 5773 aniore
3096 5725 3350 5785 fraterno,
3385 5725 3500 5789 ubi,

1950 5807 2110 5847 ouem
2134 5792 2382 5847 Ju5tinus
2406 5792 2773 5854 Arlctneuem,
2803 5791 2915 5859 ipse
2942 5794 3281 5843 Ariamencni
3323 5806 3497 5848 vocat.
