4222 6442
262 405 329 473 6t
1433 404 1980 485 utsrontAitUM
2021 427 2250 489 LIBER
2290 429 2349 494 1.-
3425 438 3497 499 δε

264 527 361 579 καὶ
417 525 579 587 αὐτὸς
633 528 691 581 ἐν
743 528 1134 604 Θεσσαλονίκῃ,
1169 531 1352 601 τρίτον
1393 533 1529 601 πρὸς
1562 538 1871 607 τεσσαράολ

1931 540 2057 596 Idus
2090 542 2386 607 Octobres,
2418 544 2599 614 primo
2629 546 2718 601 die
2750 547 3108 602 hebdomadis
3152 548 3334 619 {quem
3384 552 3492 606 Do-

265 634 429 670 κοντα
481 620 675 686 χρόνον
729 619 880 687 ἄγων
944 622 1046 688 τῆς
1099 622 1340 692 ἡλικίας,
1400 624 1557 689 ἔτους
1609 629 1831 682 ὲννόιτου

265 709 403 779 πρὸς
442 710 552 771 τοῖς
590 712 763 765 εἴκοσι
794 713 890 763 καὶ
919 713 1263 776 ὀκτακοσίοις
1303 716 1395 768 καὶ
1425 716 1832 788 ἑξακισχιλίοις,

265 801 547 874 δωδεκάτῃ
608 805 778 871 μηνὸς
835 805 1190 875 ὐκτωδρίου,
1239 807 1425 878 ἡμέρᾳ
1486 809 1675 880 πρώτῃ
1734 815 1834 881 τῆς

266 892 582 960 ἑϐδομάδος.
613 894 829 946 Τούτων
859 894 999 947 οὕτω
1033 897 1481 963 συνενεχθέντων,
1509 898 1833 966 ἀγγέλλεται

263 983 343 1049 τῷ
378 983 595 1051 βασιλεῖ
640 984 962 1054 Ἀνδρονίκῳ
994 986 1072 1053 τῷ
1106 986 1198 1038 τοῦ
1231 988 1680 1056 τετελευτηκότος
1725 984 1832 1043 πα·

263 1081 355 1146 τρὶ
398 1082 431 1148 ἡ
470 1080 564 1132 τοῦ
603 1080 867 1151 βασιλέως
905 1081 1000 1133 καὶ
1048 1082 1166 1134 υίοῦ
1202 1081 1445 1152 τελευτή.
1484 1083 1593 1135 Καὶ
1640 1083 1832 1152 χρόνον

252 1154 368 1236 (μέν
422 1187 546 1223 τινα
604 1172 797 1240 συχνὸν
858 1172 1157 1240 ἐπένθησεν
1213 1174 1308 1225 ἐπὶ
1350 1173 1429 1243 τῷ
1476 1173 1690 1243 βασιλεῖ
1741 1177 1835 1229 καὶ

265 1258 419 1312 παιδί
440 1276 455 1292 ο
511 1260 572 1311 οὐ
602 1261 711 1329 γὰρ
739 1260 914 1329 ἄκρας
943 1262 1177 1330 ἔψαυσεν
1202 1261 1366 1315 αὐτοῦ
1404 1264 1631 1333 καρδίας
1673 1266 1704 1333 ἠ
1735 1264 1827 1318 τοῦ

264 1349 433 1402 καλοῦ
489 1351 678 1412 παιδὸς
723 1351 972 1419 τελευτή.
1032 1350 1166 1407 Εἶτα
1216 1352 1470 1422 δαίμονός
1519 1371 1662 1417 τινος
1726 1355 1831 1409 τῶν

261 1439 648 1509 ἐξητασμένων
675 1442 769 1493 ἐπὶ
807 1442 1007 1512 φθορᾷ,
1043 1443 1180 1513 βαρὺ
1220 1445 1313 1497 καὶ
1340 1445 1531 1513 ἄγριον
1560 1446 1701 1497 κατὰ
1734 1444 1833 1511 τῆς

273 1533 566 1599 Ῥωμαίων
622 1532 956 1596 πνεύσαντος
1011 1534 1287 1604 εὐτυχίας,
1324 1534 1381 1605 ἢ,
1432 1535 1833 1605 τάληθέστερον

265 1627 472 1693 μᾶλλον
511 1628 708 1691 εἰπεῖν,
734 1627 902 1679 αὐτοῦ
950 1626 1045 1679 τοῦ
1093 1627 1161 1697 τᾷ
1198 1627 1374 1681 πάντα
1419 1628 1831 1696 οἱκονομοῦντος

262 1717 398 1770 Θεοῦ
453 1719 588 1786 πρὸς
634 1719 840 1771 ἔκτισιν
882 1719 993 1771 τῶν
1023 1719 1115 1771 ὲπὶ
1148 1719 1342 1789 πλήθει
1391 1720 1485 1773 καὶ
1519 1720 1740 1789 μεγέθει
1772 1722 1832 1772 τὸ

1936 632 2200 686 miuicum
2248 635 2685 708 appellitamus.)
2717 637 2854 692 Cum
2890 638 3005 692 haec
3045 641 3111 693 ad
3163 643 3342 695 istunc
3379 660 3496 695 mo-

1935 721 2064 775 bum
2098 723 2412 777 evenissent
2437 763 2452 784 .
2499 725 2848 781 Andronicus
2877 729 3061 782 senior
3095 730 3162 782 de
3192 732 3310 799 ejus
3337 733 3491 785 obitu

1933 813 2141 866 certior
2168 814 2362 877 factus,
2394 816 2446 868 in
2491 816 2755 871 diuturno
2782 834 3021 872 maerore
3045 820 3217 888 jacuit
3247 823 3394 889 (3l);
3440 824 3492 875 iu

1935 912 2128 969 pectus
2172 904 2319 957 enim
2373 905 2781 972 penitissimum
2830 916 2936 959 tam
2980 907 3104 960 boni
3145 909 3235 962 ﬁlii
3269 926 3497 965 occasus

1934 993 2292 1047 descenderat
2324 994 2457 1064 (32).
2492 996 2626 1049 Exin
2658 1000 2914 1067 quopiam
2960 1002 3103 1053 malo
3130 1002 3395 1064 dazmone,
3427 1003 3495 1056 de

1935 1086 2002 1141 iis
2027 1087 2119 1156 qui
2156 1089 2210 1140 in
2245 1088 2414 1141 exitio
2439 1090 2757 1143 hominibus
2792 1093 3158 1145 maehinando
3189 1105 3314 1148 sunt
3345 1112 3500 1149 excr-

1934 1176 2086 1231 citati
2146 1178 2299 1246 (33),
2357 1180 2624 1233 adversus
2674 1180 3045 1236 Romanorum
3112 1185 3290 1237 felicia
3353 1196 3494 1241 tem-

1934 1283 2066 1336 pora
2105 1270 2215 1338 (54)
2250 1272 2430 1323 dirum
2479 1280 2530 1325 et
2564 1273 2803 1326 immane
2835 1276 3103 1349 spirante,
3129 1278 3376 1343 quinimo
3414 1282 3497 1340 (ut

1936 1359 2120 1412 verius
2150 1359 2363 1428 loquar)
2397 1362 2517 1431 ipso
2549 1363 2863 1416 universam
2893 1375 3143 1418 naturam
3170 1378 3497 1432 procurante

1933 1451 2044 1504 Deo
2069 1451 2132 1504 ad
2156 1453 2480 1506 delictorum
2501 1462 2835 1518 nostrorum,
2862 1471 2967 1524 qua
2996 1458 3369 1521 multitudine,
3390 1476 3495 1526 qua

1933 1542 2199 1609 gravitate
2250 1542 2590 1597 inﬁnitarum
2646 1561 2834 1612 prunas
2883 1548 3221 1615 expetendas
3273 1551 3499 1618 permit-

1936 1640 2083 1686 tente
2136 1633 2291 1700 (35),
2330 1634 2684 1690 Andronicus
2722 1637 3006 1690 decretum
3044 1639 3153 1707 jam
3201 1640 3499 1708 imperato-

1934 1737 2049 1775 rem
2080 1735 2333 1791 nepotem
2388 1741 2546 1780 suum
2606 1727 2981 1781 Andronicum
3028 1730 3340 1799 juniorem,
3395 1732 3498 1784 im-

264 1810 467 1879 μέτρον
527 1810 965 1877 ὑπερϐαινόντων
1018 1811 1306 1881 ἡμετέρων
1363 1811 1697 1881 σφαλμάτων
1760 1812 1869 1896 τὰγ

1933 1816 2090 1882 perio
2117 1818 2436 1883 spoliatum,
2482 1819 2537 1871 in
2578 1819 2830 1873 ordinem
2862 1822 3135 1890 redigere,
3167 1840 3230 1877 ac
3282 1842 3382 1893 pro
3425 1842 3497 1896 eo

260 1907 489 1958 τοιαῦτα
516 1904 996 1975 παραχωροῦντος,
1025 1907 1117 1958 ἐπὶ
1157 1905 1284 1959 νοῦν
1317 1906 1535 1975 ἔρχεται
1566 1907 1644 1975 τῷ
1684 1907 1829 1976 βασι·
1860 1895 1871 1947 1

1932 1907 2348 1962 ConStantinum
2368 1909 2537 1962 ﬁlium
2564 1910 2849 1978 despotam
2876 1913 3150 1981 imperiali
3185 1906 3496 1970 diademate

261 1995 344 2048 λεί
385 1996 734 2065 Ἀνδρονίκῳ,
760 1997 851 2050 τὸν
878 1997 978 2065 μὲν
1010 1996 1332 2050 καθεστῶτα
1357 1996 1583 2065 βασιλέα
1611 1998 1704 2050 τὸν
1738 1999 1832 2050 ἔκ-

1926 2015 2197 2052 exornare
2221 2002 2535 2055 meditatur.
2565 2003 2755 2071 Neque
2790 2003 2841 2056 id
2879 2013 2986 2057 tam
3027 2006 3200 2073 ipsius
3228 2007 3498 2061 Constan-

260 2104 424 2153 γονον
463 2087 629 2141 αὐτοῦ
676 2087 770 2140 τὸν
800 2089 921 2142 νέον
942 2089 1298 2158 ,Ἃνδόρνικον
1324 2090 1695 2160 ἀποστερῆσαι
1732 2093 1834 2158 τῆς

1933 2091 2031 2144 tini
2064 2106 2252 2155 causa,
2282 2107 2444 2160 quam
2492 2102 2553 2147 ut
2596 2094 2903 2161 amplitudo
2954 2096 3301 2164 imperatoria
3328 2100 3494 2153 etiam

265 2179 567 2248 βασιλείας,
613 2182 709 2234 καὶ
749 2183 829 2244 εἰς
859 2180 1073 2234 ἰδιώτου
1106 2183 1445 2251 μεταστῆσαι
1477 2182 1664 2251 σχῆμα
1686 2198 1702 2215 ο
1743 2182 1835 2235 τὸν

1931 2182 1999 2235 ad
2041 2182 2362 2237 Michaelem
2420 2171 2677 2253 puerum,
2724 2186 2825 2255 ipsi
2878 2188 3237 2244 Constantino
3281 2206 3347 2244 ex
3396 2193 3497 2246 Ca-

265 2271 381 2324 υίδν
428 2271 485 2325 δὲ
512 2270 677 2324 αὑτοῦ
711 2271 803 2324 τὸν
854 2273 1262 2326 Κωνσταντίνον
1288 2272 1557 2341 δεσπότην
1593 2272 1722 2325 ὅντα
1751 2273 1829 2344 τῷ

262 2362 555 2434 διαδήματι
580 2363 679 2433 τῆς
707 2363 985 2432 βασιλείας
1029 2364 1308 2433 κοσμῆσαι
1333 2378 1349 2394 ·
1389 2363 1451 2415 οὐ
1496 2362 1696 2432 μᾶλλον
1728 2365 1829 2418 αὐ-

261 2455 355 2508 τοῦ
386 2458 577 2508 τούτου
606 2474 670 2525 γε
702 2457 863 2521 ἕνεκα
885 2457 1196 2527 διανοηθεὶς
1228 2455 1387 2510 τοῦτο
1412 2454 1504 2508 τοῦ
1532 2458 1827 2511 Κωνσταν-

266 2549 445 2612 τίνου,
484 2548 516 2618 ἢ
547 2548 687 2601 ὥστε
708 2548 887 2618 τὸτῆς
915 2548 1191 2619 βασιλείας
1220 2547 1461 2618 ἀξίωμα,
1493 2548 1586 2601 καὶ
1621 2548 1701 2610 είς
1737 2548 1830 2602 τὸν

263 2639 328 2690 tu
371 2638 649 2707 παλλακῆς
682 2637 832 2708 αὐτῷ
888 2637 952 2708 δὴ
989 2637 1067 2707 τῷ
1113 2639 1509 2710 Κωνσταντίνῳ
1555 2640 1827 2708 πρόσοντα

263 2729 431 2782 παῖδα
476 2730 782 2799 μεταϐῆναι
828 2730 921 2783 τὸν
952 2730 1195 2801 Μιχαὴλ,
1219 2731 1295 2794 ὠς
1327 2732 1599 2801 πατρόθεν
1640 2733 1737 2785 καὶ
1771 2732 1830 2798 ἐξ

264 2820 532 2890 ἁρμονίας
572 2821 719 2891 αὑτῷ
751 2825 1027 2893 προσῆκον
1052 2839 1067 2853 ο
1107 2822 1164 2884 ὃς
1194 2822 1258 2893 δὴ
1287 2823 1381 2876 xui.
1414 2823 1669 2893 Καθαρὸς
1698 2824 1830 2877 ὠνό-

268 2886 443 2980 μαστο
475 2886 749 2982 μητρόθεν
775 2886 957 2981 λαίιὶλν
984 2909 1081 2981 τὴν
1104 2886 1294 2983 κλῆσιν
1316 2928 1330 2942 ο
1372 2905 1528 2977 οὗτος
1564 2886 1627 2981 δὴ
1670 2915 1699 2966 ό
1725 2914 1832 2967 Μι-

1940 2273 2094 2327 thara
2127 2274 2321 2342 pellice
2347 2275 2457 2343 (56)
2479 2285 2685 2339 natum,
2714 2278 2763 2345 (a
2799 2294 2904 2346 qua
2929 2288 2980 2332 et
3004 2280 3273 2335 Catharus
3298 2299 3499 2352 cogno-

1943 2380 2067 2418 men
2102 2364 2358 2433 invenit),
2400 2376 2659 2435 tanquam
2712 2368 2896 2421 debita
2938 2384 2965 2421 a
3006 2381 3158 2437 patre
3210 2371 3498 2427 lia-reditas

1938 2463 1994 2510 et
2022 2456 2176 2525 quasi
2198 2472 2264 2510 ex
2288 2471 2567 2526 compage,
2598 2460 2927 2526 perveniret.
2960 2460 3057 2513 llic
3078 2461 3240 2526 igitur
3269 2462 3497 2515 Michael

1938 2547 2158 2617 generis
2186 2548 2268 2602 sui
2299 2548 2506 2603 fontem
2538 2566 2604 2604 ex
2646 2560 2820 2603 matre
2853 2551 2947 2603 vili
2976 2562 3032 2604 et
3069 2552 3290 2621 ignobili
3313 2555 3496 2622 traxit,

1937 2637 2150 2707 fuitque
2180 2650 2377 2693 castera
2410 2650 2630 2709 quoque
2683 2641 2893 2696 nullius
2943 2644 3125 2710 pretii.
3161 2644 3295 2697 Nam
3325 2661 3499 2714 neque

1938 2729 2014 2785 illi
2046 2730 2325 2800 ingenium
2354 2732 2649 2801 prudentia
2678 2734 2950 2788 munitum
2975 2746 3117 2801 erat,
3151 2754 3329 2805 neque
3362 2739 3500 2792 libe-

1939 2825 2137 2877 ralium
2189 2823 2611 2893 disciplinarum
2663 2827 2916 2894 peritiam
2951 2828 3116 2881 ullam
3149 2830 3282 2898 (37).
3318 2846 3500 2899 neque

1938 2915 2192 2971 militaris
2244 2917 2488 2971 scientiae
2533 2918 2982 2972 exercitationem
3016 2921 3099 2975 vel
3135 2922 3496 2987 mediocrem,

1529 3045 1745 3107 Jacobi
1778 3048 2039 3109 Pontani
2076 3056 2263 3111 notae.

264 3168 604 3245 indictionqn
642 3169 903 3245 nominat.
944 3167 1340 3245 Verumtamen,
1371 3185 1515 3245 anno
1554 3171 1690 3226 i327
1721 3182 1833 3242 post
1862 3180 1904 3236 C
1940 3176 2231 3245 imperium
2268 3175 2400 3230 illud
2446 3176 2777 3241 Romanum,
2825 3188 2881 3233 et
2913 3179 3273 3243 imperatores
3302 3180 3503 3237 Roma-

267 3255 499 3313 mensem
532 3238 910 3313 Septembrem,
946 3255 1062 3313 quo“
1090 3241 1257 3313 (ξτωεί
1290 3240 1617 3313 indictiones_
1651 3238 1834 3313 auspi-

265 3309 548 3382 cabantur,
585 3310 1288 3382 und_e_cim_a_m__1udictionent
1326 3310 1537 3382 cepisse.
1580 3310 1684 3365 Sed
1708 3309 1834 3382 quia

267 3380 321 3431 in
348 3378 537 3432 schrda
560 3388 651 3431 tua
679 3379 788 3449 dies
814 3378 880 3430 M
906 3378 1178 3432 Kalendas
1220 3379 1411 3432 lunias
1435 3382 1664 3449 ascripta
1696 3378 1831 3447 erat,

265 3450 527 3502 rationem
560 3464 664 3516 qua
706 3446 1160 3510 Cantacuzenum,
1207 3451 1313 3503 sive
1358 3446 1632 3502 librarium
1676 3446 1836 3505 excu-

262 3534 393 3578 sent,
425 3534 528 3570 non
562 3519 788 3578 invenio.
813 3518 1069 3588 siquidem
1098 3519 1255 3572 codex
1283 3521 1358 3572 ita
1385 3520 1615 3588 prarfert.
1643 3520 1837 3575 Hacte-

264 3603 370 3641 nus
396 3588 508 3657 ille.
539 3588 723 3641 Solent
753 3602 884 3655 ergo
909 3587 1078 3641 Graeci
1107 3598 1350 3657 tempora
1372 3588 1439 3640 ab
1463 3587 1622 3642 annis
1645 3592 1834 3644 mundi

264 3656 474 3729 conditi
514 3672 802 3729 numerare
834 3674 847 3711 :
890 3659 943 3709 in
976 3672 1206 3729 numero
1226 3656 1427 3711 autem
1454 3673 1483 3711 a
1511 3660 1672 3715 nobis
1717 3661 1835 3729 ipsa

266 3726 625 3780 multitudine
659 3726 953 3795 plurimum
983 3727 1319 3795 discrepant.

343 3797 455 3865 (51)
482 3796 751 3868 ίϐτυεοτιη
774 3798 937 3850 verba
969 3797 1234 3850 recitabo.
1267 3796 1437 3851 Senex
1467 3810 1641 3854 autem
1674 3802 1837 3868 impe-

267 3879 420 3919 rator
457 3867 785 3939 Andronicus
810 3883 871 3919 ex
897 3882 1114 3939 maerore
1144 3877 1191 3919 et
1220 3868 1578 3921 sollicitudine
1630 3870 1836 3939 confec-

269 3946 350 3988 tus
385 3948 481 3995 est,
506 3939 655 3998 cuius
691 3937 774 3988 via:
806 3936 1101 4004 exemplum
1137 3939 1451 4005 reperiatur.
1485 3940 1576 3993 Sic
1616 3936 1738 3992 ille.
1759 3941 1835 3993 Ex

310 4023 380 4078 uo
426 4007 566 4060 scire
613 4006 774 4068 licet,
835 4007 975 4073 patri
1035 4006 1651 4078 fuisse_charissimmu,
1699 4010 1835 4078 quia

310 4023 380 4059 uo
426 4022 566 4060 seire
613 4022 774 4068 llcel,
835 4022 975 4073 patri
1035 4022 1202 4059 tuisse
1243 4022 1596 4061 cnanssnmut'

266 4022 413 4130 Elius
444 4078 707 4145 optimus,
739 4085 797 4128 ut
825 4078 1075 4142 sequitur
1105 4078 1155 4128 it:
1192 4075 1596 4132 Cantaeuzeno.

339 4146 451 4212 (52)
498 4145 670 4217 Verba
724 4156 852 4217 sunt
897 4145 1104 4217 Ulyssis
1157 4145 1486 4217 in_llecuba
1533 4148 1834 4217 Euripidis.

266 4217 529 4270 Autumat
578 4215 761 4277 enim,
810 4214 1043 4269 llecuna:
1084 4214 1406 4268 beneﬁcium
1457 4217 1561 4271 sibi
1614 4214 1835 4272 manere

266 4287 375 4338 alta
409 4294 592 4339 mente
631 4293 931 4353 repostum.
971 4285 1227 4338 Erasmus
1263 4287 1342 4338 sic
1368 4288 1665 4350 convertit,
1693 4289 1836 4341 haud

268 4357 408 4409 enim
443 4359 552 4409 IltEt‘
595 4371 675 4407 res
702 4371 912 4407 summa
941 4355 1157 4408 strinxit
1189 4356 1436 4421 pectoris.
1462 4357 1541 4409 Ad
1580 4356 1833 4420 verbum,

268 4442 373 4477 non
423 4431 561 4478 enim
611 4441 868 4477 summum
918 4440 1013 4477 seu
1072 4422 1399 4494 superﬁciem
1469 4427 1638 4480 cordis
1721 4429 1834 4494 ejus

267 4495 387 4548 boni
415 4495 517 4561 ﬁlii
550 4510 689 4546 mors
724 4494 906 4563 tetigit.
935 4494 1146 4565 Aldiest,
1184 4494 1243 4565 in
1288 4505 1480 4562 pectus
1518 4496 1637 4565 ejus
1666 4512 1829 4565 quam

267 4550 533 4619 altissime
581 4550 885 4617 descendit.
931 4563 1095 4616 Dolor
1134 4550 1231 4617 ille
1276 4550 1343 4617 de
1380 4566 1475 4617 lilii
1520 4550 1830 4620 charissim
1866 4550 1908 4605 υ

268 4635 422 4688 obitu
490 4649 586 4686 cor
631 4635 750 4700 ejus
803 4633 1054 4686 intimum
1114 4636 1437 4701 penetravit.
1487 4632 1834 4699 Germanice,

275 4705 368 4757 Esi
382 4713 429 4757 st
452 4705 557 4756 ihm
580 4705 676 4771 tief
690 4720 754 4755 zu
772 4701 983 4773 μετείη
1009 4717 1292 4773 gegangen.
1315 4702 1440 4773 Aut.
1462 4703 1837 4773 ὲμφατικὼτε-

273 4792 386 4843 ρον,
417 4774 525 4827 Das
562 4789 737 4842 grosse
762 4772 885 4825 Leid
908 4774 995 4823 hat
1022 4772 1138 4823 dem
1168 4782 1327 4841 guten
1354 4772 1511 4825 Alten
1537 4776 1648 4826 sein
1676 4774 1835 4835 Herz,

266 4847 412 4898 seine
449 4843 601 4897 Seele
637 4844 1065 4910 durchdrungen.

342 4916 455 4983 (33)
501 4914 574 4965 De
604 4929 819 4965 numero
846 4927 1048 4983 eorum,
1083 4914 1169 4983 qui
1196 4912 1250 4965 in
1283 4914 1515 4983 nocendo
1545 4914 1838 4969 hominibus

266 4982 405 5050 saepe
439 5000 632 5051 magna
656 4982 968 5035 documenta
1002 4982 1273 5033 dederunt.
1305 4982 1414 5035 Aut
1441 4984 1520 5037 sic
1552 4998 1566 5034 :
1604 4983 1839 5048 Quorum

267 5056 617 5132 detrimentis_
645 5055 875 5132 humano
925 5053 1101 5119 generi
1147 5053 1451 5132 inierendis,
1490 5054 1611 5132 jam
1657 5056 1838 5132 multis

267 5124 642 5191 experimentis
682 5122 905 5190 probata
958 5130 1006 5193 et
1045 5121 1318 5193 explorate
1354 5121 1558 5191 cognita
1596 5124 1840 5193 maligni-

269 5190 371 5250 tas.
408 5193 627 5248 Scimus
668 5197 947 5246 daanones
988 5190 1269 5243 hominum
1307 5190 1430 5246 esse
1468 5193 1653 5247 hostes
1695 5190 1841 5247 scm-

272 5276 544 5334 putcrnos,
580 5263 740 5334 idque
764 5277 831 5314 ex
868 5260 1176 5334 incredibili
1210 5262 1445 5328 quadam
1481 5262 1705 5334 invidia.
1733 5262 1837 5316 Sed

272 5330 571 5387 historicus
598 5333 764 5385 sentit
793 5330 1067 5398 quoddam
1114 5345 1235 5383 esse
1270 5344 1464 5399 genus,
1498 5332 1585 5385 cui
1636 5346 1835 5386 nol-ere

270 5406 591 5458 hominibus
617 5418 712 5470 per
733 5401 1068 5455 calamitates
1095 5400 1343 5467 ingentes
1371 5402 1693 5467 palmarium
1719 5412 1836 5456 est:

269 5475 482 5543 quales,
514 5475 727 5538 opinor,
760 5471 796 5523 ii
832 5470 1037 5538 quibus
1077 5471 1413 5543 muliercqu
1450 5486 1589 5543 saga:
1616 5486 1711 5525 seu
1750 5488 1841 5525 ve-

272 5538 463 5599 neﬁca:
505 5552 644 5595 totas
672 5557 729 5594 se
769 5550 1111 5593 consecrant.
1149 5538 1231 5591 Ab
1265 5540 1372 5611 illis
1405 5541 1550 5593 enim
1588 5557 1693 5610 qua
1732 5544 1841 5611 pri-

273 5626 418 5676 vata,
445 5628 551 5679 qua
585 5612 799 5682 publica
831 5612 1051 5676 damna,
1081 5610 1493 5679 perniciemque
1526 5610 1842 5666 hominibus

275 5687 406 5738 dare
443 5682 873 5751 compelluntur.

349 5755 463 5820 (54)
507 5752 563 5803 In
591 5752 817 5805 historia
848 5750 1140 5820 Byzantina
1177 5750 1427 5804 rudiorcs
1475 5750 1597 5804 illos
1619 5767 1838 5820 quoque

274 5824 588 5882 Orientales
616 5822 848 5892 populos
898 5821 1204 5889 intelligant
1236 5823 1511 5877 Romanos
1549 5828 1749 5887 vocari,
1785 5834 1839 5877 ct

1935 3262 2061 3307 nos.
2086 3262 2152 3317 ex
2179 3260 2289 3317 quo
2313 3246 2710 3317 Constantinus
2734 3249 2956 3317 Magnus
2977 3250 3284 3303 communis
3308 3248 3504 3306 Orien-

1938 3317 2010 3370 tis
2040 3314 2458 3386 et'Occidentis,
2486 3314 3283 3386 Romanorumqueimperator
3314 3323 3500 3376 sedem

1936 3384 2410 3452 Constantinopoli
2447 3387 2650 3452 posuit,
2682 3397 2737 3440 ct
2766 3403 2832 3441 eo
2852 3384 2915 3441 ex
2944 3384 3125 3440 Italica
3171 3390 3341 3442 Roma
3381 3404 3501 3445 lan-

1937 3471 2100 3524 quam
2131 3454 2403 3525 coloniam
2435 3454 2684 3525 deduxit,
2729 3472 2891 3525 quam
2932 3466 2988 3509 et
3034 3472 3228 3509 novam
3272 3459 3501 3514 Romam

1936 3523 2097 3590 dixit,
2132 3530 2187 3577 et
2220 3523 2315 3595 sic
2341 3524 2541 3592 passim
2569 3540 2596 3576 τι
2631 3523 2835 3580 Graecis
2861 3526 3225 3593 scriptoribus
3258 3530 3501 3595 appella-

1938 3606 2050 3667 tur.
2086 3596 2181 3646 νέα
2223 3592 2650 3667 Ῥάέμηυξυε-ῖιιει
2686 3596 2853 3667 altera
2888 3592 3231 3664 πρεσϐυτέρα
3291 3592 3500 3667 Tum.

1937 3666 2174 3732 indeque
2205 3678 2262 3716 se
2292 3662 2465 3717 Gre-ci
2508 3662 2833 3731 Ῥωμαίους,
2886 3662 3115 3733 βόρυιοε
3147 3662 3326 3718 autem
3351 3662 3506 3723 Οιξρῖ-

1938 3735 2121 3789 dentis
2148 3733 2412 3793 Λατίνους
2473 3734 2841 3803 θιίΦράγκους
2876 3736 3152 3803 appellare
3191 3749 3501 3803 creperum.

1938 3804 2297 3874 Successores
2331 3816 2496 3874 porro
2528 3802 2876 3874 Constantini
2930 3802 3032 3859 hoc
3064 3802 3361 3859 nomenut
3391 3810 3505 3874 glo-

1939 3875 2143 3927 riosum
2197 3872 2300 3943 sibi
2340 3871 2578 3943 suisque
2657 3873 3027 3943 retinuerunt,
3075 3885 3130 3943 et
3175 3889 3233 3927 se
3284 3871 3503 3943 quoque

1940 3943 2217 3996 Romanos
2245 3940 2352 3995 dici
2389 3941 2689 4008 haberique
2746 3942 3055 3996 voluerunt.
3095 3940 3388 3996 Sciendum
3416 3940 3506 3999 in-

1938 4027 2125 4080 super,
2155 4026 2183 4063 a
2219 4009 2424 4065 Graecis
2486 4011 2880 4078 posterioribus
2928 4027 3315 4079 nonnunquam
3360 4013 3505 4068 Grai-

1936 4082 2077 4136 ciam
2141 4082 2502 4150 Europtram,
2556 4094 2948 4149 nonnunquam
3008 4082 3317 4150 provincias
3386 4084 3505 4139 illas

1936 4152 2078 4205 Asia-
2111 4150 2339 4204 minoris
2367 4149 2684 4202 Romaniam
2714 4151 2915 4204 vocari.

2008 4222 2123 4288 (35)
2163 4220 2551 4288 llujuscemodi
2583 4219 2685 4285 piae
2727 4218 3162 4288 Christianazque
3194 4223 3502 4287 sententite,

1938 4300 1996 4345 et
2027 4287 2143 4345 haec
2178 4287 2289 4357 prie
2319 4289 2443 4342 aliis
2492 4287 2560 4340 ab
2605 4288 2708 4341 hoc
2746 4290 3014 4356 scriptore
3061 4287 3502 4356 frequentantur.

1938 4360 2052 4415 Nisi
2088 4361 2237 4414 enim
2267 4367 2454 4412 essent
2492 4357 2775 4427 hominum
2805 4361 3009 4413 scelera
3066 4369 3122 4413 et
3147 4359 3366 4427 ﬂagitia,
3396 4376 3504 4414 non

1940 4439 2133 4486 essent.
2152 4427 2485 4498 pestilentia,
2505 4425 2729 4498 bellum,
2750 4428 2938 4498 (ames.
2962 4425 3263 4498 eluviones,
3289 4429 3507 4498 aliaque

1940 4500 2080 4553 mala
2116 4496 2459 4552 atrocissima
2528 4505 2583 4549 et
2635 4496 2907 4563 plurima.
2960 4500 3159 4565 quibus
3209 4497 3353 4550 Deus
3394 4496 3507 4553 nos

1940 4569 2117 4637 punit,
2157 4569 2237 4621 vel
2282 4567 2555 4637 admonet
2590 4567 2815 4637 potius,
2871 4579 2931 4621 ut
2983 4567 3409 4637 resipiscamus,
3459 4570 3505 4622 si

1942 4635 2135 4706 pmnas
2185 4646 2419 4706 aeternas
2448 4635 2687 4706 velimus
2720 4636 2980 4704 elIugere.
3030 4638 3173 4705 Ergo
3227 4637 3281 4689 in
3336 4635 3504 4690 Deum

1943 4704 2082 4760 inala
2120 4716 2309 4761 nostra
2345 4704 2415 4757 ob
2447 4704 2587 4757 hanc
2635 4720 2857 4759 causam
2884 4747 2899 4770 ,
2945 4709 3099 4773 quasi
3154 4706 3409 4760 videlicet
3450 4708 3506 4759 in

1940 4777 2446 4843 animadversorem
2502 4774 2927 4843 punitoremque
2968 4775 3192 4843 referri,
3221 4775 3369 4843 pium
3399 4786 3503 4836 est,

1940 4856 1996 4900 et
2025 4847 2297 4908 iil_sancta
2347 4842 2633 4908 Scriptura
2673 4842 2869 4910 passim
2921 4846 3125 4899 docet:
3162 4842 3351 4897 omnia
3392 4861 3509 4913 qua:

1941 4917 2109 4985 fecisti
2163 4913 2601 4985 nobis,rDomine,
2636 4914 2858 4985 infuero
2898 4916 3098 4983 judicio
3143 4914 3331 4985 fecisti,
3383 4916 3508 4981 quia

1903 4987 1908 4992 ”
1941 4983 2266 5055 peccavimus
2292 4984 2409 5055 tibi,
2460 4991 2508 5035 et
2529 4984 2819 5055 _mattda_tis
2854 4986 2983 5055 tuis,
3012 5000 3115 5036 non
3154 4983 3507 5055 (obedivimus.

1942 5051 2110 5121 (Dan.
2146 5056 2247 5123 Ill).
2291 5054 2497 5107 Mittam
2529 5051 2677 5105 locos
2703 5053 2860 5116 alios,
2895 5054 3023 5123 quia
3049 5053 3281 5122 sapienti
3314 5068 3508 5121 pauca,

1943 5134 2005 5178 ut
2032 5126 2258 5179 dicitur.

2014 5195 2125 5263 (56)
2158 5191 2463 5263 Muzalonis
2491 5193 2890 5258 protovestiarii
2941 5194 3104 5248 ﬁliam
3160 5208 3385 5247 uxorem
3417 5192 3513 5263 ha-

1945 5263 2088 5328 buit,
2125 5280 2192 5317 ex
2216 5278 2319 5332 qua
2355 5262 2536 5332 nullos
2583 5263 2771 5328 genuit
2830 5264 3055 5317 liberos.
3118 5265 3187 5317 Ea
3246 5273 3365 5330 post
3418 5262 3513 5316 de-

1943 5334 2150 5398 functa,
2183 5329 2250 5386 ei
2280 5332 2473 5385 ancilla
2504 5329 2741 5400 formosa
2768 5372 2780 5394 ,
2837 5334 3069 5386 Cathara
3105 5329 3347 5388 nomine.
3384 5347 3517 5400 pue-

1946 5418 2064 5456 rum
2094 5403 2357 5471 suscepit,
2390 5416 2552 5469 quem
2580 5399 2897 5471 Michaelem
2922 5403 3219 5456 Catharum
3247 5399 3425 5455 dixit:
3458 5410 3516 5455 et

1945 5470 2291 5540 postmodum
2342 5471 2498 5523 novis
2557 5470 2838 5538 Cujusdam
2906 5473 3163 5526 Eudocize
3232 5472 3517 5525 amoribus

1945 5558 2128 5610 (quam
2166 5552 2222 5597 et
2250 5543 2370 5594 viro
2399 5540 2771 5611 ejusitnortuo
2806 5559 3031 5596 uxorem
3063 5542 3239 5611 duxit)
3276 5550 3515 5595 veterem

1943 5609 1997 5665 et
2031 5613 2376 5675 eonrubinaa,
2412 5622 2467 5663 et
2499 5609 2687 5682 [iliiex
2738 5627 2799 5664 ea
2835 5614 2937 5666 81ὺὶ
2972 5609 3244 5682 procreati
3273 5626 3516 5664 amorem

1942 5698 2009 5736 ex
2038 5684 2224 5736 anitno
2250 5682 2431 5751 ejecit.
2466 5691 2527 5735 ut
2574 5679 2842 5752 pluribus,
2894 5679 2991 5737 lib'.
3032 5700 3148 5749 VIII,
3184 5686 3301 5752 ipso
3344 5682 3518 5736 ferme

1943 5752 2102 5805 initio
2129 5769 2157 5806 a
2198 5749 2436 5821 Gregora
2471 5749 2742 5821 proditur.

2018 5824 2127 5893 (37)
2164 5819 2348 5879 orm
2381 5819 2486 5889 est;
2516 5819 2625 5873 οὒτ’
2660 5824 2794 5890 ὲγκυ
2836 5823 2948 5878 λίου
2988 5826 3177 5895 πεῖρχν
3235 5822 3359 5894 ἔσχε
3390 5837 3519 5875 παι-
