4222 6442
259 396 329 454 69
1428 403 1968 465 IllS'l'ORlAl’tUM
2013 406 2246 467 LIBER
2287 410 2335 471 Ι.
3426 421 3497 483 70

256 508 583 573 ἀναφανδόν.
620 511 691 563 Τὸ
712 511 820 582 γάρ
856 530 913 566 σε
950 512 1048 582 μὲν
1074 512 1320 564 ἐκεαὶεῖν
1350 512 1454 563 τῶν
1486 514 1685 581 ὅρκων,
1710 516 1832 567 ἀντ-

1957 531 2045 570 ιοιι
2079 527 2130 573 te
2157 520 2349 575 eadem
2400 523 2577 591 palam
2629 526 2902 593 privatum
2949 526 3076 582 iret.
3110 529 3325 583 Etenim
3366 534 3500 600 quid

258 602 577 664 εισαγαγείν
633 601 690 653 δὲ
737 602 795 654 ὃν
846 604 913 656 ἂν
952 603 1115 665 αὐτὸς
1159 602 1493 670 καταστήσῃ,
1518 602 1670 655 οὐδέν
1698 604 1827 657 ἄλλο

255 688 515 742 δύνασθαί
578 708 671 759 μοι
717 692 885 746 δοκεῖ.
939 696 1033 745 Δεῖ
1060 695 1123 762 δή
1160 710 1219 745 σε
1267 691 1665 761 βουλεύσασθαι
1701 697 1830 763 περὶ

256 779 351 830 τοῦ
390 781 718 848 πράγματος
749 783 1013 846 συνετῶς·
1047 783 1109 835 ού
1142 783 1247 853 γὰρ
1294 782 1423 850 περὶ
1474 785 1689 852 μικρῶν
1737 787 1832 837 καὶ

178 898 188 905 -
257 869 759 938 εὶκαταφρονήτων
790 872 1084 942 βουλεύσῃ·
1126 871 1296 941 ἀλλλῆ
1331 875 1509 933 καλῶς
1540 874 1718 943 ξῇννῆ
1756 874 1831 944 μὴ

255 962 470 1032 ἀτίμως
527 966 837 1021 ἀποθανεῖν.
887 967 1033 1035 Ἐγὼ
1088 967 1133 1019 δ’
1185 970 1421 1036 ἐμαυτὸν
1484 965 1707 1035 παρέξω
1749 983 1831 1018 σοι

257 1056 679 1123 προθυμότατον
713 1058 847 1126 πρὸς
882 1058 1029 1111 ἆπαν
1076 1058 1134 1110 τὸ
1182 1060 1651 1127 προσταττόμενον
1693 1058 1835 1110 ἑτοί-

263 1162 381 1212 μως
409 1146 602 1215 ἔχοντα
633 1148 709 1217 μὴ
740 1148 1042 1219 πράγματα
1076 1150 1236 1219 μόνον
1266 1152 1358 1202 καὶ
1381 1151 1656 1219 κτήματα,
1698 1149 1834 1202 ἀλλὰ

257 1238 356 1287 καὶ
386 1238 557 1307 αὐτὴν
589 1239 735 1306 ζωὴν
763 1240 904 1310 ὑπὲρ
936 1240 1035 1309 τῆς
1070 1240 1169 1306 σῆς
1195 1239 1458 1309 προέσθαι
1484 1242 1671 1310 τιμῆς.
1700 1241 1835 1293 Τού-

250 1340 368 1376 των
393 1328 501 1378 τῶν
529 1327 702 1394 λόγων
732 1329 970 1391 ἀκούσας
994 1332 1020 1380 ό
1052 1329 1325 1398 βασιλεὺς,
1350 1330 1462 1397 Τῆς
1498 1329 1597 1396 μὲν
1626 1332 1703 1391 el;
1735 1330 1835 1398 ἐμέ

259 1434 355 1469 σου
383 1421 563 1486 φιλίας
590 1422 752 1474 ἕνεκα
781 1424 873 1473 καὶ
902 1422 1235 1492 προθυμίας,
1258 1423 1508 1492 ὁμολογῶ
1536 1440 1616 1475 σοι
1655 1424 1835 1492 χάριν,

257 1509 389 1576 ἔφη.
428 1512 632 1580 πολλήν
659 1528 672 1541 ⁸
711 1515 832 1564 ἐπεὶ
862 1514 906 1566 δ’
936 1516 963 1565 ὀ
995 1515 1175 1583 μέγας
1205 1516 1525 1583 δομέστικος
1559 1517 1585 1568 ό
1619 1518 1837 1568 Καντα-

258 1601 525 1669 κουζηνὸς
565 1601 814 1672 Ἰωάννης
870 1606 963 1657 καί
1023 1622 1103 1658 σοι
1158 1606 1256 1675 μὲν
1299 1606 1517 1669 οἰκείως
1565 1606 1838 1659 διάκειται

257 1689 403 1742 πάνυ
438 1694 530 1743 καὶ
562 1693 813 1760 φιλικῶς,
852 1696 977 1765 ἐμοὶ
1032 1696 1089 1747 δὲ
1138 1694 1446 1748 συνδέδετσ.ι
1485 1696 1703 1765 δεσμοῖς
1751 1715 1838 1764 φι-

1931 608 2078 661 alind
2113 610 2204 673 sit,
2244 627 2445 667 nomen
2484 625 2636 667 tuum
2666 616 2896 670 formula
2924 617 3143 685 iurandi
3178 622 3500 689 exclusisse,

1931 699 2050 764 ejus
2081 710 2308 761 contra.
2347 719 2512 771 quem
2573 706 2687 773 ipse
2738 710 3116 776 cooptaverit,
3168 710 3497 774 inseruisse.

1932 800 2031 851 ego
2063 804 2171 841 non
2210 791 2477 861 intelligo.
2539 795 2807 859 Quoniam
2864 797 3028 865 igitur
3075 814 3180 851 non
3235 816 3413 865 parva:
3447 812 3501 857 et

1934 878 2361 934 lloccifaciendaz
2393 897 2479 935 res
2509 892 2767 951 aguntur,
2808 889 2899 937 sed
2928 902 3037 953 qun
3076 898 3233 956 pacto
3270 876 3503 944 velcum

1935 965 2218 1024 honestate
2258 972 2430 1037 vivas,
2479 975 2562 1028 vel
2629 976 2767 1029 citra
2826 976 3068 1032 dedecus
3122 979 3507 1046 ignominiam-

1935 1069 2041 1124 que
2097 1072 2312 1124 pereas,
2376 1069 2490 1114 tute
2554 1064 2651 1116 tibi
2702 1068 2985 1134 sapienter
3029 1071 3301 1132 consulas.
3340 1082 3503 1139 atque

1935 1147 2239 1215 prospicias
2275 1165 2502 1206 necesse
2543 1164 2646 1206 est.
2687 1155 2759 1208 De
2792 1172 2878 1211 me
2909 1160 3014 1212 hoc
3054 1160 3150 1212 tibi
3184 1161 3358 1214 habeo
3392 1165 3506 1230 pol-

1935 1236 2110 1302 liceri,
2150 1240 2216 1292 ad
2246 1243 2427 1295 omnia
2459 1246 2715 1299 mandata
2757 1256 2847 1301 tua
2891 1250 3253 1314 conficienda,
3290 1267 3392 1306 nec
3439 1254 3506 1306 ad

1934 1327 2228 1382 facultates
2281 1332 2444 1385 modo
2493 1350 2706 1397 omnes,
2735 1337 2828 1390 sed
2854 1338 2922 1391 ad
2960 1341 3127 1393 vitam
3156 1357 3374 1409 quoque
3409 1359 3510 1409 pro

1938 1417 2205 1487 dignitate
2254 1430 2347 1475 tua
2377 1429 2842 1480 contemnendam
2905 1431 3313 1496 paratissimum
3370 1432 3506 1486 fore.

1940 1507 2204 1573 Finierat,
2242 1528 2367 1565 cum
2409 1514 2489 1568 sic
2534 1519 2749 1586 excepit
2804 1518 3106 1587 imperator
3155 1539 3167 1574 :
3214 1522 3367 1587 Quod
3424 1540 3475 1575 m

1941 1607 2229 1670 tantopere
2274 1604 2479 1673 diligis,
2514 1616 2570 1659 et
2611 1609 2664 1661 in
2707 1624 2825 1664 mea
2862 1626 3026 1666 causa
3062 1624 3269 1667 tantam
3311 1616 3507 1667 alacri-

1943 1702 2112 1747 tatem
2168 1711 2280 1763 pra:
2330 1706 2382 1751 te
2433 1698 2563 1764 fers,
2602 1700 2943 1757 immortales
2996 1704 3090 1757 tibi
3147 1706 3349 1773 gratias
3389 1721 3511 1775 ago.

256 1781 381 1841 λίας
410 1783 715 1851 ἀρρήκτοις
748 1788 811 1837 ὲκ
846 1784 1115 1856 βρεφικῆς
1146 1785 1364 1855 ἡλικίας
1393 1788 1520 1856 ἄχρι
1558 1788 1651 1839 καὶ
1682 1787 1840 1857 δεῦρο

1953 1781 2213 1838 Caeterum
2245 1788 2373 1856 quia
2410 1788 2651 1844 Joannes
2688 1791 3109 1848 Cantacuzenus
3146 1811 3375 1862 magnus
3419 1797 3516 1874 dn-

257 1888 323 1923 συ
337 1874 683 1943 νηυξημένης

257 1964 518 2018 τοσοῦτον
546 1966 620 2029 ὡς
653 1968 831 2020 δοκεῖν
863 1969 962 2039 τὴν
1005 1970 1105 2039 μὲν
1141 1970 1278 2038 ἐμὴν
1307 1970 1484 2041 ψυχὴν
1523 1970 1585 2023 τὸ
1624 1973 1835 2024 ἐκείνου

260 2054 424 2122 σῶμα
452 2059 645 2121 κινεῖν,
680 2059 775 2127 τὴν
805 2059 849 2112 δ’
876 2062 1083 2136 ἐκείνου
1112 2062 1291 2132 ψυχὴν
1314 2065 1370 2115 ὲν
1394 2063 1518 2131 ἐμοὶ
1550 2063 1836 2127 κινεῖσθαι,

258 2146 356 2196 καὶ
411 2146 585 2199 ταῦτα
629 2149 721 2201 καὶ
772 2149 953 2218 λέγειν
1005 2154 1097 2204 καὶ
1145 2153 1407 2222 πράττειν
1453 2154 1599 2224 ἆπερ
1632 2154 1696 2207 ἂν
1726 2155 1839 2221 ἐγὼ

261 2236 568 2307 βούλωμαι,
612 2242 707 2294 καὶ
755 2243 957 2312 τρόπον
995 2244 1117 2296 τινὰ
1160 2246 1257 2308 τὰς
1298 2246 1627 2316 ἀμφοτέρων
1661 2246 1839 2316 ψυχὰς

259 2329 628 2391 συντακείσας
660 2332 740 2391 είς
782 2330 932 2400 μίαν,
961 2332 1255 2402 ἀμφότερα
1282 2332 1350 2385 τὰ
1387 2332 1619 2402 σώματα
1645 2337 1837 2389 κινεῖν.

270 2420 429 2473 Ἐπεὶ
454 2424 637 2475 τοίνυν
669 2425 937 2499 συμφυῶς
967 2425 1140 2488 οὕτως
1167 2425 1364 2495 ἔχομεν
1390 2427 1529 2495 πρὸς
1557 2426 1839 2497 ἀλλήλους,

259 2512 363 2565 οὐκ
409 2515 638 2567 ἀνεκτὸν
682 2515 924 2585 ἡγοῦμαι
976 2515 1135 2586 μόνος
1169 2534 1219 2568 τι
1270 2517 1668 2587 βουλεύσασθαι
1712 2522 1841 2591 περὶ

261 2605 511 2676 ἐμαυτοῦ
543 2607 645 2659 κᾶν
678 2609 737 2660 έν
783 2609 1037 2678 ἐσχάτοις
1071 2608 1339 2683 κινδύνοις
1372 2611 1648 2683 συμϐαίνῃ
1682 2629 1842 2683 περι-

262 2699 475 2750 πεσεῖν.
516 2698 658 2750 ⁹Ἀλλ’
719 2700 842 2751 ἐπεὶ
893 2703 956 2753 ab
1017 2679 1153 2770 πρὸς
1208 2700 1433 2771 Θρᾴκην
1488 2679 1704 2775 ἀπέρχῃ
1743 2679 1843 2775 τῆς

261 2792 481 2843 ἐκείνου
531 2791 774 2869 διάδοχος
814 2792 1075 2862 ἐσόμενος
1121 2794 1320 2863 ἀρχῆς,
1356 2796 1661 2866 γράμματα
1706 2798 1843 2867 πρὸς

262 2884 428 2936 αὐτὸν
459 2884 640 2937 λαὸὼν
674 2885 777 2953 τῆς
815 2885 955 2955 ὲμῆς
986 2885 1170 2956 χειρὸς
1205 2886 1279 2948 ὼς
1310 2890 1377 2940 ἂν
1405 2889 1677 2960 πιστεύσῃ
1709 2891 1844 2959 πρὸς

260 2974 455 3041 λόγους
486 2992 569 3027 σοι
596 2975 893 3039 συνελθεῖν,
922 2975 1119 3045 (ἄλλως
1148 2977 1255 3046 γὰρ
1277 2978 1338 3029 οὐ
1371 2977 1693 3048 θαρῤἠσειεν
1729 2981 1841 3049 ἂν),

258 3066 419 3117 ταῦτ’
447 3066 630 3129 ἐπίδος
662 3065 832 3135 αὐτῷ.
880 3068 990 3120 Καὶ
1037 3068 1406 3121 συνελθόντων
1457 3070 1611 3139 ὑμῶν
1648 3074 1728 3135 είς
1761 3072 1843 3139 ἓν,

259 3155 357 3208 καὶ
384 3155 833 3226 βουλευσαμένων
870 3159 1000 3226 περὶ
1028 3155 1137 3209 τῶν
1169 3161 1571 3228 προκειμένων,
1606 3160 1752 3229 ἅπερ
1778 3159 1844 3213 ἂν

760 1876 915 1945 ἡμῖν,
973 1877 1067 1929 καὶ
1124 1879 1203 1938 εἰς
1264 1876 1425 1946 βάθος
1480 1878 1839 1949 προκοψάσης

1953 1875 2205 1929 mesticus
2252 1887 2307 1931 et
2341 1879 2397 1932 in
2442 1880 2632 1933 intima
2677 1880 3047 1937 familiaritate
3101 1896 3190 1939 tua
3238 1896 3513 1948 versatur,

1941 1975 1997 2019 et
2031 1967 2261 2037 irruptis
2293 1985 2512 2025 mecum
2552 1974 2809 2028 amicitia:
2852 1976 3091 2030 vinculis
3136 1977 3513 2045 coniungitur,

1941 2072 2063 2125 qua:
2115 2059 2243 2113 inde
2295 2060 2365 2115 ab
2405 2062 2706 2119 infantibus
2742 2065 2853 2135 (ιο)
2892 2082 3065 2136 usque
3093 2070 3159 2121 ad
3194 2068 3335 2122 hanc
3369 2068 3515 2123 diem

1943 2146 2228 2203 nobiscum
2252 2153 2493 2206 accrevit
2540 2164 2595 2207 et
2627 2156 2795 2210 tantis
2826 2158 3079 2211 auctibus
3113 2169 3191 2213 est
3218 2160 3515 2222 cumulata,

1943 2246 2005 2293 ut
2035 2241 2320 2311 utriusque
2350 2246 2532 2299 anima
2592 2247 2647 2299 in
2697 2248 2928 2302 alterius
2972 2265 3202 2319 corpore
3240 2252 3513 2315 habitare,

1944 2345 2041 2385 seu
2070 2332 2270 2387 animae
2304 2333 2425 2390 duae
2463 2336 2518 2389 in
2555 2352 2721 2390 unam
2756 2336 3003 2391 conﬂata:
3034 2340 3323 2394 ambomm
3366 2350 3520 2395 artus

1945 2436 2137 2490 regere
2169 2424 2483 2491 videantur,
2513 2428 2765 2496 vigetque
2798 2428 2941 2483 inter
2966 2445 3065 2484 nos
3094 2446 3410 2485 sermonum
3458 2442 3517 2485 et

1943 2520 2225 2573 actionum
2284 2535 2498 2573 summa
2543 2524 2835 2575 consensio
2880 2540 2893 2576 :
2931 2523 3081 2591 quia,
3133 2522 3380 2592 inquam,
3419 2540 3522 2577 nos

1945 2609 2056 2663 duo
2093 2609 2293 2664 animis
2325 2626 2495 2680 usque
2530 2612 2669 2666 adeo
2699 2613 3005 2668 coaluimus
3032 2651 3044 2675 .
3081 2616 3263 2668 scelus
3303 2618 3523 2669 consci-

1945 2716 2180 2772 scerem,
2230 2702 2300 2767 si,
2355 2718 2675 2772 quanquam
2734 2706 2787 2758 in
2847 2716 3157 2760 extremum
3209 2707 3519 2775 periculum

1946 2793 2336 2863 prazcipitatus,
2370 2796 2437 2849 de
2471 2796 2638 2849 rebus
2673 2796 2812 2851 meis
2843 2797 2963 2851 sine
3004 2798 3098 2851 illo
3126 2798 3523 2852 consultarent.

1947 2886 2054 2942 Sed
2100 2901 2225 2942 cum
2283 2896 2339 2941 tu
2398 2889 2454 2942 in
2512 2888 2804 2943 Thraciam
2854 2905 2954 2958 pro
3004 2889 3154 2942 illius
3199 2902 3524 2942 successore

1946 2978 2133 3044 abeas,
2168 2995 2332 3033 manu
2387 2994 2506 3033 mea
2542 2988 2824 3033 exaratam
2873 2979 3159 3047 epistolam
3200 2976 3252 3031 ei
3306 2977 3524 3040 redies,

1948 3084 2059 3136 quo
2096 3069 2202 3124 fide
2229 3070 2373 3124 facta
2410 3081 2588 3125 tecum
2628 3071 3022 3140 congrediatur
3061 3087 3074 3123 :
3129 3069 3333 3137 alioqui
3377 3069 3526 3123 enim

1950 3161 2181 3215 fortasse
2211 3176 2321 3215 non
2361 3161 2609 3216 audebit.
2641 3161 2743 3231 15
2772 3161 3127 3229 Quacunque
3157 3168 3340 3215 autem
3371 3159 3528 3213 vobis

260 3247 396 3314 ὑμῖν
442 3246 569 3316 δόξῃ
610 3246 863 3316 λυσιτελῆ
895 3247 989 3299 καὶ
1023 3245 1294 3317 ὠφέλιμα,
1328 3246 1482 3299 ταῦτ’
1508 3248 1662 3301 ἔσται
1713 3266 1839 3301 συν-

1953 3266 2109 3320 super
2130 3253 2383 3321 praesenti
2406 3261 2551 3307 statu
2578 3268 2700 3307 meo
2747 3251 3186 3307 deliberantibus
3215 3250 3529 3305 conducere

257 3341 523 3396 δοκοῦντα
556 3341 746 3410 κάμοί.
780 3342 1095 3410 Πέπεισμαι
1140 3342 1249 3409 γὰρ
1278 3342 1544 3412 ἀκριϐῶς,
1587 3342 1661 3405 ὡς
1690 3344 1737 3394 εί
1769 3344 1843 3414 μὴ

258 3435 393 3496 Θεὸς
418 3429 500 3497 οἷς
532 3431 642 3487 οἶδε
671 3434 894 3503 τρόποις
917 3432 1016 3502 τὴν
1051 3432 1205 3503 ὑμῶν
1236 3434 1460 3501 σφήλειε
1488 3434 1711 3501 γνῶσιν,
1746 3435 1847 3489 οὐκ

260 3527 330 3579 ἂν
367 3525 609 3596 ἁμάρτοι
639 3524 733 3578 τοῦ
766 3524 936 3579 καλοῦ
979 3524 1078 3578 καὶ
1114 3525 1526 3588 λυσιτελοῦντος
1567 3527 1662 3580 καὶ
1697 3527 1845 3595 ὡφε-

257 3618 447 3687 λὶμου,
489 3620 585 3672 καὶ
646 3616 969 3689 φρονήσεως
1028 3616 1212 3681 ὀξείας
1256 3616 1445 3682 ἕνεκα,
1498 3618 1597 3670 καὶ
1646 3619 1847 3689 πείρας

260 3711 612 3779 πραγμάτων
669 3709 933 3777 πολιτῶν,
992 3709 1089 3763 καὶ
1138 3712 1239 3780 τῆς
1306 3709 1441 3780 περὶ
1502 3709 1603 3779 Eph
1663 3710 1847 3778 φιλίας

260 3806 444 3873 ἇκρας
480 3804 575 3857 καὶ
611 3804 931 3873 συναφείας.
963 3803 1185 3857 Τούτων
1225 3801 1371 3857 οὕτω
1427 3804 1727 3875 ῥηθέντων,
1778 3804 1848 3857 τὰ

260 3894 573 3964 γράμματα
624 3893 808 3948 λαϐὼν
839 3895 904 3947 ἐκ
934 3894 1199 3965 βασιλέως
1233 3893 1262 3946 ό
1297 3894 1658 3966 Συργιάννης,
1711 3893 1847 3964 ἐχώ-

261 4004 347 4057 ρει
382 3988 519 4055 πρὸς
544 3986 800 4059 Θρᾴκηνο
826 3986 955 4039 ἔνθα
981 3987 1047 4057 δὴ
1080 3986 1159 4056 τῷ
1189 3986 1415 4057 μεγάλῳ
1448 3987 1849 4059 συγγενόμενος

257 4079 597 4151 δομεστίκῳ,
656 4080 749 4132 καὶ
780 4078 851 4134 τά
898 4096 959 4132 τε
995 4078 1286 4148 συμϐάντα
1338 4078 1618 4149 γνωρίσας
1668 4079 1845 4151 αὐτῷ,

258 4171 359 4224 xtl.
404 4170 474 4223 τὰ
523 4169 619 4223 τοῦ
655 4170 922 4240 βασιλέως
952 4169 1262 4240 γράμματα
1305 4168 1643 4240 ἐγχειρίσας,
1691 4171 1849 4225 ἐϐου-

260 4262 485 4316 λεύοντο
546 4265 675 4333 περὶ
736 4262 845 4317 τιῖὴ
904 4263 1216 4333 παρόντων,
1268 4263 1361 4316 καὶ
1405 4262 1501 4317 δύο
1546 4264 1640 4315 καὶ
1670 4263 1851 4334 τρισὶν

262 4356 469 4426 ἐφεξῆς
533 4358 797 4427 ἡμέραις.
866 4355 981 4409 Καὶ
1052 4354 1307 4425 ποικίλης
1378 4355 1473 4408 καὶ
1532 4355 1849 4419 πολυειδοῦς

258 4450 362 4519 τῆς
420 4449 621 4519 βουλῆς
683 4450 987 4519 γενομένης
1043 4447 1190 4517 (ἐπεὶ
1246 4447 1524 4518 περὶτῶν
1575 4447 1851 4518 μεγίστων

256 4538 327 4614 ἦν
382 4544 409 4594 ὁ
474 4542 671 4611 ἁγὼν),
732 4541 827 4593 καὶ
878 4538 1092 4592 πολλῶν
1150 4538 1428 4611 ῥηθέντων
1485 4522 1620 4612 παρ’
1669 4542 1851 4610 ἀμφο-

256 4636 441 4705 τέρων
504 4636 653 4705 (ἐπεὶ
712 4634 810 4687 καὶ
850 4636 1186 4705 ,φρονήσεως
1256 4633 1421 4686 ἕνεκα
1489 4635 1584 4686 καὶ
1655 4634 1851 4705 πείρας

258 4727 646 4797 στρατηγικῆς
689 4728 801 4789 τοῖς
840 4726 1080 4797 μάλιστα
1116 4724 1359 4797 πρώτοις
1401 4725 1511 4778 τῶν
1556 4726 1853 4795 Ῥωμαίων

263 4819 729 4891 συνημιλλῶντο),
790 4819 946 4884 τέλος
1010 4819 1039 4873 ό
1108 4820 1284 4889 μέγας
1350 4817 1673 4888 δομέστικος
1728 4814 1852 4871 εἷπε

259 4915 472 4969 τοιάδε·

1947 3353 2002 3396 et
2031 3344 2291 3413 expedire
2320 3343 2685 3407 videbuntur,
2720 3342 2864 3413 apud
2896 3359 2983 3397 me
3023 3357 3242 3412 quoque
3273 3342 3327 3395 in
3358 3342 3524 3395 simili
3612 3367 3627 3379 ε

1948 3435 2311 3489 aestimatione
2362 3434 2546 3490 futura
2592 3446 2739 3490 sunt.
2776 3435 3191 3491 Prorsusenim
3224 3435 3298 3488 ita
3324 3435 3531 3498 sentio,

1949 3527 2053 3580 nisi
2089 3527 2254 3592 Deus,
2288 3526 2451 3581 modo
2494 3542 2605 3595 quo
2656 3527 2772 3596 ipse
2819 3527 2994 3588 novit,
3027 3526 3307 3579 mentibus
3334 3526 3534 3578 vestris

1950 3616 2240 3686 caliginem
2262 3616 2546 3677 oﬂuderit.
2576 3632 2674 3669 vos
2724 3627 2783 3670 ut
2836 3615 3201 3686 intelligentia
3238 3615 3531 3685 pollentes,

1949 3727 2062 3766 non
2104 3709 2371 3765 mediocri
2426 3708 2748 3779 reipublicae
2800 3723 2903 3766 usu
2953 3708 3235 3777 puditos,
3287 3707 3536 3777 mihique

1950 3802 2213 3857 omnibus
2260 3801 2767 3857 necessitudinibus
2802 3800 3311 3871 coniunctissimos,
3345 3800 3417 3855 ab
3456 3814 3528 3853 eo

1950 3894 2099 3964 quod
2171 3894 2486 3956 honestum,
2542 3893 2868 3963 frugiferum
2920 3902 2976 3947 et
3026 3892 3378 3947 conducibile
3424 3903 3534 3952 est.

1950 3986 2213 4057 opinione
2238 3996 2292 4041 et
2316 3986 2588 4041 sententia
2611 4000 2960 4055 nequaquam
2982 3985 3249 4040 abituros.
3271 3982 3367 4039 llis
3389 3983 3535 4037 inter

1952 4096 2013 4136 se
2067 4079 2255 4145 dictis,
2303 4077 2641 4149 Syrgiannes
2692 4092 2819 4131 cum
2872 4077 3076 4131 litteris
3136 4077 3194 4131 in
3226 4076 3537 4130 .Thracian

1952 4171 2244 4227 discedens
2278 4186 2372 4225 eas
2414 4169 2800 4225 Cantacuzeno
2838 4168 3042 4243 reddit,
3085 4176 3143 4223 et
3201 4168 3256 4221 in
3292 4167 3540 4222 collocu-

1954 4265 2103 4320 tione
2134 4279 2255 4333 quae
2274 4260 2755 4331 Constantinopoli
2787 4261 3089 4315 acciderint
3111 4261 3387 4316 enuntiat.
3417 4258 3543 4314 Tri-

1954 4357 2125 4410 duum
2156 4356 2419 4425 deinceps
2442 4354 2497 4408 in
2528 4353 2991 4408 consultationem
3020 4352 3372 4423 impendunt.
3399 4352 3539 4407 Cum

1954 4448 2172 4503 diversa
2201 4456 2255 4502 et
2294 4447 2593 4501 multifaria
2628 4448 2683 4501 in
2715 4446 2956 4501 medium
2992 4445 3157 4499 allata
3225 4455 3413 4499 essent
3440 4444 3534 4514 (de

1959 4539 2179 4610 negotio
2204 4539 2408 4608 quippe
2438 4538 2492 4592 in
2520 4538 2715 4608 primis
2747 4552 2945 4608 magno
2967 4545 3023 4591 et
3047 4536 3222 4590 arduo
3246 4536 3541 4591 laboraba.

1962 4630 2074 4700 tur)
2113 4643 2167 4683 et
2191 4640 2423 4700 uterque
2456 4644 2566 4684 non
2597 4645 2769 4701 pauca
2798 4628 3026 4683 dixisset
3051 4628 3364 4698 (prudentia
3390 4629 3543 4682 enim

1961 4722 2113 4779 civili
2158 4732 2215 4777 et
2285 4721 2628 4787 experientia
2673 4720 2900 4775 militari
2962 4733 3088 4773 cum
3145 4718 3544 4773 laudatissimis

1962 4817 2274 4887 quibusque
2309 4802 2683 4868 Romanoium
2724 4811 3064 4881 certabant),
3100 4811 3317 4865 tandem
3338 4810 3542 4865 Canta-

1962 4923 2206 4964 cuzenus
2238 4905 2316 4960 sic
2351 4905 2517 4974 cmpit
2541 4924 2554 4959 :

1728 5028 1954 5087 CAPUT
1994 5028 2084 5083 lll.

264 5129 631 5190 Cautacusem'
684 5126 753 5179 ad
799 5121 1150 5195 Syrgiannem
1196 5123 1397 5195 oratio.
1470 5123 1621 5195 Dolet
1650 5124 1713 5177 de
1777 5140 1834 5176 re
1879 5132 1985 5175 tam
2031 5117 2252 5195 ancipiti
2291 5116 2681 5195 et_peiiculosa
2726 5118 3005 5195 dicendam
3045 5120 3404 5195 sententiam;
3451 5135 3546 5172 nec

336 5213 510 5274 p‘ntem
546 5200 729 5274 laudat
755 5204 803 5274 et
830 5191 1153 5274 miseratur:
1178 5194 1417 5262 futuram
1449 5194 1834 5274 .catamital‘em
1879 5191 2148 5262 pra'sentit
2175 5204 2212 5274 ﬂ:

2257 5188 2555 5240 amicuiam
2582 5190 2809 5257 justiliw
2845 5208 2900 5242 se
2939 5190 3295 5258 pra'laturum
3354 5199 3547 5259 negat:

334 5260 654 5328 'elabendum
685 5268 857 5337 potius
899 5265 1100 5335 aliqua,
1129 5260 1288 5334 quam
1320 5264 1507 5329 armis,
1540 5266 1676 5318 citra
1711 5260 1954 5318 ultimam
1991 5264 2377 5323 necessitatem,
2410 5260 2790 5312 decertandum
2824 5260 3086 5329 afﬁrmat.

338 5364 561 5421 Πολλῶν
624 5361 692 5416 ἂν
735 5357 1054 5431 ἠλλαξάμην
1099 5357 1471 5429 πραγμάτων,
1512 5350 1557 5411 ὦ
1616 5357 1862 5426 βέλτιστε

266 5456 534 5533 (pannuli
573 5454 777 5525 μᾶλλον
834 5451 928 5503 καὶ
980 5450 1148 5519 αὐτῆς
1204 5450 1303 5517 τῆς
1340 5450 1487 5519 ζωῆς
1528 5450 1628 5502 οὐκ
1669 5450 1853 5519 ὀλίγον

2044 5353 2210 5407 Multa
2239 5366 2363 5421 ego.
2391 5350 2698 5405 amicorum
2724 5354 2955 5421 optime,
2987 5352 3098 5406 imo
3125 5353 3413 5407 enimvero
3440 5368 3552 5405 non

1964 5466 2158 5522 parum
2186 5449 2253 5504 de
2288 5447 2501 5516 reliqua
2549 5449 2660 5501 vita
2710 5463 2830 5503 mea
2871 5457 3239 5517 praeoptarem
3270 5432 3551 5511 amittere,

1518 5566 1735 5629 Jacobi
1771 5568 2036 5630 Pontani
2081 5575 2273 5631 noue.

338 5686 455 5757 (£6)
509 5682 913 5757 Cantacuzenns
972 5683 1225 5757 cognatus
1278 5673 1612 5757 imperatori
1643 5674 1857 5757 Αηᾴι-ρ-

269 5746 387 5813 nico
414 5746 598 5825 juveni
629 5750 850 5824 mquatis
878 5758 927 5825 et
962 5746 1312 5802 amicissimus
1338 5746 1401 5797 ab
1432 5746 1643 5797 ineunte
1678 5755 1857 5825 φιαιε,

270 5841 322 5886 et
382 5817 444 5884 οὗ
506 5817 700 5880 αηὶηιϊ
765 5821 1050 5877 candorem
1094 5828 1519 5892 .Scrmonumque
1590 5817 1861 5870 veritatem

1969 5684 2048 5801 eth
2082 5691 2287 5729 morum
2357 5675 2781 5730 conuuoditatcm
2859 5671 3220 5726 charissimus.
3283 5668 3557 5737 Gregoras

1972 5749 2007 5801 li
2058 5790 2069 5801 .
2118 5762 2238 5801 vni.

1972 5749 2069 5803 lib.
2118 5762 2238 5803 vm.
