4222 6442
664 404 735 471 71
1839 401 2164 461 JOANNIS
2203 402 2720 462 CANTACUZENl
3834 375 3907 461 τι

665 534 830 589 quam
858 524 916 572 ut
933 524 1079 572 esset
1097 516 1162 570 ad
1192 531 1288 570 uos
1309 515 1485 570 delata
1505 516 2241 585 hujuscemodiconsultatioI

2315 539 2328 577 ι
2363 523 2562 592 μέρους
2593 522 2760 583 τενλς,
2898 520 2993 588 τὴν
3019 518 3215 588 βουλὴν
3248 521 3376 587 ἡμῖν
3410 520 3537 588 περὶ
3569 517 3906 588 πραγμάτων

662 611 761 665 ubi
785 610 1057 663 utrumvis
1086 607 1356 672 evenerit,
1381 609 1517 661 citra
1537 608 1744 678 grande
1769 609 2075 678 periculum
2107 624 2235 661 eve-

661 701 785 755 nire
825 715 933 754 non
967 709 1165 768 potest.
1197 699 1299 762 Qui
1327 698 1392 751 de
1417 699 1538 751 aliis
1581 700 1742 752 rebus
1763 700 1819 752 in
1835 699 2124 752 consilium
2151 715 2236 752 ve-

671 793 858 853 niunt.
899 792 968 845 iis
1002 791 1376 844 ratiocinando
1403 790 1532 844 licet
1567 791 1918 855 concludere,
1949 791 2041 844 tali
2075 791 2240 844 modo

670 885 838 936 rebus
854 882 1136 944 euntibus,
1157 882 1314 943 bene,
1337 881 1443 932 alio
1465 881 1602 933 male
1622 881 1846 934 omnino
1864 880 2239 935 eventuras.ln

670 975 772 1027 hac
805 988 956 1036 vero,
979 991 1082 1042 qua
1111 972 1249 1026 dein
1278 988 1515 1041 praesens
1532 974 1846 1041 qumrimus.
1876 973 1918 1026 si
1941 989 2062 1041 pars
2085 972 2242 1026 dete-

671 1069 784 1119 rinr
811 1066 1093 1118 meliorem
1120 1063 1330 1125 vicerit,
1357 1063 1700 1116 moriendum
1721 1064 1826 1116 erit
1851 1065 1990 1125 :sin,
2011 1078 2131 1131 qua:
2148 1077 2243 1130 ap-

675 1166 827 1224 paret
855 1154 1066 1215 melior,
1086 1153 1412 1206 deteriorem
1434 1154 1799 1219 superaverit,
1817 1166 1952 1220 quas
1970 1166 2075 1203 non
2095 1152 2240 1204 cala-

671 1247 919 1298 mitatum
949 1244 1145 1301 Iliadas
1168 1243 1356 1296 subire
1382 1243 1700 1311 oportebit?
1729 1243 1941 1295 Etenim
1965 1242 2008 1295 si
2034 1242 2239 1294 exitum

669 1337 861 1391 sortita
890 1335 1095 1389 fuerint
1123 1351 1245 1403 qua:
1274 1335 1571 1409 imperator
1614 1343 1802 1386 noster
1837 1333 2099 1387 adversus
2142 1349 2241 1386 ne-

667 1436 851 1495 potem
896 1429 1119 1494 coquit,
1165 1425 1230 1479 ad
1285 1426 1551 1478 malorum
1605 1425 2057 1492 perferendarum
2123 1439 2240 1478 ma-

665 1517 1009 1587 gnitudinem
1050 1517 1313 1570 accedere
1347 1517 1486 1570 nihil
1521 1517 1743 1585 poterit.
1774 1513 2062 1568 Hominem
2088 1530 2242 1568 nam-

662 1624 770 1676 que
820 1607 1071 1676 pluribus
1109 1605 1560 1675 mquiparaudum
1591 1607 1704 1677 (47)
1738 1605 2052 1674 prudentia,
2114 1622 2240 1660 cum

663 1698 1108 1768 prudentissimis
1139 1697 1206 1750 de
1233 1697 1408 1764 palma
1439 1697 1885 1757 contendentem,
1919 1696 2242 1751 fortitudine

661 1789 830 1842 animi
865 1797 986 1856 post
1011 1803 1069 1840 se
1094 1789 1231 1840 alios
1251 1788 1412 1856 longe
1441 1786 1858 1855 relinquentem,
1885 1787 2238 1856 ingenuitate,

2345 612 2668 682 προκεῖσθαι
2726 611 3005 670 τοιούτων,
3049 610 3178 661 ὥστ’
3231 610 3623 677 ἀμφοτέρωθεν
3669 611 3814 677 ἔχειν
3848 610 3908 660 τὸ

2343 703 2684 756 ἐπικίνδυνον
2711 703 2810 753 οὐκ
2833 701 3036 766 ὀλίγον,
3065 701 3209 762 ὅπως
3248 702 3314 754 ἂν
3348 700 3608 770 ἀποϐαίη.
3657 700 3778 753 Ἐπὶ
3811 699 3909 765 μὲν

2342 793 2452 859 γάρ
2505 788 2613 841 τῶν
2667 787 2843 840 ἄλλων
2909 791 3250 856 πραγμάτων
3301 789 3734 858 βουλευομένοις,
3789 788 3908 840 ἐστι

2344 881 2599 947 συνάγειν
2631 880 2696 930 ἐκ
2724 877 3024 946 λογισμῶν,
3056 878 3154 944 ὡς,
3199 880 3296 932 ὡδὶ
3325 880 3425 948 μὲν
3451 879 3905 946 ἀπαντησάντων,

2345 975 2535 1042 σχήσει
2566 971 2784 1031 καλῶς·
2851 969 2924 1039 μὴ
2971 969 3113 1023 οὕτω
3164 971 3241 1032 δὲ,
3290 971 3599 1024 τούναντίον
3645 972 3792 1024 ἅπαν
3839 968 3908 1020 ἂν

2341 1063 2604 1132 ἀποϐαίη.
2650 1062 2764 1130 Ἐφ’
2805 1055 2866 1115 οὗ
2893 1061 2950 1114 δὲ
2980 1061 3074 1115 νῦν
3103 1061 3488 1131 βουλευόμεθα,
3520 1063 3568 1114 εί
3619 1065 3720 1130 μὲν
3750 1060 3908 1128 νική-

2345 1172 2427 1206 σει
2475 1155 2541 1206 τὰ
2576 1153 2768 1223 χείρω,
2799 1154 2897 1221 τῆς
2940 1154 3089 1220 ζωῆς
3122 1154 3289 1223 ιέστιν
3334 1155 3624 1206 ἐκπεσεῖν⁸
3655 1153 3702 1204 εί
3741 1153 3796 1205 δὲ
3838 1151 3907 1202 τὰ

2341 1246 2599 1300 δοκοῦντα
2666 1245 2859 1312 βελτίω
2914 1245 3140 1313 γένηται
3192 1246 3445 1314 κρείττω,
3501 1244 3688 1295 κακῶν
3741 1242 3907 1309 ἑσμὺν

2343 1336 2648 1407 προσδοκᾷν
2680 1336 2918 1405 ἀνάγκη.
2953 1335 3064 1386 Τοῦ
3089 1334 3355 1403 βασιλέως
3389 1334 3495 1403 γὰρ
3524 1331 3681 1402 ἡμῶν
3722 1329 3907 1382 τοιαῦ-

2342 1447 2409 1482 τα
2463 1427 2853 1498 βουλευομένου
2913 1426 3170 1492 περὶτοῦ
3207 1427 3432 1491 ἐκγόνου
3481 1427 3576 1476 καὶ
3618 1421 3906 1492 βασιλέως,

2345 1519 2393 1568 εί
2438 1518 2538 1586 μὲν
2593 1520 2672 1580 εἰς
2723 1519 2897 1584 πέρας
2947 1516 3080 1588 ἔλθῃ
3123 1517 3191 1567 τὰ
3239 1515 3612 1585 μελετώμενα,
3649 1514 3907 1580 οὐδεμίαν

2344 1609 2654 1678 ὑπερϐολὴν
2683 1609 2917 1676 ἐλλείψει
2951 1608 3161 1662 κακῶν.
3195 1609 3518 1676 ’Λνθρωπον
3544 1607 3654 1676 γάρ
3696 1604 3908 1658 πολλῶν

2345 1698 2600 1764 ἀντάξιον
2650 1697 2850 1759 ἀλλων,
2906 1698 3171 1766 φρονήσει
3236 1697 3337 1762 μὲν
3372 1700 3482 1760 τοῖς
3526 1697 3768 1765 πρώταις
3798 1696 3910 1747 τῶν

2347 1790 2632 1860 πρωτείων
2679 1787 3154 1857 ἀμφισόητοῦντα,
3182 1787 3376 1857 ἀνδρῖᾳ
3405 1787 3459 1838 δὲ
3505 1787 3680 1854 ψυχῆς
3730 1782 3911 1850 πολλῷ

661 1889 716 1932 et
755 1891 964 1932 natura:
998 1879 1280 1932 habilitate
1315 1877 1380 1931 ad
1412 1853 1619 1930 tantam
1647 1876 1863 1945 imperii
1901 1853 2097 1929 molem
2123 1877 2241 1930 suis

2315 1864 2422 1952 ὲτῷ
2464 1881 2613 1950 μέσῳ
2659 1881 2782 1941 τοὺς
2822 1879 3016 1942 ἄλλους
3060 1879 3462 1949 ὑπερνικῶντα,
3513 1876 3798 1945 ἐλευθερίᾳ
3854 1874 3910 1926 δὲ

662 1971 908 2024 humeris
940 1968 1316 2022 sustinendam
1356 1967 1635 2031 idoneum,
1672 1967 1924 2021 amicitia:
1968 1976 2023 2021 et
2064 1969 2243 2020 scien-

661 2070 794 2124 tem,
825 2069 880 2114 ct
911 2068 1338 2112 couservantem
1368 2059 1535 2125 leges,
1573 2069 1628 2111 et
1659 2066 1718 2109 ut
1753 2056 2007 2110 universe
2038 2057 2238 2121 dicam,

659 2165 954 2206 commune
1007 2148 1232 2202 humani
1272 2149 1490 2217 generis
1542 2147 1646 2217 16
1689 2155 2075 2200 ornamentum
2127 2146 2238 2213 (48)

660 2245 742 2298 sic
785 2243 988 2297 indicta
1045 2255 1212 2295 causa
1271 2239 1718 2309 gravissimorum
1759 2237 2050 2292 criminum
2087 2237 2243 2290 dam-

660 2335 778 2389 nari
809 2336 944 2402 (ιο),
969 2342 1134 2401 atque
1171 2342 1266 2386 aut
1294 2331 1458 2384 vitam
1486 2331 1636 2384 omni
1677 2339 1856 2384 morte
1898 2329 2237 2383 acerbiorem

659 2429 879 2498 exigere
930 2428 1042 2496 (qui
1091 2426 1240 2478 enim
1285 2424 1401 2477 heri
1453 2433 1510 2477 et
1557 2421 1959 2478 nudiustertius
2013 2420 2123 2488 (50)
2181 2427 2240 2472 ut

667 2521 968 2588 imperator
997 2516 1329 2570 adorabatur
1351 2523 1406 2568 et
1425 2513 1709 2568 colebatur
1726 2513 1795 2568 ab
1817 2511 2076 2568 omnibus
2099 2510 2181 2578 (51
2196 2511 2235 2577 ),

663 2611 834 2665 hodie
905 2608 1228 2676 despicitur,
1289 2615 1344 2659 et
1393 2605 1656 2675 injuriose
1731 2612 2021 2665 tractatur,
2073 2612 2239 2670 atque

661 2717 809 2755 unus
841 2700 909 2754 de
939 2696 1394 2753 circumforaneis
1443 2711 1541 2750 seu
1591 2711 1660 2749 ex
1703 2693 1890 2748 infima
1933 2693 2091 2762 plebe
2153 2708 2238 2744 re-

660 2792 944 2864 putatur),
983 2799 1079 2844 aut
1123 2799 1312 2843 contra
1339 2790 1464 2858 jura
1511 2787 1719 2851 omnia,
1759 2796 2062 2853 contraque
2099 2798 2238 2852 pra:-

660 2883 929 2952 scriptum
993 2879 1223 2934 rationis
1291 2878 1361 2932 ad
1433 2887 1664 2932 mortem
1728 2875 1869 2930 mitti
1929 2876 2236 2944 continget.

659 2974 820 3042 Quod
843 2973 886 3026 si
921 2988 1029 3040 qua
1065 2971 1151 3024 via
1195 2970 1490 3024 discrimen
1541 2967 1740 3036 capitis
1783 2965 2063 3036 etl‘ugerit,
2121 2975 2236 3019 tum

657 3071 768 3138 jam
801 3073 960 3136 poeta
992 3063 1250 3132 qu0piam
1275 3061 1481 3131 tragico
1521 3058 1910 3128 indigebimus,
1935 3058 2028 3127 qui
2053 3057 2236 3112 clades

657 3168 718 3214 et
738 3170 1012 3212 aerumnas
1046 3169 1077 3208 a
1106 3153 1367 3207 lloinanis
1398 3149 1638 3204 vicissim
1690 3147 2068 3217 importandas
2108 3162 2234 3201 cum

665 3249 943 3321 gravitate
995 3259 1058 3299 ac
1101 3243 1454 3298 miseratione
1494 3241 1771 3295 decantet.
1804 3238 1939 3306 Quis
1967 3239 2116 3293 enim
2150 3241 2235 3294 vel

660 3342 827 3411 lignis
854 3353 918 3393 ac
941 3336 1219 3407 lapidibus
1277 3333 1548 3403 stupidior
1590 3347 1700 3386 non
1742 3331 2073 3401 cogitatione
2103 3346 2239 3401 prae.

657 3433 820 3503 cipit,
854 3431 999 3485 inter
1033 3429 1399 3498 imperatores
1426 3423 1686 3494 ﬂagrante
1713 3422 2012 3488 discordia,
2050 3437 2242 3476 neces-

2343 1975 2592 2043 γνώμην,
2635 1973 2732 2024 καὶ
2761 1971 2980 2039 φύσεως
3013 1971 3413 2040 ἐπιτηδειότητι
3439 1971 3517 2039 τῷ
3547 1969 3786 2035 τοσούτῳ
3813 1983 3911 2034 με·-

2341 2063 2492 2129 γέθει
2539 2061 2886 2130 προσήκοντα
2917 2060 3018 2128 τῆς
3049 2061 3246 2130 ἀρχῆς,
3279 2060 3460 2128 φιλίας
3503 2059 3559 2112 δὲ
3601 2060 3782 2112 εἰδότα
3818 2057 3913 2110 καὶ

2340 2152 2614 2224 τηροῦντα
2646 2151 2904 2221 θεσμοὺς,
2938 2152 3074 2215 ὅλως
3118 2151 3176 2204 δὲ
3223 2151 3404 2204 κοινὸν
3437 2151 3659 2219 ἄγαλμα
3677 2149 3778 2216 τῆς
3806 2148 3912 2216 φύ-

2341 2261 2480 2305 σεως
2509 2243 2660 2300 ὄντα,
2687 2241 2858 2304 οὕτως
2883 2243 3100 2311 ἐρήμην
3129 2243 3218 2294 ἐπὶ
3247 2244 3359 2304 τοῖς
3389 2241 3669 2312 μεγίστοις
3701 2240 3906 2293 ἁλῶναι

2343 2334 2671 2402 συμϐαίνει·
2729 2335 2825 2386 καὶ
2878 2333 2909 2403 ἦ
2948 2332 3048 2402 ζῇν
3083 2333 3288 2395 παντὸς
3321 2334 3556 2386 Θανάτου
3603 2333 3913 2404 βαρυτέραν

2341 2425 2486 2494 ζωὴν
2535 2426 2585 2488 (ὁ
2623 2425 2746 2494 χθὲς
2780 2424 2876 2477 καὶ
2924 2423 3119 2494 πρώην
3152 2427 3227 2488 ὼς
3259 2425 3520 2494 βασιλεὺς
3553 2426 3647 2478 καὶ
3674 2440 3915 2494 προσκυ-

2315 2512 2598 2585 ’νοὺμενος
2628 2517 2723 2567 καὶ
2753 2512 3089 2583 τιμώμενος,
3123 2515 3364 2585 σήμερον
3399 2513 3912 2584 καταφρονούμενος

2340 2607 2434 2659 καὶ
2465 2604 2980 2674 περιυϐριζόμενος,
3005 2606 3099 2658 καὶ
3124 2605 3235 2658 τῶν
3259 2605 3536 2677 ἀγοραίων
3564 2605 3658 2658 καὶ
3695 2603 3790 2658 τοῦ
3818 2604 3913 2674 δή·

2345 2714 2446 2765 μου
2495 2695 2854 2764 νομιζόμενος
2911 2689 3098 2764 εἷς),ἢ
3133 2697 3389 2749 τεθνάναι
3432 2697 3633 2760 παντὸς
3659 2695 3766 2761 ἔξω
3814 2693 3910 2747 καὶ

2338 2786 2546 2839 δικαίου
2574 2786 2670 2838 καὶ
2697 2785 2880 2852 λόγου.
2916 2785 2979 2838 Εἰ
3007 2785 3064 2838 δὲ
3088 2785 3343 2856 δυνηθείη
3375 2786 3559 2856 τρόπῳ
3590 2786 3652 2858 δή
3682 2803 3790 2839 τινι
3816 2785 3913 2840 τὸν

2343 2878 2592 2932 κίνδυνον
2623 2878 2905 2946 ἐκφυγεῖν,
2932 2877 3042 2930 τότ’
3078 2877 3178 2948 ἤδη
3238 2878 3505 2947 τραγικοῦ
3535 2895 3686 2940 τινας
3714 2877 3910 2948 δεησὸ-

2341 2966 2482 3037 μεθα
2534 2966 2760 3036 ποιητοῦ
2824 2967 2925 3029 τὰς
2984 2967 3408 3037 συμϐησομένας
3463 2969 3598 3040 παρ’
3653 2967 3907 3037 ἀλλήλων

2349 3059 2644 3128 Ῥωμαίοις
2671 3059 3184 3130 ἐκτραγῳδήσοντος
3207 3061 3513 3132 συμφοράς.
3547 3061 3644 3124 Τίς
3672 3059 3781 3131 γάρ
3810 3061 3912 3115 οὐκ

2339 3151 2512 3202 ἒννοεί
2567 3150 2669 3204 κᾶν
2710 3150 2936 3220 ἀψύχων
2973 3150 3430 3220 ἀναισθητότερος
3457 3145 3515 3221 ᾖ,
3549 3151 3626 3214 ὡς
3651 3150 3912 3204 διαστάν-

2337 3257 2448 3293 των
2480 3241 2588 3294 τῶν
2622 3240 2915 3310 βασιλέων,
2947 3242 3164 3310 ἀνάγκη
3218 3241 3598 3310 συνδιαστῆναι
3660 3241 3756 3294 καὶ
3806 3241 3912 3312 τὴν

2338 3332 2539 3402 ἀρχὴν,
2601 3333 2698 3385 καὶ
2757 3335 2938 3402 μάχας
2987 3331 3335 3403 συρραγῆναι
3384 3333 3516 3402 παρ’
3580 3334 3914 3410 ἀμφοτέρων

2344 3425 2563 3492 μερῶιο
2598 3425 2693 3478 καὶ
2724 3423 2914 3495 ὥσπερ
2947 3426 3006 3498 εν
3033 3423 3376 3496 νυκτομαχίᾳ.
3403 3426 3784 3493 συμπεσόντας
3818 3425 3917 3480 ἀ).-

1891 3548 2109 3611 Jacobi
2139 3549 2403 3612 Pontani
2439 3557 2628 3613 nota}.

731 3687 843 3753 (t7)
887 3683 964 3737 Ad
1004 3682 1374 3737 Andronicum
1408 3675 1995 3753 suum__acc_omuiodat
2024 3717 2038 3744 ,
2085 3675 2234 3747 quod

657 3747 980 3812 de'tnedito
1013 3754 1282 3808 llomerus
1309 3750 1538 3821 protulit
1565 3747 1726 3801 Iliad.
1760 3748 1803 3799 A
1837 3763 1851 3800 :

742 3891 946 3962 ’ἰητρὸς
978 3890 1088 3958 γάρ
1111 3888 1273 3957 ἀνὴρ,
1320 3882 1530 3938 πολλῶν
1558 3879 1808 3944 ἀντάξιος
1839 3878 2036 3944 ἀλλων,

657 4039 770 4093 quo
799 4021 1074 4093 versiculo
1117 4029 1292 4088 poeta:
1325 4015 1717 4093 sapientissimi
1743 4015 1868 4086 jure
1921 4015 2234 4093 gloriantur

662 4085 860 4148 medici
893 4109 907 4145 :
943 4085 1343 4160 cujus—sensus
1369 4085 1400 4151 ,ί
1435 4085 1683 4160 medicus
1707 4085 1877 4160 instar
1913 4085 2234 4160 Inultorum,

665 4180 760 4216 seu
797 4178 891 4230 pro
925 4156 1250 4230 inu'ttisicst,
1292 4175 1413 4219 seu,
1448 4156 1638 4230 multis
1666 4156 1992 4230 :cquiparari
2036 4165 2237 4222 potest.

661 4226 970 4295 lloc'vult,
1017 4229 1395 4284 Andronicum
1455 4228 1749 4278 rnttltorum
1801 4226 2035 4278 virtutes
2071 4241 2239 4278 unum

665 4304 1014 4371 complexum
1043 4341 1059 4365 ,
1097 4301 1168 4371 ita
1189 4308 1262 4371 _ut
1295 4299 1347 4350 in
1379 4295 1613 4366 singulis
1643 4295 1849 4371 nemini
1886 4295 2069 4349 cedat.
2100 4295 2238 4371 Nota

656 4365 930 4440 egregiam
965 4365 1568 4440 rlaudatiunculam’ex
1621 4365 1807 4418 verbis
1835 4405 1849 4430 ,
1892 4379 2017 4434 qua:
2061 4366 2240 4419 conti-

662 4439 862 4495 ncnter
895 4439 1288 4509 subjiciuntur.

738 4512 850 4580 (l8)
891 4504 1090 4563 Vocem
1146 4509 1358 4580 etiam;
1391 4510 1456 4562 de
1504 4509 1742 4561 humana
1794 4511 2013 4580 natura,
2050 4504 2100 4558 id
2128 4514 2234 4565 est,

663 4573 756 4634 de‘
803 4573 1124 4648 hominibus
1178 4577 1317 4645 ipsis
1377 4581 1644 4648 prolatum
1699 4573 1945 4648 accipio,
2000 4590 2235 4643 quorum

663 4652 1034 4703 communiter
1068 4644 1238 4700 decus
1261 4660 1316 4701 ct
1343 4644 1727 4702 ornamentum
1787 4644 1956 4697 fuisse
1987 4648 2236 4712 (propter

663 4720 832 4773 aitimi
886 4718 1256 4787 praestantiam
1298 4719 1576 4786 videlicet)
1633 4713 2008 4787 Andronicum
2044 4730 2234 4787 _suum

667 4782 924 4843 testatur.
978 4788 1034 4840 In
1083 4787 1277 4856 quovis
1337 4805 1519 4841 rerum
1561 4782 1781 4854 genere
1828 4782 1961 4835 illud
2007 4783 2236 4856 aliarum

665 4867 837 4912 decus
866 4898 878 4918 ,
919 4853 1115 4926 gloria'
1143 4866 1195 4926 et
1241 4853 1628 4910 ornamentum
1703 4860 1828 4926 est,
1879 4853 2024 4920 quod
2074 4867 2241 4926 supra

665 4931 803 4982 alias
857 4922 1094 4980 excellit.
1149 4925 1214 4978 Et
1268 4930 1396 4994 quia
1445 4928 1667 4994 ἄγαλμα
1721 4922 2240 4994 etiatuexpouitur

664 5001 1172 5057 oblectamentum,
1224 4991 1413 5065 parqu
1451 4991 1636 5050 aberat
1666 5035 1679 5056 ,
1720 4991 1853 5059 quin
1905 4993 2010 5047 hoc
2042 5003 2236 5050 totum.

665 5071 844 5120 κοινὸν
891 5069 1116 5134 ἄγαλμα
1161 5067 1256 5132 τῆς
1322 5069 1570 5134 φύσεως,
1622 5071 2241 5134 converterem,_amor

665 5155 727 5191 ac
761 5131 958 5191 delitui:
992 5131 1222 5188 humani
1256 5131 1491 5206 gcnrris,
1553 5132 1876 5206 recordatus
1929 5135 2000 5186 ita
2053 5131 2237 5185 Tituut

664 5209 1055 5275 imperatoreiit
1107 5201 1420 5274 Vespasiani
1488 5207 1657 5258 lilium
1704 5201 2046 5256 nominatum
2095 5218 2236 5268 esse,

663 5289 800 5331 teste
835 5278 1122 5336 Suetonio,
1152 5277 1205 5327 iu
1239 5278 1357 5346 ejus
1398 5278 1535 5338 V.ta,
1573 5291 1692 5342 cap.
1730 5275 1782 5329 l.

735 5349 850 5416 (49)
896 5349 949 5400 lu
973 5347 1165 5401 Grai-co
1189 5343 1568 5401 submittit-uda
1590 5355 1674 5398 cst
1697 5343 2074 5416 vocula,§ix_q.
2114 5357 2237 5395 cum

664 5421 788 5482 illa,
831 5413 1037 5487 ἐρήμη.
1076 5417 1173 5471 Est
1225 5430 1406 5470 autem
1458 5417 1578 5490 δίκη
1631 5429 1817 5486 causa,
1848 5413 2144 5490 judicium,
2181 5422 2239 5464 ut

662 5483 1012 5562 ἐρήμη-δίκη
1059 5490 1127 5541 sit
1151 5490 1435 5562 desertum
1486 5483 1751 5557 judicium
1777 5483 1812 5554 ,“
1837 5483 1930 5543 έυυ
1960 5483 2238 5562 desertum

659 5554 1063 5614 vadimonium.
1139 5558 1459 5627 Composita
1487 5554 1498 5557 ⁷
1529 5573 1632 5609 vox
1695 5570 1777 5612 est
1848 5554 2192 5627 Epr‘poaiutov
2221 5595 2236 5613 ,

658 5634 882 5699 quando
937 5631 1062 5698 quis
1118 5630 1182 5681 ad
1229 5621 1375 5681 dicm
1435 5644 1542 5681 nou
1599 5642 1657 5679 se
1719 5621 1962 5683 sistit'in
2002 5621 2234 5692 judicio.

658 5701 729 5756 Et
761 5704 974 5770 ἐρήμην
1011 5701 1502 5770 καταδικασθῆναι,
1542 5699 1648 5770 vel,
1685 5708 1773 5760 ut.
1792 5699 2234 5770 apudunostrum

655 5781 762 5832 cst,
793 5763 1012 5841 ’ὲρῆμην
1040 5771 1245 5824 ἁλῶναι
1268 5812 1282 5834 ,
1313 5763 1415 5832 cst,
1456 5769 1526 5822 ob
1554 5763 1840 5841 desertum
1865 5763 2236 5841 vadimonium

657 5837 929 5898 damnari.
964 5837 1332 5896 l’otestetiam
1360 5841 1520 5902 verti,
1545 5840 1741 5894 indicta
1777 5854 1936 5894 causa
1962 5837 2234 5897 damnari,

2339 3677 2486 3746 quod
2536 3690 2639 3732 nos
2671 3675 2936 3743 fecimus;
2985 3684 3183 3731 neuter
3228 3675 3373 3730 enim
3402 3715 3417 3738 .
3452 3684 3507 3732 et
3540 3677 3634 3746 qui
3665 3677 3917 3732 vadimo-

2341 3748 2494 3818 nium
2529 3747 2810 3809 deseruit,
2847 3757 2903 3800 et
2936 3747 3041 3818 qui
3093 3761 3310 3801 causam
3347 3761 3456 3818 non
3508 3747 3682 3818 dixit,
3716 3748 3782 3801 ad
3824 3748 3916 3818 ju-

2343 3817 2544 3870 dicium
2577 3825 2896 3886 comparet;
2935 3816 3005 3870 ita
3039 3826 3269 3886 uterque
3307 3817 3524 3869 videtur
3575 3816 3912 3883 deseruisse,

2342 3886 2444 3940 etsi
2475 3888 2613 3940 alter
2656 3885 2782 3940 reus
2826 3895 2910 3955 est
2938 3926 2949 3947 ,
2985 3889 3074 3953 qui
3117 3885 3439 3955 vadimonio
3481 3900 3540 3940 se
3603 3887 3911 3955 obligavit;

2343 3955 2502 4009 alteri
2531 3956 2590 4010 [it
2620 3955 2836 4024 injuria.
2870 3952 3076 4008 Seneca
3109 3952 3292 4008 Medea
3328 3971 3347 4008 :

2451 4047 2552 4111 Qui
2585 4047 2770 4101 statuit
2805 4046 3009 4116 aliquid
3043 4057 3194 4116 parte
3227 4048 3468 4099 inaudita
3501 4050 3673 4101 altera
3705 4085 3722 4111 ,

2447 4117 2679 4185 «Equum
2711 4117 2822 4171 licet
2851 4118 3126 4176 statuerit,
3155 4117 3295 4168 haud
3327 4132 3503 4186 a'quur
3534 4117 3653 4185 fuit.

2418 4229 2529 4298 (50)
2571 4227 2681 4282 llac
2710 4226 3037 4298 proverbiali
3072 4214 3370 4295 hyperbofe
3407 4228 3580 4280 utitur
3615 4244 3722 4282 non
3759 4243 3910 4283 raro.

2344 4297 2496 4354 Licet
2528 4299 2693 4353 etiam
2727 4297 2960 4351 reddere
2986 4335 3001 4360 ,
3037 4312 3322 4366 pronuper,
3371 4299 3669 4365 nuperrime
3693 4336 3708 4361 ,
3747 4299 3910 4367 paulo

2342 4378 2492 4430 ante,
2518 4370 2649 4422 lteri.

2416 4440 2530 4508 (51)
2572 4439 2823 4508 Verbum
2873 4439 3232 4508 προσκυνεῖν,
3302 4436 3558 4508 adorare.
3625 4435 3678 4489 in
3727 4450 3916 4508 sacro-

2345 4505 2549 4564 sanctis
2616 4505 2969 4576 profanisque
3040 4505 3240 4558 litteris
3293 4507 3631 4576 creberrime
3688 4507 3754 4558 ad
3805 4506 3905 4560 ho-

2343 4580 2556 4641 mines,
2607 4575 2700 4644 qui
2756 4575 2834 4628 dii
2900 4590 3008 4627 non
3075 4585 3229 4635 sunt,
3295 4575 3760 4638 accommodatur,
3828 4576 3913 4629 di-

2341 4658 2653 4716 cunturque
2693 4645 3160 4716 προσκυνεῖσθαι,
3216 4645 3467 4703 adorari,
3519 4645 3571 4696 id
3622 4657 3740 4716 est,
3794 4645 3912 4697 sin-

2341 4717 2514 4788 gulari
2561 4714 2820 4788 ιιυειιιειιιιΔ
2851 4714 3242 4788 veneratione.
3289 4728 3532 4788 corpore
3581 4715 3647 4765 ad
3702 4723 3904 4788 terram

2343 4781 2654 4846 incurvato,
2685 4783 2854 4852 allici.
2889 4781 3170 4852 Summissi
3197 4785 3416 4852 petimus
3466 4792 3682 4846 terram,
3732 4783 3914 4852 inquit

2339 4857 2542 4912 ᾹΞιιρίιε
2566 4855 2660 4908 lib.
2693 4869 2751 4906 ιιι
2794 4851 3008 4904 Αέηείιῑ.
3042 4851 3212 4915 Quem
3245 4851 3503 4903 adorandi
3573 4855 3793 4904 modum
3856 4863 3914 4906 et

2339 4941 2551 4992 gestuin
2583 4922 2855 4991 expressit
2889 4923 3261 4992 pulcherrime
3293 4919 3689 4992 Tltemistocles
3713 4962 3726 4984 ,
3775 4922 3909 4975 dum

2341 4991 2521 5065 regem
2566 4995 2851 5065 Persarum
2885 5006 2983 5058 per
3014 4991 3416 5065 simulationem
3471 4991 3740 5042 adoravrt.
3789 4993 3907 5065 A_n-

2341 5059 2529 5119 uulum
2560 5063 2706 5116 enim
2742 5061 2939 5113 cadere
2999 5059 3262 5127 permisit,
3334 5074 3517 5125 quem,
3565 5076 3688 5112 cum
3724 5076 3782 5113 se
3819 5060 3908 5113 iu-

2339 5138 2548 5195 clinaus
2585 5135 2836 5191 levasset,
2876 5131 3024 5182 visus
3057 5140 3141 5182 est
3172 5144 3272 5180 suo
3299 5143 3524 5180 munere
3558 5128 3901 5196 perfunctus.

2339 5207 2536 5260 Noster
2571 5215 2788 5271 quoque
2816 5201 2949 5271 satis
2976 5203 3122 5253 clare
3151 5197 3294 5271 libro
3324 5212 3372 5271 _u
3423 5213 3542 5265 cap.
3572 5197 3636 5262 5,
3671 5200 3763 5252 ubi
3798 5200 3912 5253 Ta-

2342 5268 2664 5328 iuerchaues
2695 5269 2938 5338 Phrygiae
2979 5279 3195 5336 satrapa
3213 5269 3288 5338 ad
3323 5268 3706 5338 imperatorem
3736 5272 3911 5324 venit.

2341 5345 2474 5398 l‘iam
2507 5344 2573 5396 de
2599 5342 2717 5410 ejus
2748 5336 3046 5393 comitibus
3074 5337 3369 5410 l’ersis,_Ut
3405 5337 3502 5404 μὲν
3530 5336 3678 5390 ἄλλοι
3711 5340 3916 5410 πάντες

2341 5413 2557 5469 άπωθεν
2619 5406 2708 5462 τον
2783 5410 3003 5478 βασιλέα
3061 5406 3471 5478 προσεκύνουν,
3511 5410 3608 5467 τὰς
3669 5409 3915 5475 κεφαλὰς

2341 5486 2654 5552 ἐρείσαντες
2680 5475 2902 5544 ἐπ’ίτὴν
2938 5481 3078 5544 γῆνο
3122 5475 3312 5552 Ca’teri
3348 5475 3550 5541 quidem
3591 5491 3768 5530 omnes
3807 5479 3913 5531 im-

2341 5547 2636 5623 peratorem
2662 5590 2690 5623 ,γ
2731 5557 3038 5623 antequam_
3074 5547 3560 5623 appmpi_nquare_nt
3587 5584 3601 5602 .
3645 5549 3912 5623 capitibus

2341 5616 2484 5677 humi
2524 5620 2795 5675 submissis
2828 5617 3235 5670 venerabantur.
3293 5616 3396 5686 ista
3449 5619 3695 5686 adot‘alio
3741 5618 3912 5672 etiam

2344 5693 2503 5748 hodie
2533 5691 2791 5744 Barbaris
2839 5687 2890 5740 in
2927 5701 3081 5740 more
3129 5695 3236 5740 est.
3288 5685 3405 5738 Non
3459 5685 3623 5754 igitur
3677 5689 3916 5740 verebor

2341 5763 2668 5833 προσκυνεῖν
2735 5773 3056 5828 exponere,
3108 5756 3377 5823 adorare,
3451 5769 3576 5808 cum
3651 5771 3740 5810 res
3799 5767 3917 5811 tam

2341 5831 2528 5890 auerta
2565 5831 2653 5887 sit.
