4222 6442
261 459 334 527 73

1434 456 1968 516 IIISTORIARUM
2015 459 2237 515 LIBER
2281 458 2317 516 i.

3419 451 3487 514 76

262 571 444 638 λήλοις
485 567 820 634 συγγενικῶν
859 567 1106 635 αἱμάτων
1137 566 1515 634 ἐμπλησθῆναι
1551 569 1644 620 καὶ
1678 567 1816 633 φιλι-
1852 572 1892 624 Λ
1925 583 1929 618 ε

1852 572 1892 624 Α
1925 567 2068 618 sario
2099 567 2420 619 seditionem
2467 567 2518 618 in
2573 565 2801 633 imperio
2835 564 3193 638 evorituram.
3221 581 3368 618 arma
3404 582 3489 620 ar-

261 660 537 724 xd’w;l{a\
572 659 646 711 ὲῶ
675 659 966 727 λεηλασίας
997 659 1090 711 καὶ
1122 661 1462 728 πραγμάτων
1492 661 1716 728 φθοράς,
1760 661 1820 710 ὲν

259 745 350 812 αἷς
385 749 786 819 διαφθεροῦμεν
819 749 918 810 τὴν
961 749 1167 802 οἰκείαν
1205 750 1278 810 ῶς
1319 749 1601 817 πολεμίαν.
1638 749 1702 802 Τί
1725 745 1820 801 οὖν

259 839 327 889 ἄν
355 854 439 899 τις
497 835 846 904 βουλεύσαιτο
899 837 1033 906 πρὸς
1097 837 1363 904 τοσαύτην
1405 837 1820 890 ἀνακύπτουσαν

261 929 500 996 βλάστην
531 929 749 994 κακῶν;
779 929 851 982 Τὸ
877 929 974 997 μὲν
1005 931 1113 999 γὰρ
1144 930 1235 981 τὸν
1264 931 1382 980 νέον
1406 929 1631 997 βασιλέα
1669 943 1822 996 περι.

261 1021 394 1073 ιδετν
440 1020 611 1078 οὕτως
672 1020 731 1082 ἐξ
787 1020 1045 1088 οὐδεμιᾶς
1095 1019 1273 1082 αἰτίας
1307 1019 1822 1090 προπηλακισθέντα

258 1112 354 1163 καὶ
378 1110 476 1180 τὴν
507 1108 795 1177 βασιλείαν
826 1109 1212 1179 ἀφαιρεθέντα,
1248 1110 1375 1170 ἴσως
1399 1110 1455 1162 δὲ
1489 1109 1580 1162 καὶ
1612 1108 1736 1178 περὶ
1763 1111 1822 1160 τὸ

257 1203 360 1272 ζῇν
402 1202 836 1261 κινδυνεύσοντα.
862 1200 1016 1253 οὐδὲν
1049 1200 1238 1268 ἔμοιγε
1270 1197 1432 1271 ἦττον
1465 1200 1719 1252 θανάτου.
1751 1199 1822 1252 Τὸ
1881 1214 1889 1222 ’

254 1293 301 1345 δ’
331 1289 398 1346 αὖ
432 1292 596 1344 πάλιν
621 1291 724 1360 πρὸ
746 1290 840 1343 τοῦ
865 1291 1236 1360 προσήκοντος
1269 1290 1461 1359 χρόνου
1498 1289 1634 1358 πρὸς
1667 1289 1825 1341 πόλε-

260 1402 362 1453 μον
419 1384 671 1451 ἑτοίμους
704 1383 964 1450 ὀφθῆναι,
1023 1383 1098 1443 ὡς
1131 1382 1309 1433 δοκεῖν
1347 1382 1442 1432 καὶ
1485 1383 1597 1442 τοῖς
1626 1380 1824 1445 ἔξωθεν

256 1476 456 1536 αὐτοὺς
505 1476 654 1543 ἡμᾶς
715 1473 1028 1541 ἐξεπίτηδες
1088 1472 1181 1524 τὸν
1240 1469 1480 1541 βασιλέα
1533 1471 1825 1540 παρορμᾷ-ι

259 1567 397 1634 πρὸς
444 1563 782 1618 ἀποστασίαν
833 1563 929 1615 τοῦ
965 1563 1192 1615 πάππου
1221 1549 1323 1614 ’καὶ
1348 1561 1634 1630 βασιλέως,
1663 1563 1826 1613 ἀδουο

256 1658 378 1718 λίας
407 1651 553 1709 εἶναί
586 1673 675 1724 μοι
708 1655 856 1707 δοκεῖ
882 1655 980 1722 τῆς
1008 1654 1264 1724 ἐσχάτης.
1309 1653 1466 1720 Ἐγὼ*
1486 1656 1593 1724 γὰρ
1642 1653 1828 1706 τοσού-

256 1766 354 1802 του
387 1750 492 1802 δέω
520 1748 658 1818 πρὸς
690 1748 1033 1801 ἀποστασίαν
1063 1747 1158 1798 τοῦ
1187 1746 1451 1814 βασιλέως
1488 1747 1584 1798 τὸν
1607 1746 1826 1813 ἔγγονον

260 1840 430 1894 αὑτοῦ
460 1841 557 1894 καὶ
590 1839 815 1910 βασιλέα
843 1841 1192 1911 παρακινεῖν,
1215 1840 1378 1904 ὥστε,
1407 1839 1500 1892 καί
1530 1857 1611 1892 τοι
1640 1841 1830 1892 τοῦτον

260 1933 408 1986 πάνυ
439 1931 636 2001 φιλῶν,
669 1931 761 1984 καὶ
795 1931 868 1992 ὠς
895 1932 1027 1999 ὁρᾷς
1051 1930 1270 1998 ἕτοιμος
1302 1931 1378 1982 ῶν
1407 1931 1500 1984 καὶ
1531 1930 1630 1999 τὴν
1651 1931 1827 1999 ψυχὴν

261 2024 435 2092 αὐτὴν
463 2024 607 2092 ὑπὲρ
635 2021 801 2077 αὑτοῦ
839 2022 1126 2092 προέσθαι,
1164 2019 1226 2074 εὖ
1257 2022 1369 2074 ίσθι
1401 2022 1610 2089 σαφῶς,
1640 2023 1739 2074 οὐκ
1763 2021 1830 2074 ἂν

260 2116 410 2184 αὐτῷ
449 2113 763 2183 συνέπραξα
794 2114 930 2184 πρὸς
956 2113 1130 2180 οὐδὲν,
1165 2115 1218 2166 εί
1247 2131 1309 2180 γε
1336 2113 1433 2182 τῆς
1464 2113 1639 2183 ἀρχῆς
1664 2114 1830 2165 αὑτὸν

259 2206 450 2275 έὼρων
510 2199 964 2274 προθυμούμενον
1014 2204 1387 2273 ἀποστερῆσαι
1440 2203 1532 2256 τὸν
1608 2203 1833 2272 βασιλέα

262 2298 619 2367 χρησάμενον
671 2295 960 2365 πλεονεξίᾳ
1014 2296 1110 2347 καὶ
1167 2295 1414 2364 ἁρπαγῇ.
1447 2289 1554 2348 Ἦν
1615 2297 1722 2363 γὰρ
1767 2293 1832 2346 ἂν

263 2392 474 2451 ἐκεῖνος
504 2391 604 2458 μὲν
631 2389 783 2442 οὐδὲν
811 2388 1088 2458 διαφέρων
1123 2385 1510 2456 ’Λὸεσσαλὼμ,
1546 2386 1834 2455 ’Δχιτόφελ

263 2482 310 2534 δ’
341 2481 474 2549 ἐγώ.
508 2479 814 2549 Τοιγαροῦν
844 2478 1150 2548 ἐπειδήπερ
1193 2479 1273 2540 εἰς
1315 2477 1574 2548 τοιαύτην
1605 2477 1839 2545 συνηλά-

267 2573 449 2644 θημεν
482 2574 735 2640 ἀνάγκην
773 2569 1163 2642 πραγμάτων,
1200 2572 1310 2623 δεῖν
1368 2566 1508 2622 εἶναι
1539 2570 1745 2638 νομίζω
1778 2569 1838 2621 τὸ

271 2663 442 2732 μέσον
461 2662 777 2731 ἑλομένους,
811 2663 1092 2730 ἑκατέρων
1120 2659 1456 2730 ἀποσχέσθαι
1484 2659 1590 2712 τῶν
1619 2659 1804 2734 ἀκρέων
1823 2675 1839 2692 ·

269 2758 367 2810 καὶ
400 2757 528 2826 μήτ’
587 2755 807 2822 ἀμελῶς
837 2754 979 2808 πάνυ
1024 2755 1118 2806 καὶ
1173 2753 1720 2825 ῥᾳθύμως-διάγειν,
1765 2753 1840 2814 ὡς

274 2847 506 2916 μηδενδς
535 2846 987 2917 προσδοκωμένου
1013 2845 1213 2910 δεινοῦ,
1249 2845 1375 2914 μήτ’
1405 2844 1473 2898 αὖ
1505 2844 1666 2897 πάλιν
1709 2846 1844 2896 ἀπε·

276 2939 592 3010 ρισκέπτως
631 2938 776 2991 οὕτω
816 2938 912 2992 καὶ
942 2936 1189 3009 θρασέως
1222 2937 1290 2990 τὰ
1332 2936 1594 2990 δοκοῦντα
1619 2937 1843 3006 ’συμφέ-

276 3047 444 3098 ροντα
482 3030 761 3100 πράττειν.
791 3030 962 3083 Τοῦτο
1001 3028 1059 3079 δὲ
1089 3028 1289 3094 γένοιτ’
1321 3028 1408 3097 ᾂν,
1447 3029 1581 3096 εἴγε
1614 3029 1712 3098 τὴν
1747 3029 1845 3098 μὲν

273 3121 731 3190 προσδοκωμένην
770 3119 946 3188 φλόγα
993 3120 1100 3171 τῶν
1129 3121 1450 3188 πειρασμῶν
1512 3119 1844 3188 σϐεννύομεν

1924 657 2025 708 mis
2052 672 2385 710 concursura
2416 671 2429 708 :
2459 668 2622 724 atque
2656 656 2794 711 Laud
2818 636 3152 723 aliterquam
3177 673 3268 724 per
3290 671 3488 710 ca-cam

1923 758 2137 800 noctem
2190 758 2444 802 conserto
2495 749 2714 816 praelio,
2767 748 3088 814 sublatoque
3133 748 3185 800 in
3249 747 3490 802 tenebris

1923 839 2264 899 discrimine,
2328 847 2576 891 mutuum
2638 841 2940 896 invasuros.
2995 853 3060 891 ex
3132 850 3490 907 cognatorum

1923 931 2334 998 amicorumque
2370 929 2833 987 trucidationibus
2873 931 3044 982 multo
3081 931 3343 998 sanguine
3371 946 3490 982 sese

1923 1021 2310 1075 cruentautcs?
2341 1020 2491 1076 Mitto
2513 1022 2936 1089 direptiones-ae
2959 1023 3258 1084 vastitates,
3291 1023 3494 1090 quibus

1924 1109 2258 1177 provinciam
2297 1119 2538 1162 nostram
2571 1110 2796 1176 perinde
2831 1118 2890 1162 ut
2921 1110 3172 1162 lmstilem
3213 1111 3494 1177 regionem

1925 1201 2368 1255 del'ormabimus.
2441 1201 2580 1265 Quid
2645 1216 2776 1267 ergo
2829 1204 3092 1253 adversus
3145 1210 3492 1254 enascentem

1928 1299 2032 1343 tam
2068 1292 2361 1344 multorum
2401 1294 2868 1346 incommodorum
2895 1294 3243 1362 propaginem
3265 1293 3495 1346 remedii

1924 1382 2394 1451 excogitabimus?
2448 1385 2574 1437 Mihi
2606 1401 2735 1438 sane
2782 1387 3057 1454 juniorem
3107 1387 3494 1454 imperatorem

1927 1474 2073 1526 nulla
2109 1489 2206 1528 sua
2239 1477 2394 1544 culpa
2432 1487 2539 1530 tam
2566 1478 2929 1545 ignominiosc
2957 1478 3227 1540 habitum,
3265 1487 3320 1530 et
3372 1493 3496 1530 cum

1928 1564 2162 1633 imperio
2198 1569 2360 1619 vitam
2392 1583 2611 1637 quoque
2663 1569 2834 1636 ipsam
2887 1569 3114 1621 fortasse
3163 1568 3496 1621 amissurum

1927 1656 2220 1724 negligere.
2255 1659 2446 1710 mortis
2482 1659 2654 1712 instar
2686 1669 2791 1712 est.
2820 1660 3057 1712 Rursum
3113 1672 3239 1712 ante
3285 1669 3502 1726 tempus

1929 1743 1994 1797 ad
2025 1744 2226 1798 bellum
2249 1755 2592 1814 comparatos
2619 1762 2903 1815 apparere,
2935 1759 2991 1800 nt
3023 1747 3089 1800 ab
3118 1749 3320 1802 exteris
3362 1764 3502 1817 quo-

1930 1850 2037 1904 que
2068 1835 2136 1888 de
2167 1846 2450 1906 compacto
2474 1847 2728 1906 nepotem
2773 1840 2838 1890 ad
2887 1839 3246 1892 defectionem
3292 1839 3359 1892 ab
3399 1853 3503 1892 avo

1929 1926 2224 1980 sollicitare
2253 1928 2654 1994 existimemur,
2683 1929 2735 1982 id
2759 1944 2858 1998 ego
2881 1930 2933 1982 in
2956 1944 3168 1984 summa
3198 1921 3504 1985 temeritate

1930 2035 2200 2074 numero:
2247 2029 2303 2075 et
2358 2021 2425 2074 ab
2499 2037 2562 2076 ea
2634 2012 2819 2075 mente
2884 2031 3093 2075 tantum
3165 2024 3355 2076 absum
3419 2034 3502 2081 ut.

1934 2109 2185 2177 quamvis
2240 2111 2643 2164 adolescentem
2704 2111 2859 2164 valde
2913 2126 3090 2165 amem
3167 2112 3506 2180 cbarumqne

1935 2199 2189 2263 habeam,
2224 2209 2280 2255 et
2311 2209 2370 2254 ut
2398 2201 2570 2263 vides,
2599 2202 2776 2270 ipsum
2825 2202 3050 2270 insuper
3081 2216 3282 2269 corpus
3323 2217 3504 2256 meum

1935 2290 2055 2358 ejus
2119 2305 2281 2345 causa
2331 2291 2600 2362 projicere
2659 2307 2767 2344 non
2819 2306 3089 2355 recusem,
3148 2301 3328 2347 tamen
3388 2292 3510 2361 (pro

1938 2389 2088 2434 certo
2116 2382 2309 2436 credas
2333 2381 2520 2452 velim)
2554 2398 2661 2436 non
2710 2383 2759 2436 ei
2811 2399 2894 2436 me
2947 2385 3157 2452 uspiam
3202 2385 3508 2452 adjutorem

1939 2484 2004 2524 ac
2061 2471 2271 2524 socium
2324 2472 2667 2540 praeberem,
2722 2473 2766 2526 si
2819 2474 2886 2526 ad
2961 2489 3120 2526 avum
3195 2475 3507 2543 principatu

1943 2576 2037 2629 per
2091 2562 2374 2615 avaritiam
2405 2570 2460 2614 et
2492 2563 2712 2630 rapinas
2758 2563 3145 2631 depellendum
3192 2564 3512 2619 incumbere

1942 2652 2456 2707 animadverteram.
2519 2653 2610 2706 Sic
2654 2654 2799 2707 enim
2848 2655 2960 2722 ipse
3016 2654 3360 2719 Absalonem,
3409 2671 3512 2726 ego

1943 2744 2359 2813 Acbitopltelem
2392 2745 2678 2799 induerem
2707 2745 2745 2798 ί.
2783 2746 3051 2810 Quoniam
3086 2747 3253 2815 igitur
3275 2747 3331 2800 in
3355 2748 3511 2801 istatn

1945 2819 2322 2887 necessitatem
2378 2832 2716 2894 devenimus,
2790 2835 2858 2888 ad
2937 2833 3175 2888 oIIicium
3235 2837 3514 2903 pertinere

1941 2924 2150 2994 judico,
2201 2925 2384 2980 vitalis
2442 2926 2725 2989 extremis,
2757 2926 2810 2980 in
2849 2927 3031 2982 medio
3089 2929 3431 2985 consistere:
3461 2939 3517 2985 et

1947 3015 2124 3086 neque
2188 3017 2450 3072 dissolute
2515 3018 2812 3073 admodum
2901 3034 2964 3072 ac
3023 3019 3295 3074 desidiose
3347 3023 3515 3075 vitam

1948 3105 2206 3170 transire,
2275 3109 2432 3177 quasi
2487 3109 2624 3162 nihil
2695 3124 2858 3179 grave
2918 3109 3321 3164 formidandum
3377 3114 3451 3167 sit
3501 3133 3514 3168 :

271 3216 372 3283 ὅση
401 3215 652 3283 δύναμις,
683 3215 896 3267 συνέσει
950 3213 1220 3282 χρώμενοι
1255 3214 1349 3265 καὶ
1393 3212 1648 3281 εὐϐουλίᾳ
1672 3228 1686 3243 ·
1751 3211 1843 3264 τὸν
1873 3218 1914 3274 C

1873 3214 2128 3274 Cneque
2195 3200 2266 3253 ita
2342 3201 2742 3256 inconsiderate
2809 3212 2863 3258 et
2926 3204 3187 3260 audacter
3270 3207 3517 3275 provisas

277 3307 398 3359 νέον
457 3307 513 3358 δὲ
553 3306 780 3375 βασιλέα
845 3305 1260 3375 καταστήσομεν
1320 3305 1379 3358 ὲν
1435 3305 1727 3376 ἀσφαλείᾳ,
1769 3305 1844 3367 ὡς

278 3398 488 3467 μτδένα
522 3398 764 3451 κίνδυνον
794 3391 1127 3466 ὑφορᾶσθαι,
1149 3398 1215 3451 ἂν
1241 3397 1338 3466 τῆς
1368 3396 1656 3468 θαλάσσης
1686 3399 1847 3450 ἐκτα-

277 3489 576 3561 ραχθείσης
619 3488 678 3541 τδ
710 3489 1002 3541 κλυδώνιον
1053 3487 1350 3559 ὑπερζέσῃ.
1385 3489 1446 3540 El
1491 3488 1602 3558 μὲν
1627 3484 1724 3542 οὖν
1749 3491 1848 3551 ei;

276 3583 552 3652 ἡμετέρας
595 3597 653 3632 τε
691 3583 787 3633 καὶ⁷
816 3580 1033 3633 πάντων
1064 3579 1350 3649 Ῥωμαίων
1379 3581 1656 3650 ἁμαρτίας
1683 3581 1782 3634 ὑπε
1794 3599 1850 3651 ρο

280 3671 406 3726 ιδὼν
434 3675 462 3724 ὁ
502 3672 630 3735 Θεὸς
661 3671 865 3725 ἄνωθεν
914 3670 1242 3722 κατασϐέσει
1283 3671 1384 3736 τὴν
1438 3687 1516 3740 πρ
1545 3671 1852 3740 οσδοκωμέ-

279 3783 380 3834 νην
412 3765 588 3833 φλόγα
621 3765 729 3816 τῶν
782 3761 1128 3832 πειρασμῶν,
1173 3765 1272 3830 τὴν
1304 3762 1534 3828 καρδίαν
1576 3763 1672 3816 τοῦ
1702 3767 1854 3833 βασι-

280 3859 420 3919 λέως
453 3856 671 3908 εὐθεῖαν
693 3854 1147 3922 ἀπεργασάμενος
1174 3852 1312 3921 πρὸς
1340 3851 1564 3920 βασιλέα
1589 3853 1681 3906 τὸν
1709 3855 1849 3916 νέον,

282 3949 490 4018 συχνὰς
517 3947 666 4016 αὐτῷ
689 3947 960 4016 προσήκει
995 3945 1224 4016 χάριτας
1253 3945 1536 4014 ὁμολογεῖν
1563 3947 1854 4017 ῥυσαμένῳ

283 4044 394 4094 τῶν
428 4039 748 4110 συμφορῶν.
781 4038 844 4090 Et
875 4038 922 4091 δ’
961 4034 1052 4102 αὖ,
1087 4037 1116 4091 ὃ
1149 4038 1224 4108 μὴ
1258 4039 1491 4106 γένοιτο,
1523 4039 1609 4091 ἵνα
1644 4039 1853 4093 πολλῶν

284 4132 478 4185 κακῶν
509 4132 703 4200 πεῖραν
737 4129 995 4200 Ῥωμαῖοι
1026 4129 1286 4193 λάδωσιν,
1320 4131 1354 4200 ἡ
1384 4130 1532 4201 ψυχὴ
1575 4130 1848 4201 σκληρυνι

285 4224 444 4276 θεῖσα
473 4222 569 4276 τοῦ
626 4221 896 4291 βασιλέως
925 4222 1225 4290 ἀνήκεστόν
1251 4238 1306 4274 τι
1339 4220 1690 4291 βουλεύσεται
1729 4224 1855 4294 περὶ

285 4318 382 4371 τοῦ
442 4317 708 4384 ὲγγόνου,
779 4315 890 4369 τότ’
951 4316 1052 4386 ἤδη
1115 4317 1183 4384 τῇ
1241 4315 1855 4386 προκατασκευασθείσῃ

284 4409 564 4480 ἀσφαλείᾳ
618 4407 709 4460 τὸν
768 4409 886 4461 νέον
936 4407 1154 4476 θέμενοι
1191 4407 1439 4477 βασιλέα,
1487 4405 1633 4459 οὕτω
1673 4408 1855 4477 χωρή-

287 4519 460 4570 σομεν
491 4499 627 4570 πρὸς
667 4501 728 4552 τὸ
772 4499 1057 4566 πράττειν,
1092 4502 1186 4551 τὸν
1228 4497 1360 4550 Θεὸν
1414 4499 1857 4568 προστησάμενοι

1951 3288 2210 3344 utilitates
2241 3291 2516 3361 persequi.
2550 3293 2606 3346 ld
2656 3308 3074 3361 consequemur.
3120 3299 3164 3351 si
3213 3298 3518 3354 imminenti

1951 3370 2313 3435 tentationum
2377 3381 2606 3437 ﬂamma:
2641 3385 2854 3440 consilii
2905 3387 3218 3455 prudentia,
3251 3401 3519 3458 quantum

1947 3470 2004 3524 in
2037 3461 2197 3526 nobis
2241 3483 2344 3540 est,
2398 3477 2826 3543 occurrerimus,
2877 3479 3243 3548 juvencmque
3290 3481 3524 3550 impera-

1952 3570 2125 3618 torem
2161 3563 2215 3618 in
2248 3568 2545 3634 tranquillo
2571 3583 2634 3621 ac
2673 3578 2789 3622 tuto
2821 3581 2978 3638 portu
3019 3572 3470 3628 constituerimus
3505 3591 3518 3627 :

1951 3657 2303 3724 ut,quamvis
2349 3657 2548 3709 iratum
2601 3659 2826 3726 pelagus
2866 3670 3046 3713 vastos
3077 3661 3146 3716 ad
3194 3662 3379 3715 littora
3419 3664 3520 3732 l7

1950 3743 2154 3800 ﬂuctus
2181 3747 2435 3812 volverit,
2469 3749 2586 3818 ipse
2617 3752 2886 3820 cujusque
2931 3754 3156 3821 periculi
3199 3755 3393 3808 timore
3435 3771 3526 3808 va-

1951 3849 2056 3894 cet.
2096 3840 2250 3906 Quod
2282 3843 2326 3897 si
2356 3844 2498 3896 Deus
2524 3852 2707 3897 nostra
2744 3845 3224 3915 Romanorumque
3277 3848 3522 3901 omnium

1953 3933 2185 3987 admissa
2245 3934 2556 4002 despiciens
2603 3935 2712 4003 (52)
2765 3951 2830 3988 ac
2886 3935 3259 4001 dissimulans,
3330 3939 3524 3992 formi-

1954 4023 2142 4077 datum
2185 4025 2286 4080 hoc
2317 4026 2594 4078 malorum
2629 4026 2938 4080 incendium
2993 4029 3210 4082 coalitus
3251 4044 3527 4098 compres-

1956 4115 2128 4180 serit;
2157 4115 2225 4179 si,
2263 4115 2508 4184 inqnam,
2537 4131 2633 4169 cor
2663 4116 2810 4170 senis
2845 4131 2971 4187 erga
3005 4128 3258 4186 nepotem
3311 4130 3524 4174 rectum

1955 4213 2012 4260 et
2037 4205 2281 4260 sedatum
2313 4207 2650 4275 praestiterit,
2683 4207 2905 4261 crebras
2942 4210 2990 4263 ei
3026 4211 3225 4277 gratias
3252 4226 3351 4278 pro
3389 4213 3532 4265 cala-

1958 4297 2210 4351 mitatum
2264 4298 2580 4352 amolitione
2626 4298 2969 4354 debebimus.
3004 4302 3098 4355 Sin
3141 4310 3330 4356 contra
3361 4303 3528 4372 (quod

1961 4391 2102 4445 idem
2147 4390 2291 4445 Deus
2323 4388 2773 4458 averruncet),ail
2818 4391 3091 4446 Romanos
3144 4394 3332 4447 multis
3378 4397 3532 4450 nnlis

1960 4482 2274 4536 atterendos
2311 4481 2531 4537 animus
2579 4483 2698 4552 ejus
2749 4482 3095 4547 obduruerit,
3135 4493 3192 4538 et
3240 4486 3533 4540 immanius

290 4554 552 4663 μάρτυρα
573 4554 673 4661 ei};
699 4554 934 4655 ἀδικίας,
965 4554 1060 4642 καί
1101 4590 1211 4644 τῶν
1235 4554 1636 4662 πραττομένων
1671 4554 1860 4654 ὲὲετα-
1893 4554 1935 4610 D

1893 4554 1935 4610 θ
1965 4573 2021 4626 in
2053 4581 2305 4642 nepotem
2346 4573 2703 4636 consuluerit,
2740 4583 2854 4626 tum
2890 4575 2998 4644 jam
3028 4591 3094 4628 eo
3137 4576 3189 4628 in
3229 4577 3532 4647 praeparata

288 4689 449 4758 στήν.

368 4981 386 5012 ⁸
421 4975 465 5034 ll
503 4979 633 5046 Reg.
668 4993 733 5032 xv
761 4987 812 5031 et
848 4993 1001 5048 seqq.

1968 4662 2076 4717 loci
2103 4665 2396 4718 securitate
2420 4662 2707 4724 collocato.
2733 4662 2979 4716 divinum
3006 4679 3206 4717 numen
3236 4664 3535 4732 impietatis

1973 4759 2296 4829 iujuriaque
2352 4766 2568 4820 testem,
2638 4755 3018 4825 factorumque
3068 4757 3423 4826 interpretem
3481 4764 3538 4812 ct

1970 4851 2208 4921 iudicem
2239 4849 2400 4904 nobis
2427 4847 2814 4919 propo'nentes,
2847 4849 2998 4917 Operi
3023 4849 3392 4916 accingcmur.

1568 5069 1783 5131 Jacobi
1819 5071 2082 5131 Pontani
2121 5076 2304 5130 none.

369 5196 486 5265 (5‘2)
526 5195 608 5250 Ad
635 5194 816 5249 locum
851 5193 1003 5248 Pauli
1028 5194 1240 5258 alludit,
1274 5195 1462 5265 Actor.
1496 5211 1628 5258 xvn,
1651 5197 1703 5250 in
1739 5211 1871 5250 con-

293 5262 478 5323 cinne—
517 5266 583 5336 ad
633 5265 1166 5336 Areopagitas_Toi§
1219 5266 1318 5333 μὲν
1364 5262 1456 5319 οὖν
1503 5267 1728 5336 χρόνους
1773 5266 1872 5336 τὴς

298 5337 530 5404 ἀγνοίας
558 5333 828 5402 ὑπεριδὼν
854 5333 885 5386 ὃ
914 5334 1066 5404 Θεός.
1105 5333 1172 5386 Et
1204 5343 1438 5404 tempora
1479 5335 1685 5404 quidem
1716 5333 1872 5404 hujus

298 5402 655 5476 ignorantiae
680 5405 963 5476 despiciens
1007 5402 1165 5476 Deus.
1198 5402 1497 5474 Subjungit
1534 5415 1741 5476 noster,
1773 5402 1874 5474 τὴν

299 5473 538 5542 έαρδὲαν
567 5473 663 5526 τοῦ
703 5473 967 5543 βασιλέως
999 5473 1213 5526 εὐθεῖαν
1261 5473 1740 5542 ἀπεργασάμενος.
1786 5491 1876 5526 σον

299 5546 636 5613 imperatoris
682 5553 875 5597 rectum
921 5553 1210 5611 protelans,
1253 5545 1342 5598 ubi
1390 5545 1552 5597 alium
1608 5543 1785 5598 locum
1821 5545 1875 5597 in

304 5625 494 5668 mente
528 5614 853 5682 habuit,qui
887 5622 971 5666 est
1000 5614 1184 5666 Actor.
1207 5630 1321 5667 vnn.
1351 5613 1615 5666 Sic.enim
1652 5622 1876 5674 sanctus

306 5685 509 5738 Petrus
532 5685 598 5737 ad
631 5683 912 5737 Simonem
940 5721 954 5742 ,
1001 5682 1181 5737 oblata
1227 5683 1452 5750 pecunia
1487 5699 1582 5749 per
1613 5697 1873 5736 manuutu

308 5754 720 5822 impositioucm
775 5753 1016 5823 Spiritus
1076 5754 1248 5808 saneti
1299 5751 1737 5808 communicandi
1774 5766 1872 5820 po-

597 5948 867 6008 ΡΑτιιοι..
919 5947 1038 6006 Gn.
1072 5947 1273 6007 CLIII.

1976 5207 2226 5253 testatem
2283 5197 2384 5251 sibi
2439 5191 2663 5250 concedi
2726 5200 3032 5262 petentem,
3095 5190 3157 5262 ’ῌ
3191 5190 3300 5262 γὰρ
3347 5191 3543 5262 καρδία

1977 5285 2071 5320 σου
2120 5269 2220 5320 οὐκ
2278 5267 2426 5320 ἐστιν
2480 5265 2664 5317 εὐθεῖα
2717 5260 2948 5314 ἐνώπιον
2995 5260 3131 5314 Θεοῦ
3167 5278 3178 5290 ·
3250 5260 3354 5314 Cor
3403 5261 3542 5312 enim

1978 5346 2123 5391 tuum
2174 5354 2278 5390 non
2323 5345 2397 5390 est
2439 5343 2638 5387 rectum
2669 5349 2849 5386 coram
2901 5330 3028 5384 Deo.
3066 5329 3185 5384 Non
3237 5331 3382 5383 enim
3416 5345 3542 5382 sen-

1979 5407 2168 5460 tentiis
2202 5400 2384 5480 _inodo
2431 5407 2657 5480 integris
2709 5401 3036 5480 divinarum
3073 5398 3420 5480 Litterarum.
3455 5399 3544 5480 in-

1983 5477 2303 5536 nectcndis,
2351 5476 2445 5530 sed
2493 5469 2658 5528 etiam
2712 5474 2873 5526 unico
2926 5471 3094 5524 verbo
3155 5469 3345 5523 iisdem
3409 5469 3544 5522 insi-

1982 5546 2218 5600 nuandis
2270 5549 2684 5599 Cantacuzcnus
2733 5541 2932 5611 gaudet
2959 5540 3154 5611 ;_quod
3211 5549 3262 5611 te
3285 5580 3304 5611 ,ν
3352 5540 3542 5611 lector,

1987 5616 2076 5666 hic
2109 5616 2453 5683 potissiunnn
2483 5609 2941 5683 mouituuivolui.
2973 5609 3116 5683 Sane
3151 5609 3542 5679 peritissimum

1985 5679 2150 5739 sacrae
2178 5685 2474 5754 Scripturze
2505 5686 2697 5745 fuisse,
2725 5691 2876 5736 extra
2913 5679 3140 5737 dubium
3177 5688 3282 5732 est.
