4222 6442
354 417 413 477 π
1504 390 2052 452 HISTORIARUM
2077 387 2312 450 LIBER
2350 390 2400 449 Ι.
3497 391 3564 453 78

357 530 476 581 σθαι
506 524 616 578 τῶν
645 518 959 591 βαρϐάρων,
998 512 1156 565 τοῦτο
1200 509 1346 562 δ’ὄτι
1388 507 1481 559 καὶ
1523 505 1615 557 τοῦ
1656 502 1908 556 ναυτικοῦ

2038 503 2328 557 :oltibente.
2390 503 2617 557 Nautica
2680 505 2882 573 quippe
2949 503 3188 569 licentia,
3241 504 3362 573 igne
3404 507 3575 573 magis

358 619 553 678 παντὸς
608 617 664 666 ὲν
691 611 863 679 ταύτῃ
938 603 1400 673 κατῳκισμένου,
1467 597 1678 648 πολλῶν
1740 596 1909 646 ὄντων

354 710 620 775 τριήρεων
645 698 1053 769 πληρωμάτων,
1083 693 1208 754 τοὺς
1260 687 1565 758 ἐγχωρίους
1600 685 1910 775 συνέϐαινεν

359 774 611 867 ἁρπαγάς
664 789 957 858 ὑπομένειν
1012 786 1105 838 καὶ
1160 784 1300 851 βίας,
1359 779 1452 867 τοῦ
1484 776 1773 867 φοβοῦντος
1813 774 1913 825 οὐκ

358 864 506 945 ὄντος
538 885 631 935 καὶ
657 883 755 943 τὰς
784 877 959 947 ὁρμὰς
989 873 1296 941 ἐπέχοντος.
1331 864 1581 933 Ναυτικὴ
1606 864 1714 933 γὰρ
1737 865 1912 930 άναρ·

358 977 444 1046 χία
480 973 777 1043 κρείσσων,
815 970 898 1031 τὶς
928 968 1055 1033 ἔφη,
1090 962 1286 1055 πυρόςἶ
1316 958 1591 1055 ιςατέλιτῖε
1617 955 1795 1055 δ’ὲκείν
1816 951 1914 1055 τὴν

356 1043 609 1129 γυναῖκα,
636 1058 715 1128 τῷ
762 1057 939 1109 δοκεῖν
983 1054 1102 1123 μὲν,
1134 1051 1208 1112 ὠς
1235 1049 1295 1099 οὑ
1327 1047 1524 1118 ῥᾳδίως
1552 1045 1689 1113 ἔχων
1723 1043 1916 1094 ἐπισύ-

361 1153 547 1221 ρεσθαι
572 1150 671 1216 τὴν
693 1149 1099 1215 γυναικωνῖτιν,
1147 1145 1213 1210 τῇ
1242 1142 1288 1193 δ’
1316 1138 1566 1207 ἀληθείᾳ,
1590 1139 1741 1197 ὅπως
1766 1132 1915 1201 αὐτῷ

355 1243 625 1309 πρόφασιν
661 1238 1015 1307 εὐπρόσωπον
1049 1233 1385 1301 ὑπολίπηται
1416 1230 1465 1282 εί
1506 1228 1615 1281 δέοι
1646 1226 1724 1294 τῷ
1776 1225 1911 1293 Συρ-

354 1333 546 1399 γιάννῃ
591 1327 950 1396 συγγενέσθαι
1006 1325 1170 1376 πάλιν
1204 1322 1298 1373 καὶ
1353 1322 1431 1382 είς
1493 1318 1684 1384 λόγους
1714 1315 1912 1369 ἐλθεῖν.

366 1420 563 1473 Ἐλθὼν
615 1420 670 1471 δὲ
716 1420 797 1480 είς
835 1416 935 1485 τὴν
966 1414 1405 1475 Κωνσταντίνου,
1440 1411 1536 1463 καὶ
1569 1408 1645 1478 τῷ
1676 1409 1783 1477 νέῳ
1815 1406 1911 1475 βα·

356 1513 493 1564 σιλεῖ
538 1507 879 1579 προσελθὼν,
931 1507 1026 1558 καὶ
1060 1506 1129 1559 τὰ
1174 1505 1271 1573 τῆς
1313 1502 1507 1572 βουλῆς
1548 1498 1915 1566 ἀπαγγείλας,

356 1603 433 1653 ἔτι
461 1602 518 1654 δὲ
550 1604 643 1654 xa‘t
672 1601 764 1653 τὸν
801 1599 1161 1666 ’Λπόκαυχον,
1192 1596 1362 1662 ἄνδρα
1390 1594 1581 1660 γένους
1631 1591 1729 1658 μὲν
1773 1590 1913 1656 ἁφα-

354 1692 475 1755 νοῦς
503 1694 653 1756 ὄντα,
682 1690 776 1743 καὶ
808 1692 926 1750 ταῖς
956 1688 1063 1740 τῶν
1088 1685 1367 1755 δημοσίων
1398 1682 1661 1752 πράξεσιν
1687 1680 1918 1749 ἠσχολη-

355 1786 515 1853 μένον
578 1782 707 1853 (τῶν
751 1780 1025 1849 δημοσίων
1054 1778 1163 1847 γὰρ
1212 1776 1357 1829 ἁλῶν
1391 1775 1508 1827 τότε
1548 1772 1645 1842 τὴν
1677 1770 1913 1823 διάθεσιν

350 1846 637 1944 έποιεῖτος),
672 1846 846 1933 ἄλλως
876 1872 933 1924 δὲ
971 1846 1196 1939 βαθείας
1227 1868 1359 1920 ὄντα
1394 1865 1611 1935 φρενὸς,
1639 1866 1730 1915 καὶ
1757 1863 1915 1915 δυνά·
1952 1846 1993 1899 Β

355 1980 515 2035 μενον
543 1966 755 2034 καιροῖς
806 1962 903 2015 καὶ
934 1961 1224 2030 πράγμασι
1268 1957 1524 2027 χρῆσθαι,
1564 1956 1919 2025 προσοικειώ-

353 2074 450 2120 σας
483 2056 562 2125 τῷ
602 2055 836 2125 βασιλεῖ,
878 2052 1041 2122 χάριν
1078 2053 1135 2103 ὲν
1158 2049 1334 2119 τούτῳ
1387 2048 1647 2114 πλείστην
1689 2046 1811 2097 τινὰ
1840 2042 1916 2112 τῷ

352 2150 662 2217 Συργιάννῃ
714 2144 1140 2214 κατατιθέμενος
1171 2138 1261 2212 (ἦν
1284 2142 1394 2210 γὰρ
1418 2139 1580 2200 αὐτὸς
1611 2138 1702 2190 τὸν
1745 2136 1918 2205 μέγαν

350 2241 673 2308 δομέστικον
717 2237 849 2307 περὶ
884 2235 1076 2287 τούτου
1126 2232 1296 2286 πολλὰ
1345 2228 1827 2301 παρακεκληκὼς),
1861 2229 1919 2279 ὲν

351 2333 522 2383 πᾶσιν
550 2324 697 2397 εἶχεν
732 2327 1055 2380 ὲπινεύοντα
1102 2326 1196 2377 καὶ
1249 2321 1675 2376 συνευδοκοῦντα
1708 2322 1802 2372 τὸν
1836 2320 1921 2389 βα-

351 2424 530 2476 σιλέα.
576 2422 701 2483 Τοῖς
730 2417 1173 2489 βεϐουλευμένοις
1195 2416 1249 2468 δὲ
1273 2416 1369 2468 καὶ
1391 2412 1550 2467 τοῦτο
1580 2412 1920 2481 προσέθηκεν

349 2518 379 2567 ὁ
415 2513 689 2583 βασιλεὺς,
720 2512 824 2577 ὅτι,
863 2511 935 2562 Τὸ
970 2511 1070 2579 μὲν
1101 2510 1233 2578 ἡμῖν
1269 2509 1452 2568 αὐτοῖς
1489 2504 1588 2576 τὴν
1616 2504 1919 2571 ἀσφάλειαν

358 2608 779 2676 προετοιμάσαι,
837 2604 963 2656 ὥστ’
1021 2601 1165 2672 ἔχειν
1222 2598 1513 2667 ἀποφυγὴν
1559 2597 1667 2649 τῶν
1732 2596 1920 2649 δεινῶν

355 2699 643 2760 ἐπιόντων,
692 2696 785 2748 καὶ
843 2694 953 2747 τῶν
1005 2695 1146 2746 πάνυ
1203 2693 1591 2760 συμφερόντων
1643 2684 1781 2741 εἷναί
1830 2704 1923 2755 μοι

353 2792 503 2843 δοκεῖ
536 2789 633 2841 καὶ
664 2787 773 2839 τῶν
808 2784 1125 2852 ἀναγκαίων
1149 2799 1161 2812 ·
1194 2782 1275 2835 διὸ
1301 2783 1395 2835 καὶ
1424 2781 1584 2833 τοῦτο
1613 2778 1722 2849 χρὴ
1752 2793 1922 2830 σπου-

352 2883 512 2934 δάσαι
555 2878 836 2948 προύργου
871 2876 1072 2938 παντὸς
1101 2876 1182 2937 εἰς
1222 2874 1394 2944 πέρας
1436 2873 1564 2925 ἰδεῖν
1595 2871 1748 2924 ἐλθόν
1773 2886 1784 2898 ·
1828 2887 1924 2939 μεο

352 2973 695 3041 γαλοψυχίας
750 2970 805 3022 δὲ
853 2968 947 3021 καὶ
999 2968 1298 3038 καρτερίας
1357 2964 1511 3017 οὐδὲν
1559 2962 1875 3016 ὲλλιπέσθαι
1906 2999 1920 3024 ,

350 3064 470 3117 ἀλλ’
507 3065 633 3132 ἄχρι
662 3062 756 3115 καὶ
781 3061 952 3129 αὐτῆς
992 3059 1422 3129 διακαρτερῆσαι
1451 3056 1552 3125 τῆς
1598 3054 1781 3124 ἀκμῆς
1814 3054 1923 3106 τῶν

350 3158 617 3211 κινδύνων
646 3156 903 3224 μένοντας
929 3153 1020 3205 ἐπὶ
1048 3153 1157 3203 τῶν
1183 3148 1465 3218 προτέρων
1492 3162 1508 3179 σ
1539 3146 1640 3200 κᾶν
1671 3148 1769 3215 μέν
1800 3163 1922 3198 τινα

354 3251 581 3318 σχῶμεν
608 3247 709 3315 τῆς
754 3244 1057 3314 καρτερίας
1091 3242 1323 3313 καρπὸν,
1364 3239 1457 3294 τοῦ
1492 3238 1756 3309 βασιλέως
1796 3239 1924 3299 ῐσως

355 3340 779 3411 μεταϐαλόντος.
836 3337 929 3389 καὶ
980 3336 1090 3387 τῶν
1150 3332 1544 3403 μελετωμένων
1595 3331 1719 3385 καθ’
1766 3330 1926 3400 ἡμῶν

352 3431 745 3501 παυσαμένων,
799 3427 1065 3483 πάντοθεν
1098 3426 1165 3479 ἂν
1200 3425 1314 3495 ἔχοι
1378 3423 1578 3486 καλῶς.
1630 3422 1692 3474 El
1726 3420 1772 3473 δ’
1810 3418 1923 3485 οὖν,

349 3525 494 3579 ἀλλὰ
529 3522 686 3575 τοῦτό
715 3539 779 3589 γε
814 3523 946 3591 ἡμῖν
976 3519 1263 3589 περιέσται
1289 3518 1526 3580 πάντως,
1559 3516 1618 3569 τὸ
1655 3516 1729 3587 μὴ
1749 3516 1927 3569 δοκεῖν

352 3618 621 3687 αὐθαδείᾳ
654 3618 748 3669 καὶ
799 3614 1104 3684 θρασύτητι
1164 3611 1383 3681 τρόπων
1444 3608 1581 3678 μηδὲ
1640 3609 1926 3676 πλεονεξῖᾳ

2015 593 2200 661 rapida
2251 601 2306 646 et
2346 592 2609 646 indomita
2656 604 2761 657 est,
2813 603 2870 647 ut
2922 595 3059 647 dixit
3113 595 3381 662 quispiam
3437 597 3574 664 (5'7).

2014 682 2450 751 Rcliqnitautem
2475 685 2585 737 illic
2616 700 2836 738 uxorem
2857 700 2980 737 cum
3007 683 3573 749 feminishonorariis,

2014 790 2120 826 non
2167 790 2326 842 posse
2382 776 2674 827 mulierum
2721 790 2940 843 gregem
2991 790 3179 828 secum
3236 777 3453 829 trahere
3502 779 3578 829 si—

2016 866 2246 919 mulans.
2283 867 2482 920 Verum
2536 867 2590 919 id
2634 866 2848 935 agebat,
2899 875 2957 919 ut
3007 867 3307 935 speciosam
3358 883 3576 921 causam

2015 968 2311 1026 prmtexere
2360 958 2572 1023 liceret,
2607 960 2651 1011 si
2706 957 3007 1028 Syrgianne
3062 960 3260 1012 iterum
3310 972 3580 1015 convento

2015 1063 2153 1116 Opus
2182 1050 2348 1112 foret;
2396 1064 2453 1102 se
2493 1050 2638 1103 enim
2688 1059 2911 1117 promer
2964 1064 3191 1103 uxorem
3241 1066 3308 1105 eo
3362 1054 3579 1106 venisse

2016 1137 2225 1191 diceret
2285 1138 2417 1206 (58).
2473 1140 2765 1207 Postquam
2830 1150 3011 1193 autem
3069 1142 3581 1213 Constantinopolin

2018 1229 2297 1297 ingressus
2358 1241 2463 1294 est,
2519 1241 2771 1299 nepotem
2839 1232 3226 1300 imperatorem
3276 1235 3410 1301 adit,
3464 1253 3585 1305 quae

2018 1319 2314 1372 deliberata
2356 1320 2575 1374 fuerant
2617 1322 2824 1389 pandit,
2860 1323 3273 1391 Apocanchum,
3304 1326 3582 1379 hominem

2017 1412 2235 1480 quidem
2274 1411 2445 1465 infimi
2472 1412 2703 1474 ordinis,
2740 1428 2803 1467 ac
2832 1414 3064 1481 publicis
3097 1415 3472 1471 functionibus
3494 1433 3585 1471 oc-

2017 1508 2275 1569 cupatum
2307 1503 2444 1569 (tum
2487 1502 2633 1555 enim
2659 1502 2798 1556 forte
2837 1504 2914 1557 rei
2942 1506 3154 1558 salaria:
3207 1507 3583 1574 prtefecturam

2018 1592 2283 1661 gerebat),
2312 1592 2517 1661 alioqui
2578 1594 2873 1647 recondita:
2926 1596 3255 1664 prudentia},
3319 1599 3584 1653 scientem

2019 1684 2097 1737 uti
2128 1683 2268 1748 foro,
2298 1693 2352 1737 et
2381 1698 2621 1740 actorem
2648 1689 2991 1755 negotiorum
3029 1703 3134 1742 non
3164 1691 3502 1756 incallidum,
3534 1692 3586 1745 ei

2020 1789 2118 1842 pro
2154 1775 2406 1829 familiari
2440 1778 2806 1843 commendat,
2850 1779 3209 1835 vehementer
3247 1781 3301 1835 in
3341 1796 3408 1835 eo
3454 1782 3587 1853 Syr-

2020 1865 2207 1935 gianni
2240 1867 2591 1934 gratificans;
2623 1869 2818 1936 saepius
2848 1871 2994 1924 enim
3031 1885 3095 1924 ea
3119 1872 3186 1926 de
3224 1887 3283 1927 re
3328 1859 3586 1941 magnum

2022 1958 2383 2013 domesticum
2435 1953 2742 2029 rogaverat.
2788 1962 2971 2032 Nepos
3022 1980 3251 2019 assensu
3297 1965 3591 2021 confirmat

2020 2050 2223 2112 omnia,
2280 2052 2345 2104 iis
2393 2059 2575 2105 autem
2630 2068 2750 2121 quae
2797 2055 2950 2123 prius
2999 2056 3220 2110 fuerant
3265 2057 3586 2123 deliberata,

2021 2140 2207 2209 adjicit
2232 2140 2349 2196 haec
2378 2160 2390 2194 :
2420 2142 2495 2195 De
2524 2142 2644 2197 loco
2677 2152 2814 2205 tuto,
2870 2144 2936 2197 ad
2983 2161 3144 2213 quem
3182 2149 3339 2202 malis
3385 2165 3589 2219 urgen-

2022 2230 2171 2284 tibus
2234 2230 2577 2300 perfugiant.
2638 2235 2912 2301 provideri
2969 2235 3262 2292 admodum
3324 2240 3458 2294 utile
3528 2258 3592 2295 ac

2020 2324 2391 2376 necessarium
2425 2337 2567 2378 esse.
2601 2324 2810 2381 Idcirco
2850 2327 3089 2381 dandam
3136 2330 3427 2399 diligenter
3461 2349 3593 2403 ope-

2023 2428 2163 2473 ram,
2192 2422 2248 2466 ut
2279 2413 2332 2467 id
2382 2426 2508 2468 ante
2552 2416 2735 2468 omnia
2780 2418 3081 2485 perfectum
3131 2423 3517 2491 conspiciatur.
3548 2425 3592 2479 Δ

2025 2505 2403 2575 magnitudine
2428 2507 2615 2571 animi,
2642 2518 2698 2561 et
2724 2509 3011 2563 tolerantia
3038 2526 3139 2565 nec
3164 2513 3331 2566 latum
3354 2529 3589 2583 unguem

2023 2595 2441 2661 discedendum,
2477 2598 2569 2649 sed
2603 2613 2774 2666 usque
2825 2601 2890 2654 ad
2936 2601 3114 2669 ipsum
3159 2604 3451 2658 articulum
3481 2607 3595 2660 dis-

2023 2687 2267 2741 criminis
2296 2690 2347 2740 in
2376 2689 2589 2756 incepto
2619 2691 3043 2757 persistendum.
3082 2692 3136 2747 Si
3183 2694 3455 2763 patientiae
3482 2712 3596 2751 suae

2023 2766 2260 2833 fructum
2287 2781 2522 2849 aliquem
2553 2785 2879 2851 percipiant,
2922 2801 3054 2839 sene
3097 2784 3326 2840 forsitan
3366 2790 3595 2843 consilia

2023 2871 2081 2924 in
2115 2873 2311 2926 melius
2342 2884 2608 2936 mutante,
2632 2885 2689 2929 et
2714 2891 2742 2927 a
2775 2876 3052 2931 meditatis
3088 2879 3139 2931 in
3189 2880 3337 2948 ipsos
3375 2881 3598 2934 sceleri-

2026 2960 2130 3014 bus
2162 2963 2482 3027 desistente,
2515 2964 2649 3018 nihil
2686 2966 2926 3033 Optatius
2946 2981 3110 3034 posse
3138 2966 3273 3021 ﬁeri.
3297 2968 3389 3021 Sin
3412 2980 3595 3023 autem

2027 3053 2187 3107 aliter
2216 3068 2304 3107 res
2339 3054 2516 3117 cadat,
2552 3055 2656 3108 hoc
2705 3057 2897 3111 saltem
2941 3059 3166 3111 omnino
3208 3059 3312 3111 sibi
3365 3071 3595 3125 restare,

2032 3156 2090 3200 ut
2160 3161 2230 3199 ne
2278 3148 2590 3217 arrogantia
2640 3159 2695 3203 et
2754 3152 3078 3216 temeritate,
3135 3168 3313 3221 neque
3361 3154 3599 3209 habendi

2029 3238 2327 3306 cupiditate
2379 3249 2435 3294 et
2475 3255 2658 3294 amore
2696 3240 3013 3296 dominandi
3064 3253 3251 3297 contra
3291 3260 3452 3298 avum
3504 3249 3602 3299 im-

2030 3320 2336 3400 peratorem
2405 3332 2772 3387 insurrexisse
2824 3334 3151 3399 videantur;
3212 3336 3311 3389 sed
3384 3337 3601 3405 injuriis

2028 3424 2309 3493 exagitati,
2338 3432 2392 3476 et
2438 3426 2702 3477 extremis
2741 3424 2979 3478 atllietati
3030 3427 3418 3491 incommodis,
3469 3446 3604 3498 pra:-

2028 3517 2207 3570 visum
2260 3515 2489 3570 exitium
2537 3516 2778 3586 effugere
2837 3518 3079 3573 voluisse
3132 3520 3474 3589 judicentnr.
3540 3524 3605 3576 Et

2029 3607 2303 3661 hactenus
2335 3608 2555 3675 quidem
2590 3608 2890 3675 imperator
2924 3623 3119 3678 nepos.

350 3712 586 3783 γνώμης
642 3711 737 3763 καὶ
774 3706 1061 3779 φιλαρχίᾳ,
1110 3706 1207 3758 τοῦ
1255 3703 1518 3774 βασιλέως
1550 3702 1646 3755 καὶ
1696 3702 1924 3754 πάππου
1964 3701 2497 3765 κατεξανίστίισθαι⁹
2533 3699 2650 3753 ἀλλ’
2712 3703 3105 3771 ἀδικουμένους
3134 3708 3227 3759 καὶ
3287 3707 3353 3760 τά
3400 3710 3605 3778 ἔσχατα

349 3807 754 3875 ὑπομένοντας,
778 3803 869 3855 τὸν
932 3798 1212 3870 προῦπτον
1278 3796 1524 3850 κίνδυνον
1554 3794 2001 3863 ἀποδιδράσκειν.
2045 3794 2155 3845 Καὶ
2184 3792 2355 3845 ταῦτα
2388 3793 2487 3862 μὲν
2513 3792 2764 3861 βασιλεὺς
2804 3796 2832 3846 ὁ
2866 3795 3004 3857 νέος.

1765 3924 1870 3995 19
1904 3922 2127 3980 CAPUT
2162 3923 2225 3978 v.

351 4057 522 4112 Diras
542 4055 613 4108 ab
635 4070 730 4109 avo
759 4053 996 4107 nuntius.
1031 4050 1238 4113 Altera,
1271 4054 1320 4102 et
1351 4047 1574 4114 antiqua
1599 4060 1763 4125 causa
1788 4044 1935 4125 inter
1972 4044 2343 4125 imperatores“
2373 4043 2600 4109 dissidii,
2663 4046 2887 4100 solutior
2952 4049 3190 4103 videlicet
3243 4053 3349 4106 vita
3382 4058 3605 4125 nepotis,

1579 4125 1628 4168 et
1668 4115 1752 4168 avi
1782 4114 1838 4167 in
1873 4113 2025 4166 illum
2059 4112 2409 4166 contumeliaz.

439 4246 501 4299 Ὀ
542 4244 599 4297 δέ
625 4260 688 4311 γε
720 4241 1089 4313 πρεσϐύτερος
1115 4238 1192 4309 τῷ
1229 4238 1366 4309 πρὸς
1405 4235 1499 4288 τὸν
1531 4234 1752 4303 ἔγγονον
1782 4234 1927 4303 μίσει

349 4338 460 4407 τὴν
514 4335 745 4406 καρδίαν
789 4333 989 4403 μᾶλλον
1035 4331 1302 4395 οίδαίνων,
1340 4329 1593 4397 ἀγγέλλει
1650 4328 1738 4380 διά
1786 4343 1928 4390 τινος

348 4428 510 4497 αὐτῷ
566 4426 674 4479 τῶν
736 4424 1146 4494 συγκλητικῶνο
1190 4418 1361 4475 Οἶσθα
1408 4423 1512 4489 πρὸ
1564 4418 1758 4490 καιροῦ
1788 4436 1931 4481 τινος

348 4519 729 4591 αἰτησάμενός
770 4536 837 4588 με
868 4519 928 4570 τὸ
962 4515 1241 4569 Βασιλικδν
1267 4513 1565 4567 ἀποθέσθαι
1599 4512 1804 4581 σχῆμα,
1840 4513 1932 4562 καὶ

2107 4232 2374 4288 Caeterum
2433 4235 2617 4289 senior
2669 4238 2794 4291 odio
2863 4238 2917 4292 in
2985 4252 3239 4310 nepotem
3295 4246 3607 4305 crudeliora

2039 4335 2326 4391 concepto,
2375 4339 2474 4392 per
2509 4338 2822 4381 senatorem
2874 4332 3171 4399 quemdam
3216 4335 3326 4405 (59)
3383 4340 3502 4392 haec
3553 4341 3606 4395 ei

2040 4418 2293 4472 nuntiat:
2324 4420 2642 4473 meminisse
2679 4420 2855 4489 ipsum
2883 4461 2897 4484 ,
2938 4426 3215 4493 quomodo
3262 4428 3397 4483 alias
3440 4431 3507 4484 ab
3550 4448 3608 4487 se

2044 4512 2414 4574 contenderit,
2441 4513 2520 4566 uti
2558 4513 2676 4582 eius
2702 4514 2844 4567 bona
2872 4516 3031 4570 venia
3077 4517 3270 4572 liceret
3311 4521 3492 4590 posito
3520 4538 3612 4576 or-

1639 4628 1854 4689 Jacobi
1888 4627 2154 4689 Pontani
2196 4636 2384 4690 notas.

429 4763 543 4832 (57)
569 4759 752 4815 Genus
805 4759 1087 4832 hominum
1149 4756 1305 4810 valde
1339 4756 1701 4832 _improbum_
1732 4767 1932 4832 nauta.
1968 4753 2159 4820 Digne
2192 4754 2511 4832 violentior_._
2547 4755 2791 4823 Smnpsit
2833 4771 2963 4826 ergo
2993 4756 3061 4812 ab
3110 4756 3375 4827 Euripide
3412 4760 3610 4816 Cauta-

345 4824 664 4904 perjurnm,
747 4829 1026 4904 mendax,
1075 4842 1243 4890 naves
1298 4824 1512 4904 alienas
1565 4835 1620 4904 et
1689 4824 1939 4904 homines

345 4893 714 4971 despolians:
744 4914 881 4971 quos
908 4899 1137 4966 apologo
1166 4897 1406 4971 quodam
1440 4895 1648 4971 notavit
1674 4893 1933 4964 IEsopus,

345 4964 488 5029 dum
526 4986 622 5024 eos
648 4964 782 5023 dicit
814 4969 867 5021 in
893 4964 1217 5037 tempeStaIe
1240 4966 1407 5037 multa
1434 4964 1788 5037 diisrvovere,
1819 4982 1937 5033 quae

349 5057 487 5099 cum
534 5056 586 5093 in
640 5040 798 5092 littus
847 5039 981 5091 salvi
1012 5036 1391 5107 pervenerint,
1431 5036 1657 5107 minime
1693 5038 1934 5102 solvant;

346 5124 407 5168 et
453 5127 579 5165 cum
610 5110 811 5178 quibus
831 5108 961 5184 Bias
987 5104 1278 5176 navigabat
1313 5104 1466 5184 impii
1489 5141 1504 5165 ,
1535 5104 1845 5184 quibusque
1881 5109 1935 5162 in

347 5198 502 5237 saeva
537 5174 862 5248 tempestate
895 5174 1307 5248 deorum—opem
1339 5174 1763 5242 implorantibus
1791 5176 1939 5230 dicc-

348 5252 481 5307 bat.
508 5247 713 5314 Tacete,
751 5264 815 5301 ne
846 5264 933 5302 vos
965 5248 1046 5301 illi
1074 5248 1154 5299 hic
1186 5247 1441 5313 navigare
1479 5248 1728 5309 sentiant,
1758 5259 1937 5300 nauta:

346 5322 710 5405 potissimum
755 5327 930 5405 erant.
969 5317 1238 5398 Laertius,
1266 5314 1520 5405 Ettripid.
1576 5314 1814 5405 He‘ea‘ba,
1843 5318 1936 5369 ubi

346 5386 451 5447 illa
494 5391 693 5444 misera
717 5389 911 5442 mulier
941 5388 1273 5456 captivajam
1301 5395 1355 5439 et
1389 5399 1543 5456 serva
1568 5387 1736 5439 mittit
1763 5386 1939 5439 famu-

345 5465 489 5525 lam,
517 5476 640 5529 ουτ
691 5468 841 5528 petat
881 5474 910 5513 a
959 5454 1180 5529 Graecis,
1218 5472 1284 5509 ne
1325 5455 1457 5529 quid
1492 5454 1547 5507 in
1582 5470 1779 5522 corpus
1812 5455 1933 5529 tiliae

346 5525 648 5597 Polyxenae
692 5525 801 5597 iam
858 5529 924 5581 ad
979 5526 1209 5597 Achillis
1238 5525 1801 5597 tttttittltttnmactatte
1838 5527 1931 5578 de-

347 5591 588 5679 signent
625 5591 951 5679 illiberalius
979 5614 1042 5651 ac
1071 5596 1443 5679 petulantius:
1485 5594 1573 5679 ’l's‘v
1611 5597 1719 5679 γὰρ
1751 5598 1930 5679 μυρίῳ

349 5665 734 5737 στ’ρατεύματι
784 5670 1079 5726 ἀκόλαστος
1109 5667 1287 5734 δχλος,
1310 5667 1535 5732 ναυτική
1587 5665 1633 5714 τ’
1670 5667 1926 5737 άναρχία,

346 5736 629 5810 κρείσσων
677 5741 868 5806 πυρός.
906 5737 1049 5790 Nam
1081 5739 1135 5791 in
1175 5750 1448 5810 numerato
1499 5736 1931 5810 excercitaindo-

350 5804 512 5875 uitta,
553 5828 643 5864 seu
672 5804 889 5876 infrenis
927 5809 1079 5861 turba
1118 5816 1214 5871 est,
1243 5807 1557 5873 nauticaque
1593 5804 1824 5871 licentia,
1853 5813 1927 5856 est

2040 4838 2301 4888 cuzenus,
2333 4834 2392 4877 ut
2423 4825 2597 4879 vides.

2110 4893 2223 4966 (ῥῷ)
2251 4894 2305 4966 In
2339 4909 2439 4947 ms.
2474 4895 2588 4966 haec
2610 4895 2882 4966 aetiologia
2914 4913 3020 4951 non
3046 4906 3152 4953 est.

2111 4963 2223 5030 (59)
2259 4964 2487 5017 Nomina
2520 4963 2821 5037 σύγκλητος
2850 4979 2905 5021 et
2958 4968 3342 5037 συγκλητικὸς,
3392 4981 3609 5027 senatus

2037 5040 2092 5087 et
2137 5041 2373 5093 senator,
2406 5035 2550 5101 quod
2602 5036 2735 5089 mihi
2790 5038 2979 5091 videor
3029 5035 3371 5099 observasse.
3422 5057 3611 5097 noster

2036 5103 2275 5170 scriptor
2301 5103 2456 5175 varie
2502 5115 2748 5175 usurpat.
2783 5106 2940 5161 Nunc
2992 5109 3138 5160 enim
3187 5109 3440 5175 proceres
3472 5114 3611 5166 auli-

2037 5186 2133 5225 eos
2156 5174 2521 5226 coneiliumve
2545 5174 2805 5239 aulicum,
2848 5192 2942 5230 seu
2970 5174 3221 5229 senatum
3249 5181 3607 5243 imperialem,

2045 5242 2160 5295 sive
2183 5243 2621 5311 imperatorium.
2670 5260 2817 5299 nunc
2868 5246 2990 5299 belli
3025 5246 3195 5301 duces
3246 5242 3610 5305 conciliutnvc

2046 5311 2327 5385 bellicum,
2349 5324 2403 5367 et
2432 5314 2725 5385 utrobique
2751 5316 3067 5385 eptintates,
3092 5332 3155 5368 ac
3191 5318 3336 5371 τίνος
3370 5320 3610 5375 illustres

2048 5382 2450 5451 primariosque
2476 5384 2555 5436 sic
2579 5382 2831 5453 appellat.
2870 5385 3054 5455 Itaque
3080 5403 3203 5439 raro
3234 5390 3613 5445 transtulimus

2037 5466 2275 5515 senatus,
2304 5464 2596 5518 senatores,
2632 5470 2698 5508 ne
2732 5457 2857 5523 quis
2885 5457 2953 5509 de
2996 5456 3142 5509 civili
3190 5468 3381 5510 senatu
3432 5471 3483 5512 et
3524 5477 3612 5513 se-

2038 5523 2327 5596 natoribus
2357 5540 2471 5577 rem
2505 5525 2914 5596 intelligendam
2953 5536 3167 5594 putaret
3199 5545 3210 5579 :
3243 5528 3497 5596 fugienda
3529 5539 3614 5583 est
3661 5574 3663 5577 ,

2036 5594 2185 5645 enim
2211 5596 2519 5661 ὁμωνυμία.
2553 5595 2667 5648 Hoc
2706 5597 2870 5647 etiam
2919 5603 3060 5660 loco,
3090 5598 3132 5649 si
3178 5594 3372 5663 placet,
3399 5610 3616 5652 senato-

2038 5678 2175 5724 rem,
2213 5663 2391 5717 virum
2437 5665 2674 5717 nobilem
2730 5665 3060 5727 Palatinum,
3097 5674 3188 5718 aut
3237 5670 3612 5723 consiliarium

2037 5734 2404 5800 imperatoris,
2440 5738 2588 5787 einen
2623 5734 3053 5803 Kammerherrn,
3086 5736 3463 5807 interpretare.
