4222 6442
641 418 715 480 83
1802 425 2126 485 JOANNIS
2166 428 2696 491 CANTACUZENI
2779 496 2785 502 ,
3813 443 3882 508 84

646 530 853 581 tionem
902 526 969 581 ad
1008 543 1169 582 avum
1223 528 1506 594 decernit,
1549 546 1672 583 cum
1713 540 1771 584 ut
1819 531 2058 586 furorem
2094 533 2215 603 ejus
2249 543 2286 596 Α

2249 543 2286 596 Α
2321 534 2462 602 ἔγνω
2491 536 2604 589 δεῖν
2636 536 2908 609 πρεσϐείᾳ
2952 540 3263 609 χρήσασθαί
3308 560 3416 596 τινι
3453 545 3587 614 πρὸς
3613 548 3706 599 τὸν
3735 549 3886 601 πάπ-

644 617 881 685 mitiget,
933 636 1171 687 cumque
1208 622 1273 673 ad
1307 621 1594 673 lenitatem
1635 637 1696 675 ac
1729 624 2209 678 mansuetudinem

646 708 919 766 traducat.
949 719 1063 760 tum
1101 719 1159 761 ut
1187 723 1410 762 causam
1443 719 1764 777 cognoscat,
1806 711 1878 765 ob
1928 728 2091 781 quam
2122 714 2213 767 ille

643 797 747 850 sibi
784 807 891 851 tam
930 798 1177 852 infensus
1226 810 1391 868 atque
1424 800 1658 856 infestus
1699 803 1792 856 sit.
1850 802 2018 873 Legat
2050 803 2217 874 igitur

641 886 944 955 Josephum
998 888 1310 955 quemdam.
1370 888 1571 943 virtute
1603 899 1660 943 et
1703 891 1951 945 doctrina
1992 893 2216 961 conspi-

643 994 806 1032 cuum
850 979 986 1045 (63),
1024 988 1079 1032 et
1132 995 1229 1048 per
1280 980 1528 1033 omnium
1566 995 1663 1033 ora
1693 981 2034 1037 volitantem.
2087 982 2214 1048 Qui,

644 1085 963 1139 quanquam
1024 1071 1307 1123 lucernam
1363 1072 1468 1124 sub
1504 1070 1688 1125 modio
1719 1072 2061 1128 abscondere
2116 1090 2216 1143 pro

644 1150 1122 1223 virili'niteretur,
1181 1161 1318 1213 nihil
1369 1172 1550 1215 tamen
1578 1165 1960 1231 promovebat,
1997 1167 2216 1232 quando

645 1251 869 1302 citatum
914 1251 1164 1304 Domini‘
1199 1266 1305 1302 non
1363 1262 1545 1320 potest
1613 1253 1723 1307 ullo
1785 1255 1949 1308 modo
1987 1254 2215 1309 interci-

645 1342 799 1395 dere.
833 1341 909 1395 Eo
940 1342 1207 1411 siquidem
1232 1344 1583 1396 claritudinis
1618 1337 2042 1413 pervenerat,'ut
2065 1361 2218 1401 com-

646 1433 912 1487 munibus
953 1435 1326 1502 imperatoris,
1365 1450 1536 1491 sacra:
1588 1437 1806 1506 synodi,
1857 1438 2098 1498 universi
2129 1452 2216 1492 se-

646 1538 812 1579 natus
879 1525 1368 1593 suﬂragationibus
1423 1527 1476 1579 in
1526 1527 1811 1596 pontilicia
1859 1527 2024 1598 hujus
2064 1544 2219 1583 nova:

646 1612 832 1666 Romae
861 1614 1122 1667 cathedra
1159 1615 1513 1669 collocandus
1542 1625 1865 1670 censeretur
1901 1634 1914 1671 :
1947 1618 2048 1672 etsi
2075 1618 2219 1687 ipse,

649 1704 720 1756 ob
775 1704 1102 1756 modestiam
1150 1705 1319 1757 animi
1378 1705 1924 1776 moderationemque
1980 1707 2221 1778 singula-

648 1808 761 1845 rem
812 1809 1147 1863 rcpugnans,
1207 1794 1485 1864 fastigium
1555 1809 1611 1851 et
1662 1788 2096 1867 magnitudinem
2141 1800 2222 1853 di-

2316 642 2418 680 πον
2447 630 2539 679 καὶ
2581 627 2825 697 βασιλέα,
2880 630 2996 700 ἄμα
3034 633 3132 700 μὲν
3185 635 3278 686 καὶ
3305 634 3406 702 τὴν
3437 636 3605 707 ὀργὴν
3634 638 3882 707 ἐκμειλι-

2319 718 2542 788 ξόμενος
2597 720 2697 789 τὴν
2754 720 2963 774 ἐκείνου
3000 724 3097 778 καὶ
3144 725 3453 795 πραότερον
3484 730 3881 797 καταστήσων,

2319 807 2436 876 ἅμα
2465 809 2524 863 δὲ
2569 811 2667 863 καὶ
2709 811 2811 881 τὴν
2842 812 3022 865 αἰτίαν
3068 812 3270 867 ἐθέλων
3301 816 3495 884 μαθεῖν
3532 818 3601 870 δι’
3637 818 3707 889 ῆν
3742 820 3882 888 πρὸς

2317 900 2479 953 αὐτὸν
2517 902 2544 952 ό
2581 902 2833 971 βασιλεὺς
2861 903 3037 967 οὕτως
3062 906 3513 977 ικπεπολέμωτο.
3563 910 3777 979 Πέμπει
3817 912 3880 981 δή

2316 1008 2437 1045 τινα
2492 993 2600 1046 τῶν
2641 994 2731 1047 ἐπ’
2767 998 2936 1067 ἀρετῇ
2983 998 3078 1051 καὶ
3106 998 3397 1069 φιλοσοφία
3435 1002 3754 1071 γνωρίμων,
3791 1005 3886 1056 καὶ

2319 1084 2471 1153 παρὰ
2520 1086 2632 1148 τοῖς
2661 1085 2919 1141 ἁπάντων
2949 1088 3183 1158 στόμασι
3212 1091 3469 1159 κείμενον
3522 1092 3741 1161 Ἰωσήφ.
3789 1094 3887 1155 ’ος

2320 1173 2699 1243 ἐφιλονείκησε
2729 1176 2847 1245 μὲν,
2884 1178 2944 1230 τό
2982 1195 3045 1246 γε
3079 1180 3159 1243 είς
3190 1182 3353 1235 αὑτὸν
3381 1176 3539 1252 ἧκον,
3570 1182 3662 1234 τὸν
3691 1182 3888 1252 λύχνον

2321 1264 2426 1315 ὑπὸ
2458 1264 2550 1317 τὸν
2583 1265 2767 1333 μόδιον
2792 1269 3019 1339 κρύψαι,
3056 1272 3157 1324 οὐκ
3185 1273 3427 1343 ἠδυνήθη
3456 1273 3532 1339 δὲ,
3564 1273 3659 1326 τοῦ
3678 1275 3884 1326 Δεσπο-

2321 1354 2479 1408 τικοῦ
2506 1354 2665 1423 λόγου
2704 1360 2921 1423 πάντως
2952 1361 3026 1432 μὴ
3058 1361 3699 1432 δυναμένου”διαπεσεϊν.
3744 1366 3885 1417 Ἀλλ’

2320 1442 2401 1504 είς
2450 1444 2707 1499 τοσοῦτον
2763 1442 2898 1516 ἦλθε
2947 1451 3328 1517 περιφανείας,
3377 1450 3455 1513 ὡς
3503 1452 3672 1521 ψήφῳ
3725 1454 3884 1522 κοινῇ

2323 1527 2588 1597 βασιλέως
2625 1549 2685 1584 τε
2742 1538 2837 1587 καὶ
2896 1537 3119 1590 συνόδου
3177 1538 3279 1607 τῆς
3340 1540 3491 1610 ἱερᾶς
3524 1576 3538 1600 ,
3577 1538 3656 1592 ἔτι
3699 1538 3758 1590 δὲ
3794 1541 3888 1591 καὶ

2323 1621 2630 1692 συγκλήτου
2683 1626 2867 1697 πάσης
2901 1668 2916 1693 ,
2978 1629 3088 1681 τῶν
3143 1631 3618 1700 ὲκκλησιαστικῶν
3678 1630 3888 1702 θρόνων

2322 1714 2421 1776 τῆς
2457 1715 2584 1777 νέας
2614 1719 2850 1788 ταυτησὶ
2885 1719 3108 1791 Ῥώμης
3149 1722 3300 1788 ἄξιος
3331 1722 3744 1791 ἀποδειχθῆναι,
3785 1722 3890 1774 κᾶν

2325 1804 2487 1869 αὐτὸς
2513 1806 2591 1876 τῷ
2621 1808 2742 1873 λίαν
2772 1811 3012 1880 ταπεινῷ
3038 1813 3133 1865 καὶ
3168 1812 3375 1883 μετρίῳ
3420 1811 3515 1866 τοῦ
3541 1812 3707 1883 ἤθους
3734 1813 3890 1866 ἁπὼ.

646 1881 868 1952 gnitatis
898 1884 1152 1952 religiose
1210 1886 1528 1942 declinaret.
1588 1890 1729 1959 Ergo
1766 1889 1951 1961 [hujus
1979 1892 2215 1946 oratoris
2246 1883 2290 1941 Β

2246 1883 2290 1941 Β
2323 1910 2452 1951 σατο
2492 1899 2593 1971 τὴν
2629 1900 2900 1972 ,ἀξίαν,τδ
2929 1903 3029 1971 τῆς
3069 1881 3524 1975 καθέδραςνῦψος,
3564 1881 3669 1959 Vm"
3696 1905 3757 1958 τδ
3798 1907 3889 1975 μέ-

645 1973 779 2044 ore]
854 1976 1237 2044 imperatorem
1314 1995 1475 2033 arum
1539 1980 1619 2036 sic
1676 1982 1975 2052 alloquitur
2006 1984 2163 2053 (66)
2200 2003 2215 2040 :

645 2066 1096 2135 Quandoquidem
1159 2070 1482 2137 parentibus
1532 2070 1765 2141 singulis
1822 2074 1972 2142 (67)
2023 2078 2219 2143 praaci-

647 2174 819 2227 puum
858 2161 1148 2226 quemdam
1200 2178 1443 2216 amorem
1481 2178 1607 2233 erga
1666 2164 1874 2220 liberos
1911 2174 2107 2219 natura
2139 2166 2223 2218 in-

647 2253 952 2320 generavit,
991 2255 1188 2307 rationi
1223 2265 1657 2311 consentaneum
1689 2269 1775 2312 est
1809 2258 2023 2328 utique,
2089 2268 2148 2311 ut
2180 2259 2217 2313 ii

644 2352 826 2396 errata
863 2346 1028 2396 etiam
1061 2344 1377 2399 earumdem
1416 2346 1675 2416 obtegere
1725 2355 1779 2400 et
1830 2347 2107 2401 occultare
2130 2363 2220 2401 vc-

646 2435 768 2489 lint.
799 2435 952 2502 Quod
993 2437 1036 2491 si
1065 2450 1218 2506 pater
1245 2453 1388 2493 unus
1423 2438 1621 2509 aliquis
1651 2439 1823 2494 ﬁlium
1863 2440 2082 2509 copiose
2113 2441 2214 2510 21
2264 2514 2273 2523 .

647 2538 811 2597 atque
838 2529 1140 2585 honoriﬁce
1173 2531 1503 2597 laudaverit,
1537 2548 1645 2586 non
1679 2533 1926 2602 eﬂ'ugiet,
1956 2533 2089 2602 quin
2116 2549 2217 2587 au-

649 2622 858 2675 ditores
908 2621 1027 2676 illas
1076 2622 1270 2676 laudes
1315 2624 1632 2686 ementitas,
1681 2623 2111 2687 etlaudatorcm
2146 2623 2215 2676 ob

647 2712 976 2766 charitatem
1013 2714 1551 2782 propensioncmque
1593 2714 1899 2767 naturalem
1929 2714 2216 2783 deceptum

648 2819 979 2873 magnopere
1031 2805 1405 2873 suspicentur.
1438 2805 1640 2860 Contra
1696 2820 1781 2868 ea,
1836 2805 1879 2858 si
1933 2806 2102 2859 ﬁlium
2133 2805 2219 2860 vel

646 2897 754 2950 levi
790 2896 1219 2963 reprehensione
1244 2896 1656 2965 perstrinxerit,
1688 2911 1881 2950 rursus
1916 2912 1979 2949 ex
2012 2896 2220 2951 diame-

653 3002 737 3044 tro
766 2989 997 3042 nimium
1049 2989 1218 3042 fuisse
1250 2989 1642 3056 reprehensqu
1679 2988 2134 3058 interpretantur,
2165 3000 2222 3043 et

650 3082 874 3152 atlzeque
904 3091 1161 3152 arguunt.
1220 3082 1390 3152 igitur
1422 3096 1547 3134 cum
1581 3093 1659 3146 tu,
1697 3091 1851 3150 pater
1885 3097 2063 3145 meus,
2112 3091 2219 3135 tam

649 3177 805 3228 valde
840 3175 971 3228 mihi
1004 3174 1275 3236 irascaris,
1307 3173 1588 3242 multaque
1620 3184 1677 3228 et
1709 3174 1856 3226 varia
1892 3175 1944 3227 in
1976 3191 2061 3229 me
2082 3190 2214 3228 eou-

647 3267 861 3319 vieiaet
893 3264 1179 3320 maledicta
1204 3264 1425 3319 assiduo
1450 3266 1646 3335 jactes,
1682 3264 1940 3334 quodque
1970 3266 2214 3319 oninium

648 3358 1029 3421 durissimum,
1061 3366 1114 3411 et
1139 3372 1167 3409 a
1203 3372 1313 3425 quo
1357 3373 1465 3410 non
1515 3359 1692 3411 solum
1729 3358 1966 3412 dicendo
2006 3359 2213 3428 lingua,

649 3451 744 3512 sed
780 3452 944 3511 etiam
978 3449 1252 3508 audiendo
1276 3465 1437 3508 aures
1463 3467 1595 3509 mea:
1630 3450 1952 3519 abhorrent,
1983 3466 2106 3508 cum
2131 3468 2220 3507 ca-

649 3548 751 3617 piti
784 3557 878 3601 tuo
904 3546 1220 3615 frequenter
1253 3546 1448 3599 malam
1498 3556 1707 3615 pestem
1755 3544 2088 3613 imprecatus
2122 3546 2219 3610 sis,

652 3645 691 3691 si
729 3657 830 3704 ego
866 3656 1107 3708 unquam
1144 3640 1210 3693 ad
1269 3640 1439 3693 ullum
1486 3655 1667 3708 opera:
1703 3639 1943 3706 pretium
2003 3637 2213 3692 facien-

648 3734 778 3787 dum
844 3731 1045 3785 habilis
1096 3740 1151 3784 et
1185 3731 1470 3800 appositus
1520 3730 1784 3797 viderer:
1819 3729 2078 3799 quodque
2128 3730 2214 3784 vel

647 3828 764 3893 ipsa
814 3833 991 3879 mozte
1031 3822 1272 3877 amarius
1302 3830 1407 3885 est,
1440 3837 1562 3876 cum
1616 3823 1826 3875 minuta
1862 3822 2110 3891 quaedam
2162 3832 2218 3877 et

645 3917 870 3970 fortuita
904 3923 1099 3968 eventa
1143 3914 1395 3967 cmlestes
1424 3912 1877 3982 signiﬁcationes,
1932 3913 2217 3982 divinique

645 4006 858 4061 consilii
886 4005 1384 4059 demonstrationes
1412 4005 1932 4074 existimes,quibus
1950 4006 2016 4059 ad
2040 4021 2216 4076 popu-

646 4100 729 4153 ius
784 4098 1015 4161 imperio
1072 4096 1340 4163 regendos
1401 4096 1622 4164 ineptus
1686 4097 1982 4162 ostendar,
2047 4099 2214 4167 quis,

643 4207 851 4259 quaeso,
874 4191 1239 4242 Itomanornm
1275 4188 1655 4250 hmcaudiens.
1677 4205 1786 4242 non
1820 4199 1871 4243 te
1899 4193 2068 4245 maria
2105 4202 2215 4247 tota

648 4282 1026 4345 improborum
1082 4280 1392 4333 facinorum
1426 4278 1538 4351 (68)
1571 4295 1783 4333 mecum
1843 4281 1910 4335 de
1949 4298 2034 4336 me
2082 4300 2214 4337 con-

646 4374 784 4425 st-Ere
827 4369 1372 4425 arhitrabitur?ldeo
1406 4379 1589 4425 autem
1616 4370 1829 4426 modica
1864 4375 2112 4443 quaedam
2149 4376 2213 4429 ad

718 4492 737 4521 ³
776 4488 966 4543 Matth.
1005 4503 1055 4552 v,
1094 4486 1181 4540 15.

2331 1990 2489 2059 γεθος
2524 1992 2849 2063 εὐλαϐηθεὶς
2874 1996 2972 2065 τῆς
2997 1982 3409 2067 ἀρχῆςρτούτῳ
3445 1999 3509 2068 δὴ
3543 1998 3891 2068 χρησάμενος

2332 2082 2644 2154 πρεσϐευτῇ
2677 2125 2692 2149 ,
2743 2086 3012 2157 ἀναφέρει
3071 2086 3140 2139 δι’
3183 2087 3350 2141 αὑτοῦ
3399 2088 3479 2159 τῷ
3527 2089 3739 2158 βασιλεῖ
3799 2090 3891 2142 καὶ

2327 2174 2538 2245 πάππῳ
2589 2175 2806 2229 τοιάδε·
2855 2178 2977 2230 Τῶν
3032 2179 3446 2250 γεγεννηκότων
3481 2180 3701 2233 πάντων
3754 2180 3890 2250 πρὸς

2327 2267 2455 2330 τοὺς
2501 2266 2561 2331 ἐξ
2603 2268 2784 2322 αὐτῶν
2817 2272 3020 2340 φυσικῇ
3053 2288 3164 2323 τινι
3190 2272 3621 2341 κεκρατημένων
3651 2273 3889 2341 στοργῇ,

2327 2360 2476 2423 εἰκός
2524 2361 2640 2413 ἐστι
2683 2361 2855 2429 δήπου
2910 2362 3005 2416 καὶ
3048 2361 3116 2414 τὰ
3146 2362 3256 2415 τῶν
3296 2362 3504 2416 παίδων
3535 2362 3892 2432 ἐλαττώματα

2330 2451 2649 2516 συσκιάζειν
2683 2452 2913 2507 ἐθέλειν.
2951 2453 3068 2507 Κάν
3099 2471 3183 2517 τις
3217 2454 3361 2524 ὑπὲρ
3392 2452 3487 2506 τοῦ
3531 2454 3723 2515 παιδὸς
3755 2454 3891 2506 πολ-

2327 2541 2453 2603 λούς
2492 2558 2645 2603 τινας
2674 2541 2917 2612 διεξέλθῃ
2953 2544 3046 2595 καὶ
3082 2542 3427 2611 θαυμασίους
3455 2542 3734 2607 ἐπαίνους,
3767 2543 3891 2595 ὑπο-

2325 2633 2456 2703 ψίαν
2486 2634 2547 2687 οὐ
2593 2634 2795 2703 μικρὰν
2835 2636 2949 2696 τοῖς
2984 2633 3245 2687 ἀκούουσι
3278 2634 3531 2704 παρέχει,
3582 2634 3660 2699 ῶς
3705 2637 3765 2688 οὐ
3792 2636 3889 2690 τοῦ

2329 2726 2519 2788 παιδὸς
2546 2726 2699 2786 ὄντος
2732 2725 3002 2790 τοιούτου,
3053 2726 3188 2779 ἀλλὰ
3228 2725 3410 2795 πολλῷ
3450 2726 3529 2795 τῷ
3571 2728 3752 2797 μέτρῳ
3779 2727 3891 2780 λει-

2329 2819 2566 2888 πομένου
2620 2817 2728 2870 τῶν
2772 2817 3035 2879 ἐπαίνων,
3087 2816 3253 2869 αὐτοῦ
3298 2817 3356 2869 δὲ
3406 2817 3771 2887 ἀπατωμένου
3801 2818 3890 2871 διὰ

2326 2910 2424 2980 τὴν
2457 2910 2642 2979 σχέσιν
2694 2909 2791 2979 τὴν
2837 2910 2974 2980 πρὸς
3031 2909 3220 2963 αὐτόν.
3257 2910 3354 2962 “Av
3410 2908 3457 2961 δ’
3510 2911 3538 2962 ὁ
3583 2911 3766 2980 πατὴρ
3812 2909 3890 2979 τῷ

2328 3000 2478 3052 παιδί
2511 3016 2633 3052 τινα
2684 3002 2780 3053 καὶ
2833 2999 3027 3069 μικρὸν
3075 2998 3483 3071 προστρίψηται
3510 3000 3698 3070 ψόγον,
3726 3002 3889 3054 πάλιν

2327 3091 2390 3142 ὲκ
2423 3088 2717 3159 διαμέτρου
2763 3089 3207 3144 πολλαπλασίονα
3252 3089 3347 3144 τὸν
3379 3090 3547 3159 ψόγον
3578 3090 3887 3157 ὑπονοοῦσι,

2329 3184 2428 3255 τὴν
2475 3183 2595 3253 ίσην
2636 3182 3021 3253 προστιθέντες
3056 3183 3259 3238 αἰτίαν.
3292 3181 3393 3236 Σοῦ
3438 3183 3619 3237 τοίνυν
3646 3182 3739 3237 τοῦ
3781 3201 3887 3238 πα-

2323 3276 2450 3346 τρὸς
2495 3273 2618 3329 κατ’
2644 3275 2774 3345 ἐμοῦ
2839 3275 2934 3328 τοῦ
2981 3273 3173 3338 παιδὸς
3227 3272 3402 3338 οὕτως
3455 3276 3885 3344 ὲξωργισμένου,

2327 3368 2419 3422 καὶ
2493 3365 2697 3428 πολλὰς
2759 3364 2852 3418 καὶ
2897 3365 3152 3428 ποικίλας
3208 3364 3481 3435 ὁσημέραι
3524 3366 3888 3434 καταχέοντος

2327 3459 2422 3522 τὰς
2461 3458 2728 3527 λοιδορίας
2776 3459 2868 3510 καὶ
2904 3456 2972 3509 τὰ
3003 3456 3179 3525 ὀνείδη
3204 3497 3218 3521 ,
3268 3458 3362 3509 καὶ
3416 3456 3477 3508 τὸ
3522 3456 3741 3509 πάντων
3766 3457 3889 3524 ἐμοὶ

2332 3551 2663 3623 βαρύτατον,
2698 3550 2793 3603 καὶ
2831 3550 2859 3603 δ
2917 3548 3046 3619 μήτ’
3085 3548 3328 3613 ἀκούειν,
3374 3550 3508 3618 μήτε
3552 3548 3735 3617 λέγειν
3761 3550 3889 3602 ἀνε-

2326 3646 2455 3698 κτὸν
2504 3644 2646 3712 ἐμοὶ,
2681 3642 2828 3696 κατὰ
2887 3640 3119 3695 σεαυτοῦ
3178 3641 3440 3703 πολλάκις
3492 3640 3562 3694 τὰ
3610 3640 3889 3693 δεινότατα

2325 3732 2704 3801 ὲπαρωμένου,
2769 3730 2940 3783 είποτ“
2976 3728 3086 3796 ἐγὼ
3144 3730 3278 3795 πρός
3339 3746 3394 3781 τι
3453 3728 3563 3781 τῶν
3600 3728 3890 3798 χρησίμων

2326 3819 2540 3888 εὐφυῶς
2576 3818 2714 3889 ἔχων
2747 3818 2999 3886 φανείην·
3035 3816 3096 3868 τὸ
3146 3814 3190 3868 δ’
3224 3814 3303 3869 ἔτι
3336 3815 3395 3869 ὃν
3426 3815 3661 3869 θανάτου
3697 3818 3888 3886 πικρό-

2326 3932 2507 3985 τερον,
2540 3915 2602 3966 τδ
2642 3915 2737 3967 καὶ
2767 3913 2941 3984 μικρά
2970 3931 3091 3966 τινα
3129 3913 3468 3983 συμϐάματα
3499 3914 3573 3977 ὡς
3608 3914 3796 3985 ἔτυχεν
3824 3917 3888 3968 ἐκ

2315 4007 2409 4059 τοῦ
2451 4006 2823 4076 συμπεσόντος
2849 4004 3220 4075 γεγενημένα,
3248 4005 3579 4075 θεοσημείας
3627 4006 3722 4060 καὶ
3751 4005 3889 4059 Θεοῦ

2321 4100 2519 4170 βουλῆς
2557 4099 2931 4170 ἀποκαλύψεις
2977 4099 3251 4170 ἡγεῖσθαι,
3299 4101 3402 4169 ἐμὲ
3453 4100 3552 4169 τῆς
3603 4100 3883 4171 βασιλείας

2318 4194 2418 4246 οὐκ
2473 4192 2625 4257 ἄξιον
2657 4190 3099 4258 ἀποδεικνύντος,
3154 4189 3239 4254 τίς
3294 4191 3450 4246 ἔσται
3494 4192 3783 4263 Ῥωμαίων
3832 4193 3888 4257 ὃς

2313 4282 2490 4336 ταῦτα
2518 4282 2755 4345 ἀκούων,
2786 4282 2846 4335 οὗ
2897 4282 3173 4345 θαλάσσας
3220 4284 3348 4345 ὅλας
3398 4283 3587 4337 κακῶν
3619 4286 3739 4353 ἐμοὶ
3770 4300 3888 4336 συν-

2317 4376 2514 4430 ειδέναι
2565 4378 2832 4445 λογιεῖται
2889 4376 2985 4428 τδν
3032 4376 3278 4447 πατέρα;
3321 4377 3430 4431 Καὶ
3463 4376 3551 4430 διὰ
3595 4378 3752 4431 τοῦτο
3794 4379 3890 4430 καὶ

1849 4531 1855 4537 ⁸
1911 4563 2126 4624 Jacobi
2164 4565 2427 4626 Pontaui
2468 4570 2652 4625 notae.

643 4671 712 4724 ab
745 4668 1003 4747 llomero,
1035 4665 1212 4747 aliove
1240 4665 1846 4747 po_etasun1pserit,_et
1875 4683 1941 4747 an
1974 4669 2212 4737 priorem
2247 4677 2291 4731 ι)
2323 4671 2568 4747 tionibus
2603 4681 2828 4747 servat:
2864 4669 3159 4747 ubi_legati
3199 4682 3487 4747 personam
3533 4668 3884 4747 mittentis_in

644 4755 835 4794 vocem
867 4736 1182 4797 mutaverit.
1216 4737 1261 4791 si
1300 4736 1529 4790 forsitan
1561 4736 1722 4806 μῆνιν
1748 4736 1874 4798 fuit,
1908 4736 2121 4806 ignoro.

716 4809 828 4876 (65)
872 4806 1226 4874 Philosophia
1257 4821 1365 4861 non
1398 4821 1614 4873 semper
1644 4815 1731 4861 est
1775 4806 1863 4859 illa
1904 4805 2213 4863 divinarum

644 4879 1122 4943 huiuanarumque
1167 4891 1350 4929 rerum
1407 4876 1689 4941 cognitio:
1722 4890 1866 4943 saepe
1895 4877 2042 4930 enim
2078 4879 2215 4933 libe-

648 4948 814 5001 ralem
852 4945 1179 5005 doctrinam,
1213 4961 1306 4999 seu
1356 4945 1728 4998 eruditionem
1766 4947 2081 5012 ingenuam,
2114 4964 2211 5003 seu

647 5017 957 5083 φιλολογίαν
986 5015 1157 5068 (ἶναξεὶ
1200 5015 1302 5067 hoc
1343 5014 1511 5067 vcrho
1551 5016 1885 5082 exprimunt.
1947 5015 2214 5072 Isocrates

648 5088 701 5139 in
742 5086 934 5154 primis
966 5086 1064 5151 (ex
1111 5100 1222 5152 quo
1262 5084 1415 5151 plura
1457 5083 1772 5137 testimonia
1821 5085 2051 5140 Budteus
2082 5103 2213 5154 pro-

643 5159 788 5219 fert.)
821 5156 913 5223 qui
940 5155 1103 5209 etiam
1152 5154 1401 5206 oratione
1438 5155 1563 5222 περὶ
1594 5154 1693 5214 τῆς
1730 5155 1955 5224 εἰρήνης
1990 5154 2042 5207 in
2089 5158 2214 5223 line,

646 5226 970 5297 φιλοσόφους
995 5294 1005 5297 Α
1036 5232 1202 5297 vocati
1231 5224 1487 5297 homines
1516 5224 1843 5297 litterarum
1864 5294 1880 5297 έν
1903 5224 2181 5297 studiosos
2202 5267 2216 5288 .

642 5292 771 5364 quia
830 5305 884 5347 et
933 5292 1264 5361 φιλοσοφεῖν,
1314 5292 1651 5364 ,σπουδάζει-ν
1707 5294 1999 5362 signiﬁcat.
2065 5294 2217 5350 Sacri

641 5362 943 5433 scriptores
988 5363 1157 5415 Graeci
1203 5362 1445 5416 studium
1470 5364 1593 5416 vita:
1618 5362 1941 5433 innocenter
1957 5374 2011 5416 et
2031 5376 2219 5420 sancte

642 5431 863 5501 agendze
893 5434 1239 5499 frequentius
1271 5433 1589 5498 φιλοσοφίαν
1636 5431 1939 5497 nominant,
1974 5435 2099 5501 quia
2140 5436 2221 5488 ni-

643 5508 843 5557 mirum
884 5506 1042 5557 timor
1074 5502 1284 5555 Domini
1324 5504 1602 5570 disciplina
1632 5502 1903 5570 sapientia:
1924 5510 1961 5571 ,g
1986 5507 2216 5558 Prover-

641 5573 859 5628 biorunt
889 5575 1064 5641 capite
1094 5574 1305 5626 decimo
1344 5582 1559 5639 qmnto.

717 5647 829 5713 (66)
868 5647 1027 5697 Amat
1080 5656 1269 5696 noster
1307 5642 1605 5696 historicus
1651 5643 1951 5700 orationes.
1982 5660 2102 5712 quae
2135 5645 2219 5698 di-

642 5727 802 5768 recta:
834 5723 1122 5775 vocantur,
1160 5714 1261 5766 hoc
1290 5724 1394 5771 est.
1428 5727 1522 5779 per
1549 5716 1778 5779 primam
1814 5729 2127 5782 personam'
2162 5726 2218 5771 et

642 5786 1002 5839 indicativum
1058 5786 1278 5836 modum
1332 5794 1626 5850 conceptas
1683 5784 1866 5852 (quod
1929 5785 1980 5835 in
2029 5788 2217 5851 praefa-

643 5855 792 5910 tione
842 5856 1101 5911 lectorem
1141 5854 1455 5907 monuimus
1480 5853 1518 5918 ),
1550 5863 1605 5907 et
1654 5855 1757 5908 hoc
1788 5853 1953 5910 etiam
1983 5857 2037 5909 in
2070 5855 2219 5919 icca~

2321 4740 2557 4794 dicendo
2602 4740 2855 4794 induunt.
2896 4738 3140 4793 Primum
3176 4738 3486 4805 exemplum
3524 4748 3609 4792 est
3659 4738 3761 4791 hoc
3798 4738 3892 4792 Jo-

2318 4810 2496 4878 sephi.
2538 4808 2657 4875 Quo
2701 4826 2788 4863 res
2832 4808 2988 4863 ﬁeret
3028 4808 3271 4878 planior,
3327 4807 3455 4878 illas
3499 4821 3681 4873 voces,
3732 4809 3891 4877 hujus

2318 4876 2543 4934 oratoris
2560 4895 2668 4936 ore.
2711 4880 2780 4933 de
2805 4887 2995 4933 nostro
3023 4876 3300 4935 addendas
3332 4876 3607 4929 duximus.

2389 4951 2501 5016 (67)
2546 4950 2755 5018 δωρῐυε
2785 4963 2946 5001 avum
2980 4956 3188 5015 patrem
3228 4946 3522 5018 nominat;
3572 4960 3702 5018 vere
3740 4948 3890 5002 enim

2320 5032 2472 5088 pater
2500 5029 2602 5078 est.
2634 5015 2898 5088 quamvis
2942 5032 3049 5088 non
3068 5016 3387 5088 proximus,
3412 5015 3505 5088 sed
3558 5016 3753 5082 major,
3787 5020 3891 5072 hoc

2319 5083 2444 5149 est.
2496 5083 2796 5155 antiquior.
2847 5086 3001 5142 Unde
3056 5084 3364 5147 Germanis,
3422 5083 3732 5139 Crossvatcr
3773 5102 3792 5140 :
3834 5096 3891 5140 et

2315 5159 2576 5213 defuncto
2595 5157 2857 5211 Michaele
2881 5164 3033 5224 patre
3062 5155 3321 5217 naturali,
3342 5169 3477 5207 avus
3500 5164 3617 5207 erat
3641 5155 3690 5207 ei
3721 5156 3891 5222 patris

2314 5230 2456 5283 loco.
2489 5229 2828 5294 Diligehatur
2871 5227 3002 5279 item
3045 5233 3104 5279 ut
3142 5242 3169 5278 a
3195 5235 3349 5293 patre
3386 5225 3549 5294 (ilius,
3581 5234 3636 5278 et
3666 5240 3888 5279 revere-

2316 5298 2474 5352 batur
2508 5313 2634 5351 eum
2678 5296 2917 5350 vicissim
2951 5303 3011 5348 ut
3054 5295 3200 5349 illius
3226 5302 3473 5364 patrem;
3510 5293 3616 5349 hoc
3642 5294 3789 5349 enim
3820 5295 3890 5349 de

2316 5382 2374 5422 se
2409 5367 2557 5422 credi
2585 5369 2722 5421 vult.

2389 5439 2502 5503 (ϐἀ)
2544 5437 2679 5492 Cum
2732 5435 3027 5505 proverbio
3066 5435 3314 5489 dicamus
3338 5475 3351 5498 ,
3396 5449 3546 5505 mare
3583 5433 3885 5505 bonorum,

2315 5507 2482 5567 sicut,
2522 5524 2671 5561 mare
2720 5503 3010 5565 malorum.
3042 5521 3141 5574 pro
3182 5504 3674 5558 inumuerabilihus
3732 5503 3891 5558 bonis

2317 5594 2379 5629 ac
2412 5578 2593 5637 malis.
2624 5576 2895 5630 sententia
2930 5576 3187 5644 postulat,
3221 5585 3279 5627 ut
3306 5574 3490 5626 κακῶν
3519 5574 3607 5627 hic
3636 5589 3743 5644 non
3779 5589 3891 5625 ma-

2319 5646 2510 5711 lorum,
2540 5647 2630 5701 Sed
2693 5642 2960 5708 vitiarunt,
2990 5655 3083 5697 aut
3114 5646 3371 5698 malorum
3396 5643 3690 5712 facinorum
3722 5642 3889 5696 inter-

2317 5729 2616 5785 pretemur.
2645 5716 2810 5770 Auxit
2838 5732 2950 5769 rem
2984 5716 3160 5777 valde,
3190 5730 3314 5768 cum
3351 5715 3548 5784 adjecit
3570 5716 3717 5780 ὅλας,
3754 5720 3886 5775 tota,

2318 5789 2565 5858 dixitque
2602 5787 2880 5851 θαλάσσας
2903 5786 3009 5837 τῶν
3047 5785 3255 5838 κακῶν.
