4222 6442
294 443 370 509 85
1482 447 1876 507 HISTORIA]

1983 450 2025 506 ll
2072 451 2301 509 LIBER
2342 451 2389 508 Ι.
3485 457 3556 519 86

294 566 471 635 μικρά
536 582 681 633 τινα,
730 566 1057 636 προχεῖσθαι
1129 564 1240 626 τοῖς
1301 562 1445 627 ἔξω,
1515 562 1713 629 δεῖγμα
1782 559 1875 612 τοῦ

1983 562 2119 616 alios
2150 564 2251 617 abs
2304 573 2354 617 te
2413 564 2673 633 profundi
2736 564 2872 632 (69),
2918 574 2976 618 ut
3032 575 3357 636 argumento
3420 566 3551 630 sint,

288 659 684 727 κεκρυμμένου
744 657 984 725 πλήθους
1039 656 1149 709 τῶν
1204 654 1493 725 ἀφορήτων
1544 654 1736 707 κακῶν
1777 652 1871 707 καί

289 766 377 800 σοι
431 747 511 817 τῷ
561 747 752 816 πατρί·
789 748 924 801 ὃπου
976 763 1041 813 γε
1097 748 1192 800 καὶ
1227 744 1601 813 θαυμάζοντός
1644 760 1740 796 σου
1775 746 1871 797 καὶ

290 840 525 904 πολλοὺς
579 840 839 904 ἐπαίνους
897 840 1215 905 διεξιόντος,
1251 839 1348 893 καὶ
1384 838 1548 893 πλέον
1580 838 1875 908 σεμνύνον-

289 949 381 997 τος
438 933 469 1000 ἦ
514 932 785 1001 προσῆκε,
814 931 1024 992 τούτοις
1074 930 1131 983 δὲ
1187 930 1336 993 είκὸς
1391 926 1458 999 ἦν
1505 930 1601 981 τὸν
1649 930 1874 981 ἔπαινον

290 1023 652 1082 ὑποπτεύειν.
680 1025 746 1092 τῇ
775 1022 912 1091 πρὸς
935 1022 1027 1075 τὸν
1059 1023 1226 1075 παῖδα
1260 1021 1502 1075 διαθέσει
1529 1021 1689 1074 τοῦτο
1722 1016 1873 1089 λογι-

290 1116 583 1186 ζομένους.
620 1114 788 1167 Ταῦτ’
820 1114 969 1166 ἐστιν
999 1114 1035 1168 ἆ
1082 1131 1148 1184 με
1186 1115 1369 1179 λυπεῖ,
1428 1116 1526 1167 καὶ
1567 1113 1667 1185 τὴν
1726 1112 1875 1182 ζωήν

290 1208 639 1280 άηδεστέραν
674 1208 822 1259 ποιεῖ
878 1206 1138 1260 θανάτου.
1200 1206 1568 1276 ⁹Δμαρτάνειν
1624 1205 1725 1273 μὲν
1779 1200 1873 1259 οὖν

285 1299 540 1365 ὁμολογῶ
582 1298 678 1350 καὶ
714 1296 945 1366 πληγῶν
990 1295 1118 1361 ἄξια
1172 1299 1268 1350 καὶ
1305 1297 1614 1365 μαστίγων·
1661 1297 1758 1350 καὶ
1806 1291 1876 1366 ἦν

289 1390 357 1442 ἂν
410 1391 536 1459 ιμοὶ
593 1391 704 1443 τῶν
745 1389 1083 1457 εὐεργεσιῶν
1124 1391 1156 1458 ή
1191 1389 1466 1459 μεγίστη,
1512 1390 1566 1441 εί
1594 1405 1658 1457 γε
1690 1390 1748 1442 ὲν
1797 1389 1874 1457 τῷ

288 1481 667 1551 κεκρυμμένῳ
700 1481 855 1552 παρὰ
887 1480 984 1534 σοῦ
1019 1480 1115 1535 τοῦ
1139 1480 1350 1551 πατρὸς
1383 1480 1494 1533 τῶν
1534 1481 1875 1550 σφαλμάτων

289 1574 455 1642 χάριν
499 1575 959 1643 ἑμαστιγούμην·
1010 1575 1071 1626 τὸ
1120 1573 1165 1626 δ’
1204 1575 1284 1633 είς
1316 1573 1525 1627 τούτων
1574 1573 1874 1641 ἐξάγεσθαι

285 1667 388 1737 τὴν
427 1666 622 1736 ὀργὴν,
663 1667 739 1730 ὡς
773 1666 867 1720 καὶ
898 1666 1113 1720 πολλῶν
1153 1667 1439 1737 παρόντων
1469 1665 1616 1720 οὕτω
1656 1684 1874 1736 προπη-

281 1757 641 1824 λακίζεσθαι,
676 1760 897 1814 πάντων
931 1759 1324 1829 άνιαρὼτερον.
1366 1760 1465 1811 Ἂν
1494 1759 1680 1813 τοίνυν
1711 1759 1874 1813 ἵλεων

278 1849 586 1919 ἐπιϐλέψας
637 1852 665 1904 ὁ
692 1851 827 1914 Θεὸς
874 1853 996 1914 ταῖς
1048 1853 1211 1920 ἐμαῖς
1256 1840 1582 1919 ἁμαρτῖαις,
1609 1850 1873 1922 ὁδηγήσει

284 1941 383 1993 καί
439 1958 500 1994 σε
559 1941 867 2009 πραότερον
908 1961 999 2012 μοι
1036 1943 1295 2011 γενέσθαι
1328 1944 1422 1996 καὶ
1459 1944 1765 2013 συμπαθεῖν
1797 1944 1873 2007 ὡς

286 2033 410 2102 υἱῷ,
450 2033 598 2088 τοῦτ’
623 2035 689 2089 ἂν
718 2036 804 2103 είη
836 2035 1135 2105 βέλτιστον·
1167 2037 1217 2091 εί
1237 2038 1283 2090 δ’
1311 2038 1515 2108 ὁμοίως
1545 2038 1737 2105 ὥσπερ
1777 2038 1875 2092 νῦν

284 2122 392 2173 κάν
427 2124 540 2186 τοῖς
579 2122 781 2193 ἑφεξῆς
820 2126 1099 2179 τελεῖσθαι
1149 2125 1356 2195 μέλλει,
1401 2127 1591 2197 ἔτερος
1632 2130 1875 2199 προϐλη-

280 2209 436 2278 θήτω
496 2228 577 2263 σοι
631 2212 886 2281 βασιλεὺς
913 2254 927 2279 ,
976 2201 1034 2275 ὃς
1071 2215 1136 2268 ἄν
1162 2232 1246 2269 σοι
1299 2216 1427 2288 δόξῃ
1466 2220 1739 2287 χρήσιμος
1779 2221 1872 2271 καὶ

283 2303 479 2366 καλός.
537 2304 727 2358 Ταῦτα
787 2305 1367 2377 διαπρεσϐευσάμενος
1407 2307 1609 2378 Ἰωσὴφ
1642 2311 1701 2377 ἐξ
1750 2312 1871 2365 Ἀν-

278 2395 533 2462 δρονίκου
567 2396 834 2467 βασιλέως
884 2399 1023 2469 πρὸς
1060 2400 1154 2453 τὸν
1207 2402 1433 2456 πάππον
1478 2404 1572 2456 καὶ
1616 2403 1869 2473 βασιλέα.

278 2482 419 2541 Εἶτα
466 2489 563 2541 καὶ
593 2491 730 2559 παρ’
759 2490 957 2545 ἑαυτοῦ
995 2493 1223 2563 συχνούς
1264 2511 1419 2558 τινας
1459 2496 1754 2565 ἐγκωμίων
1781 2498 1872 2551 λό-

278 2596 413 2646 γους
452 2577 546 2632 τοῦ
606 2582 728 2634 νέου
764 2572 1031 2651 βασιλέως
1080 2584 1468 2653 διεξελθόντος,
1526 2589 1620 2641 καὶ
1676 2589 1872 2659 πράως

280 2687 402 2732 πως
438 2671 827 2743 καθαψαμένου
872 2675 965 2730 τοῦ
1005 2678 1314 2747 βασιλέως,
1351 2681 1426 2743 ὡς
1457 2682 1795 2753 τραχύτερον
1839 2686 1870 2754 ἢ

284 2766 562 2835 προσήκει
604 2770 1063 2839 προσφερομένου
1102 2770 1181 2841 τῷ
1229 2772 1355 2842 νέῳ,
1389 2774 1734 2844 άντεμήνυσε
1779 2779 1873 2829 καὶ

280 2857 450 2921 αὐτὶς
476 2859 723 2912 τοιαῦτα·
754 2862 875 2915 Τῶν
906 2864 1085 2917 ἄλλων
1120 2865 1341 2919 πάντων
1369 2868 1623 2938 πατέρων
1655 2869 1772 2938 ἅμα
1803 2873 1874 2942 τῇ

282 2948 398 3001 τῶν
442 2952 650 3008 παίδων
682 2956 940 3023 γεννήσει
970 2957 1029 3011 τὸ
1066 2960 1202 3030 πρὸς
1245 2960 1446 3025 αὐτοὺς
1484 2962 1708 3032 φίλτρον
1732 2983 1875 3019 κτω-

282 3039 466 3109 μένων
496 3043 589 3096 καὶ
631 3045 1079 3111 συναυξανόντων
1116 3050 1529 3119 αὐξανομένοις,
1571 3054 1735 3117 αὐτὸς
1777 3055 1875 3108 οὖ-

280 3150 393 3198 τως
430 3137 666 3207 ἐφίλησά
712 3155 768 3191 σε
823 3141 919 3193 καὶ
961 3141 1098 3211 πρὶν
1137 3143 1219 3204 εἰς
1250 3144 1368 3211 φῶς
1414 3146 1759 3215 προσελθεῖν,
1797 3149 1872 3212 ὠς

282 3229 378 3279 καὶ
441 3230 670 3294 πολλοὺς
720 3230 832 3285 τῶν
888 3233 1337 3304 διαϐεϐοημένων
1383 3239 1472 3291 ἐπ’
1523 3238 1717 3310 ἀρετῇ,
1773 3243 1874 3293 καὶ

284 3322 409 3392 Θεῷ
457 3323 893 3394 προσεγγίζοντα
935 3324 1053 3395 βίον
1114 3326 1326 3391 ζῶντας
1381 3329 1668 3400 μάρτυρας
1728 3331 1876 3402 ἔχειν

282 3418 379 3470 τοῦ
416 3417 670 3487 φίλτρου.
715 3419 788 3472 Οὐ
838 3419 948 3490 γάρ
988 3405 1160 3486 ἐστιν,
1207 3423 1305 3475 οὐκ
1336 3422 1486 3477 ἐστιν
1509 3425 1685 3488 οὐδεὶς
1716 3425 1773 3478 ὃν
1813 3426 1873 3478 οὐ

284 3512 460 3567 πολλὰ
510 3512 771 3575 πολλάκις
804 3513 1082 3581 ἱκέτευσα,
1117 3514 1464 3586 θερμοτέρας
1511 3520 1607 3570 καὶ
1670 3519 1875 3586 συχνὰς

285 3607 430 3675 ὑπὲρ
465 3606 556 3658 σοῦ
595 3605 718 3675 Θεῷ
758 3595 1063 3678 προσάγειν
1100 3609 1288 3677 εὐχάς,
1328 3608 1405 3670 ῶς
1442 3608 1518 3677 μὴ
1555 3611 1722 3678 μόνον
1769 3628 1877 3680 μηι

284 3697 377 3750 δὲν
406 3696 667 3768 δυσχερὲς
723 3699 1044 3769 ἀπαντῆσαι
1077 3703 1141 3770 τῇ
1188 3703 1255 3770 σῇ
1291 3702 1570 3772 γεννήσει,
1612 3702 1751 3755 ἀλλὰ
1783 3705 1877 3757 καὶ

284 3790 576 3861 τεχθέντα,
613 3791 791 3845 πάντα
826 3791 1049 3861 ἄριστον
1100 3794 1193 3846 καὶ
1252 3794 1361 3847 τῶν
1394 3796 1668 3850 τοσούτων
1700 3798 1875 3867 εὐχῶν

285 3880 441 3947 ἄξιον
475 3881 894 3952 ἀποδειχθῆναι.
950 3883 1062 3935 Καὶ
1110 3884 1273 3947 αὐτὸς
1304 3885 1361 3937 δὲ
1399 3886 1510 3956 ὲγὼ
1535 3926 1549 3952 .
1581 3878 1874 3958 προπὲτῶς

290 3976 391 4045 μὲν
424 3975 512 4029 διὰ
550 3974 612 4027 τὸ
672 3975 747 4047 μὴ
785 3974 845 4027 τὸ
879 3974 1111 4045 θαρρεῖν
1157 3976 1304 4045 ἔχειν
1337 3977 1401 4029 ὲκ
1453 3977 1553 4045 τῆς
1603 3974 1698 4029 τοῦ
1755 3978 1873 4046 βίου

286 4067 648 4138 διαστροφῆς,
674 4067 949 4137 ἔπραττον
977 4068 1022 4120 δ’
1052 4066 1146 4120 οὖν
1177 4069 1353 4137 ὅμως,
1398 4068 1572 4121 πολλὰ
1612 4069 1878 4134 πολλάκις

287 4163 571 4233 ἐδάκρυσα
621 4162 1065 4231 προσευχόμενος
1128 4160 1208 4231 τῷ
1266 4159 1423 4230 Θεῷ,
1479 4161 1621 4214 ὥστε
1666 4180 1727 4216 σε
1781 4164 1877 4216 καὶ

287 4255 647 4325 γεννηθῆναι,
684 4256 776 4307 καὶ
807 4255 1143 4323 γεννηθέντα
1196 4252 1306 4307 τῶν
1332 4255 1483 4324 ἐμῶν
1514 4255 1694 4325 εὐχῶν
1725 4255 1878 4322 ἄξιον

287 4349 587 4418 ἀποϐῆναι.
655 4348 752 4400 ⁸ον
807 4342 903 4401 οὖν
942 4346 1025 4399 ἔτι
1084 4349 1197 4409 τοῖς
1257 4350 1549 4419 μητρικοῖς
1608 4348 1880 4418 θαλάμοις

290 4440 702 4510 ἐνδιατρίϐοντα
733 4438 910 4501 οὕτως
960 4436 1195 4508 ἐφίλησα
1245 4437 1340 4491 καὶ
1370 4439 1512 4508 ὑπὲρ
1552 4439 1614 4491 τὺ
1651 4439 1875 4509 μέτρον,

289 4536 411 4600 πῶς
453 4537 536 4597 εὶς
592 4534 849 4587 τοσοῦτον
886 4528 1101 4603 ἡλικίας
1150 4533 1502 4602 προσήκοντα
1538 4532 1657 4598 νῦν,
1697 4536 1880 4602 μισεῖν

1903 1889 1949 1950 Β

1977 671 2139 724 quam
2192 657 2365 709 multa
2429 656 2610 710 adhuc
2662 665 2714 709 ct
2772 656 3164 721 intolerabilia,
3220 659 3385 710 etiam
3450 659 3551 712 tibi

1979 746 2148 813 patri,
2186 746 2421 799 crimina
2452 762 2571 798 mea
2624 747 2967 800 conscientia
3008 754 3100 801 tua
3136 747 3431 805 constricta
3479 758 3559 804 te-

1977 845 2249 900 neantur;
2307 852 2427 891 cum
2486 844 2536 890 te
2587 847 2843 906 nepotem
2900 839 3229 902 admirante,
3283 847 3337 891 et
3374 840 3558 895 multis

1979 926 2241 980 laudibus
2297 927 2421 995 plus
2473 943 2630 994 :equo
2663 927 2933 982 cﬂcrentc
2968 944 3031 983 ac
3067 929 3398 989 honorante,
3439 930 3561 982 illus

1981 1018 2131 1086 ipsos
2183 1018 2633 1087 praedicationem
2662 1035 2782 1073 eam
2830 1031 3146 1088 suspectam
3196 1020 3422 1075 habere.
3466 1036 3555 1086 pa-

1976 1115 2245 1176 ternoque
2286 1107 2507 1162 aﬂ‘ectui
2543 1108 2850 1163 attribuere
2888 1110 3059 1179 magis
3094 1110 3391 1163 decuisset.
3437 1108 3559 1161 llaec

1978 1208 2106 1252 sunt
2136 1215 2257 1268 qua:
2307 1215 2393 1255 me
2428 1211 2706 1270 torquent,
2739 1203 3018 1270 vitamque
3055 1202 3188 1255 mihi
3236 1210 3410 1255 morte
3443 1201 3557 1269 ipsa

1978 1290 2352 1346 insuaviorem
2412 1294 2672 1348 reddunt.
2708 1295 2973 1350 Pcccassc
3011 1310 3120 1359 mc,
3167 1304 3224 1347 et
3269 1293 3441 1362 plagis
3499 1308 3561 1345 ac

1977 1381 2162 1453 ﬂagris
2194 1385 2464 1453 expianda
2494 1386 2835 1439 commisisse
2873 1403 2979 1439 non
3019 1386 3111 1439 ibu
3146 1384 3381 1445 inﬁcias,
3415 1400 3562 1437 sum-

1978 1475 2166 1543 mique
2218 1474 2477 1531 beneﬁcii
2510 1477 2634 1531 loco
2660 1492 3037 1540 numerarem,
3074 1477 3119 1531 si
3168 1477 3220 1529 in
3254 1477 3441 1530 abdito
3472 1487 3561 1529 tua

1979 1583 2168 1628 manu.
2219 1575 2398 1637 pater,
2430 1583 2624 1637 paruas
2654 1584 2685 1622 ιι
2718 1585 2805 1624 me
2852 1582 3136 1638 repeteres
3172 1568 3283 1639 (70)
3322 1587 3333 1621 :
3371 1584 3560 1623 verum

1979 1674 2154 1727 usque
2186 1674 2253 1714 eo
2280 1659 2466 1715 laxare
2496 1661 2741 1716 habenas
2773 1662 3075 1716 iracundia:
3111 1671 3190 1729 ut,
3227 1662 3478 1731 quamvis
3509 1662 3561 1713 in

1977 1750 2274 1818 praesentia
2320 1750 2622 1804 multorum
2662 1752 2736 1805 ita
2782 1751 3051 1807 maledice
3108 1768 3195 1807 me
3229 1753 3460 1814 laceres,
3508 1751 3564 1804 id

1977 1841 2237 1910 estquod
2285 1857 2577 1898 man-orem
2635 1844 2772 1898 mihi
2833 1844 2976 1914 parit
3042 1844 3448 1899 incredibilem.
3506 1842 3561 1895 Si

1983 1937 2166 2004 itaque
2224 1935 2368 1988 Deus
2430 1935 2886 1992 misericordibus
2950 1937 3128 1990 oculis
3180 1936 3380 1990 delicta
3442 1950 3563 1987 mea

1984 2026 2311 2096 respiciens,
2347 2035 2402 2081 te
2441 2042 2662 2096 quoque
2695 2027 2763 2081 ad
2828 2028 3258 2090 humanitatem,
3295 2039 3352 2082 et
3393 2027 3562 2079 mise-

1983 2121 2279 2175 ricordiam
2310 2119 2467 2184 mihi,
2496 2128 2689 2189 utpote
2720 2120 2833 2174 lilio
2864 2129 2977 2185 tuo,
3011 2121 3434 2190 impertiendam
3486 2126 3568 2180 in—

1982 2212 2220 2275 tlexerit,
2275 2211 2417 2266 nihil
2445 2211 2717 2266 acciderit
2765 2212 2904 2265 mihi
2957 2213 3276 2280 optabilius.
3331 2218 3398 2268 At
3429 2216 3474 2270 si
3508 2217 3563 2271 in

1983 2315 2267 2375 posterum
2308 2303 2678 2357 nihilominus
2733 2312 2845 2357 tam
2874 2318 3066 2358 aversa
3099 2319 3127 2357 a
3164 2320 3250 2359 me
3282 2306 3566 2361 voluntate

1981 2398 2203 2453 futurus
2231 2412 2313 2464 es,
2366 2412 2533 2467 quem
2596 2396 2945 2466 probaveris,
2980 2396 3127 2450 hunc
3176 2398 3564 2467 imperatorem

1982 2508 2081 2563 pro
2111 2505 2197 2545 me
2239 2490 2496 2559 designes
2523 2489 2678 2544 licet.
2714 2489 2839 2543 Haec
2880 2488 3159 2558 Iosephus
3211 2490 3424 2560 legatus
3471 2506 3568 2558 ne-

1984 2586 2129 2655 potis
2178 2583 2324 2653 apud
2374 2598 2536 2637 avum
2589 2583 2866 2653 exposuit.
2900 2583 3094 2637 Postea
3140 2598 3263 2636 cum
3305 2584 3567 2637 eumdem

1980 2688 2243 2749 nepotem
2289 2692 2388 2731 sua
2436 2684 2633 2746 sponte
2689 2673 2895 2728 aﬂ‘atim
2929 2674 3318 2737 collaudasset,
3353 2674 3567 2729 verbis-

1982 2790 2089 2845 que
2125 2771 2444 2827 mitioribus
2480 2783 2670 2823 senem
2725 2768 2966 2822 molliter
2995 2768 3288 2835 arguisset,
3324 2767 3417 2836 qui
3479 2768 3568 2820 in-

1983 2863 2347 2926 clementius,
2396 2876 2561 2932 quam
2595 2875 2695 2929 pro
2724 2876 2883 2929 aequo
2926 2868 2980 2913 et
3012 2858 3156 2911 bono
3192 2874 3251 2911 se
3292 2858 3344 2911 in
3382 2858 3573 2911 adole-

1982 2967 2229 3014 scentem
2265 2963 2507 3025 gereret,
2564 2952 2656 3006 ille
2693 2950 2937 3004 vicissim
2989 2950 3115 3003 talia
3149 2947 3439 3002 referenda
3472 2948 3570 3003 de-

1981 3052 2098 3106 dit:
2142 3049 2280 3117 Cqm
2310 3056 2495 3118 patres
2524 3044 2723 3113 reliqui
2761 3058 2955 3097 omnes
2976 3083 2990 3105 ,
3041 3043 3261 3111 quando
3291 3040 3431 3095 caelo
3460 3039 3565 3093 frui

1983 3151 2279 3213 cceperunt
2337 3140 2552 3201 liberi,
2622 3147 2738 3190 tum
2775 3136 3010 3205 primum
3065 3135 3171 3203 22
3223 3149 3319 3188 eos
3382 3148 3569 3187 amare

1901 3272 1946 3328 ε
1984 3240 2288 3309 incipiantf,
2336 3251 2501 3306 quem
2542 3248 2786 3289 amorem
2826 3233 2960 3304 ipsis
2988 3231 3371 3288 crescentibus
3401 3232 3575 3286 adau-

1981 3342 2109 3403 gent
2168 3338 2226 3395 et
2283 3325 2644 3397 ampliﬁcant,
2704 3338 2805 3394 ego
2878 3331 2929 3376 te
2983 3321 3123 3376 adeo
3182 3321 3338 3376 miris
3390 3322 3571 3376 modis

1982 3423 2160 3479 amavi
2193 3421 2331 3492 (71),
2359 3418 2529 3473 etiam
2562 3425 2857 3484 antequam
2889 3416 2943 3467 in
2988 3430 3153 3468 auras
3191 3414 3422 3468 luminis
3455 3415 3571 3468 exi-

1982 3532 2091 3581 res,
2129 3524 2189 3569 ut
2235 3526 2343 3566 non
2377 3523 2587 3581 paucos
2635 3522 2859 3577 quoque
2908 3514 3153 3574 spectata
3203 3507 3329 3559 vitae
3362 3509 3573 3558 sancti-

1982 3607 2166 3662 monia
2216 3605 2384 3674 hujus
2435 3602 2514 3655 rei
2550 3609 2721 3655 testes
2761 3599 3019 3653 habeam.
3075 3596 3195 3650 Non
3252 3596 3400 3649 enim
3466 3604 3570 3661 est,

1983 3719 2091 3755 non
2121 3708 2227 3765 est,
2258 3700 2507 3767 inquam,
2566 3695 2787 3748 illorum
2831 3693 2996 3757 ullus,
3044 3706 3209 3761 quem
3262 3705 3372 3744 non
3427 3705 3573 3758 saepe

1984 3792 2298 3863 impensius
2366 3788 2707 3861 rogaverim,
2761 3786 3023 3841 ardentes
3076 3793 3133 3840 et
3191 3782 3416 3846 crebras
3460 3782 3574 3835 Deo

1987 3901 2181 3956 preces
2232 3881 2491 3952 fundere,
2532 3895 2644 3934 non
2682 3888 2921 3943 tantum,
2967 3885 3027 3930 ut
3079 3890 3146 3929 ne
3184 3875 3315 3944 quid
3358 3873 3574 3929 sinistri

1987 3980 2039 4033 in
2102 3986 2287 4030 ortum
2342 3982 2497 4026 tuum
2535 3971 2829 4036 incideret,
2866 3983 3059 4024 verum
3094 3966 3261 4021 etiam
3318 3974 3379 4018 ut
3412 3972 3575 4017 natus

1984 4072 2353 4137 undequaque
2392 4066 2659 4134 optimus,
2694 4062 2954 4131 votisque
2991 4069 3099 4113 tam
3138 4057 3325 4111 multis
3373 4056 3576 4124 dignus

1984 4162 2316 4217 reddereris.
2356 4159 2500 4225 Quin
2547 4173 2648 4227 ego
2683 4158 2822 4226 ipse,
2860 4164 3069 4209 temere
3096 4152 3343 4221 quidem,
3376 4149 3577 4212 fateor,

1986 4255 2210 4327 quando
2247 4270 2277 4308 a
2310 4252 2559 4307 moribus
2600 4251 2741 4304 meis
2779 4262 2975 4317 parum
3028 4243 3342 4299 sanctitatis
3385 4258 3577 4296 norma

1987 4348 2254 4413 directis,
2313 4342 2646 4414 impetrandi
2685 4339 2943 4394 fiduciam
3003 4345 3193 4406 petere
3252 4334 3603 4403 nequibam,‘

1990 4451 2080 4495 tua
2097 4454 2263 4494 causa
2290 4419 2738 4505 complura‘l‘eci,
2778 4446 2879 4485 nec
2908 4444 3034 4483 raro
3066 4426 3562 4498 lacrymansDcum

1988 4533 2167 4591 oravi,
2204 4538 2263 4585 ut
2302 4537 2358 4584 et
2388 4526 2553 4582 nasci
2579 4539 2793 4594 posses,
2845 4531 2901 4577 et
2940 4531 3106 4576 natus
3142 4520 3266 4573 talis
3290 4520 3579 4578 evadercs,

291 4628 441 4703 εἶχον
476 4630 573 4684 καὶ
614 4626 1012 4695 άποσείεσθαι;
1070 4624 1185 4680 οὐκ
1220 4627 1337 4680 εστι
1394 4629 1493 4683 σὺν
1534 4627 1679 4699 λόγῳ
1717 4628 1876 4697 φθέγ-

1992 4627 2213 4699 qualem
2242 4637 2345 4695 ego
2386 4630 2437 4678 te
2482 4620 2553 4675 ab
2604 4620 2725 4688 ipso
2781 4615 3185 4687 poposcissem.
3236 4610 3410 4679 Quem
3448 4619 3579 4681 ergo

1580 4791 1802 4854 Jacobi
1844 4791 2110 4855 Pontani
2146 4796 2339 4852 notua.

364 4950 480 5023 (69)
525 4945 705 5001 Manet
728 4938 1165 5023 in_metaph_ora,
1192 4938 1345 5023 quod
1374 4945 1572 5023 tamen
1593 4951 1702 4989 non
1738 4952 1881 4990 sem-

292 5006 393 5095 per
427 5006 513 5076 est
542 5014 938 5073 necessarium.
971 5006 1228 5063 'Dixerat'
1258 5009 1432 5095 enim,
1486 5006 1747 5095 Baiana
1782 5024 1881 5060 κα-

293 5077 428 5151 κῶν.
464 5092 592 5146 Ideo
625 5101 726 5140 nos
764 5096 987 5152 quoque
1021 5096 1152 5152 non,
1185 5079 1435 5147 proferri,
1465 5077 1626 5152 quod
1661 5086 1882 5145 potera-

294 5149 441 5222 mus.
476 5160 570 5216 sed
605 5149 856 5229 profundi
898 5149 1322 5229 transtulimus;
1358 5164 1509 5229 mare
1538 5149 1710 5229 enim,
1747 5163 1885 5228 quo—

296 5218 446 5292 niam
492 5218 636 5300 aqua
669 5218 1221 5300 constat._funditur.
1260 5218 1551 5287 Etaliuqui
1580 5218 1773 5300 Metium
1808 5218 1887 5300 sic

298 5288 601 5365 loquimur,
641 5296 849 5367 aliquid
878 5293 1191 5367 eﬁ'undere.
1226 5305 1513 5367 pro,_cuu_i_
1542 5288 1742 5367 aﬂ‘ectu
1804 5288 1890 5367 vel

298 5358 599 5433 λέξασθαιιί
631 5358 818 5438 οιίίιίιο
846 5364 1125 5438 proloqui.
1164 5358 1297 5438 l_t_em
1333 5359 1684 5438 simpliciter,
1718 5358 1894 5438 ut.Ci-

301 5429 431 5501 {iam
486 5444 561 5498 De
592 5429 811 5498 orat-1.
849 5429 1050 5506 'Eﬁudi
1101 5433 1244 5487 vobis
1298 5432 1500 5485 omnia.
1534 5430 1601 5483 Et
1648 5429 1890 5499 poetice,

305 5518 433 5574 Hinc
462 5514 649 5583 eﬂ'udit
677 5519 887 5583 pectore
914 5508 1073 5583 dicta.
1362 5523 1367 5529 -

373 5570 609 5657 ti0)"Vel
638 5570 767 5653 quia
794 5580 1027 5657 forsitan
1053 5591 1148 5645 pro
1159 5580 1596 5657 gragnqpeccato
1618 5570 1893 5657 paululum

304 5641 549 5731 ωρῥιὶιεϋ
576 5641 707 5710 “iis
744 5641 1061 5731 eriﬁpatri,‘
1078 5641 1459 5731 ut'Terentius
1470 5641 1887 5731 _7ait.‘!\lel_quia

304 5714 559 5787 naturale
614 5734 699 5781 est
738 5714 898 5777 malle
933 5736 963 5793 a
998 5717 1326 5793 propinquis
1364 5728 1526 5783 quam
1565 5714 1763 5793 alienis
1799 5728 1888 5791 va-_

309 5786 500 5873 pulare
528 5839 543 5863 ,
585 5796 745 5873 quod
765 5786 1204 5873 misericordiam
1248 5786 1890 5873 speraiiius‘ab‘iiaquui

314 5857 367 5927 in
412 5857 812 5928 uos'crudeles
854 5868 1081 5933 propter
1120 5857 1404 5926 sanguinis
1423 5857 1892 5933 .communionem

315 5926 434 6001 esse
462 5926 583 6000 non
620 5926 873 6007 possunt:
897 5926 1071 5991 David
1095 5943 1317 6001 quoque
1358 5943 1389 5982 a
1423 5926 1535 5984 Deo
1576 5934 1837 5993 tanquam
1865 5938 1895 5980 a

1988 4947 2168 5002 patre,
2195 4951 2361 5004 quam
2394 4934 2463 4988 ab
2492 4931 2812 4987 hominibus
2842 4929 3311 5004 punir_i_mal_ebat
3343 4945 3355 4980 :
3389 4927 3584 5004 Coa_rc-

1987 4998 2101 5061 ctor
2125 4998 2305 5060 nimis.
2340 5004 2440 5059 Sed
2472 5004 2659 5057 melius
2705 5012 2803 5064 est,
2833 4998 2889 5054 ut
2911 5001 3141 5055 incidam
3172 5002 3226 5052 in
3261 5014 3451 5049 umnus
3483 4998 3585 5049 Ilo-

1996 5079 2125 5130 mini
2166 5076 2371 5146 (mulus
2402 5074 2969 5146 enimumisericordiw
3004 5074 3117 5141 ejus
3148 5077 3291 5137 sunt)
3324 5085 3487 5137 quam
3527 5070 3582 5120 in

1997 5142 2185 5201 manus
2215 5147 2487 5199 hominum
2522 5144 2589 5215 (ll
2624 5144 2744 5212 Reg.
2786 5142 2958 5215 xxiv).

2070 5219 2182 5287 (ἹΙ)
2223 5216 2490 5286 Gregoras
2532 5210 2811 5283 principio
2855 5210 2952 5266 lib.
3006 5228 3104 5287 viii
3140 5227 3163 5287 _:
3216 5210 3584 5262 Andronicum

1995 5283 2144 5342 tanta
2172 5283 2355 5340 amore
2378 5296 2687 5356 prosecutus
2712 5294 2785 5337 est
2815 5300 2966 5347 avus,
2999 5283 3083 5336 ita
3101 5283 3218 5351 ejus
3236 5289 3602 5356 aspectu‘gam

1992 5362 2153 5421 visus,
2190 5368 2245 5410 ut
2282 5349 2460 5412 omnes
2503 5365 2551 5409 et
2592 5363 2717 5409 ante
2777 5364 2825 5407 et
2869 5363 2984 5423 post
3018 5349 3173 5405 natos
3221 5349 3380 5419 ﬁlios,
3414 5349 3582 5423 ﬁlias,

1996 5438 2208 5498 nepotes
2238 5431 2405 5481 multo
2431 5427 2651 5482 minoris
2687 5421 2906 5494 faceret,
2938 5437 3221 5498 omnesque
3250 5437 3411 5490 quam
3430 5421 3587 5498 ‘hu‘nc

1996 5491 2160 5553 unum
2208 5500 2380 5570 perire
2426 5498 2631 5559 mallet,
2674 5491 2895 5570 siroptio
2951 5491 3195 5555 daretur,
3235 5501 3344 5543 tum
3388 5492 3450 5570 ob
3492 5491 3589 5570 ﬁr;

1998 5560 2219 5624 miorem'
2265 5571 2473 5631 imperii
2514 5560 2915 5629 successionem,
2967 5574 3081 5618 tum
3122 5573 3340 5633 propter
3386 5560 3588 5633 ingenii

1996 5643 2386 5712 praestantiam,
2414 5648 2530 5712 tum
2565 5647 2778 5712 propter
2806 5636 2983 5712 bullus
3007 5631 3405 5712 maiestatem;
3432 5631 3591 5712 forsi—

1999 5703 2091 5765 tan
2127 5722 2173 5764 et
2212 5703 2507 5765 similitudo
2550 5703 2778 5761 nominis
2812 5707 3016 5776 aliquid
3067 5706 3134 5758 ad
3174 5703 3586 5776 benevolentiam

1998 5781 2243 5837 contulit.
2284 5782 2482 5846 Quibus
2513 5779 2574 5832 de
2603 5780 2778 5833 causis
2810 5772 2929 5830 eum
2972 5776 3116 5845 apud
3145 5782 3215 5828 ‘se
3247 5775 3391 5841 regia
3438 5772 3592 5826 disci-

2002 5852 2595 5925 plinaginstituendum,
2637 5852 2853 5925 ejusque
2892 5856 3172 5925 conspectu
3236 5856 3393 5925 noctu
3418 5853 3613 5913 eatque.-

2003 5919 2235 5982 interdiu
2276 5923 2558 5985 fruendum
2593 5919 2721 5982 esse,
2751 5919 3147 5979 (uitandumque
3183 5919 3429 5970 censuit..
