4222 6442
259 464 330 524 89
1444 467 1864 528 UISTOltlAll

1971 471 1992 528 l
2037 472 2273 531 LIBER
2324 475 2366 536 Ι.
3464 482 3538 542 90

261 576 730 646 παεεακατέχουσι
780 577 888 629 τῶν
941 581 1422 650 εὐεργετημάτων.
1472 583 1714 652 Ἡμέρου
1751 583 1860 652 γὰρ

1971 588 2288 640 memoriam
2317 587 2657 640 custodiunt.
2695 587 2831 652 Quia
2867 602 3102 654 namque
3137 589 3286 641 mitis
3347 608 3540 645 eorum

265 667 440 734 οὔσης
472 669 570 736 τῆς
599 668 778 738 ψυχῆς
807 671 902 723 καὶ
939 671 1372 743 καθεστηκυίας,
1421 675 1516 727 κα)⁸
1543 679 1664 737 ταῖς
1692 676 1850 744 suap-

262 761 483 827 γεσὲαις
513 761 873 832 ἐνηδομένης,
906 764 982 827 ὡς
1009 766 1066 816 ἐν
1091 765 1275 835 χαλκῷ
1301 767 1590 835 συμϐαίνει
1617 769 1711 820 καὶ
1743 769 1851 820 τῶν

261 853 441 919 λόγοιν
473 855 566 905 καὶ
605 853 715 906 τῶν
765 855 944 926 ἐργων
979 855 1422 922 ὲγκολάπτεσθαι
1465 860 1563 922 τάς
1605 862 1848 928 μνήμας.

264 947 379 999 Καὶ
421 946 590 1008 αὐτὸς
616 945 815 1008 τοίνυν,
855 941 899 1000 ὧ
946 946 1196 1015 βασιλεῦ,
1231 943 1307 1001 ὧν
1358 951 1456 1018 μὲν
1502 951 1854 1022 ἐφθεγξάμην

261 1038 323 1088 ἐν
372 1031 453 1098 οἷς
497 1036 871 1102 ἠγανάκτουν,
913 1037 1282 1107 ἐπιλέλησμαι
1327 1039 1646 1103 παντελῶςο
1689 1033 1764 1093 ὧν
1809 1040 1854 1092 δ’

263 1128 536 1196 ὴκηκόειν
568 1127 1032 1196 εὐεργετούμενος
1066 1129 1220 1199 παρά
1262 1129 1382 1194 σοῦ,
1415 1129 1591 1192 οὕτως
1618 1130 1727 1200 ἔχω
1756 1131 1855 1200 τὴν

265 1220 497 1288 μνήμην
529 1219 803 1272 ἀνθοῦσαν
839 1221 934 1273 καὶ
972 1221 1199 1290 νεαρὰν,
1235 1221 1310 1285 ὡς
1338 1222 1518 1275 δοκεῖν
1547 1222 1701 1274 οὔπω
1729 1222 1856 1290 χθὲς

264 1311 366 1362 καὶ
405 1313 600 1380 πρώην
633 1312 958 1379 ἀκηκοέναι.
987 1313 1097 1365 Καὶ
1130 1315 1188 1366 σὲ
1214 1314 1270 1367 δὲ
1307 1315 1474 1366 αὑτὸν
1503 1313 1855 1383 ἐλογιζόμην,

264 1403 362 1453 τδν
403 1401 521 1454 ἴσον
560 1403 686 1470 ἐμοὶ
717 1403 1028 1458 διακεῖσθαι
1059 1405 1264 1473 τρόπον
1293 1421 1306 1434 ·
1342 1405 1434 1457 καὶ
1467 1397 1543 1458 ὧν
1581 1406 1679 1474 μὲν
1706 1406 1860 1474 ὀργι·

261 1497 494 1564 ζὸμενος
524 1495 798 1563 ἐφθέγξω,
831 1498 930 1566 τὴν
982 1497 1248 1566 ταχίστην
1302 1499 1402 1565 τὴν
1439 1500 1664 1568 μνήμην
1717 1499 1856 1550 ἀποο

260 1588 490 1641 δαλείνο
529 1582 603 1641 ὧν
668 1589 723 1640 δὲ
760 1589 1170 1657 εύγδργέτηκας,
1219 1590 1484 1656 ἀσφαλῶς
1537 1590 1859 1660 παρακατέ-

260 1699 404 1750 χειν.
440 1681 558 1734 Νῦν
600 1683 656 1735 δὲ
689 1682 1002 1735 τούναντίον
1034 1682 1181 1735 ἀπαν
1209 1682 1321 1752 ὁρῶ
1365 1684 1692 1753 συμϐαῖνον.
1723 1684 1860 1745 Τοὺς

265 1774 378 1842 γάρ
403 1773 506 1841 τῆς
535 1774 756 1842 είρήνης
785 1773 979 1840 λόγους
1000 1775 1144 1843 suo;
1173 1775 1362 1844 Λήθης
1391 1776 1660 1851 (θέρεσθαι
1686 1793 1862 1844 παρα-

260 1863 414 1924 δοὺς,
451 1865 579 1925 τοὺς
631 1863 690 1927 ἐξ
737 1864 1008 1934 ἀμετρίας
1061 1847 1522 1935 ἐξενηνεγμένους
1559 1847 1735 1938 λύπης
1779 1869 1860 1930 είς

265 1956 436 2024 μέσον
462 1956 641 2024 ἄγεις.
697 1956 839 2025 Ἐγὼ
870 1957 916 2009 δ’
952 1959 1036 2010 ὅτι
1089 1959 1190 2028 μὲν
1226 1960 1474 2028 εἰρήκειν
1503 1960 1856 2033 ἀνεμνήσθην

261 2045 525 2114 ἀκηκοώς
550 2065 563 2078 ·
595 2047 656 2099 ού
696 2049 804 2120 μὴν
837 2049 912 2112 ὡς
939 2050 1000 2120 δή
1026 2067 1078 2103 τι
1108 2052 1217 2104 τῶν
1247 2051 1544 2122 αἰσχίστων
1571 2055 1669 2123 τὴν
1704 2053 1859 2122 βασι-

260 2137 419 2191 λείαν
448 2139 911 2208 ἀποποιούμενος,
962 2142 1175 2214 τοιαῦτ’
1239 2145 1510 2213 είρήκειν.
1535 2140 1613 2197 Ἦ
1644 2147 1755 2214 γάρ
1789 2148 1857 2201 ἂν

260 2226 331 2293 ἦν
359 2231 714 2284 παντάπασιν
738 2233 1109 2303 ἐστερημένος
1139 2234 1379 2305 φρενῶν,
1406 2238 1498 2288 καὶ
1528 2238 1858 2306 ἀχαριστίας

264 2323 585 2393 ὑπερϐολὴν
618 2323 948 2377 καταλιπὼν
978 2326 1262 2394 οὐδεμίαν,
1301 2330 1348 2380 εί
1380 2328 1416 2381 ἀ
1469 2329 1602 2394 Θεὸς
1643 2331 1670 2381 ὁ
1702 2330 1858 2398 βασι-

264 2413 394 2476 λεὺς
426 2414 535 2466 τῶν
573 2413 996 2483 βασιλευόντων,
1032 2421 1128 2472 καὶ
1169 2421 1234 2472 σὺ
1272 2423 1433 2484 αὐτὸς
1464 2425 1491 2476 ὁ
1537 2423 1728 2493 κύριος
1762 2425 1859 2477 καὶ

265 2509 477 2577 πατὴρ,
503 2511 689 2586 πᾶσαν
720 2511 1049 2582 εὐεργεσίαν
1073 2513 1478 2583 ὑπερϐαίνοντα
1501 2517 1858 2587 ἐχαρίσασθε,

264 2599 423 2652 ταῦτ’
453 2602 616 2664 αὐτὸς
650 2603 865 2672 ἀνοήτῳ
899 2605 992 2657 καὶ
1026 2606 1326 2676 παραϐόλῳ
1369 2609 1530 2676 φρενὶ
1561 2609 1636 2671 ὣς
1671 2627 1722 2662 τι
1752 2612 1861 2665 τῶν

267 2693 568 2762 ἀχρήστων
595 2694 979 2766 ἀπεδαλόμην.
1022 2697 1168 2749 Ἀλλ’
1197 2699 1263 2750 ἐκ
1294 2700 1418 2751 λίαν
1465 2703 1728 2756 ἐνωδύνου
1769 2705 1863 2758 καὶ

265 2787 694 2856 τεταραγμένης
717 2788 904 2858 ψυχῆς
930 2793 1057 2854 τοὺς
1076 2792 1356 2856 τοιούτους
1381 2793 1576 2860 λόγους
1608 2798 1859 2867 προῄειν,

266 2878 631 2948 λογιζόμενος
670 2881 843 2934 ὅτιτὸ
895 2881 1019 2935 λίαν
1049 2883 1315 2937 ἐνώδυνον
1345 2887 1438 2938 κα)⁸
1472 2881 1586 2938 οἷον
1636 2890 1866 2956 πικρίας

267 2973 443 3041 γέμον
459 2973 553 3026 τοῦ
570 2976 760 3038 παιδὸς
779 2975 1023 3046 φθέγμα,
1044 2978 1180 3046 πρὸς
1200 2979 1550 3048 συμπάθειαν
1569 2981 1782 3051 κάμψει
1797 2983 1865 3037 τά

271 3082 301 3116 σ
317 3065 561 3136 τλάγχνα
587 3068 656 3120 τὰ
687 3069 952 3138 πατρικά·
976 3068 1085 3140 ὃδὴ
1117 3072 1208 3124 καὶ
1229 3072 1370 3125 κατά
1395 3072 1623 3142 γνώμην
1648 3077 1788 3145 ἐμὴν
1809 3083 1868 3129 ὲ-

269 3158 438 3227 πέὁη,
459 3160 552 3211 καὶ
573 3160 772 3230 πολλῆς
791 3161 1076 3214 ἀπέλαυσα
1095 3164 1256 3233 μέχρι
1276 3164 1436 3236 δεῦρο
1457 3167 1556 3236 τῆς
1577 3170 1868 3235 εὐμενείας

1959 677 2212 745 beneque
2257 679 2608 746 compositus
2646 687 2730 730 cst
2771 678 3012 740 anitnus,
3055 687 3111 731 ct
3143 679 3417 732 beneﬁt-io
3451 683 3542 736 dc«

1958 769 2222 833 lectatnr,
2263 769 2342 833 tit,
2381 778 2442 821 ut
2469 783 2594 822 cum
2628 769 2797 822 verba
2839 778 2952 820 tum
3007 769 3293 822 benefacta
3321 770 3398 823 illi
3426 780 3533 824 tan-

1957 873 2123 927 quam
2174 861 2228 912 in
2281 873 2355 912 ms
2401 858 2679 926 insculpta
2718 858 2986 913 altissime
3030 859 3303 914 hiercaut.
3353 863 3429 914 Ac
3461 877 3547 914 me

1958 965 2088 1003 sane
2121 964 2313 1004 eorum
2349 965 2470 1018 qua:
2500 950 2720 1003 locutus
2789 965 2908 1002 sum
2934 991 2947 1013 ,
2983 950 3112 1002 dum
3153 951 3438 1003 stomacho
3491 963 3548 1004 et

1961 1040 2334 1110 indignationi
2393 1040 2738 1100 serviebam,
2797 1040 3050 1093 funditus
3098 1043 3244 1110 cepit
3289 1042 3497 1096 oblivio
3537 1061 3551 1097 :

1961 1149 2082 1199 qua:
2131 1142 2317 1186 autem
2353 1131 2452 1184 abs
2501 1141 2553 1186 te
2604 1132 2741 1185 mihi
2791 1131 3176 1186 bene-faciente
3209 1133 3433 1198 audivi,
3478 1135 3553 1187 ita

1964 1227 2173 1294 vigent,
2210 1224 2395 1292 itaque
2426 1223 2673 1278 recentia
2708 1232 2839 1276 sunt
2873 1224 2927 1275 in
2960 1233 3184 1292 pectore
3218 1241 3363 1289 nico,
3399 1234 3460 1279 ut
3487 1239 3552 1279 ea

1961 1331 2064 1370 nec
2096 1315 2218 1370 heri
2274 1315 2500 1384 quidem
2531 1329 2594 1367 ac
2627 1313 3054 1379 nudiustertius,
3101 1316 3217 1380 sed,
3251 1316 3398 1383 quod
3436 1331 3555 1368 ant-

1961 1407 2108 1476 plius
2151 1414 2257 1469 est,
2298 1405 2461 1459 hodie
2509 1406 2748 1474 primum
2787 1405 2872 1458 his
2908 1406 3139 1460 auribus
3180 1406 3434 1461 hausisse
3468 1423 3556 1461 me

1965 1509 2178 1568 putem.
2223 1498 2299 1552 Te
2341 1513 2472 1550 vero
2501 1495 2734 1566 perinde
2789 1495 3051 1549 allectum
3083 1496 3264 1560 rebar,
3317 1512 3554 1565 qumque

1964 1603 2058 1658 per
2113 1588 2246 1642 iram
2301 1587 2761 1655 eitprompsisses,
2813 1601 3006 1640 eorum
3067 1587 3337 1641 citissime
3409 1589 3562 1658 abje-

1965 1682 2104 1734 cisse
2137 1680 2458 1733 memoriam
2500 1696 2513 1730 :
2548 1693 2670 1745 quae
2707 1687 2892 1731 autem
2943 1677 3138 1731 merita
3176 1678 3228 1731 in
3267 1694 3352 1731 me
3382 1678 3561 1731 collo.

1964 1789 2167 1836 casses,
2209 1788 2272 1825 ea
2317 1783 2367 1826 te
2404 1772 2570 1826 etiam
2615 1782 2779 1840 atque
2821 1773 2988 1825 etiam
3042 1770 3348 1824 recordari.
3391 1771 3560 1839 Atqui

1965 1869 2125 1921 aliter
2185 1866 2359 1919 multo
2421 1878 2534 1918 rem
2598 1865 2852 1918 evenisse
2919 1863 3190 1932 intelligo.
3257 1863 3390 1917 Nam
3437 1880 3561 1916 ser-

1967 1967 2156 2012 mones
2180 1973 2332 2012 meos
2365 1957 2433 2010 de
2458 1971 2593 2026 pace
2634 1955 2872 2009 Lethzeis
2907 1955 3212 2009 volvendos
3242 1956 3403 2023 aquis
3431 1970 3558 2023 per-

1969 2052 2196 2106 mittens
2264 2051 2399 2119 (75),
2459 2065 2580 2119 quae
2637 2049 2936 2102 immodico
2997 2048 3188 2103 dolore
3243 2049 3561 2102 stimulatus

1963 2142 2294 2205 cﬂuderam,
2328 2154 2394 2194 ca
2429 2154 2577 2193 nunc
2619 2140 2676 2193 in
2708 2137 2951 2193 medium
2983 2137 3236 2191 adducis.
3271 2136 3405 2202 Quze
3456 2152 3560 2207 ego

1967 2235 2222 2296 audiens,
2256 2233 2461 2287 dixisse
2515 2247 2602 2286 tne
2654 2231 2783 2284 veni
2820 2231 2875 2284 in
2919 2231 3276 2284 memoriam!
3324 2227 3560 2284 Verum-

1973 2341 2154 2384 tamen
2205 2344 2315 2382 non
2349 2326 2497 2397 quod
2548 2327 2864 2394 imperium,
2905 2335 2965 2379 ut
2997 2328 3286 2396 quidpiam
3322 2325 3565 2396 turpitu-

1967 2425 2114 2480 diuis
2174 2433 2230 2478 et
2273 2422 2511 2477 infamia:
2554 2422 2776 2491 plenum
2836 2418 3214 2489 repudiarem,
3271 2417 3362 2470 illa
3421 2417 3562 2470 dixi.

1971 2519 2228 2574 Profecto
2266 2517 2416 2572 enim
2451 2515 2657 2570 nullam
2693 2523 2906 2582 partem
2939 2513 3140 2568 mentis
3177 2512 3560 2582 possiderem,

1973 2627 2077 2666 nec
2109 2620 2257 2665 esset
2287 2608 2588 2678 quidquam
2621 2621 2708 2660 me
2742 2607 3034 2676 ingratius,
3069 2609 3112 2658 si
3139 2600 3435 2674 quaiDeus
3473 2620 3567 2656 rex

1971 2719 2188 2774 regum,
2223 2711 2280 2757 et
2311 2712 2366 2756 tu
2416 2700 2532 2768 ipse
2567 2699 2830 2753 dominus
2858 2714 2922 2752 ac
2959 2713 3162 2766 parens
3207 2712 3385 2761 meus,
3418 2696 3566 2749 ultra

1973 2810 2194 2851 omnem
2237 2791 2620 2848 beneﬁcentiae
2662 2791 2885 2846 modum
2928 2791 3260 2856 donavistis,
3311 2805 3375 2845 ea
3429 2790 3569 2843 insi-

1974 2890 2193 2958 pienter
2249 2902 2313 2940 ac
2372 2897 2579 2940 temere
2623 2899 2723 2938 ceu
2772 2884 2991 2938 inutilia
3043 2885 3362 2956 rejicerem.
3419 2883 3563 2949 Quid

1976 2981 2189 3053 igitur?
2231 2979 2400 3034 animi
2449 2978 2708 3034 acerbius
2735 2977 2996 3040 dolentis,
3034 2987 3090 3030 et
3131 2993 3398 3046 perquam
3429 2992 3566 3031 con-

1978 3072 2210 3137 turbati,
2277 3071 2725 3140 conlidentisquc
2804 3069 3138 3137 mgritudinc
3193 3079 3250 3124 et
3310 3069 3568 3124 amaritie

1978 3166 2238 3222 refertam
2274 3162 2388 3217 nati
2448 3177 2645 3216 vocem
2697 3171 2922 3229 paterna
2967 3163 3181 3215 viscera
3232 3161 3300 3215 ad
3350 3177 3571 3232 sympa-

268 3251 371 3320 τῆς
419 3251 727 3322 πατρικῆς.
757 3253 872 3306 Νῦν
916 3251 1012 3306 οὖν
1065 3257 1114 3307 εί
1148 3256 1248 3324 μέν
1297 3257 1416 3310 ἐστί
1447 3275 1531 3322 τις
1561 3259 1863 3328 ἐξελέγξων

1973 3259 2140 3314 thiam
2176 3256 2574 3320 etnollituram,
2610 3253 2701 3306 illa
2734 3253 2838 3307 fuit
2885 3252 3105 3317 oratio;
3138 3253 3302 3320 idque
3337 3253 3564 3318 factum,

271 3345 400 3408 ἀξιά
435 3345 501 3412 μέ
523 3363 650 3398 τινα
675 3347 1044 3416 είργασμένον
1070 3347 1330 3414 θανάτου,
1355 3351 1415 3403 οὐ
1444 3354 1867 3422 παραιτήσομαι

273 3439 336 3491 τὸ
390 3438 619 3501 δικαίως
650 3441 972 3494 ἀποθανεῖν.
1015 3440 1077 3494 Ei
1117 3442 1162 3494 δ’
1224 3443 1332 3512 ἀρα
1384 3445 1600 3498 τοιαῦτ’
1633 3445 1751 3500 ἔστι
1803 3448 1871 3502 τά

276 3529 609 3598 ἐγκλήματα
649 3529 726 3592 ὡς
768 3530 1022 3592 παιδείας
1075 3532 1286 3599 δεῖσθαι
1317 3535 1415 3586 καὶ
1459 3534 1723 3602 μάστιγος
1767 3554 1869 3590 πα·

274 3626 494 3693 τρικῆς,
531 3623 600 3676 τά
634 3624 736 3691 μέν
772 3624 1033 3693 ἀφήσεις,
1089 3625 1162 3686 ὼς
1225 3626 1317 3678 καὶ
1355 3628 1520 3692 αὐτὸς
1576 3629 1730 3699 παρά
1774 3631 1870 3683 τοῦ

277 3716 524 3784 μεγάλου
557 3718 834 3780 Βασιλέως
867 3721 962 3774 καὶ
993 3718 1142 3772 θέσει
1173 3721 1385 3791 Πατρδς
1424 3723 1522 3794 τὴν
1557 3725 1666 3776 τῶν
1690 3725 1870 3795 πλημ-

280 3809 618 3878 μελημάτων
689 3810 1047 3882 συγχώρησιν
1106 3813 1490 3882 ἐξαιτούμενος
1546 3796 1868 3888 ὁσημέραισ

279 3902 425 3973 ὑπὲρ
477 3903 535 3956 δὲ
590 3904 738 3969 τῶν,
810 3905 990 3968 ἔξεστί
1049 3922 1133 3958 σοι
1188 3906 1344 3969 δίκας
1399 3907 1702 3973 λαμϐάνειν
1761 3910 1872 3964 τῶν

277 3997 784 4067 πλημμελημάτων
847 3997 1028 4062 ἀξίας,
1090 4001 1219 4063 τοὺς
1272 4000 1556 4066 τοιούτους
1607 4004 1872 4075 ἐπαχθεῖς

281 4091 379 4141 καὶ
417 4089 620 4152 παντὸς
647 4089 985 4158 βαρυτέρους
1023 4089 1250 4159 φορτίου
1291 4091 1517 4161 μακρὰν
1546 4095 1704 4163 ήμῶν
1736 4097 1875 4148 ἀπε-

280 4181 542 4234 λαύνοντι
572 4179 788 4246 λόγους.
818 4179 1062 4234 Τοιαῦτα
1089 4183 1184 4235 καὶ
1225 4181 1570 4254 Ἀνδρονίκου
1612 4185 1707 4238 τοῦ
1751 4190 1873 4241 νέου

283 4274 734 4347 ἀποκριναμένου
763 4275 840 4344 τῷ
863 4275 1098 4346 πάππῳ,
1131 4275 1297 4340 αὐτὸς
1327 4280 1426 4344 μὲν
1452 4279 1587 4348 πρὸς
1616 4280 1714 4350 τὴν
1743 4282 1877 4334 ἀπο-

281 4369 478 4437 λογίαν
506 4369 765 4420 ἀντεῖπεν
823 4367 977 4421 οὐδέν
1001 4385 1014 4397 ⁸
1057 4367 1286 4439 βαρεῖαν
1314 4369 1361 4422 δ’
1395 4367 1464 4438 ἦν
1500 4375 1567 4442 τῇ
1615 4376 1740 4441 σιγῇ
1777 4375 1874 4426 καὶ

277 4463 394 4523 τοῖς
427 4460 587 4530 ήθεσι
614 4459 715 4529 τὴν
750 4459 922 4535 ὀργὴν
969 4459 1386 4530 ἐνδεικνύμενος
1417 4463 1495 4533 τῷ
1539 4465 1770 4535 ἐγγόνῳ.
1816 4465 1875 4520 Ὀ

283 4556 388 4622 μέν
414 4569 496 4605 τοι
539 4552 712 4622 μέγας
753 4533 1077 4621 δομέστικος
1133 4554 1199 4605 ἐκ
1234 4553 1459 4626 Θρᾴκης
1518 4555 1690 4608 ίλθὼν
1723 4533 1873 4608 ἐπεὶ

1974 3359 2036 3405 ut
2066 3350 2236 3403 volui.
2273 3347 2408 3402 Nam
2442 3347 2732 3413 hucusque
2770 3345 2948 3414 patria
2983 3343 3116 3397 mihi
3159 3343 3258 3396 abs
3307 3353 3357 3396 te
3391 3343 3566 3396 bette-

1975 3441 2216 3495 volentia
2255 3438 2466 3493 tributa
2501 3445 2606 3491 est.
2645 3435 2805 3489 Nunc
2835 3435 2879 3488 si
2917 3435 3045 3503 quis
3069 3445 3178 3500 est,
3209 3434 3302 3504 qui
3345 3451 3431 3488 me
3480 3451 3573 3489 ca-

1973 3535 2161 3605 pitalia
2219 3531 2539 3600 designasse
2595 3529 2912 3592 convincet,
2945 3527 3157 3581 merita:
3195 3528 3388 3581 mortis
3441 3543 3572 3595 sup-

1973 3627 2198 3698 plicium
2238 3640 2348 3679 non
2400 3621 2766 3692 deprecabor.
2819 3619 2978 3686 Quod
3039 3620 3084 3673 si
3126 3620 3237 3691 2!,
3285 3620 3412 3674 talia
3439 3631 3571 3675 sunt

1974 3719 2210 3774 crimina
2270 3731 2413 3779 mea,
2490 3725 2549 3768 ut
2601 3724 2831 3783 paterna
2886 3713 3154 3766 duntaxat
3210 3714 3570 3781 castigatione

1972 3812 2408 3879 verberibusque
2471 3807 2745 3876 expianda
2797 3806 3112 3868 videantur,
3176 3823 3370 3860 eorum
3428 3807 3568 3861 mihi

1975 3905 2207 3977 gratiam
2241 3902 2432 3966 facies,
2462 3917 2586 3956 cum
2616 3901 2732 3970 ipse
2762 3913 2987 3968 quaque
3029 3913 3057 3950 a
3095 3913 3294 3966 magno
3329 3899 3570 3967 Impera-

1976 4011 2099 4052 tore
2129 3995 2269 4064 (76).
2307 3996 2402 4064 qui
2430 4009 2531 4047 nos
2553 3992 2842 4060 aequaliter
2864 3983 3072 4044 omnes
3098 3992 3404 4059 adoptavit,
3441 4007 3568 4060 pec-

1977 4102 2230 4147 catorum
2297 4096 2521 4143 tuorum
2585 4087 2802 4140 veniam
2870 4084 3116 4152 preceris
3170 4084 3440 4153 quotidie.
3498 4085 3568 4140 At

1977 4203 2102 4257 qua:
2141 4200 2241 4255 ego
2273 4184 2326 4238 in
2377 4191 2429 4237 te
2483 4180 2761 4242 commisi,
2809 4179 2974 4248 digna
3030 4193 3192 4248 ptena
3230 4179 3566 4243 vindicabis,
3661 4236 3671 4245 ,

1979 4279 2026 4332 si
2063 4277 2323 4331 molestas
2387 4275 2553 4328 hasce
2583 4271 2846 4341 omnique
2894 4286 3064 4326 onere
3103 4271 3572 4349 intolerabiliores

1977 4386 2145 4426 voces
2203 4368 2462 4438 procula
2503 4382 2588 4429 me
2645 4365 3004 4418 abstinueris.
3077 4363 3188 4419 llac
3243 4365 3568 4420 defensione

1977 4464 2271 4532 explicata,
2311 4469 2450 4514 ams
2506 4449 2627 4511 eam
2686 4473 2788 4511 nec
2847 4456 3017 4510 verbo
3056 4456 3278 4521 refellit,
3345 4458 3570 4512 silentio

1983 4570 2115 4608 vero
2149 4554 2272 4624 ipso
2329 4562 2387 4606 et
2413 4552 2664 4620 gestibus
2695 4559 2892 4603 contra
2936 4558 3195 4617 nepotem
3223 4553 3300 4602 ira
3330 4559 3569 4623 astuare

279 4647 517 4700 ἐπύθετο
573 4645 642 4699 τὰ
699 4645 984 4716 συμϐάντα
1034 4645 1185 4717 παρά
1245 4645 1516 4715 βασιλέως
1577 4647 1673 4700 τοῦ
1723 4647 1864 4709 νέου.

1982 4647 2136 4701 visus
2179 4653 2286 4700 est.
2343 4644 2620 4700 Caeterum
2675 4641 2787 4711 (77)
2845 4655 3074 4710 magnus
3135 4641 3478 4696 domesticus
3536 4657 3569 4697 ο

1546 4763 1766 4825 Jacobi
1801 4762 2068 4826 Pontani
2105 4767 2294 4823 notae.

358 4867 469 4935 (75)
507 4866 676 4922 Lethe
707 4867 863 4937 palus
906 4867 1234 4929 inferorum.
1268 4867 1338 4922 ab
1372 4867 1650 4924 oblivione
1683 4869 1867 4924 nomi~

283 4950 437 4999 nata,
472 4939 617 5007 quod
643 4939 850 5010 mortui
879 4941 1124 5010 omnium
1167 4954 1348 4992 rerum
1386 4940 1548 5010 hujus
1580 4941 1705 4993 vitae
1733 4940 1874 4994 obli-

285 5011 593 5063 viscantur.
627 5008 769 5074 Quin
795 5018 979 5061 autem
1008 5009 1308 5064 historicus
1343 5008 1584 5074 iterum,
1619 5021 1678 5064 ut
1705 5010 1872 5076 alibi,

286 5080 507 5150 poetice
541 5079 820 5148 loquatur,
853 5079 1036 5150 nullus
1065 5078 1294 5144 dubito;
1325 5094 1380 5134 et
1405 5089 1490 5134 est
1521 5080 1636 5135 hac
1659 5097 1876 5150 quoque

287 5149 392 5204 una
417 5220 427 5222 ᾼ
453 5149 698 5222 historiae
737 5149 1074 5222 proiirietas,
1106 5150 1182 5203 uti
1213 5151 1444 5220 poeticis
1474 5150 1736 5222 loquendi
1781 5149 1873 5222 ge-

285 5220 540 5276 acribus.
571 5221 625 5272 in
651 5235 761 5288 quo
778 5220 923 5287 apud
955 5219 1182 5275 Latinos
1204 5219 1876 5290 Conspicuus'estLivius.

284 5290 519 5346 Ovidius
544 5291 597 5342 in
635 5290 790 5345 Ibin:

440 5361 629 5431 Etjua
658 5360 857 5414 lelhwis
879 5371 1002 5415 acta
1034 5362 1305 5416 dabuntur
1327 5363 1498 5431 aquis.

363 5432 472 5485 Ett
517 5429 696 5494 Trist.,
733 5432 873 5500 eleg.
909 5435 933 5482 7
974 5451 986 5486 :

362 5502 640 5556 Cunctane
666 5504 719 5555 in
741 5518 1010 5570 a'quOrcos
1036 5503 1280 5557 abierunt
1298 5505 1451 5558 irrita
1485 5513 1660 5558 ventos
1688 5503 1712 5556 ?

431 5572 704 5625 Cunctane
732 5572 931 5627 letha‘is
957 5589 1129 5627 mersa
1167 5575 1414 5642 feruntur
1435 5577 1586 5644 aquis
1617 5575 1642 5627 .9

361 5644 1068 5715 (76)Agapetusdiaconus
1097 5645 1164 5699 ad
1206 5645 1582 5702 Justiniauum
1636 5646 1876 5715 impera-

289 5712 688 5786 toruiu‘libello
714 5713 1109 5786 pulcherrimo,
1162 5732 1273 5784 quo
1313 5712 1878 5786 imperatorem—pra:-

289 5785 467 5854 ceptis
514 5784 715 5859 format
749 5803 763 5839 :
805 5784 1146 5859 Συγγνώμην
1181 5784 1502 5857 αἰτούμενος
1542 5784 1879 5859 ἀμαρτήμά-

291 5873 422 5917 των,
454 5857 800 5929 συγγίνωσκε
843 5859 940 5929 καὶ
959 5857 1134 5929 ᾲαύτὸς
1175 5861 1285 5920 τοῖς
1327 5862 1407 5922 εἰς
1439 5859 1497 5911 σὲ
1525 5857 1879 5929 πλημμελοῦ-

295 5943 398 5993 σιν,
448 5927 530 5980 ὅτι
587 5928 778 5996 ἀφέσει
830 5926 1153 5982 anteiam:
1206 5929 1420 5993 ἄφεσις,
1482 5932 1574 5982 καὶ
1620 5926 1696 5991 τῇ
1740 5930 1874 5992 πρὸς

1975 4867 2301 4937 ὁμοδούλους
2342 4865 2517 4938 ήμῶν
2555 4864 2894 4938 καταλλαγῇ.
2952 4865 2984 4932 ή
3035 4861 3173 4931 πρὶς
3222 4861 3356 4914 Θεὸν
3418 4861 3571 4938 φιλία

1978 4934 2072 4992 κά)
2108 4934 2416 4999 οἰκείωσις·
2484 4935 2617 4991 Cum
2678 4934 2992 4989 delictorum
3071 4944 3284 4986 tuorum
3355 4934 3570 4986 veniam

1981 5027 2015 5062 a
2047 5009 2156 5062 Deo
2212 5017 2404 5078 petas,
2455 5009 2567 5078 ipse
2617 5021 2820 5078 quoque
2880 5015 2928 5058 te
2985 5004 3571 5078 oﬂ'endeutibusiguo-

1979 5096 2065 5134 σεε
2091 5119 2105 5140 ,
2177 5075 2436 5148 quoniam
2477 5075 2809 5131 'remissioni
2869 5075 3223 5148 retriauiturg
3267 5076 3499 5148 rejitissio
3535 5114 3565 5148 Α,

1984 5143 2279 5220 nostrwqtte
2329 5166 2446 5202 cum
2493 5144 3244 5220 consc_rvis__reconciliationi,
3303 5143 3400 5220 Dei
3437 5146 3571 5220 amis

1987 5222 2112 5274 cilia
2160 5215 2209 5274 et
2236 5221 2600 5290 familiaritas.
2632 5216 3121 5290 §imiliseutentia
3176 5230 3334 5267 usum
3359 5215 3570 5290 inveni

1993 5293 2057 5344 D.
2089 5286 2482 5361 Epiphaniutn,
2513 5289 2602 5361 ad
2627 5288 2933 5361 _Eudocia_m
2986 5288 3316 5361 augustam,
3345 5286 3566 5361 Arcadii

1991 5355 2302 5432 conjugem.
2337 5378 2461 5416 cum
2488 5360 2576 5432 illa
2607 5359 2674 5412 de
2701 5359 2916 5428 injuriis
2953 5359 3052 5410 sibi
3083 5373 3109 5408 a
3150 5355 3359 5409 Joanne
3391 5356 3571 5432 _Chry-

1991 5427 2234 5487 εοείοιῖιο
2271 5433 2455 5496 illatis,
2484 5431 2665 5485 eidem
2694 5427 3150 5499 conquereretur,
3179 5438 3237 5480 ut
3263 5436 3346 5499 est
3389 5427 3570 5496 legere

1991 5503 2044 5556 in
2077 5503 2194 5574 Vita
2225 5503 2470 5574 ejusdem
2505 5497 2880 5574 Chrysostot’ni
2923 5497 3528 5574 apudilletaphrastcir.

2067 5573 2179 5643 (77)
2222 5568 2345 5628 Haec
2380 5573 2486 5626 alia
2539 5568 2864 5625 deliberatio
2901 5569 3179 5643 estLrllla
3221 5568 3373 5643 prior
3424 5569 3569 5643 inter

1989 5639 2351 5698 doineSticutn
2395 5653 2451 5698 et
2502 5643 2859 5714 Syrgianucm
2900 5641 2952 5693 in
2981 5639 3218 5714 _Th_racia
3268 5639 3389 5698 fuit,
3449 5639 3567 5714 bafc

1989 5715 2135 5770 inter
2164 5711 2557 5776 domesticum,
2579 5711 2635 5767 et
2664 5713 2939 5781 juniorem
2967 5711 3340 5781 Andronicum
3375 5713 3555 5763 susci-

1987 5785 2158 5854 pitur.
2204 5785 2272 5840 Et
2328 5780 2684 5856 intelligimus
2732 5781 2968 5856 rediisse
3008 5782 3061 5834 in
3095 5780 3387 5856 Thraciam
3447 5795 3567 5832 ma-

1985 5850 2150 5924 guum
2178 5850 2539 5912 domesticum
2564 5898 2576 5923 ,
2602 5853 2872 5925 siquidem
2917 5850 3450 5920 Constantinopolim
3483 5866 3568 5908 rc-

1986 5942 2174 5984 vcrsus
2197 5927 2416 5983 dicitur.
