4222 6442
633 419 698 482 9i
1800 427 2130 487 JOANNIS
2170 425 2700 488 CANTACUZENI
3820 430 3895 495 92

633 535 868 593 Thracia
919 554 1175 597 reversus
1220 543 1431 598 auditis
1495 559 1560 597 es
1599 546 1821 615 iuniore
1884 543 2214 614 imperatore

2322 544 2492 597 πολλά
2524 545 2814 613 Θαυμάσας
2844 544 2953 596 τῶν
3000 546 3100 612 τῆς
3130 544 3480 614 ἀνθρωπίνης
3512 547 3731 614 φύσεως
3760 566 3894 603 κατο

635 648 760 700 φη
791 633 1157 703 contigerant,
1189 637 1474 705 impendio
1507 639 1745 692 miratus
1773 639 2070 693 humanam
2113 655 2215 693 na-

639 734 818 777 turam
851 735 930 779 tot
986 728 1265 795 tantisque
1310 729 1612 797 subiectam
1649 729 1909 792 miseriis,
1941 739 1998 784 et
2022 731 2090 785 de
2124 733 2214 785 in-

637 817 782 869 vidia
816 829 1176 886 conquestus,
1211 835 1333 887 qua:
1366 821 1536 873 semel
1593 836 1622 874 a
1669 836 1728 874 se
1775 831 2074 890 occupatos
2106 823 2215 892 ipsi

635 919 845 967 natura
885 909 1094 963 bellum
1160 911 1364 965 inferre
1412 915 1578 981 cogit,
1618 913 1840 981 Optime
1893 914 2212 983 imperator,

637 1002 840 1070 inquit,
865 1003 1066 1055 malum
1096 1019 1217 1058 esse
1248 1005 1662 1058 atrocissimum
1695 1007 1826 1059 hinc
1854 1008 1986 1061 satis
2018 1008 2210 1077 liquet.

638 1093 824 1146 Fidem
883 1109 1048 1162 porro
1084 1111 1214 1164 erga
1259 1105 1310 1149 te
1350 1113 1527 1152 meam
1568 1107 1624 1153 et
1673 1114 1917 1153 amorem
1950 1101 2214 1154 sinceris-

632 1188 862 1249 simum,
899 1203 1250 1254 corvamque
1289 1190 1433 1242 inter
1484 1206 1582 1243 nos
1623 1191 1945 1254 amicitiam,
1985 1201 2040 1245 et
2086 1208 2212 1246 cum

636 1283 883 1346 utrisque
915 1280 1241 1345 corporibus
1291 1281 1528 1348 quodam
1574 1282 1742 1334 modo
1796 1295 2034 1346 auctam,
2058 1294 2217 1338 aute-

635 1385 820 1436 grcssa
889 1379 1136 1438 tempora
1173 1370 1394 1424 abunde
1450 1373 1779 1425 docuerunt.
1813 1372 2000 1442 itaque
2027 1374 2214 1428 verbis

638 1465 783 1515 inter
812 1477 911 1515 nos
954 1478 1093 1530 opus
1127 1478 1246 1516 esse
1281 1479 1388 1516 non
1423 1465 1691 1528 arbitror,
1721 1465 1928 1534 quibus
1965 1477 2213 1519 nostrum

636 1565 869 1623 uterque
913 1555 1146 1608 alterum
1214 1557 1320 1610 sibi
1373 1558 1632 1611 conciliet
1664 1565 1719 1610 et
1752 1558 2036 1627 adiungat.
2073 1558 2216 1613 Ven-

635 1659 758 1702 tura
813 1657 998 1702 autem
1060 1657 1331 1717 tempora,
1394 1649 1842 1704 ﬁdelissimorum
1908 1651 2224 1705 amicorum

630 1758 794 1811 Opem
827 1741 1210 1811 imploratura,
1243 1751 1304 1795 ut
1337 1758 1601 1811 auguror,
1635 1759 1744 1797 nou
1774 1745 1959 1800 minus
1985 1746 2079 1815 qui
2109 1746 2211 1799 sim

631 1849 760 1904 erga
795 1844 846 1890 te
877 1834 1259 1889 declarabunt.
1292 1834 1346 1889 Si
1383 1835 1606 1904 quidem
1653 1824 1818 1904 igitur
1848 1837 2089 1892 viderem
2134 1846 2210 1905 te,
2244 1875 2288 1933 Β

631 1926 973 1995 malignitate
1030 1936 1086 1981 et
1134 1928 1449 1997 arrogantia
1504 1936 1851 1995 corruptum,
1894 1943 1998 1983 avo
2031 1929 2206 1998 impe-

630 2021 778 2075 rium
808 2021 1048 2089 eripere,
1083 2027 1140 2074 et
1171 2021 1236 2072 ad
1281 2030 1334 2074 te
1366 2019 1543 2073 solum
1583 2019 1884 2074 transferre
1913 2030 2209 2087 attentare,

629 2115 964 2185 persuadeas
996 2115 1095 2169 tibi
1149 2115 1335 2179 velim,
1382 2129 1700 2184 quanquam
1757 2115 1835 2169 tui
1891 2131 2010 2170 sum
2049 2115 2213 2184 cupi.

626 2209 918 2274 dissirnus,
970 2209 1173 2262 nollem
1226 2217 1405 2263 tamen
1447 2209 1502 2261 in
1541 2216 1650 2261 tam
1715 2208 1943 2262 infando
1988 2210 2212 2279 negotio

627 2305 697 2357 ad
748 2285 870 2357 tuas
896 2302 1137 2357 rationes
1173 2317 1258 2356 me
1303 2301 1626 2372 adiungere.
1670 2301 1741 2356 At
1770 2303 1899 2371 quia
1933 2311 1985 2356 te
2018 2303 2213 2358 imme-

631 2405 789 2450 rente
826 2410 1052 2464 prorsus
1086 2394 1406 2465 huiusmodi
1443 2393 1740 2449 adversum
1775 2404 1829 2449 te
1853 2394 1994 2450 mala
2028 2410 2208 2450 emer-

628 2505 760 2557 gere
789 2505 981 2554 cerno,
1019 2499 1098 2554 ut,
1133 2488 1240 2544 nisi
1269 2489 1411 2544 Deus
1451 2489 1542 2544 illa
1589 2489 1832 2559 desuper
1862 2489 2210 2558 discusserit,
2242 2548 2253 2558 ,

628 2583 991 2637 metuendum
1028 2584 1102 2638 sit
1157 2598 1225 2636 tie
1256 2584 1309 2636 in
1370 2582 1717 2637 altitudinem
1755 2583 2082 2639 immensam
2121 2600 2214 2640 ex-

624 2685 902 2738 crescunt,
934 2691 1003 2730 en
1036 2691 1137 2746 ego
1169 2677 1317 2730 ultro
1345 2691 1408 2730 ac
1443 2676 1619 2731 libens
1643 2691 1741 2746 pro
1758 2676 1934 2731 salute
1972 2687 2067 2733 tua
2098 2693 2209 2733 non

627 2767 896 2838 pecunias
948 2777 1182 2831 tantum,
1230 2768 1503 2833 fortunas,
1557 2783 1773 2831 servos.
1825 2770 2056 2838 amicus,
2112 2771 2210 2827 sed

627 2859 900 2929 meipsum
954 2869 1216 2929 prsctcrea
1254 2859 1448 2922 olIcro,
1483 2870 1540 2913 ut
1567 2876 1899 2931 quacunque
1951 2864 2006 2917 in
2043 2880 2101 2920 re
2159 2874 2215 2920 et

624 2953 1128 3022 quotnoducunque
1155 2969 1238 3006 me
1291 2963 1365 3007 uti
1397 2955 1596 3021 possis.
1627 2953 1847 3009 Gratias
1873 2957 2079 3012 diserte
2106 2958 2216 3027 agit

628 3049 955 3113 imperator,
983 3056 1146 3113 atque
1177 3045 1282 3099 hoc
1315 3045 1542 3115 insuper
1570 3047 1723 3101 addit
1757 3060 1770 3101 :
1801 3048 1939 3103 Cum
1974 3049 2088 3118 ipsa
2126 3051 2216 3106 die

632 3146 981 3191 veterascant
1024 3137 1396 3206 paulatimque
1458 3138 1779 3194 dilabantur
1814 3142 2023 3207 omnia,
2061 3143 2216 3197 insti-

2323 636 2679 705 ορχουμινων
2715 636 2928 699 κακῶν,
2975 638 3072 688 καὶ
3129 636 3228 704 τὴν
3263 637 3478 689 ἀδικίαν
3523 640 3897 708 καταμεμψά-

2322 744 2480 794 μενος
2512 728 2590 789 ὡς
2640 730 2736 780 καὶ
2785 730 2904 780 κατ’
2938 727 3111 793 αὐτῆς
3167 730 3268 796 τῆς
3310 729 3532 794 φύσεως
3564 730 3896 792 δπλίζουσαν

2315 823 2447 882 τοὺς
2498 821 2728 883 ἀλόντας
2772 821 2910 889 αὐτῇ
2970 819 3252 882 καθάπαξ,
3309 821 3588 889 Κρᾶτιστε
3648 821 3896 890 βασιλεῦ,

2317 909 2444 979 levi,
2477 910 2539 962 τὸ
2566 911 2668 979 μιν
2707 912 2879 963 κακὸν
2905 910 3212 975 κατάδηλον
3237 911 3469 963 αὐτόθεν
3519 912 3596 974 ὡς
3642 913 3760 965 ἐστι
3788 914 3898 966 τῶν

2315 1001 2660 1070 ἀνηκέστων.
2703 1001 2815 1071 Τὴν
2864 1002 2924 1054 δὲ
2976 1003 3115 1070 πρὸς
3146 1003 3206 1054 σέ
3239 1020 3342 1072 μου
3375 1004 3560 1056 πίστιν
3606 1008 3702 1058 καὶ
3748 1005 3900 1060 δόλου

2320 1094 2527 1155 παντὸς
2557 1095 2735 1162 ἀμιγῆ
2776 1093 2984 1162 φιλίαν,
3034 1096 3130 1147 καὶ
3158 1098 3188 1148 δ
3235 1095 3527 1165 παρελθὼν
3583 1098 3682 1166 μὲν
3710 1100 3902 1166 χρόνος

2319 1184 2726 1254 βεϐαιώσασθαι
2785 1186 2996 1251 ίκανδς,
3026 1187 3311 1256 ἡλικιῶτιν
3362 1191 3460 1240 καὶ
3502 1189 3618 1250 τοῖς
3655 1188 3902 1257 σώμασιν

2317 1276 2451 1344 ἡμῖν
2477 1274 2957 1344 συναυξανομένην
2984 1276 3277 1340 ἀποδείξας
3301 1276 3506 1344 τρόπον
3529 1277 3674 1332 τινά.
3697 1279 3901 1348 Διόπερ

2315 1365 2434 1416 οὐδὲ
2469 1365 2644 1432 λόγων
2672 1366 2781 1420 δεῖν
2810 1367 2947 1437 πρὸς
2965 1366 3230 1436 ἀλλήλους
3259 1369 3405 1437 ἡμᾶς
3435 1367 3701 1438 ἠγοῦμαι,
3723 1369 3903 1439 ἑαυτῷ

2314 1458 2405 1509 τὸν
2431 1458 2620 1528 ἔτερον
2654 1460 2950 1530 ἑκατέρους
2979 1459 3416 1530 οἰκειουμένους.
3449 1461 3560 1514 Καὶ
3602 1463 3630 1514 δ
3688 1461 3901 1531 μέλλων

2314 1551 2370 1603 δὲ
2401 1550 2503 1602 οὐκ
2526 1551 2750 1603 έλαττον
2784 1551 2971 1616 δείξει,
3005 1552 3177 1620 φίλων
3203 1555 3542 1607 πιστοτάτων
3570 1554 3902 1624 δεησόμενος

2314 1642 2391 1705 ὡς
2417 1643 2552 1713 ὁρῶ.
2600 1644 2663 1698 Εί
2702 1646 2800 1713 μὲν
2831 1644 2924 1698 οὖν
2956 1645 3146 1714 ἑώρων
3187 1663 3245 1698 σε
3275 1646 3583 1718 κακοηθείᾳ⁵
3615 1646 3901 1717 χρώμενον

2316 1736 2412 1786 καὶ
2448 1734 2711 1806 αὐθαδείᾳ
2740 1736 2876 1804 πρὸς
2913 1737 3145 1806 βασιλέα
3189 1737 3282 1790 τὸν
3315 1739 3562 1801 πάππον,
3599 1738 3698 1806 τῆς
3722 1738 3902 1808 ἀρχῆς

2315 1828 2523 1878 ἐκεῖνον
2566 1827 2667 1896 μὲν
2694 1829 3042 1898 ἀποστερεῖν,
3075 1828 3294 1898 σεαυτῷ
3329 1830 3386 1883 δὲ
3418 1831 3569 1899 μόνῳ
3600 1833 3905 1900 περιποιεῖ-

2319 1918 2443 1970 σθαι
2481 1917 2787 1986 βούλεσθαι,
2818 1919 2880 1974 εὖ
2913 1921 3045 1985 ίσθι,
3087 1921 3269 1976 καίτοι
3303 1921 3425 1974 λίαν
3456 1921 3650 1990 φιλῶν,
3707 1924 3809 1976 οὐκ
3835 1924 3902 1976 ἂν

2313 2010 2489 2075 οὕτως
2527 2012 2732 2065 ἀτόπου
2765 2013 3020 2080 πράξεως
3051 2015 3280 2085 εἱλόμην
3307 2031 3391 2068 σοι
3420 2017 3726 2070 κοινωνεῖν.
3746 2015 3904 2067 Ἐπεὶ

2313 2102 2358 2156 δ’
2409 2104 2469 2167 ἐξ
2513 2104 2779 2172 οὐδεμιᾶς
2838 2106 3022 2168 αἰτίας
3052 2105 3269 2161 τοιαῦθ’
3298 2107 3410 2177 δρῶ
3445 2108 3694 2178 φυόμενα
3757 2109 3904 2160 κακά

2315 2196 2457 2248 κατά
2484 2194 2606 2260 σού,
2642 2196 2776 2250 ὥστ’
2811 2197 2862 2250 εί
2896 2197 2973 2268 μὴ
3029 2197 3162 2261 Θεὸς
3192 2198 3403 2254 ἀνωθεν
3435 2200 3575 2254 αύτά
3630 2198 3901 2262 διαλύσει,

2312 2288 2436 2342 ούδὶ
2461 2288 2604 2343 πάνυ
2635 2291 2828 2361 πόρῤω
2846 2291 3173 2360 προσδοκίας
3195 2293 3276 2355 είς
3305 2290 3442 2361 ὕψος
3477 2292 3710 2363 ἀρθῆναι
3737 2291 3900 2362 βαθὺ,

2315 2381 2457 2436 ἑκὼν
2491 2383 2654 2446 αὐτὸς
2679 2382 2974 2454 ἐπιδίδωμι
3000 2386 3116 2448 τοῖς
3141 2385 3413 2449 κινδύνοις
3446 2386 3560 2446 τοῖς
3590 2385 3730 2454 ὑπὲρ
3780 2383 3901 2450 σοῦ,

2314 2475 2375 2528 ού
2407 2477 2673 2547 χρήματα
2711 2479 2874 2545 μόνον
2910 2477 3005 2530 καὶ
3041 2480 3236 2548 κτῆσιν
3283 2479 3379 2532 καὶ
3408 2478 3630 2540 οἰκέτας
3660 2478 3755 2531 καὶ
3811 2477 3903 2546 φί-

2315 2569 2463 2634 λους,
2526 2570 2645 2623 ἀλλ’
2690 2569 2792 2640 ἢδη
2857 2573 2953 2626 καὶ
3004 2570 3171 2625 αὑτὸν
3215 2571 3340 2641 ἐμὲ,
3386 2571 3529 2626 ὥστε
3585 2571 3754 2640 ἔχειν,
3789 2572 3817 2624 ὅ
3851 2587 3904 2623 τι

2320 2661 2562 2733 βουλήσῃ
2600 2662 2863 2732 χρῆσθαι.
2906 2663 3033 2716 Ἐπὶ
3063 2663 3275 2726 τούτοις
3311 2662 3406 2716 τοῦ
3444 2663 3715 2733 βασιλέως
3746 2663 3908 2737 δομε-

2318 2756 2491 2824 στίκῳ
2521 2753 2602 2823 τῷ
2637 2753 2863 2824 μεγάλῳ
2896 2752 3096 2824 πολλὴν
3122 2753 3286 2823 χάριν
3316 2754 3780 2825 ὁμολογήσαντος,
3806 2755 3906 2809 καὶ

2318 2845 2670 2915 προσθέντος,
2692 2846 2768 2909 ὼς
2801 2845 2859 2900 ’0
2888 2847 3046 2900 πάντ’
3076 2847 3370 2916 ἀμϐλύνων
3401 2848 3616 2918 χρόνος,
3647 2848 3740 2902 καὶ
3764 2849 3908 2902 κατά

2321 2939 2518 3010 μικρὸν
2541 2933 2835 3009 ὖπορρέειν
2862 2940 3056 3004 ποιῶν,
3087 2940 3186 3010 τῆς
3211 2940 3493 3011 ἡμετέρας
3514 2941 3749 3012 ἥττηται
3773 2939 3908 3010 πρὸς

2321 3029 2584 3099 ἀλλήλους
2642 3029 2852 3099 φιλίας,
2918 3031 3406 3102 ἐρρωμενεστέρας
3478 3031 3566 3084 ἀεὶ
3637 3029 3731 3084 καὶ
3801 3031 3908 3082 ἀκ-

2324 3123 2621 3195 μαιοτέρας
2653 3123 2938 3192 προϊόντος
2967 3125 3324 3194 φαινομένης,
3365 3123 3459 3176 καὶ⁸
3481 3123 3686 3193 δένδρῳ
3733 3140 3909 3193 προσ·-

628 3239 747 3284 tuta
776 3229 907 3282 mihi
937 3238 1118 3283 tecum
1145 3231 1386 3285 atniCitia
1412 3240 1743 3287 vetustatem
1769 3235 1942 3290 vincit
1971 3253 1984 3289 :
2009 3237 2215 3305 quippe

2328 3213 2652 3277 εικάσαντος
2677 3213 2764 3266 ἀεὶ
2788 3213 3031 3284 βρίθοντι
3062 3215 3178 3278 τοῖς
3223 3216 3484 3285 καρποῖς,
3516 3215 3614 3268 καὶ
3642 3215 3733 3267 τὸν
3770 3230 3909 3285 παρα

628 3337 754 3391 qute
810 3331 1056 3391 tempore
1115 3322 1448 3390 procedente
1495 3324 1728 3380 validior
1779 3342 1999 3395 semper
2048 3338 2214 3396 atque

631 3418 902 3470 virentior
931 3426 1178 3485 apparet,
1210 3415 1397 3469 arbori
1432 3425 1697 3486 perpetua
1732 3417 2023 3473 baccarum
2051 3420 2218 3474 uber-

629 3518 745 3562 tate
777 3508 1210 3571 ittcuerscenti,
1241 3525 1304 3563 ac
1342 3512 1600 3579 praesenti
1632 3514 2039 3568 auctumnitato
2075 3529 2216 3584 prae-

631 3600 852 3654 teritam
889 3601 1172 3670 superanti
1196 3601 1411 3656 similis.
1441 3602 1650 3658 Dehinc
1679 3603 1745 3657 ad
1785 3605 2214 3659 consultandum

627 3690 936 3756 conversis,
967 3691 1208 3761 primum
1237 3693 1487 3748 omnium
1517 3694 1903 3765 complacitum
1939 3705 2046 3758 est,
2079 3695 2219 3749 deli-

633 3782 871 3850 gendum
912 3797 1072 3844 esse.
1125 3784 1220 3850 qui
1249 3783 1315 3837 ad
1363 3799 1422 3839 se
1479 3785 1864 3856 confugientes
1919 3785 2213 3855 reciperet,

632 3875 818 3929 locum
848 3874 1147 3938 munitum.
1168 3875 1392 3946 situque
1425 3886 1539 3931 tum
1568 3879 1636 3932 ad
1670 3877 1905 3934 tuendos
1941 3886 2216 3947 receptos,

635 3976 751 4020 tum
778 3965 845 4019 ad
877 3966 1147 4021 arcendos
1176 3977 1564 4037 uppuguantes
1595 3969 1742 4023 haud
1774 3967 2214 4023 incommodum.

636 4058 1033 4114 Nutninabatur
1066 4059 1172 4130 25
1229 4061 1282 4114 in
1311 4060 1538 4130 Odrysis
1577 4062 1646 4116 ab
1677 4061 1923 4116 Adriano
1955 4061 2207 4133 Augusto

634 4151 964 4208 vocabulum
1024 4155 1217 4208 sortita
1250 4153 1660 4224 Adrianopolis,
1709 4155 1876 4224 idque
1930 4154 2120 4210 multis
2161 4164 2218 4210 et

633 4247 1062 4315 pernecessariis
1095 4249 1163 4304 de
1199 4249 1401 4305 causis.
1443 4249 1551 4303 Sed
1595 4265 1722 4304 cum
1756 4249 1896 4304 illud
1927 4251 2011 4305 eis
2048 4249 2218 4305 timo-

634 4354 748 4393 rem
785 4339 1011 4403 faceret.
1045 4357 1115 4397 ne
1157 4341 1358 4397 infesto
1394 4342 1612 4411 agmine
1642 4356 1742 4411 per
1791 4341 2023 4411 vestigia
2073 4341 2220 4395 inse-

630 4440 796 4487 cutus
847 4432 1034 4488 senior
1080 4435 1220 4504 (qui
1272 4434 1506 4490 militem
1559 4436 1613 4489 in
1669 4442 1926 4505 promptu
1965 4432 2215 4495 haberet,

2320 3305 2622 3375 εληλυθότα
2675 3306 2750 3375 τῷ
2794 3306 3062 3360 ἐνεστῶτι
3115 3304 3340 3360 νικῶντι
3368 3307 3570 3376 χρόνῳ,
3604 3307 3908 3379 ἐτράποντο

2320 3399 2457 3468 πρὸς
2482 3399 2542 3452 τὸ
2578 3398 2936 3467 βουλεύεσθαι
2968 3400 3101 3470 περὶ
3131 3400 3240 3453 τῶν
3271 3399 3582 3468 παρόντων.
3608 3400 3720 3453 Καὶ
3748 3399 3910 3470 πρῶ-

2318 3509 2411 3545 τον
2450 3491 2626 3544 ἐδόκει
2657 3491 2908 3557 πάντων,
2957 3491 3192 3563 ἐκλογὴν
3251 3491 3587 3562 ποιήσασθαι
3620 3492 3718 3546 τοῦ
3779 3493 3911 3562 μέλ-

2319 3586 2506 3651 λοντος
2533 3587 2736 3649 αὐτοὺς
2760 3585 3119 3653 ὑποδέξεσθαι
3142 3585 3452 3656 φεύγοντας
3483 3585 3749 3656 φρουρίου
3785 3587 3909 3638 ἑπι-

2320 3679 2531 3749 καίρως
2554 3679 2906 3749 κεισομένου,
2935 3681 3030 3733 καὶ
3053 3679 3191 3749 πρὸς
3215 3678 3274 3732 τὸ
3297 3678 3534 3748 φυλάξαι
3558 3678 3910 3749 διαδράντας,

2323 3772 2417 3826 καὶ
2441 3773 2578 3841 πρὸς
2603 3770 2664 3824 τὸ
2687 3773 2801 3833 τοῖς
2829 3770 3162 3840 μαχομένοις
3184 3771 3592 3841 ἀντεπιχειρεῖν
3619 3770 3912 3841 ῥᾳστώνην

2323 3867 2614 3936 παρέχειν.
2655 3864 2864 3918 Ἐδόκει
2903 3870 3004 3934 μὲν
3049 3865 3143 3919 οὖν
3171 3863 3392 3919 ἑλέσθαι
3420 3865 3522 3936 τὴν
3545 3866 3604 3917 ὲν
3630 3865 3911 3935 Ὀδρυσοῖς

2326 3955 2621 4027 ἐπώνυμον
2657 3957 2923 4027 Ἀδριανῷ
2950 3956 3126 4023 πόλιν,
3158 3957 3374 4010 πολλῶν
3406 3957 3575 4011 ἕνεκα
3603 3957 3698 4010 καὶ
3741 3958 3911 4025 ἀναγ-

2326 4049 2638 4104 καιοτάτων
2676 4048 2893 4105 αἰτιῶν.
2937 4048 3184 4108 Δεδιότες
3215 4048 3275 4102 δὲ
3330 4049 3404 4119 μὴ
3441 4044 3759 4113 καταπόδας
3811 4053 3910 4120 τῆς

2325 4143 2506 4213 φυγῆς
2537 4142 3080 4212 ἐπιστρατεύσαντος
3109 4141 3297 4203 αὐτοῖς
3324 4140 3420 4194 τοῦ
3472 4141 3766 4211 βασιλέως,
3807 4141 3906 4196 ἀτε

2326 4239 2420 4290 καὶ
2451 4235 2719 4306 στρατιὰν
2748 4236 2963 4307 ἔχοντος
3005 4235 3064 4300 ἐξ
3092 4234 3201 4288 ἐτοί
3210 4252 3338 4305 μου,
3365 4237 3458 4288 καὶ
3487 4238 3586 4306 τῆς
3617 4235 3738 4288 ὀδοῦ
3763 4236 3914 4290 δυοῖν

2323 4333 2356 4405 ἢ
2403 4331 2572 4400 τριῶν
2604 4329 2831 4402 ἡμερῶν
2864 4329 3088 4383 έλαττον
3119 4327 3288 4400 οὔσης
3335 4328 3562 4393 ἁλῶσιν,
3597 4327 3915 4397 ἀμύνασθαι

2331 4423 2410 4494 μὴ
2441 4423 2740 4492 δυνάμενοι
2766 4421 2896 4485 τοὺς
2920 4423 3200 4485 ἐπιόντας,
3231 4419 3592 4490 ἐξεκρούοντο
3623 4420 3728 4472 τῶν
3762 4420 3918 4488 λογι-

630 4542 907 4596 quotnque
929 4527 1029 4581 via:
1056 4528 1316 4591 brevitas,
1342 4527 1578 4582 duorum
1608 4527 1895 4595 nimirum,
1925 4534 2022 4580 aut
2046 4525 2214 4578 triutn

2327 4517 2502 4588 σμῶν.
2538 4515 2892 4570 Συνετίθεντο
2949 4515 3008 4568 δὲ
3063 4515 3266 4584 μᾶλλον
3319 4516 3456 4586 πρὸς
3487 4514 3585 4582 τὴν
3620 4515 3678 4566 έν
3722 4513 3919 4586 Θρᾴκῃ

627 4619 846 4675 dierum
901 4620 1103 4676 itinere
1141 4623 1323 4676 minor
1354 4621 1678 4692 adiuvaret)
1714 4619 1988 4690 fugientes
2029 4618 2216 4689 oppri-

628 4721 805 4766 lueret
844 4729 856 4767 :
891 4712 1344 4782 quandoquidem
1381 4713 1484 4782 ipsi
1520 4728 1550 4767 a
1584 4721 1738 4781 tergo
1790 4711 2060 4765 instantes
2085 4725 2218 4779 pro-

629 4806 850 4877 pulsare
910 4807 1227 4875 nequirent,
1285 4807 1337 4860 in
1393 4806 1612 4860 irritum
1654 4805 1888 4860 cadente
1915 4805 2216 4864 sententia,

624 4898 1006 4965 Christopulin
1040 4899 1292 4953 Thraciae
1321 4898 1514 4952 urbem
1555 4906 1745 4966 petere
1777 4897 2214 4951 constituerunt.

629 4991 702 5047 Iis
735 4991 837 5046 huc
869 4992 1032 5046 modo
1062 4992 1208 5046 inter
1249 5007 1306 5044 se
1359 4989 1812 5051 consiliantibus,
1845 5006 1875 5043 a
1901 4988 2062 5044 Crale
2094 4989 2218 5043 Ste-

628 5085 831 5155 phano,
863 5084 1234 5139 Triballnrum
1264 5084 1512 5154 principe
1542 5084 1676 5150 (78),
1719 5081 1786 5134 ad
1821 5081 2213 5148 imperatorem

626 5195 788 5235 avum
838 5181 1036 5249 (cuius
1085 5179 1252 5232 tiliam
1313 5177 1690 5232 Sunoniadem
1746 5175 1987 5230 habebat
2022 5175 2074 5228 in
2108 5191 2218 5230 ma-

629 5271 940 5340 trimonio),
976 5269 1199 5325 advenit
1232 5269 1458 5338 legatio,
1495 5283 1561 5321 ex
1599 5283 1764 5322 causa
1802 5267 2213 5337 hujuscemodi.

628 5361 932 5432 Imperator
965 5359 1032 5414 dc
1064 5359 1188 5428 eius
1221 5361 1470 5413 exercitu
1506 5367 1793 5410 mutuatus
1836 5356 2064 5410 circiter
2106 5358 2217 5410 duo

623 5451 994 5506 Cottianorum
1048 5449 1240 5511 millia,
1297 5461 1392 5502 eos
1446 5462 1556 5501 non
1614 5447 1956 5509 restituerat,
2018 5446 2113 5500 sed
2145 5447 2213 5501 ad

624 5544 1028 5599 remanendum
1081 5541 1369 5611 pellectus,
1417 5540 1490 5595 ita
1549 5539 1843 5595 retinebat.
1903 5537 2087 5604 Quare
2122 5554 2216 5593 ar-

2326 4609 2727 4680 Χριστούπολιν
2775 4611 3058 4664 ἀπελθεῖν.
3112 4609 3274 4664 Οὕτω
3325 4611 3455 4680 περὶ
3484 4609 3596 4661 τῶν
3633 4607 3761 4660 καθ’
3787 4609 3916 4660 ἐαυ-

2319 4703 2447 4763 τοὺς
2475 4701 2895 4772 βουλευομένων
2921 4700 3122 4763 αὐτῶν,
3152 4699 3470 4768 ἀφικνεῖται
3495 4699 3648 4768 παρὰ
3673 4696 3766 4749 τοῦ
3790 4699 3917 4766 'l‘pt-

2321 4794 2503 4848 ϐαλῶν
2566 4787 2834 4865 ἄρχοντος
2896 4793 3088 4863 Κράλη
3147 4791 3429 4861 Στεφάνου
3493 4791 3633 4861 πρὸς
3678 4790 3916 4860 βασιλέα

2323 4884 2618 4954 πρεσϐεία,
2650 4884 2708 4947 ὃς
2735 4879 2804 4956 ἦν
2828 4884 3170 4954 γεγαμηκὼς
3199 4883 3298 4953 τὴν
3329 4881 3596 4952 βασιλέως
3628 4880 3916 4948 θυγατέρα

2323 4977 2424 5046 τὴν
2451 4976 2750 5047 Σιμωνίδα.
2804 4976 2868 5028 'H
2906 4975 2963 5029 δὲ
3008 4976 3107 5045 τῆς
3163 4974 3462 5044 πρεσϐείας
3511 4975 3785 5042 πρόφασις
3816 4969 3912 5042 ἦν,

2321 5071 2404 5123 ὃτι
2442 5073 2506 5123 ἐκ
2540 5069 2634 5137 τῆς
2663 5069 2832 5122 αὑτοῦ
2865 5069 3132 5138 στρατιᾶς
3158 5068 3432 5135 Κομάνων
3461 5065 3660 5134 ὀλίγων
3691 5065 3918 5127 δέοντας

2321 5161 2600 5232 δισχιλίων
2632 5162 2836 5226 λαϐὼν,
2896 5161 2999 5214 οὐκ
3047 5161 3302 5213 ἀπέδωκε
3364 5159 3492 5222 τοὺς
3550 5157 3914 5231 στρατιώτας,

2320 5257 2459 5309 ἀλλὰ
2496 5256 2691 5317 πείσας
2723 5255 2930 5324 μένειν,
2964 5253 3400 5322 παρακατεῖχεν.
3440 5251 3559 5320 Ἐφ’
3592 5234 3674 5314 οἷς
3704 5253 3732 5301 ὁ
3761 5251 3918 5317 Κρά-

2322 5349 2422 5418 λης
2451 5349 2915 5420 παροξυνόμενος,
2948 5345 3367 5416 διεπρεσϐεύετο
3424 5345 3560 5414 πρὸς
3609 5344 3702 5395 τὸν
3750 5342 3921 5410 κηδε-

2325 5442 2484 5512 στήν.
2532 5442 2590 5494 '0
2656 5441 3008 5514 πρεσϐευτὴς
3070 5439 3128 5492 δὲ
3163 5437 3392 5517 μοναχὸς
3443 5431 3537 5506 ἦν,
3589 5433 3921 5496 Καλλίνικος

2324 5535 2665 5607 κεκλημένος
2691 5575 2706 5602 ,
2745 5537 2806 5589 τὸ
2836 5534 2996 5602 γένος
3032 5532 3133 5604 μὲν
3167 5534 3262 5586 καὶ
3309 5531 3472 5593 αὐτὸς
3498 5527 3770 5598 Τριϐαλός
3800 5564 3818 5592 ,
3852 5521 3915 5578 εὗ

1907 5659 2128 5720 Jacobi
2166 5658 2432 5720 Pontaui
2471 5666 2659 5718 notua.

697 5774 809 5844 (78)
843 5772 1051 5854 Nomen
1079 5772 1300 5892 Kpﬂvk'
1336 5787 1518 5852 regem
1562 5780 1719 5824 sonat
1752 5767 2046 5849 llungaris,
2085 5767 2209 5846 Bul-

697 5865 773 5892 τις
823 5862 936 5892 sum
978 5845 1221 5892 Servus.
1256 5844 1638 5892 aclavnmlius.
1689 5842 1924 5892 Boetius.
1964 5839 2206 5892 I'nlonts.

626 5839 936 5916 parts'sivc
978 5839 1221 5904 Serviis,
1255 5839 1640 5916 Sclavmiiliits,
1689 5842 1924 5916 liuentis,
1964 5839 2206 5916 l‘olotiis,

625 5909 656 5976 ἐι
692 5918 856 5982 liiral,
891 5927 944 5972 ct
970 5925 1343 5972 L‘UItlI‘thltUli'.‘
1380 5915 1521 5969 lirai.
1551 5914 1677 5970 ln-J-c
1714 5914 1985 5977 positione
2019 5909 2207 5964 (lusca

2316 5766 2520 5890 ﬁctum
2569 5765 2796 5836 Κράλης
2845 5780 2876 5820 a
2940 5771 3133 5819 nostro
3184 5758 3475 5825 historico,
3534 5764 3592 5812 et
3642 5750 3919 5809 muliebre

2378 5853 2628 5890 οαΑαινα.

2377 5853 2628 5908 ραΑιινα.
