4222 6442
283 433 358 494 93
1458 442 2003 506 IIISTUBIARUM
2045 449 2281 507 LIBER
2322 451 2371 510 Ι.
3453 459 3524 524 94

282 542 340 594 δὲ
383 541 540 606 είδὼς
569 545 783 614 καιροῖς
831 545 924 599 καὶ
955 548 1244 617 πράγμασι
1273 552 1573 618 πολιτικοῖς
1615 557 1850 624 χρῆσθαι
1881 565 1923 619 Α

1881 565 1923 619 Α
1953 559 2088 616 dens
2116 563 2395 616 iracundia
2428 563 2612 617 Crales
2651 564 2716 617 ad
2752 580 3004 622 socerum
3040 569 3363 626 Callinicum
3406 588 3523 627 mo-

283 632 353 684 δι⁹
411 633 728 703 ἐμπειρίαν.
767 639 864 699 Ὃς
923 638 988 707 δὴ
1027 639 1125 709 τὴν
1185 641 1390 710 μεταξὺ
1443 645 1553 698 τῶν
1587 646 1851 715 βασιλέων

283 721 671 792 ἀναφυομένην
699 727 893 780 στάσιν
923 728 1000 799 μὴ
1054 733 1356 800 ἀγνοήσας,
1389 736 1484 787 καὶ
1518 735 1747 789 συνιδὼν
1781 738 1855 801 ὡς

284 815 316 881 ἡ
348 816 575 886 τοιαύτη
607 817 923 886 διχοστασία
986 824 1177 892 καιρὸν
1229 825 1295 877 ἂν
1326 826 1586 897 παράσχῃ
1613 827 1689 895 τῷ
1739 828 1854 898 ίδίῳ

283 903 521 976 δεσπότῃ
551 909 704 976 παρὰ
727 909 991 978 βασιλέως
1018 911 1096 966 ὧν
1127 914 1353 983 ἠδίκητο
1397 917 1526 983 περὶ
1564 919 1659 986 τὴν
1692 935 1857 988 στρα-

282 995 408 1046 τιάν
434 995 592 1060 δίκας
625 998 830 1067 λαϐεῖν,
880 1001 1132 1056 ἐϐούλετο
1159 1005 1342 1075 κρύφα
1378 1005 1463 1075 τῷ
1494 1007 1600 1075 νέῳ
1644 1006 1858 1076 βασιλεῖ

286 1091 600 1155 συντυχεῖν.

1961 653 2220 716 nachum,
2265 654 2484 706 natione.
2516 653 3052 718 Triballum,mittit.
3095 661 3198 726 Qui
3243 677 3365 715 eum
3413 678 3520 717 non

1959 742 2098 794 male
2128 741 2415 796 didicisset
2455 744 2532 796 uti
2569 746 2971 807 occasionibus,
3003 760 3058 802 et
3088 751 3141 803 in
3189 752 3353 805 rebus
3387 753 3519 806 civi-

1958 829 2100 884 libus
2133 831 2293 886 tritus
2319 844 2484 896 esset,
2513 845 2754 889 exortam
2790 849 3053 905 przeterea
3108 841 3247 895 inter
3287 844 3519 911 impera-

1958 928 2105 975 tores
2154 922 2484 978 discordiam
2537 943 2646 980 non
2693 929 2993 996 ignoraret,
3045 947 3147 984 nec
3197 948 3304 985 non
3353 934 3520 988 etiam

1955 1012 2317 1080 prospiceret.
2347 1014 2493 1072 hanc
2523 1016 2920 1074 dissensionem
2950 1022 3172 1076 domino
3193 1038 3292 1078 suo
3326 1042 3522 1093 pemp-

1956 1113 2249 1172 portunam
2301 1107 2440 1171 fore,
2508 1111 2573 1164 ad
2625 1112 3167 1168 animadvertendam
3234 1133 3263 1170 a
3331 1133 3524 1171 socero

284 1190 515 1246 prepter
548 1183 780 1238 militem
826 1201 938 1242 non
1010 1188 1284 1243 redditum
1329 1191 1611 1260 iniuriam,
1682 1209 1808 1248 cum
1851 1195 2072 1265 juniore
2115 1199 2444 1268 imperatore
2511 1205 2914 1260 clandestinum
2964 1211 3136 1264 voluit
3173 1211 3313 1265 inire
3359 1212 3524 1265 collo-

285 1271 504 1337 quium.

1706 1403 1929 1460 CAPUT
1968 1406 2103 1461 VIII.

287 1483 584 1586 Caélinicrlts
615 1489 684 1539 ad
721 1488 932 1586 Craien}
967 1493 1031 1586 (l'e
1059 1495 1302 1586 societate
1335 1499 1552 1561 legatus,
1586 1497 1944 1586 rem‘feliciter
1973 1499 2200 1582 con/irit.
2243 1502 2528 1582 Andronici
2568 1504 2799 1586 iunioris
2855 1507 3194 1586 propositum.
3230 1507 3522 1561 Theodorus

358 1555 1076 1642 Syrtutlenus‘proIOstrutor
1119 1555 1457 1642 consiliorum
1518 1555 1989 1642 pericuioruntgue
2018 1555 2184 1621 soi-ius
2231 1572 2521 1623 asciscitur.
2568 1555 2663 1625 7hr
2694 1555 3268 1628 triumrriieiiueitsiunt
3314 1578 3413 1642 [ide
3463 1555 3524 1630 ai:

353 1629 644 1717 Bromia-sis.
677 1629 1048 1717 At'Ir-iunopo‘l‘is
1075 1633 1143 1714 at!
1171 1634 1349 1714 fugant
1384 1629 1810 1717 genu-deligitur.
1847 1636 1940 1689 Avi
1962 1639 2025 1717 in
2058 1643 2689 1717 nepotemjnlmmunitas
2739 1651 2789 1694 et
2822 1645 3215 1710 importunitas.
3247 1646 3288 1698 Α
3314 1629 3522 1717 ἠιιιθιιο

353 1695 637 1748 domestico
665 1695 934 1751 solatium.
971 1695 1287 1769 Syrgiuiuiis
1321 1719 1347 1756 e
1386 1702 1606 1756 Thracia
1633 1695 1914 1757 r'cvocatto.
1951 1705 2026 1758 De
2057 1695 2260 1761 raiione
2295 1709 2552 1779 Byzantio
2582 1727 2635 1762 se
2663 1695 2912 1766 educendi
2945 1695 3281 1768 consultatio:

356 1786 430 1837 Τὸ
454 1785 499 1837 δ’
576 1789 586 1803 “
635 1787 662 1838 ὸ
958 1792 973 1806 ‘
1024 1792 1084 1822 ἰ
1263 1811 1283 1822 ο
1351 1795 1362 1808 “
1619 1795 1663 1820 -’
1819 1794 1842 1806 ⁴

529 1805 630 1838 αυτ
693 1791 785 1840 καὶ
827 1789 1081 1857 βασιλευς
1113 1794 1140 1844 ό
1165 1794 1280 1854 νέο,
1314 1811 1411 1844 συν
1442 1795 1748 1864 δομεσ.ικῳ
1777 1813 1853 1866 τῳ
1886 1800 1928 1856 Β

284 1879 512 1949 μεγάλῳ
568 1878 869 1935 λυσιτελεῖν
919 1885 1102 1946 αὐτοῖς
1156 1887 1520 1954 ἡγησάμενοι,
1567 1887 1703 1956 πρὸς
1761 1887 1855 1939 τὸν

283 1971 512 2039 Κράλην
554 1971 1096 2043 διαπρεσϐεύσασθαι
1151 1978 1278 2044 περὶ
1346 1980 1703 2046 συμμαχίας,
1763 1977 1886 2029 τὸν·

282 2063 612 2117 Καλλίνικον
672 2067 1205 2138 μετακαλεσάμενοι,
1264 2071 1356 2121 καὶ
1416 2071 1545 2140 περὶ⁵
1601 2070 1701 2138 τῆς
1759 2069 1853 2122 τοῦ

282 2155 478 2226 Κράολη
512 2159 830 2228 συμμαχίας
871 2161 968 2216 καὶ
995 2162 1176 2230 φιλίας
1204 2163 1600 2234 διαλεχθέντες,
1629 2167 1722 2220 καὶ
1748 2166 1857 2218 πείο

282 2263 481 2311 σαντες
532 2252 594 2302 ὲκ
627 2250 720 2302 τοῦ
753 2253 954 2321 ῥᾴστου
1014 2254 1102 2307 διὰ
1138 2256 1199 2307 τὸ
1235 2257 1328 2308 καὶ
1381 2255 1544 2309 αὑτὸν
1589 2258 1687 2326 τὴν
1718 2275 1854 2326 ups—

281 2342 474 2396 σϐείαν
502 2344 710 2414 ταύτην
732 2347 809 2414 τῷ
836 2347 1026 2419 Κράλῃ
1057 2349 1301 2416 νομίζειν
1325 2349 1644 2416 λυσιτελεῖν,
1681 2351 1855 2412 ἄλλως

281 2433 328 2484 δ’
357 2437 444 2487 ὅτι
476 2437 573 2488 καὶ
602 2437 736 2503 πρὸς
764 2438 1104 2508 Συργιάννην
1130 2440 1276 2507 αὐτῷ
1307 2441 1488 2508 φιλίας
1515 2443 1746 2512 ἐνέχυρα
1765 2443 1856 2494 καὶ

280 2526 554 2595 πρότερον
606 2523 778 2596 ἦσαν,
839 2528 1345 2593 ἐξαποστέλλουσιν.
1391 2533 1450 2584 Ὀ
1509 2533 1588 2595 δὲ,
1647 2534 1854 2606 σπουδῇ

285 2621 380 2670 καὶ
406 2621 686 2688 προθυμίᾳ
714 2619 880 2689 πολλῇ
917 2620 1013 2690 τὴν
1051 2622 1169 2675 ὁδὸν
1202 2623 1431 2692 τάχιστα
1462 2624 1744 2688 διανύσας,
1780 2624 1856 2691 τῷ

280 2711 477 2781 Κράλῃ
504 2729 563 2763 τε
593 2714 1015 2781 συγγενόμενος,
1056 2715 1148 2765 καὶ⁵
1178 2715 1277 2784 τὴν
1307 2714 1401 2767 τοῦ
1444 2717 1564 2768 νέου
1591 2716 1854 2785 βασιλέως

279 2802 619 2868 ἀπαγγείλας
651 2801 972 2870 πρεσϐείαν,
1007 2796 1131 2873 εὗρε
1189 2805 1285 2858 καὶ
1337 2807 1498 2858 αὐτὸν
1535 2805 1726 2875 ὥσπερ
1765 2807 1858 2876 ἕρ-

284 2909 450 2960 μαιον
504 2894 860 2962 ἡγησάμενον
917 2893 1010 2946 τὸν
1055 2893 1269 2964 καιρὸν,
1308 2897 1401 2947 καὶ
1465 2895 1629 2947 παντὶ
1677 2896 1857 2948 σθένει

283 2986 677 3054 συμμαχήσειν
702 2986 1134 3055 ὑπισχνούμενον
1190 2987 1266 3056 τῷ
1310 2988 1414 3056 νέῳ
1461 2988 1690 3056 βασιλεῖ,
1723 2987 1858 3055 πρὸς

277 3073 356 3143 τῷ
387 3077 479 3126 καὶ
512 3076 674 3144 χάριν
711 3075 932 3136 εἰδέναι,
970 3078 1018 3127 εἰ
1059 3077 1220 3144 μόνον
1253 3077 1348 3130 τοῦ
1380 3077 1606 3130 πάππου
1640 3081 1733 3130 καὶ
1764 3079 1856 3145 βα-

2029 1797 2078 1849 Is
2097 1808 2152 1851 et
2185 1814 2414 1868 magnus
2443 1803 2777 1855 domesticus
2804 1819 2832 1855 e
2866 1818 2922 1856 re
2975 1819 3070 1856 sua
3117 1803 3362 1858 futurum
3408 1816 3520 1860 sta-

1961 1898 2214 1953 tuentes,
2262 1892 2304 1944 si
2362 1893 2686 1960 legationem
2737 1897 2800 1947 de
2848 1894 3094 1950 coeunda
3153 1912 3336 1950 secum
3394 1897 3522 1950 belli

1957 1981 2218 2035 societate
2257 1982 2322 2034 ad
2361 1983 2573 2036 Cralem
2625 1987 2924 2048 mitterent,
2963 1988 3290 2042 Callinicum
3346 2005 3524 2043 arces-

1958 2080 2159 2134 sentes,
2192 2081 2394 2127 etcum
2427 2075 2619 2127 eodem
2673 2076 2738 2128 de
2781 2077 3021 2131 amicitia
3075 2087 3128 2130 et
3183 2078 3353 2130 armis
3393 2093 3517 2131 cum

1956 2162 2112 2218 Crale
2179 2165 2578 2234 conjungendis
2620 2183 2926 2223 sermonem
2977 2171 3304 2224 miscentes:
3339 2170 3524 2224 facile-

1957 2270 2064 2324 que
2095 2255 2301 2308 homini
2352 2258 2793 2322 eonsuadentcs,
2853 2262 2997 2329 quod
3053 2264 3165 2329 ipse
3211 2262 3316 2314 hoc
3357 2263 3520 2314 etiam

1956 2361 2111 2414 aeque
2143 2346 2289 2400 Crali
2321 2350 2724 2404 conductorum
2753 2353 3006 2414 sentiret,
3043 2364 3156 2406 tum
3188 2352 3521 2420 etiamquod

1959 2448 2118 2493 vetus
2144 2440 2192 2493 ei
2223 2456 2346 2493 eum
2378 2440 2679 2511 Syrgianne
2708 2445 3060 2498 necessitudo
3090 2457 3252 2510 esset,
3285 2446 3520 2515 legatum

1957 2547 2082 2585 eum
2137 2534 2378 2587 mittunt.
2447 2534 2643 2588 Missus
2688 2537 2987 2590 Callinicus
3062 2539 3411 2592 festinatione
3469 2549 3526 2592 et

1959 2624 2241 2678 alacritate
2296 2625 2430 2679 mira
2489 2629 2774 2682 celerrime
2824 2630 3074 2684 confecto
3126 2633 3344 2694 itinere,
3397 2649 3521 2687 eum

1959 2716 2116 2771 Crale
2150 2731 2500 2785 congressus,
2542 2717 2872 2786 legationem
2904 2719 3146 2787 junioris
3177 2721 3523 2789 imperatoris

1959 2804 2205 2877 exponit.
2279 2808 2372 2862 Ille
2425 2809 2682 2862 similiter
2735 2809 2804 2862 de
2857 2811 3035 2864 oblata
3093 2812 3522 2880 commoditate,

1962 2907 2214 2967 tanquam
2235 2899 2302 2952 de
2325 2900 2696 2968 inexspectato
2748 2901 2900 2954 lucro
2926 2902 3036 2970 (79)
3065 2902 3285 2957 sibimet
3303 2905 3521 2970 gaudet,

1959 2991 2161 3061 gratias
2192 2991 2417 3059 insuper
2456 2992 2588 3058 agit,
2643 3001 2808 3060 atque
2843 2991 2908 3045 ad
2963 3001 3214 3061 nepotem
3265 2995 3523 3062 adjuvan-

1961 3080 2089 3133 dum
2122 3078 2267 3132 vires
2297 3079 2405 3149 26
2434 3093 2561 3132 suas
2599 3093 2791 3133 omnes
2821 3081 3054 3148 spondet
3082 3099 3094 3134 :
3131 3079 3424 3134 dummodo
3455 3082 3522 3135 ab

281 3140 479 3228 cium;
509 3140 772 3228 άποστάς,
809 3167 944 3237 πρίις
969 3140 1086 3230 τοῖς
1134 3169 1324 3237 μέρεσι
1356 3170 1574 3236 γένοιτο
1609 3140 1854 3224 Μακε-δο-
1883 3140 1927 3202 C

1883 3140 1927 3202 ο
1959 3186 2060 3225 avo
2110 3180 2392 3235 remotus,
2442 3171 2598 3240 juxta
2649 3171 3020 3225 Macedoniam
3075 3172 3389 3237 eonsideat;
3448 3175 3524 3229 sic

277 3259 400 3320 νίας
423 3273 436 3284 ·
471 3255 606 3327 ᾢετο
636 3259 744 3326 γάρ
777 3257 875 3327 τὴν
912 3258 1050 3328 πρὸς
1095 3259 1260 3311 αὑτὸν
1290 3262 1612 3331 συμμαχίαν
1675 3263 1858 3316 κάκω-

279 3363 364 3400 σιν
407 3344 548 3402 εἶναι
601 3349 709 3403 τῶν
740 3349 833 3402 τοῦ
865 3351 1130 3422 κηδεστοῦ
1164 3354 1255 3405 καὶ
1286 3351 1555 3422 βασιλέως
1597 3355 1856 3424 πραγμὰσ

275 3459 410 3496 των.
446 3443 642 3496 Λαϐὼν
681 3445 866 3498 τοίνυν
917 3447 945 3498 ὁ
997 3446 1317 3509 Καλλίνικος
1359 3447 1455 3509 τὰς
1499 3448 1852 3514 ἐπαγγελίας,

276 3536 531 3589 ἐπάνεισι
563 3541 698 3606 πρὸς
737 3539 797 3589 τὸ
823 3537 1115 3601 Βυζάντιον
1147 3540 1286 3593 κατὰ
1317 3539 1498 3610 τάχος,
1529 3543 1622 3592 καὶ
1649 3539 1856 3609 χαίρων

274 3626 466 3694 ὀφθεὶς
504 3625 581 3694 τῷ
619 3625 834 3694 βασιλεῖ
871 3627 1120 3696 χαίροντι
1183 3629 1496 3697 ἀπήγγελλέ
1553 3646 1613 3681 τε
1653 3631 1720 3682 τὰ
1755 3631 1856 3698 τῆς

275 3717 601 3787 πρεσϐείας,
635 3719 726 3770 καὶ
755 3719 854 3785 τὴν
893 3718 1221 3788 συμμαχίαν
1262 3719 1412 3790 αὐτῷ
1453 3719 1548 3773 τοῦ
1581 3721 1767 3792 Κράλη
1799 3724 1856 3773 ὲν

277 3807 488 3878 βεϐαίῳ
546 3809 762 3862 κεῖσθαι
810 3808 1200 3880 διῖσχυρίζετο,
1239 3812 1304 3880 ἣν
1347 3815 1505 3882 μόνον
1554 3815 1692 3882 πρὸς
1742 3815 1856 3876 τοῖς

276 3901 478 3970 μέρεσι
532 3900 761 3969 γένηται
798 3901 1158 3964 Μακεδονίας.
1225 3902 1382 3956 Οὕτω
1433 3904 1534 3974 μὲν
1573 3906 1668 3958 καὶ
1723 3907 1855 3975 περὶ

277 3998 374 4064 τῆς
402 3993 498 4047 τοῦ
541 3995 732 4064 Κράλη
769 3996 1092 4064 συμμαχίας
1132 3998 1160 4048 ὁ
1198 3997 1316 4058 νέος
1361 3997 1701 4067 ’Ἀνδρόνικος
1725 4014 1856 4050 κατ-

275 4086 582 4156 επράξατο.
657 4087 760 4138 Τὸν
799 4089 980 4156 μέντοι
1036 4087 1265 4156 βασιλέα
1311 4092 1406 4140 καί⁸
1437 4089 1661 4142 πάππον
1712 4089 1854 4160 ὁρῶν

274 4181 388 4241 τοῖς
418 4179 574 4248 ήθεσι
607 4179 704 4231 καὶ
737 4180 849 4241 τοῖς
886 4180 1065 4246 λόγοις
1097 4179 1196 4248 τῆς
1222 4181 1496 4250 προτέρας
1523 4181 1854 4250 δυσμενείας

273 4270 371 4338 οὐχ
410 4269 726 4337 ὑφιέμενον,
793 4269 860 4321 τά
892 4270 1029 4339 πρὸς
1083 4271 1183 4339 τὴν
1213 4271 1353 4323 ίδίαν
1395 4270 1641 4341 φυλακὴν
1695 4271 1856 4341 ἐξηρ-

279 4360 435 4413 τύετο
477 4360 572 4412 καὶ
629 4360 790 4422 αὑτός
816 4401 830 4425 ,
875 4361 1034 4414 τοῦτο
1085 4362 1490 4432 διανοούμενος,
1541 4364 1636 4430 ὡς,
1669 4367 1716 4418 εί
1753 4366 1853 4434 μὲν

1955 3262 2102 3316 enim
2129 3261 2535 3332 expeditionem
2565 3276 2716 3314 suam
2743 3263 3085 3316 auxiliariam
3121 3264 3296 3318 soceri
3361 3263 3526 3316 rebus

1955 3353 2272 3408 damnosam
2313 3351 2428 3407 fore
2457 3351 2789 3407 conﬁdebat.
2829 3351 2964 3407 Cum
3004 3353 3095 3406 tali
3130 3354 3523 3423 pollicitatione

1955 3445 2254 3500 Callinicus
2285 3444 2496 3512 magnis
2530 3443 2822 3498 itineribus
2853 3443 3176 3514 Byzantium
3213 3461 3270 3499 se
3299 3446 3523 3514 recipit,

1956 3552 2380 3606 successumque
2408 3537 2698 3607 legationis
2725 3553 2835 3591 suae
2869 3537 2990 3590 laeto
3018 3537 3335 3605 imperatori
3370 3537 3526 3590 laetus

1955 3630 2210 3684 edisserit
2237 3648 2250 3682 :
2282 3638 2487 3683 certam
2517 3639 2573 3682 et
2602 3628 2962 3683 indubitatam
2989 3642 3109 3684 esse
3137 3631 3312 3684 Cralis
3345 3631 3524 3684 socie—

1959 3730 2124 3775 tatem
2175 3731 2476 3785 asseverat,
2523 3729 2729 3775 lantum
2776 3730 3002 3790 prepter
3047 3722 3418 3776 Macedoniam
3465 3737 3525 3776 se

1955 3814 2206 3869 collocet.
2257 3813 2331 3867 De
2360 3813 2517 3866 Crale
2564 3813 2784 3881 quidem
2820 3812 2886 3867 ad
2923 3827 3050 3866 suas
3100 3821 3284 3881 partes
3331 3812 3526 3880 adjun-

1956 3906 2134 3974 gendo
2169 3905 2519 3959 Andronicus
2544 3906 2722 3958 minor
2753 3904 2856 3958 hoc
2891 3905 3036 3958 fecit.
3071 3903 3526 3959 Animadvertens

1956 4009 2139 4051 autem
2174 4012 2333 4049 avum
2362 3999 2426 4049 de
2455 3996 2688 4065 pristina
2724 3995 3104 4050 malevolentia
3137 4011 3241 4050 nec
3259 3997 3523 4068 moribus,

1955 4104 2059 4144 nec
2090 4088 2275 4142 verbis
2303 4087 2602 4152 remittere,
2657 4087 2943 4142 securitati
2992 4103 3102 4142 suae.
3135 4088 3522 4156 prospiciebat,

1955 4197 2267 4252 proponens
2298 4181 2440 4249 apud
2477 4180 2723 4234 animum
2750 4221 2764 4242 ,
2816 4180 2862 4234 si
2900 4197 3011 4249 quo
3053 4180 3214 4234 modo
3253 4189 3362 4233 tam
3411 4191 3521 4236 tor.

1957 4274 2083 4328 bida
2114 4282 2406 4340 tempestas
2433 4269 2720 4324 sedaretur
2744 4309 2758 4334 ,
2798 4270 2852 4323 in
2889 4271 2973 4324 avi
3003 4271 3233 4324 arbitrio
3279 4286 3522 4336 manere,

1956 4364 2200 4435 quandiu
2253 4364 2327 4417 illi
2383 4363 2494 4416 vita
2539 4362 2958 4431 suppeditaret:
2992 4363 3075 4416 sin
3122 4363 3355 4417 ulterius
3401 4377 3525 4431 pro-

271 4454 465 4523 τρόπῳ
498 4452 562 4522 δή
594 4470 703 4506 τινι
732 4453 1008 4523 διαλυθείη
1046 4455 1112 4507 τά
1147 4454 1410 4526 δυσχερῆ,
1438 4456 1541 4508 ὑπὸ
1575 4455 1653 4526 τῷ
1702 4456 1852 4526 βασι·
1885 4483 1930 4534 ο

1885 4483 1930 4534 ο
1958 4455 2304 4526 grederetur,
2344 4454 2747 4522 meditatusque
2779 4453 2933 4507 furor
2979 4454 3045 4506 ad
3081 4454 3335 4506 cIfectum
3370 4453 3526 4507 incli-

272 4546 358 4598 λεῖ
397 4546 492 4597 καὶ
535 4545 743 4614 πάππῳ
777 4546 1008 4598 τελέσων
1048 4547 1208 4616 ἄχρις
1239 4548 1304 4601 ἂν
1336 4549 1546 4619 ἀποστῇ
1582 4549 1674 4600 τοῦ
1708 4549 1806 4619 ζῇν
1833 4567 1846 4580 ο

275 4639 324 4689 εί
352 4637 396 4688 δ’
426 4636 520 4688 ἐπὶ
543 4635 608 4688 τὰ
629 4637 819 4706 πρόσω
846 4638 1025 4710 προῖοι
1056 4637 1150 4689 καὶ
1174 4637 1274 4706 ήδη
1303 4639 1437 4706 πρὸς
1463 4637 1616 4700 τέλος
1639 4639 1848 4704 ὲγγίζοι

272 4730 472 4794 κακὸν,
506 4729 621 4782 τότ’
644 4731 746 4802 ἤδη
765 4731 864 4800 τῆς
893 4731 1166 4801 βασιλίδος
1204 4732 1314 4786 τῶν
1343 4732 1550 4785 πόλεων
1578 4733 1848 4796 ἀποστὰς,

271 4823 470 4876 ἑαυτόν
527 4839 587 4875 τε
637 4821 890 4886 διασώζοι
942 4823 1037 4875 καὶ
1091 4823 1214 4885 τοὺς
1278 4825 1559 4885 συνόντας.
1617 4823 1706 4876 Ἐν
1741 4827 1852 4886 τοῖς

269 4915 539 4976 τοιούτοις
561 4913 628 4986 δὴ
656 4914 985 4984 τριϐομένου
1016 4914 1109 4966 τοῦ
1149 4915 1369 4984 χρόνου,
1417 4917 1512 4967 καὶ
1554 4917 1580 4966 ὀ
1617 4915 1855 4984 Συναδη-

269 5007 361 5069 νὸς
401 5007 680 5078 Θεόδωρος
708 5007 736 5058 ὁ
770 5008 861 5059 καὶ
885 5006 1324 5077 πρωτοστράτωρ
1359 5001 1493 5077 ἧκεν
1542 5009 1619 5070 εἰς
1654 5006 1859 5070 Βυζάν-

1959 4555 2139 4609 naret,
2173 4545 2575 4614 imperalricetn
2609 4545 2826 4599 urbium
2871 4545 3146 4607 deserere,
3179 4554 3234 4598 et
3289 4559 3347 4598 se
3403 4558 3525 4616 cum

1956 4653 2056 4692 suo
2080 4653 2240 4706 grege
2271 4643 2651 4692 conservatum
2687 4636 2787 4688 ire.
2825 4634 2958 4688 Dum
2987 4637 3042 4689 in
3068 4636 3152 4690 his
3184 4646 3401 4704 tempus
3434 4652 3526 4704 po-

1957 4731 2128 4793 nitur,
2157 4729 2481 4783 Theodorus
2502 4727 2825 4798 Synadenus
2855 4736 3220 4796 protostrator
3244 4729 3527 4783 vacatione

1959 4829 2180 4890 accepta
2214 4822 2282 4874 ab
2314 4817 2613 4873 Occidente
2648 4818 2962 4888 Byzantium
3004 4819 3193 4872 venit:
3226 4818 3526 4887 Prillapum

1960 4911 2250 4981 siquidem,
2288 4909 2627 4979 Iinitimaque
2660 4910 2797 4973 loca,
2829 4918 2884 4962 et
2911 4909 3170 4962 inferiora
3199 4908 3528 4963 Macedonia:

1963 5003 2221 5075 Oppidula
2252 5009 2663 5071 procuraverat,
2691 5003 2770 5054 vir
2801 5000 2965 5055 domo
2991 5002 3209 5063 nobilis,
3231 5008 3287 5055 et
3304 5001 3528 5069 amplis-

1548 5123 1762 5183 Jacobi
1797 5120 2063 5184 Pontani
2099 5127 2282 5178 notua.

341 5228 458 5297 (79)
486 5229 757 5296 Ἐρμαιον
774 5227 975 5282 dicitur
1006 5244 1104 5296 pro
1129 5228 1280 5281 lucro
1316 5227 1611 5296 insperanti
1635 5227 1850 5296 objecto

269 5315 366 5353 seu
429 5298 734 5366 inopinato,
771 5309 825 5351 et
860 5299 1198 5360 adventitio;
1249 5307 1306 5351 ut
1335 5315 1457 5350 cum
1497 5299 1618 5365 quis
1656 5299 1706 5348 in
1766 5298 1852 5351 iti-

269 5385 403 5423 nere
446 5365 652 5436 aliquid
685 5368 908 5421 fortuito
954 5368 1162 5420 invenit
1205 5367 1369 5436 (quod
1424 5368 1590 5420 etiam
1632 5365 1851 5436 εὕρημα

273 5449 581 5508 propterea
623 5438 964 5508 appellatur,
1026 5438 1180 5506 quasi
1233 5438 1384 5491 dicas
1423 5478 1438 5494 .
1497 5436 1848 5506 inventum).

271 5507 408 5562 llinc
455 5507 721 5575 quidquid
790 5509 912 5561 boni
955 5508 1116 5561 nobis
1159 5507 1428 5576 contingit
1478 5508 1803 5575 (praesertim
1833 5549 1846 5570 ,

268 5580 312 5632 si
387 5588 587 5646 praeter
645 5578 957 5645 opinionem
1019 5587 1182 5646 atque
1253 5581 1465 5645 spem).
1522 5577 1574 5630 id
1627 5577 1849 5647 εὕρημα

272 5658 518 5702 vocatur.
569 5647 798 5701 Budams
839 5663 866 5700 a
923 5650 1144 5702 Platone
1205 5649 1256 5700 in
1313 5647 1574 5701 Phwdone
1605 5649 1730 5715 poni
1774 5649 1850 5701 ait

273 5732 367 5785 pro
402 5719 549 5770 bono
607 5721 977 5785 inexspectato
1004 5757 1018 5778 ,
1069 5733 1132 5770 ac
1177 5734 1272 5786 pro
1333 5728 1478 5770 sorte
1518 5718 1843 5785 exaptanda,

273 5803 388 5851 quae
417 5788 555 5840 forte
593 5786 808 5840 fortuna
836 5789 993 5840 nobis
1022 5787 1200 5840 oblata
1260 5788 1348 5840 sit.
1395 5787 1554 5840 Itatio
1610 5787 1846 5841 nominis

274 5869 352 5911 est
392 5874 421 5912 a
453 5857 744 5922 Mercurio,
774 5858 866 5926 qui
899 5858 1102 5914 Graecis
1139 5857 1345 5924 Ἐρμῆς
1375 5867 1430 5911 ut
1456 5857 1577 5920 viis,
1610 5859 1838 5916 nuntiis.

1956 5225 2112 5280 luero
2147 5235 2361 5293 praeest,
2411 5232 2466 5278 et
2499 5224 2552 5277 in
2606 5225 2986 5292 Amphitryone
3012 5224 3187 5278 Plauti
3213 5233 3294 5278 «st
3326 5223 3397 5278 ita
3452 5225 3526 5278 lo-

1999 5312 2132 5348 nens
2156 5313 2169 5348 Ξ

1999 5312 2169 5348 nens:

1957 5311 2132 5419 qNam
2165 5382 2250 5418 vos
2282 5365 2486 5434 quidem
2523 5364 2705 5430 idjom
2730 5365 2870 5416 scitis
2901 5380 3197 5419 concessum
3229 5373 3274 5415 ct
3305 5365 3490 5416 datum

1996 5437 2126 5489 Mihi
2161 5453 2268 5488 esse
2303 5437 2366 5488 ab
2395 5436 2490 5486 diis
2523 5434 2664 5493 aliis.
2694 5436 2888 5487 nuntiis
2919 5444 2973 5486 ut
3018 5439 3227 5503 prwsiin
3259 5445 3306 5486 et
3359 5436 3526 5488 lucro.

2030 5505 2082 5559 Si
2129 5507 2312 5571 plures
2349 5507 2448 5556 iter
2497 5505 2762 5564 facerent,
2788 5515 2841 5557 et
2893 5521 3032 5558 unus
3085 5507 3209 5558 boni
3246 5506 3527 5572 quidpiam

1957 5575 2010 5628 in
2038 5576 2123 5628 via
2145 5577 2332 5643 jaccns
2357 5585 2654 5641 repcrerat,
2675 5575 2789 5631 alii.
2811 5575 2900 5642 qui
2929 5575 2976 5626 id
3006 5592 3189 5628 secum
3218 5576 3410 5638 dividi,
3433 5590 3529 5628 seu

1955 5660 2244 5714 continune
2300 5648 2501 5699 vellent
2547 5661 2666 5697 esse
2701 5685 2713 5703 .
2780 5645 3036 5698 dicebant
3082 5647 3254 5706 κοινῖς
3310 5644 3525 5714 ὲρμῆς,

1956 5713 2172 5776 Latine,
2211 5718 2265 5769 in
2292 5732 2585 5770 commune.
2614 5715 2880 5770 Observat
2931 5713 3173 5771 Turneb.
3222 5715 3319 5770 lib.
3346 5713 3352 5714 ⁷
3376 5728 3526 5778 sxw,

1957 5800 2076 5855 cap.
2110 5787 2194 5840 I-i.
