4222 6442
709 419 783 479 95
1903 414 2224 475 JOANNIS
2263 414 2790 474 CANTACUZENI
2861 486 2868 492 ,
3812 409 3819 416 ·
3891 405 3966 471 96

709 541 850 578 sano
875 540 1072 593 genere
1106 534 1286 578 natus.
1349 524 1485 578 Nam
1535 540 1641 594 qua
1675 525 1738 578 de
1773 537 1944 580 matre
1975 566 1988 589 ,
2044 529 2279 595 impera-

2342 544 2354 587 t
2387 543 2501 578 τιον
2530 529 2593 578 ὲκ
2617 527 2714 593 τῆς
2739 524 2978 593 ἑσπέρας
3009 521 3346 592 παραλυθεὶς
3381 524 3479 591 τῆς
3513 521 3717 590 ἀρχῆςο
3746 522 3966 590 ἐπιτρό-

712 630 858 670 tores
907 618 1229 686 attingebat,
1267 619 1412 685 quod
1450 634 1514 672 ea
1572 618 1738 672 fratre
1789 618 2070 673 Michaelis
2119 620 2280 687 primi

710 708 1058 768 imperatoris
1104 709 1392 777 Palmologi
1448 721 1733 777 procreata
1788 720 1974 764 esset:
2019 719 2172 778 pater
2229 710 2285 763 in

707 798 1003 850 Occidente
1037 799 1179 866 apud
1224 799 1497 853 Dalmatas
1527 801 1786 869 Pologam
1821 801 2157 869 leparchiam
2189 801 2286 855 ob-

709 889 939 941 tinebat.
985 890 1156 954 Quam
1187 892 1315 958 quia
1351 908 1453 943 una
1487 907 1672 945 secum
1713 892 1965 946 )licltacli
1991 893 2104 962 jam
2137 887 2286 947 (Ιίιίιο

707 979 984 1032 obtulerat
1017 1019 1032 1040 .
1085 982 1316 1050 ejusque
1389 981 1584 1034 ditioni
1648 983 1999 1051 subjeccrat,
2055 983 2286 1037 eximios

708 1067 854 1135 apud
893 1068 1169 1123 Romanos
1227 1071 1465 1124 honores
1510 1071 1741 1140 adeptus
1770 1114 1784 1137 ,
1837 1082 1892 1127 et
1942 1076 2288 1130 consobrina:

711 1157 1059 1223 imperatoris
1104 1161 1392 1226 COpttlaiuS
1420 1202 1433 1222 ,
1493 1164 1847 1232 superboque
1897 1165 2154 1233 conjugio
2198 1165 2283 1218 div

708 1258 903 1315 gnatus
935 1249 1135 1304 fuerat.
1182 1250 1278 1303 Hic
1316 1262 1374 1303 ut
1424 1251 1742 1323 Byzantium
1791 1255 2050 1320 intravit,
2104 1256 2286 1309 senio-

710 1342 894 1406 risque
928 1343 993 1394 ad
1039 1343 1314 1410 jnniorem
1342 1347 1805 1412 pessumdandum
1842 1358 1896 1402 et
1924 1351 2283 1404 ererteudum

709 1430 855 1483 dicta
893 1431 1141 1501 factaque
1196 1436 1378 1489 omnia
1413 1441 1678 1507 pert-cpit,
1734 1454 1856 1492 eum
1922 1439 2285 1497 detestatione

712 1531 874 1575 tanta:
907 1523 1218 1592 iniquitatis
1267 1528 1646 1582 incredibilem
1679 1530 1864 1584 animo
1894 1531 2136 1585 dolorem
2164 1549 2287 1600 per.

707 1613 899 1666 sensit.
931 1612 1301 1678 Quamobrem
1333 1617 1552 1684 juvenis
1605 1629 1660 1672 et
1690 1635 1920 1688 magnus
1951 1620 2286 1679 deitiesticus

707 1702 967 1769 majorem
1001 1703 1055 1755 in
1092 1719 1150 1756 se
1183 1706 1564 1774 concipientes
1621 1709 1905 1787 audaciam
1955 1715 2284 1780 (prmaertim

704 1793 852 1860 quod
888 1805 942 1846 et
981 1804 1140 1848 antea
1172 1807 1624 1866 protostratorem
1657 1801 1794 1856 bene
1826 1801 1930 1856 sibi
1973 1804 2284 1872 copientcm

707 1885 1049 1949 habuissent,
1081 1889 1202 1956 plus
1235 1897 1416 1942 tamen
1456 1907 1685 1960 magnus
1731 1893 2090 1959 domesticus,
2123 1913 2188 1949 ex
2219 1912 2285 1950 eo

641 1992 650 2001 ο
704 1977 851 2045 quod
897 1979 1250 2049 Atlrianopoli
1289 1996 1412 2034 cum
1466 1983 1728 2037 Micltaele
1762 1985 2091 2053 imperatore
2123 1987 2285 2042 ambo

705 2069 978 2131 vixerant,
1015 2072 1276 2140 temporis
1311 2073 1712 2142 longinquitate
1743 2078 2047 2131 amicitiam
2081 2079 2284 2134 contir-

705 2163 913 2228 mante)
971 2159 1284 2215 faciendum
1344 2164 1449 2217 sibi
1495 2165 1902 2233 existimarunt,
1957 2179 2014 2222 ut
2064 2186 2187 2224 cum
2218 2187 2286 2227 eo

705 2251 1043 2318 provinciam
1081 2270 1234 2308 suam
1272 2257 1754 2314 communicarent
1794 2277 1944 2315 :non
1977 2263 2151 2317 solum
2177 2280 2285 2333 qua

703 2341 934 2406 aluit-us,
954 2343 1044 2396 sed
1064 2346 1226 2399 etiam
1245 2361 1350 2415 qua
1374 2347 1456 2400 rir
1475 2348 1654 2414 fortis,
1675 2366 1780 2419 qua
1804 2353 1930 2406 belli
1950 2355 2174 2420 gerendi
2193 2371 2286 2424 pe-

707 2435 863 2498 ritus,
885 2450 991 2504 qua
1015 2437 1434 2493 consideratus:
1463 2456 1584 2509 qua:
1609 2443 1838 2498 virtutes
1866 2446 2065 2500 talibus
2094 2448 2150 2501 in
2175 2450 2282 2519 27

703 2526 939 2594 negotiis
971 2529 1342 2598 maximopere
1389 2542 1746 2600 expetuntur.
1778 2536 1944 2605 Igitur
1969 2553 2087 2607 quae
2114 2539 2285 2609 impe-

706 2625 858 2670 rator
897 2620 1080 2686 nepoti
1108 2619 1508 2687 denuntiasset,
1545 2625 1676 2694 quid
1709 2629 1958 2696 responsi
2003 2629 2281 2686 redditum

702 2718 872 2771 esset,
890 2726 1135 2777 quamam
1155 2713 1260 2781 ipsi
1278 2713 1459 2768 adhuc
1477 2716 1897 2782 deliberassent,
1914 2720 1989 2774 illi
2005 2723 2278 2791 aperiunt.

704 2798 779 2851 Ea
814 2812 1178 2867 protostrator
1223 2805 1407 2859 omnia
1455 2808 1857 2876 comprobans,
1906 2826 1963 2865 se
2017 2823 2282 2882 perpetua

705 2893 1101 2948 communitate
1120 2911 1223 2963 qua
1247 2899 1621 2965 consiliorum,
1646 2917 1751 2969 qua
1771 2903 2137 2970 periculorum
2155 2923 2278 2962 cum

703 2983 785 3034 eis
840 2983 1107 3038 devinxit.
1160 2986 1431 3042 Convenit
1487 2991 1653 3045 etiam
1704 2993 1812 3047 illis
1863 3010 1987 3049 cum
2045 3008 2278 3066 nepote,

706 3073 908 3127 nerniui
948 3077 1320 3132 Ronranorum
1361 3081 1471 3135 ullo
1509 3093 1670 3151 pacto
1704 3069 1903 3140 arcana
1952 3086 2278 3158 detegenda,

2391 634 2524 669 πευε
2561 616 2616 669 δὲ
2664 616 2976 682 umnam
3022 615 3116 668 καὶ
3159 615 3267 668 τῶν
3301 613 3428 681 περὶ
3471 613 3634 666 αὑτὸν
3665 613 3864 682 χωρῶν
3908 628 3965 664 τε

2389 707 2483 760 καὶ
2538 707 2833 776 πολιχνίων
2887 705 3183 775 κατωτέρω
3237 703 3597 766 Μακεδονίας.
3650 699 3759 757 Ἦν
3817 703 3863 755 δ’
3933 703 3962 752 ό

2391 799 2693 867 Συναδηνὺς
2723 791 2877 858 οὗτος
2911 794 2971 860 ἐξ
2995 795 3359 864 εὐπατριδῶν,
3394 794 3486 848 καὶ
3519 793 3578 846 τδ
3618 793 3774 861 γένος
3807 810 3966 861 περι-

2389 895 2565 961 φανής
2591 908 2606 922 °
2641 890 2915 960 μητρόθεν
2946 888 3046 958 μὲν
3076 887 3186 956 γὰρ
3225 888 3305 949 είς
3349 886 3608 956 βασιλέας
3649 885 3818 954 ἀνῆγε
3865 884 3965 945 τὰς

2387 987 2480 1037 τοῦ
2505 985 2696 1052 γένους
2733 985 2944 1052 σειρὰς,
2976 982 3036 1047 ἐξ
3063 981 3297 1046 ἀδελφοῦ
3334 980 3428 1032 τοῦ
3461 977 3678 1049 πρώτου
3705 978 3815 1030 τῶν
3848 977 3965 1029 Πα-

2388 1075 2686 1142 laid/.6wa
2721 1074 3146 1144 βασιλεύσαντος
3182 1072 3399 1143 Μιχαὴλ
3431 1072 3530 1139 τῆς
3583 1071 3786 1139 μητρὸς
3814 1068 3964 1136 αὐτῷ

2388 1165 2747 1236 γεννηθείσης
2768 1183 2781 1196 ·
2809 1167 2836 1218 ὁ
2860 1167 2917 1217 δέ
2946 1181 3008 1231 γε
3037 1165 3239 1233 πατὴρ.
3266 1163 3362 1216 τοῦ
3391 1162 3527 1232 πρὸς
3551 1159 3793 1228 ἑσπέραν
3819 1159 3964 1212 κατᾶ

2387 1261 2487 1326 τὴν
2513 1257 2825 1326 Δαλματίαν
2857 1256 3154 1324 λεγομένου
3190 1256 3432 1321 [Ιολόγου
3469 1253 3752 1321 τοπάρχης
3780 1247 3871 1320 ἦν,
3897 1250 3964 1318 ἦν

2386 1348 2452 1419 δὴ
2480 1349 2786 1418 τοπαρχίαν
2824 1348 2922 1400 σὺν
2953 1344 3132 1414 ἑαυτῷ
3159 1344 3236 1411 τῷ
3274 1345 3480 1414 πρώτῳ
3527 1342 3638 1395 τῶν
3695 1341 3963 1411 βασιλέων

2390 1440 2755 1509 προσαγαγὼν
2779 1437 3132 1506 Παλαιολόγῳ
3148 1436 3227 1506 τῷ
3251 1435 3496 1505 Μιχαὴλ,
3519 1435 3616 1486 καὶ
3646 1432 3838 1501 ύποχεί
3848 1447 3878 1499 ρ
3904 1446 3964 1482 ον

2388 1532 2682 1596 ἀποδείξας
2724 1531 2896 1601 αὐτῷ,
2941 1529 3120 1600 τιμῶν
3167 1547 3227 1582 τε
3266 1527 3473 1597 ἠξιώθη
3523 1525 3779 1595 μεγάλων
3811 1521 3965 1592 παρᾶ

2401 1625 2718 1693 Ῥωμαίοις,
2773 1625 2866 1675 καὶ
2926 1623 3110 1692 γάμου
3171 1619 3462 1682 κοινωνίας
3515 1615 3844 1686 ἐπιφανοῦς,
3895 1617 3961 1683 τῇ

2391 1714 2657 1784 βασιλέως
2686 1714 2881 1783 ἀνεψιᾷ
2908 1712 3220 1782 συναφθείς.
3265 1705 3435 1775 Οὗτος
3473 1710 3657 1762 τοίνυν
3686 1710 3713 1760 ό
3749 1721 3962 1776 πρωτο-

2392 1807 2645 1874 στράτωρ
2677 1807 2741 1859 ὲκ
2769 1806 2869 1873 τῆς
2915 1804 3181 1872 ἑσπέρας,
3215 1803 3406 1871 ὥσπερ
3460 1801 3694 1869 ἔφημεν,
3740 1799 3818 1860 είς
3858 1797 3961 1849 Βυ-

2389 1899 2607 1964 ζάντιον
2644 1899 2998 1967 ἀφικόμενος,
3031 1899 3128 1949 καὶ
3154 1897 3256 1949 ὅσα
3277 1895 3415 1965 πρὸς
3448 1893 3715 1962 βασιλέως
3746 1889 3959 1959 εἴρηταί

2387 2008 2446 2043 τε
2481 1991 2576 2044 καὶ
2623 1991 2942 2061 πέπρακται
2973 1989 3068 2040 ἐπὶ
3099 1989 3167 2058 τῇ
3225 1985 3522 2040 καταλύσει
3569 1983 3666 2037 τοῦ
3731 1983 3957 2051 ἐγγόνου

2389 2083 2483 2134 καὶ
2523 2080 2789 2151 βασιλέως
2813 2079 3091 2148 ἀκηκοὼς,
3123 2078 3430 2146 ἠγανάκτει
3468 2093 3529 2128 τε
3557 2075 3660 2128 οὐκ
3691 2073 3957 2136 ἀνεκτῶς,

2388 2173 2484 2227 καὶ
2523 2171 2725 2242 πολλὴν
2751 2171 3132 2238 κατεγίνωσκε
3182 2167 3276 2222 τοῦ
3328 2167 3657 2239 πράγματος
3707 2169 3960 2234 ἀγνωμο-

2389 2261 2578 2330 σύνην.
2612 2264 2704 2314 Διὸ
2727 2261 2790 2331 δὴ
2822 2260 2917 2313 καὶ
2947 2259 3328 2330 θαρρήσαντες
3357 2259 3386 2310 ὁ
3416 2257 3535 2320 νέος
3566 2255 3819 2326 βασιλεὺς
3861 2254 3959 2306 σὺν

2384 2353 2693 2422 δομεστίκῳ
2740 2351 2818 2421 τῷ
2875 2351 3098 2420 μεγάλῳ
3149 2349 3348 2418 (ἄλλως
3401 2349 3449 2400 θ’
3497 2349 3580 2401 ὅτι
3635 2348 3730 2400 καὶ
3767 2345 3958 2414 φιλίως

2342 2505 2352 2514 ,
2386 2445 2520 2515 πρὺς
2539 2446 2736 2509 αὐτοὺς
2765 2444 2994 2497 διέκειτο
3029 2446 3121 2497 καὶ
3137 2445 3404 2513 πρότερον
3439 2445 3466 2496 ό
3493 2440 3958 2512 πρωτοστράτωρ,

2384 2537 2462 2607 τῷ
2508 2537 2730 2608 μεγάλῳ
2767 2538 2824 2590 δὲ
2889 2537 3130 2606 μάλιστα
3181 2537 3496 2606 δομεστίκῳ
3551 2536 3614 2586 ὲκ
3665 2533 3763 2600 τῆς
3820 2529 3960 2598 πρός

2397 2629 2844 2701 Ἀδριανούπολιν
2866 2629 3017 2700 παρὰ
3045 2629 3126 2700 τῷ
3153 2627 3366 2698 βασιλεῖ
3397 2625 3618 2697 Μιχαὴλ
3651 2622 3958 2693 διατριϐῆς,

2385 2725 2560 2792 χρόνῳ
2589 2721 2766 2791 πολλῷ
2791 2723 2890 2792 τῆς
2920 2720 3103 2791 φιλίας
3133 2721 3318 2783 αὐτοῖς
3352 2721 3583 2790 ἰσχυρᾶς
3614 2711 3958 2786 γενομένης),

2383 2815 2496 2868 δεῖν
2529 2813 2793 2884 ᾠήθησαν
2848 2813 3109 2867 κοινωνὸν
3139 2815 3235 2866 καὶ
3275 2812 3440 2865 αὑτὸν
3496 2811 3605 2865 τῶν
3643 2807 3959 2878 πραττομέ-

2383 2924 2491 2959 νων
2520 2905 2883 2974 παραλαῦετν,
2949 2903 3137 2974 φιλίας
3159 2921 3218 2956 τε
3263 2903 3366 2973 τῆς
3399 2903 3538 2974 πρὸς
3566 2902 3762 2962 αὐτοὺς
3795 2898 3959 2951 ἓνεκα

2383 2999 2478 3051 καὶ
2514 2996 2771 3066 ἀνδρίας,
2803 2995 2900 3050 καὶ
2932 2996 3240 3065 πολεμικῆς
3268 2993 3568 3063 ἐμπειρίας
3617 2991 3710 3044 καὶ
3753 2989 3959 3059 φρονή-

2387 3106 2546 3155 σεως,
2570 3085 2638 3159 ἧς
2667 3088 2725 3142 αι
2753 3087 3002 3141 τοιαῦται
3031 3089 3272 3157 μάλιστα
3305 3085 3413 3139 τῶν
3445 3085 3697 3156 πράξεων
3721 3084 3953 3136 δέονται.

708 3175 1073 3235 ντειςιειίιιιιιιιι
1101 3169 1276 3223 tribus
1307 3170 1477 3236 hisce,
1505 3188 1699 3242 nempe
1731 3191 1926 3245 magno
1957 3178 2276 3248 domestico,

2342 3204 2354 3258 ι
2399 3179 2904 3234 Ἀνακαλύπτουσιν
2938 3180 3088 3247 αὐτῷ
3118 3178 3408 3248 τοιγαροῦν
3439 3178 3537 3229 ὅσα
3559 3193 3616 3227 τε
3643 3178 3665 3228 ὁ
3701 3174 3956 3242 βασιλεὺς

708 3255 999 3325 Synadeno
1030 3263 1436 3327 protostratori,
1471 3265 1761 3335 Syrgianni
1795 3285 1806 3320 :
1844 3269 2034 3323 adluec
2064 3270 2278 3329 Latinis

707 3347 1094 3405 Genuensibus
1124 3354 1322 3419 tribus,
1352 3372 1589 3424 quorum
1632 3371 1751 3413 erat
1779 3360 2096 3429 imperatori
2155 3381 2278 3433 per-

707 3451 892 3510 specta
937 3444 1090 3507 fides,
1137 3447 1343 3516 quique
1376 3449 1483 3504 illis
1517 3451 1580 3504 ad
1613 3451 1790 3521 fugam
1825 3454 2085 3525 Byzantio
2123 3458 2283 3512 Chri-

705 3536 945 3603 stopolio
1001 3554 1196 3608 magno
1245 3555 1468 3609 possent
1519 3559 1640 3598 esse
1684 3545 2027 3614 adjumento.
2072 3547 2281 3605 Ternas

707 3625 907 3694 quippe
939 3629 1193 3682 triremes
1220 3643 1341 3695 suo,
1375 3639 1632 3698 septenas
1683 3630 2032 3701 imperatoris
2058 3645 2279 3705 sumptu

705 3727 1015 3773 armaturos
1057 3721 1431 3788 promiserant
1461 3739 1475 3775 :
1508 3731 1566 3776 ut
1590 3738 1858 3777 numerus
1898 3740 2084 3778 earum
2113 3727 2284 3780 dena-

705 3810 820 3863 rius
844 3820 898 3864 et
927 3811 991 3863 ad
1027 3812 1229 3881 fugam,
1275 3813 1320 3866 si
1349 3813 1688 3884 fugiendum,
1729 3817 1778 3869 ei
1821 3817 2176 3886 subserviret,
2225 3831 2280 3875 et

704 3901 848 3967 apud
887 3901 1267 3972 Cltristopolin
1301 3905 1465 3958 simul
1506 3905 1714 3960 bellum
1764 3907 2039 3974 toleraret,
2099 3912 2279 3981 quoad

706 4007 792 4044 res
828 4007 958 4045 suas
1018 3994 1352 4053 ordinasset.
1407 3997 1639 4051 Nomina
1686 4013 1877 4052 eorum
1933 3999 2198 4068 fuerunt,
2248 4021 2279 4059 e

611 4149 613 4152 η
702 4096 864 4153 gente
921 4086 1145 4156 quidem
1203 4089 1493 4145 Auriarum
1553 4093 1785 4160 Raplton
1830 4093 1996 4147 Auria
2049 4094 2197 4165 (80),
2247 4113 2277 4152 ο

705 4174 1080 4244 Spinularum,
1111 4179 1438 4236 Fredericus
1491 4181 1718 4252 Spinula
1768 4185 1916 4253 (8|),
1969 4201 2033 4240 ex
2085 4187 2279 4242 Tenia-

705 4267 994 4334 rensium,
1049 4269 1282 4342 Raplton
1341 4271 1540 4326 Temar
1595 4273 1728 4344 (8'2).
1775 4274 1966 4330 Denuo
2025 4293 2147 4330 cum
2188 4279 2274 4333 liis

2390 3271 2651 3342 μηνύσειε
2689 3271 2764 3341 τῷ
2795 3271 3025 3341 ὲγγόνῳ,
3057 3270 3261 3322 ὁποίων
3287 3285 3345 3320 τε
3388 3269 3541 3337 τύχοι
3586 3266 3696 3318 τῶν
3723 3265 3958 3334 inexpi-

2390 3381 2552 3429 σεων,
2585 3364 2666 3416 ἔτι
2691 3380 2750 3416 τε
2777 3365 2877 3417 ὅσα
2913 3364 3008 3416 καὶ
3039 3362 3196 3415 αὐτοὶ
3242 3361 3371 3430 περὶ
3420 3359 3528 3414 τῶν
3570 3359 3688 3412 καθ’
3727 3356 3957 3419 ἑαυτοὺς

2390 3455 2776 3525 βουλεύσαιντο
2806 3456 3173 3525 πραγμάτων.
3205 3455 3272 3506 Ἀ
3297 3452 3360 3522 δὴ
3405 3453 3580 3504 πάντα
3602 3450 3785 3512 καλῶς
3812 3449 3956 3519 ἔχειν

2388 3548 2868 3617 ἐπιψηφισάμενος
2890 3549 2985 3600 καὶ
3016 3547 3203 3608 αὐτὸς,
3254 3546 3536 3598 κοινωνεῖν
3565 3545 3746 3604 αὐτοῖς
3783 3542 3960 3594 είλετο

2383 3642 2476 3692 καί
2499 3640 2604 3692 τῶν
2638 3639 3023 3708 βουλευμάτων
3054 3640 3145 3692 καῒ
3177 3638 3284 3690 τῶν
3310 3636 3574 3690 κινδύνων
3603 3635 3766 3706 μέχρι
3812 3651 3954 3687 παν-

2382 3733 2494 3794 τός.
2547 3731 2826 3785 Ὶιζδέδοκτο
2880 3731 2936 3784 δὲ
2987 3733 3200 3794 τούτοις
3258 3730 3374 3798 ἅμα
3426 3729 3504 3799 τῷ
3541 3728 3769 3799 βασιλεῖ,
3823 3725 3959 3796 πρὸς

2385 3824 2587 3894 μηδένα
2613 3825 2876 3894 μηδαμῶς
2915 3825 3107 3894 ἕτερον
3141 3823 3250 3876 τῶν
3292 3822 3580 3892 Ῥωμαίων
3618 3818 3831 3888 ἔκφανῆ
3861 3834 3955 3885 γε-

2381 3915 2570 3968 νέσοαι
2604 3915 2672 3969 τὰ
2711 3914 3106 3984 βουλευόμενα,
3139 3913 3220 3967 ὅτι
3253 3911 3329 3983 μὴ
3359 3910 3598 3964 τουτοισὶ
3639 3911 3752 3969 τοϊς
3787 3909 3957 3977 τρισὶ,

2381 4007 2689 4077 δομεστίκῳ
2745 4005 2950 4076 δηλαδὴ
3006 4005 3084 4074 τῷ
3144 4003 3368 4072 μεγάλῳ
3419 4003 3514 4055 καὶ
3556 3999 3633 4068 τῷ
3667 3998 3956 4068 Συναδηνῷ

2383 4096 2828 4168 πρωτοστρὰτορι
2843 4097 2938 4149 καὶ
2959 4095 3289 4166 Συργιάννῃ.
3318 4095 3411 4146 καὶ
3434 4091 3775 4153 Γεννουῒταις
3795 4091 3960 4144 Λατί-

2380 4203 2495 4248 νοις
2532 4188 2740 4257 ἑτέροις
2773 4186 2942 4257 τρισὶ,
2971 4186 3151 4255 φίλοις
3186 4187 3284 4255 μὲν
3315 4180 3436 4237 οὖσι
3470 4181 3957 4252 δεδοκιμασμένοις

2383 4279 2459 4350 τῷ
2527 4280 2762 4349 βασιλεῖ,
2824 4279 3148 4349 δυναμένοις
3204 4280 3260 4332 δὲ
3317 4278 3530 4348 μεγάλα
3574 4275 3710 4345 πρὸς
3741 4273 3839 4344 τὴν
3873 4274 3955 4336 εις

1977 4397 2192 4458 Jacobi
2229 4399 2492 4461 Pontani
2527 4377 2716 4460 notae.

778 4504 890 4584 _(8_0)
928 4506 1007 4584 πιέν¹
1031 4507 1266 4584 A-nsaldo
1296 4508 1462 4584 Auria
1493 4525 1618 4579 gens
1666 4510 1956 4563 Auriarum
1979 4510 2278 4584 clarissima
2317 4532 2355 4584 ι)
2387 4524 2577 4568 censet
2601 4515 2828 4568 Bizarus
2870 4513 3012 4584 libro
3041 4527 3082 4578 ι,
3117 4511 3260 4584 inter
3281 4525 3418 4584 quas
3449 4510 3611 4584 hujus
3629 4510 3776 4584 nulla
3805 4525 3958 4584 mell-

707 4577 965 4643 originem
989 4577 1189 4648 habuit.
1225 4577 1676 4632 Ansaldus‘natus
1713 4590 1787 4633 est
1815 4596 1877 4633 ea:
1900 4583 2134 4648 quadam
2164 4599 2280 4634 ma-

707 4657 860 4719 trona
896 4646 1078 4719 nobili,
1123 4650 1203 4700 cui
1231 4665 1418 4701 nomen
1454 4649 1577 4702 Oria
1605 4651 1725 4716 fuit,
1746 4667 1808 4702 ea:
1840 4646 2012 4718 prisca
2049 4650 2278 4719 familia,

720 4715 867 4768 l’oltu
896 4717 1055 4777 dicta,
1087 4734 1202 4786 quw
1231 4735 1388 4780 nunc,
1415 4729 1468 4770 ut
1495 4715 1745 4783 diximus,
1772 4715 2130 4772 Cdtaneorum
2158 4731 2234 4774 est

705 4803 864 4853 quam
894 4798 1230 4854 posteaquam
1262 4789 1530 4840 Arduinns
1561 4805 1622 4840 ea:
1652 4791 1917 4856 provincia
1951 4790 2285 4844 Narbonensi

705 4856 915 4927 regulus
946 4858 1220 4921 oriundus,
1275 4869 1491 4927 propter
1535 4868 1856 4912 rennstatem
1901 4859 2084 4927 forma:
2123 4872 2282 4918 atque

707 4926 927 4995 familia:
991 4926 1322 4982 nobilitatem
1375 4926 1720 4991 tunbivisset,
1777 4931 1830 4982 in
1886 4926 2282 4983 matrimonium

707 4999 922 5048 tandem
957 5003 1172 5068 accepit.
1205 4998 1343 5052 Nam
1385 5016 1499 5051 cum
1545 5001 1913 5068 profectionem
1944 5003 1996 5052 in
2043 5000 2285 5054 l‘alarsti-

707 5083 830 5118 nam
889 5066 1159 5135 religionis
1187 5086 1308 5136 ergo
1344 5066 1678 5128 instituisset.
1711 5087 1835 5122 casu
1869 5069 2105 5124 Genuam
2131 5070 2279 5124 dela-

706 5146 788 5188 tas
824 5137 875 5189 in
901 5138 1059 5206 hujus
1082 5140 1532 5203 prastantissimte
1557 5141 1765 5207 feminae
1794 5157 1857 5192 ea?
1879 5144 2171 5204 occasione,
2224 5149 2281 5193 ut

707 5207 788 5272 fit,
832 5207 1256 5274 familiaritatem
1314 5220 1359 5261 et
1393 5211 1822 5263 consuetudinem
1873 5211 2092 5272 incidit,
2126 5213 2279 5272 adeo,

708 5284 764 5328 ut
797 5278 982 5344 farina?
1007 5278 1399 5346 pulchritudine
1427 5279 1648 5344 illectus,
1683 5281 2009 5346 postmodum
2057 5281 2108 5330 in
2160 5278 2281 5332 Vol-

708 5357 884 5400 turum
921 5348 1200 5419 familiam
1250 5360 1506 5418 receptus.
1549 5351 1615 5400 ad
1671 5349 1900 5402 nominis
1966 5363 2013 5401 et
2060 5351 2282 5419 [untiliae

708 5420 858 5471 avita:
895 5418 1268 5486 differentiam,
1311 5419 1450 5474 Oriu:
1484 5421 1662 5471 uxoris
1692 5436 1803 5473 sua:
1833 5436 2019 5472 nomen
2053 5421 2282 5472 retinue-

708 5489 793 5538 rit.
825 5489 1050 5541 Bizarus
1087 5490 1139 5542 in
1174 5490 1406 5542 Historia
1438 5488 1811 5544 Genuensium.
1845 5489 1938 5542 lib.
1969 5506 2005 5542 t.

780 5559 891 5626 (8|)
947 5555 1172 5612 Familia
1218 5558 1568 5628 Spinularum
1597 5560 1935 5612 celeberrima
1991 5568 2038 5611 et
2081 5559 2279 5612 lauda-

708 5628 937 5692 tissima,
966 5645 995 5679 a
1025 5630 1262 5684 Guidonc
1289 5628 1514 5696 Spinula
1541 5629 1652 5682 Beli
1678 5631 1985 5682 vicecomitis
2017 5629 2149 5698 filio,
2169 5631 2282 5682 viro

709 5699 919 5771 egregio
951 5702 1116 5771 animi
1172 5701 1508 5771 corporisque
1554 5701 1761 5752 dotibus
1801 5701 2052 5771 originem
2097 5710 2282 5754 traxit.

711 5767 952 5822 Bzzatus.
983 5770 1234 5841 Φρερέγω
1263 5767 1345 5824 ἐκ
1385 5767 1726 5823 Italoelisum
1769 5786 1864 5837 pro
1887 5769 2222 5841 Φρεδερίκω.

787 5842 900 5909 (82)
939 5841 1207 5898 l'luriznas
1239 5841 1612 5897 chucusium
1649 5842 1900 5906 antiquas
1927 5841 2161 5894 familias
2198 5857 2281 5896 rc-

2388 4585 2485 4644 tio,
2512 4584 2606 4636 sed
2671 4586 2806 4636 bene
2843 4577 3089 4638 additum
3145 4583 3214 4635 ab
3260 4577 3453 4634 eodem
3507 4577 3593 4633 liis
3625 4580 3808 4633 verbis
3841 4595 3856 4633 :
3889 4577 3960 4630 Et

2387 4652 2650 4722 pleraeque
2689 4654 2830 4717 aliae,
2851 4669 3079 4722 quorum
3113 4653 3210 4703 hac
3237 4659 3546 4719 tempestate
3574 4649 3953 4722 cxsolevitme-

2385 4719 2577 4781 moria,
2612 4731 2660 4774 et
2687 4727 2776 4774 vix
2826 4719 3010 4790 aliqua
3040 4737 3225 4774 earum
3269 4728 3479 4772 exstant
3523 4719 3697 4790 ullius
3723 4719 3958 4786 antiqua:

2387 4792 2678 4844 nobilitatis
2705 4793 2921 4846 indicia.
2967 4793 3155 4844 Verum
3189 4792 3392 4844 interea
3425 4806 3528 4843 non
3556 4805 3638 4842 me
3681 4789 3830 4849 latet.
3879 4798 3959 4840 at-

2379 4878 2476 4929 que
2510 4865 2720 4914 omnino
2769 4861 3050 4914 verisimile
3094 4871 3192 4922 est,
3227 4861 3483 4927 plurimas
3527 4859 3782 4929 familias.
3827 4874 3952 4929 suc-

2386 4927 2531 4983 cessu
2563 4933 2838 4996 temporis,
2865 4932 3141 5005 mirantia
3167 4931 3376 4983 modum
3399 4927 3710 4982 extenuatas
3733 4936 3782 4979 et
3807 4927 3955 5005 {aclis

2391 5011 2566 5062 natas,
2619 5017 2739 5053 cum
2770 5003 2890 5053 aliis
2925 5000 3164 5069 familiis:
3219 5015 3314 5052 suo
3352 5008 3583 5068 tempore
3632 5000 3846 5066 integris
3910 5007 3958 5048 et

2389 5073 2698 5140 florentibus
2725 5071 3001 5133 coaluisse,
3031 5079 3078 5122 et
3101 5071 3250 5138 quasi
3281 5070 3333 5121 in
3364 5085 3452 5121 eas
3482 5071 3689 5140 insitas.
3714 5083 3761 5119 et
3783 5077 3962 5118 trans-

2389 5138 2525 5193 latus
2577 5144 2763 5209 fuisse,
2804 5142 2934 5193 adeo
2977 5151 3031 5193 ut
3091 5141 3415 5209 postmodum
3484 5138 3676 5191 abolito
3718 5148 3763 5190 et
3807 5140 3951 5187 anti-

2389 5220 2548 5281 quata
2573 5214 2796 5279 pristino
2828 5214 3037 5264 nomine
3068 5212 3211 5263 illius
3239 5209 3478 5286 fttmllltz,
3510 5211 3563 5260 in
3598 5225 3756 5275 quam
3781 5216 3961 5286 trans-

2384 5278 2592 5334 t’vissent
2628 5323 2641 5342 ,
2695 5298 2883 5334 nomen
2952 5281 3354 5356 assumpserint.
3433 5278 3569 5332 Cum
3649 5278 3961 5356 suspicarer

2387 5366 2572 5419 porro,
2607 5352 2836 5420 llaplton
2869 5368 2932 5404 ex
2975 5351 3248 5420 llapliaele
3293 5357 3611 5420 corruptum
3663 5361 3816 5406 esse,
3853 5351 3960 5398 viri

2387 5418 2870 5474 clarissimi—illarci
2903 5418 3108 5475 Velse'ri
3139 5419 3409 5473 sententia
3445 5418 3762 5485 opinionem
3785 5427 3960 5468 meam

2389 5490 2757 5564 confirmant.
2781 5563 2789 5564 ί
2815 5491 3043 5564 Visum,
3097 5490 3313 5564 inquit,
3363 5503 3629 5564 monere,
3665 5487 3959 5564 Rapltoncs

2391 5563 2614 5637 quidem
2653 5563 2794 5637 baud
2825 5562 2991 5637 dubie
3020 5557 3325 5637 [lapliaeles
3348 5559 3545 5637 videri,
3565 5557 3860 5637 depravato
3901 5557 3960 5633 in

2390 5627 2532 5683 lianc
2564 5633 2758 5685 facient
2831 5627 3134 5692 vocabulo]
3199 5628 3474 5683 Genuensi
3529 5627 3826 5688 idiotismo,
3862 5627 3958 5692 qui

2391 5703 2534 5752 in'er
2568 5699 3061 5755 Italicasdialectos
3096 5698 3466 5753 crassissimus
3483 5709 3585 5750 est.
3622 5697 3686 5750 Et
3706 5695 3959 5762 Rapltac-

2391 5770 2496 5823 letn
2524 5785 2651 5823 sane
2695 5773 2907 5825 Dot'imtt
2945 5771 3232 5843 maritimis
3271 5769 3612 5837 praefecturis
3653 5766 3758 5843 illa.
3796 5772 3959 5843 mtate

2391 5843 2654 5896 claruisse
2691 5883 2703 5898 .
2762 5843 3000 5897 ltistorix
3039 5836 3335 5900 ostendunt
3363 5877 3374 5898 ,
3433 5851 3609 5894 neutte
3652 5836 3854 5891 Folicta
3903 5836 3960 5889 in
