4222 6442
292 409 361 470 97
1456 416 1954 476 HiSTuitiAttu‘

1861 420 2017 477 mihi
2058 422 2292 482 LIBER
2328 425 2373 484 Ι.
3461 436 3528 498 98

289 520 693 587 Χριστούπο).ιν
730 520 794 574 ὲκ
828 520 1127 584 Βυζαντίου
1157 526 1733 594 συγκαταπράξασθαι
1764 544 1869 594 φυ-
1897 532 1945 588 Α

1858 558 1869 571 -
1897 532 1945 588 Α
1976 530 2197 584 duobus
2223 531 2377 601 [puta
2403 549 2526 587 cum
2558 538 3079 603 magnodoutestico
3116 554 3173 597 et
3204 543 3525 617 Syrgianne]

287 610 392 678 γὴν
442 610 647 669 αὐτοῖς.
688 611 1126 680 Ἐπηγγείλαντο
1188 615 1297 683 γὰρ
1355 614 1531 678 αὐτοὶ,
1572 619 1723 684 τρεῖς
1760 617 1860 685 μὲν

287 702 542 770 τριήρεις
588 702 813 764 οἰκείοις
864 702 1187 772 ἀναλώμασι
1250 706 1601 775 πληρώσειν,
1645 708 1784 760 ἐπτὰ
1813 707 1859 759 δ’

287 792 485 859 ἑτέρας
509 793 572 844 ὲκ
608 791 873 859 βασιλέως
895 793 1152 857 λαϐόντες
1176 796 1280 864 χρή
1292 811 1469 863 ματα·
1502 795 1577 858 ὡς
1607 796 1737 848 δέκα
1763 796 1860 858 τὰς

287 884 588 953 συμπάσας
628 882 956 953 γενομένας,
993 886 1091 939 καὶ
1150 887 1282 955 πρὸς
1311 886 1412 955 τὴν
1454 888 1776 956 ἀπόδρασιν,
1810 889 1860 940 εί

284 975 491 1043 δεήσει,
536 975 878 1043 συνάρασθαι
913 976 993 1045 τῷ
1040 976 1280 1047 βασιλεῖ,
1318 978 1410 1029 καὶ
1460 978 1596 1047 πρὸς
1625 981 1692 1049 τῇ
1725 974 1857 1047 Χρι-

288 1067 577 1119 στουπόλει
630 1068 1034 1136 συμμαχούσας
1090 1069 1457 1138 καρτερῆσαι,
1512 1070 1671 1137 ἄχρις
1732 1070 1856 1121 avo

286 1157 543 1223 βασιλεὺς
601 1153 661 1210 εὖ
698 1157 938 1210 διάθοιτο
990 1158 1060 1211 τὰ
1094 1160 1214 1211 κατ’
1247 1160 1434 1212 αὐτόν.
1481 1158 1753 1226 Ὀνόματα
1810 1158 1853 1209 δ’

283 1249 492 1310 αὐτοῖς,
529 1247 638 1299 ἀπὸ
693 1247 792 1316 μὲν
845 1247 939 1299 τοῦ
989 1249 1099 1300 τῶν
1138 1248 1332 1316 Ὀρίων
1391 1248 1602 1313 γένους,
1640 1247 1854 1313 Ῥἀιρων

277 1356 341 1391 τε
387 1341 589 1409 Ὀρια·
647 1340 757 1392 ἀπὸ
814 1340 870 1392 δὲ
927 1339 1020 1393 τοῦ
1061 1340 1400 1401 Σπινουλῶν,
1443 1338 1693 1409 Φρερίγω
1723 1340 1855 1391 Σπί-

278 1430 480 1482 νουλαο
515 1432 578 1482 ὲκ
608 1430 666 1482 δὲ
706 1429 814 1482 τῶν
858 1432 1109 1501 Ντεμάρ,
1156 1430 1374 1497 Ῥἀφων
1408 1429 1655 1500 Ντεμάρ.
1687 1428 1855 1493 Αὖθις

275 1523 325 1575 δ’
354 1524 473 1592 ἅμα
513 1524 626 1584 τοῖς
658 1522 781 1575 δυσὶ
824 1522 1205 1591 βουλευομένῳ
1238 1520 1316 1591 τῷ
1348 1520 1562 1589 βασιλεῖ
1602 1523 1730 1591 περὶ
1759 1522 1853 1575 τοῦ

274 1616 526 1684 ποτέραν
554 1613 662 1685 χρὴ
692 1615 801 1667 τῶν
828 1614 1038 1666 πόλεων
1072 1612 1571 1682 ἀποδιδράσκοντας
1611 1614 1852 1681 ἑλέσθαι,

275 1706 353 1769 ὡς
385 1707 451 1759 ἂν
487 1706 582 1759 καὶ
626 1708 653 1760 ὁ
686 1706 1138 1775 πρωτοστράτωρ
1182 1704 1284 1772 τὴν
1311 1704 1578 1757 δοκοῦσαν
1620 1706 1767 1774 αὐτῷ
1794 1706 1854 1757 τὸ

274 1798 441 1868 νικᾷν
468 1798 614 1867 ἔχειν
646 1797 938 1867 είσενέγκῃ
976 1796 1178 1866 ψῆφον,
1205 1796 1297 1849 καὶ
1326 1797 1426 1865 τὴν
1461 1797 1561 1865 μὲν
1588 1796 1855 1864 Χριστού-

1964 624 2310 677 consultante
2360 625 2693 694 imperatore
2722 667 2736 690 ,
2782 640 2956 683 utram
3007 633 3225 687 urbium
3273 638 3529 705 coningio

1966 723 2303 767 constituere
2331 726 2647 783 oporteret,
2682 733 2793 786 quo
2846 728 2900 771 ct
2935 732 3314 788 protostrator,
3362 743 3526 794 quam

1966 815 2065 867 pro
2104 803 2326 857 meliore
2358 805 2604 868 duceret,
2640 809 2966 861 sententiam
3001 811 3292 877 proferret,
3321 825 3525 869 etcum

1965 892 2295 962 CliristOpoli
2347 896 2564 963 quidem
2598 898 2797 951 auxilia
2842 916 2870 952 a
2913 902 3069 955 Crale
3115 909 3477 973 exspectanda
3508 947 3524 966 .

1962 998 2083 1036 eum
2115 984 2472 1053 Adrianopoli
2502 1002 2630 1040 vero
2663 992 2854 1058 p0pu|i
2883 992 3265 1060 frequentiam,
3298 998 3530 1052 ibidem-

1961 1090 2066 1143 que
2091 1075 2320 1128 loeatam
2364 1078 2654 1132 militarem
2684 1082 2925 1149 copiam,
2966 1100 3027 1137 ac
3056 1086 3258 1138 civium
3286 1089 3526 1157 denique

1961 1162 2366 1216 multitudinem
2399 1166 2502 1218 sibi
2546 1167 2841 1222 faventium
2883 1173 3269 1240 conjungentc,
3309 1188 3363 1228 et
3398 1195 3526 1246 pro-

1960 1259 2253 1305 tostratore
2278 1252 2674 1322 Adrianopolin
2704 1267 3059 1325 praeoptante.
3084 1270 3376 1328 antequam
3409 1280 3528 1315 cer-

1959 1346 2074 1393 tum
2101 1342 2232 1410 quid
2286 1344 2677 1411 decernerent,
2725 1360 3106 1403 surrexerunt.
3153 1352 3279 1406 Post
3327 1354 3522 1408 iterum

1955 1432 2256 1487 domestico
2307 1445 2363 1489 et
2394 1435 2719 1505 imperatore
2776 1441 2905 1493 solis
2959 1455 3123 1509 super
3159 1444 3345 1497 eadem
3377 1461 3526 1513 qum-

1957 1526 2143 1579 stione
2174 1526 2317 1581 inter
2343 1542 2402 1580 se
2433 1530 2735 1596 agentibus,
2781 1546 2883 1585 nec
2926 1533 3306 1601 ignorantibus
3335 1575 3349 1599 ,
3399 1539 3529 1605 Syr—

1954 1615 2139 1683 εἱειυηί
2190 1625 2245 1671 et
2273 1618 2578 1672 domestico
2629 1619 2787 1675 lacile
2839 1622 2988 1677 factu
3043 1640 3185 1687 csse,
3240 1642 3438 1681 uxores
3468 1630 3522 1682 in

1954 1705 2187 1760 Thracia
2226 1717 2526 1771 manentes,
2556 1725 2664 1777 quo
2698 1713 2953 1779 placeret,
2991 1715 3264 1771 abducere
3287 1760 3301 1779 .
3342 1729 3528 1787 proto-

1957 1799 2176 1851 stratori
2209 1809 2418 1863 contra,
2442 1802 2795 1872 Adrianopoli
2826 1807 3115 1876 conjugem
3151 1825 3275 1862 cum
3308 1809 3526 1863 duabus

275 1862 438 1941 πολιν
580 1889 734 1958 παρὰ
764 1862 859 1941 τού
1130 1862 1425 1957 συμμαχίᾳ
1463 1862 1853 1957 παραζευγνύο
1888 1862 1928 1915 Β

1849 1918 1853 1929 ›
1888 1862 1928 1915 Β
1958 1888 2140 1943 ﬁliolis
2189 1862 2417 1946 babenti
2444 1934 2459 1957 ,
2508 1862 2703 1948 sedem.
2744 1862 2958 1952 mutare
2995 1862 3310 1967 perdimcile
3363 1890 3516 1958 fore:

270 1996 453 2044 οντος,
488 1983 553 2050 τῇ
598 1978 883 2050 Ἀδριανοῦ
915 1980 972 2032 δὲ
1003 1981 1101 2051 τήν
1126 1980 1593 2047 πολυανθρωπίαν
1633 1984 1726 2033 καὶ
1754 1981 1853 2050 τὴν

272 2068 753 2139 ὲγκαθιδρυμένην
811 2070 931 2122 ἐκεῖ
984 2068 1273 2139 στρατιὰν,
1324 2070 1419 2122 καὶ
1463 2069 1523 2120 τὸ
1562 2069 1854 2133 πλείστους

272 2155 418 2213 εῖναι
439 2160 549 2213 τῶν
579 2162 875 2216 οἰκούντων
908 2164 1027 2214 ἐκεῖ
1056 2163 1122 2215 τὰ
1152 2160 1248 2213 τοῦ
1284 2161 1405 2214 νέου
1431 2160 1695 2230 βασιλέως
1716 2164 1852 2232 ᾑρηο

274 2252 475 2322 μένους
503 2271 516 2283 ·
548 2256 575 2305 ό
638 2254 1091 2324 πρωτοστράτωρ
1145 2253 1246 2322 μὲν
1288 2253 1385 2321 τὴν
1417 2254 1500 2314 είς
1537 2253 1850 2323 ’Δδριανού-

272 2344 434 2398 πολιν
464 2345 673 2415 ᾑρεῖτο.
701 2343 869 2397 Οὔπω
894 2345 951 2396 δὲ
988 2346 1161 2415 πέρας
1197 2343 1297 2411 τῆς
1323 2343 1522 2412 βουλῆς
1550 2344 1847 2416 λαϐούσης,

269 2439 605 2508 ἀνέστησαν.
642 2433 763 2511 Εἶτ’⁷
791 2436 947 2498 αὖθις
1002 2437 1119 2506 ἃμα
1151 2436 1462 2505 δομεστίκῳ
1490 2436 1567 2505 τῷ
1622 2438 1851 2509 μεγάλῳ

274 2526 427 2595 μόνῳ
456 2527 549 2578 καὶ
583 2526 797 2595 βασιλεῖ
821 2527 951 2596 περὶ
978 2524 1085 2579 τῶν
1120 2525 1301 2579 αὐτῶν
1345 2526 1553 2579 τούτων
1595 2526 1849 2596 βουλευο-

273 2613 482 2684 μένων,
535 2616 631 2668 καὶ⁵
685 2616 1007 2668 συνιδόντων
1043 2615 1119 2676 ὡς
1178 2616 1489 2688 Συργιάννῃ
1522 2618 1619 2685 μὲν
1652 2620 1744 2671 καὶ
1770 2617 1849 2688 τῷ

272 2706 502 2776 μεγάλῳ
528 2707 836 2775 δομεστίκῳ
862 2709 927 2776 τῇ
950 2706 1141 2777 Θρᾴκῃ
1161 2706 1271 2759 τῶν
1293 2708 1552 2777 γαμετῶν
1580 2709 1851 2779 ἐνδιατρι-

270 2797 511 2861 6ουσῶν,
544 2796 725 2866 ῥᾴδιόν
759 2799 908 2849 ἐστιν
925 2799 1048 2850 ὅποι
1082 2797 1369 2866 βούλονται
1390 2798 1595 2862 ταύτας
1628 2800 1848 2867 ἀπαγα-

270 2889 415 2955 γεῖν,
477 2888 926 2960 πρωτοπράτορι
980 2888 1038 2941 δὲ
1097 2890 1196 2958 τῆς
1256 2890 1506 2959 γαμετῆς
1552 2890 1669 2960 ἅμα
1723 2891 1848 2943 δυσὶ

272 2980 652 3050 θυγατριδίοις
687 2983 754 3051 τῇ
786 2979 1072 3047 Ἀδριανοῦ
1131 2980 1286 3033 πόλει
1346 2982 1844 3051 ἑγκαθιδρυμένης,

1954 1980 2150 2034 deinde
2177 1991 2231 2035 et
2258 1982 2361 2037 hoc
2386 1998 2570 2038 secum
2624 1986 2998 2053 volventibus,
3054 2007 3155 2045 nec
3186 2002 3389 2045 tantam
3422 2011 3524 2045 nv-

1954 2071 2289 2137 cessitatem,
2323 2074 2426 2128 nisi
2449 2074 2743 2129 admodum
2772 2077 2970 2147 injuste
2997 2079 3073 2132 illi
3095 2080 3300 2149 imponi
3327 2098 3518 2149 posse:

1954 2169 2009 2213 et
2038 2162 2397 2217 reluctantem
2434 2182 2462 2219 a
2496 2170 2882 2223 communione
2938 2171 3200 2238 repellere
3224 2214 3236 2229 .
3289 2189 3395 2226 non
3433 2175 3518 2226 in-

1948 2247 2158 2317 justum
2191 2252 2376 2315 modo,
2410 2269 2601 2307 verum
2630 2256 2798 2309 etiam
2834 2259 3094 2311 stolidum
3128 2260 3302 2315 videri
3338 2280 3349 2315 :
3386 2263 3520 2316 illud

1953 2338 2196 2405 quidem,
2253 2344 2383 2410 quia
2443 2343 2620 2397 virum
2674 2347 3008 2400 omnimodis
3054 2348 3323 2416 optimum
3382 2352 3521 2405 adeo

1952 2426 2060 2482 levi
2091 2430 2157 2485 de
2201 2446 2368 2487 causa
2416 2435 2773 2490 excluderent
2806 2476 2819 2498 ,
2864 2437 2968 2491 hoc
3008 2453 3159 2502 vero,
3212 2440 3338 2508 quia
3392 2456 3518 2494 eum

1951 2539 2100 2578 nunc
2126 2534 2496 2587 removerent,
2534 2541 2696 2593 quem
2747 2528 2901 2594 prius
2949 2528 3277 2583 invitassem
3304 2571 3317 2593 ,
3353 2542 3409 2585 et
3452 2532 3521 2584 ad

1951 2628 2241 2668 numerum
2277 2629 2438 2667 suum
2468 2616 2804 2685 allegissent,
2852 2618 3054 2685 quique
3095 2620 3161 2671 ad
3199 2620 3523 2674 discrimina

1950 2705 2319 2789 communiter
2352 2705 2603 2759 adeunda
2654 2707 2765 2776 28
2815 2719 3127 2777 promptam
3182 2722 3238 2765 et
3277 2713 3515 2765 alacrem

1950 2797 2119 2850 animi
2155 2797 2495 2850 voluntatem
2542 2798 2817 2853 attulisset
2850 2816 2867 2857 ξ
2895 2799 3033 2862 bare,
3079 2801 3322 2869 inquam,
3354 2818 3519 2871 repti-

1953 2884 2196 2937 tantibus
2222 2885 2572 2953 complacuit,
2599 2885 2782 2938 divina
2817 2886 3059 2943 bonitate
3088 2892 3341 2955 conlisos,
3393 2908 3520 2947 cum

1950 2975 2212 3029 nonnulla
2263 2976 2578 3043 suspicione
2630 2978 2882 3045 periculi,
2957 2979 3028 3033 ob
3080 2984 3257 3049 majus
3310 2982 3515 3035 bonum

272 3073 412 3126 πολὺ
455 3073 516 3125 τὸ
545 3073 806 3125 δύσκολον
867 3073 1282 3143 μετακινεῖσθαι
1308 3087 1320 3101 ’
1363 3070 1483 3125 εἶτα
1537 3075 1633 3125 καὶ
1690 3073 1847 3126 τοῦτο

1947 3066 2340 3135 Adrianopolin
2362 3067 2544 3135 potius
2569 3069 2890 3123 decernere.
2918 3070 3094 3124 Finita
3123 3071 3520 3128 deliberatione

270 3166 843 3237 προσεπινοουμένων,
878 3165 951 3228 ὡς
981 3167 1075 3217 καὶ
1102 3164 1163 3216 τὸ
1190 3163 1464 3233 τοσαύτην
1498 3166 1746 3233 ἀνάγκην
1768 3165 1845 3233 τῷ
1874 3181 1915 3239 C

1874 3181 1915 3239 α
1950 3173 2169 3211 sensum
2207 3174 2366 3212 suum
2400 3160 2789 3226 protestratori
2838 3161 3118 3225 indicant,
3152 3164 3245 3231 qui
3286 3164 3351 3217 ad
3404 3180 3517 3218 rem

270 3257 725 3329 πρωτοστράτορι
775 3258 1121 3326 ἐπαγαγεῖν,
1178 3255 1575 3325 ἀγνωμοσύνης
1629 3255 1695 3309 ἀν
1752 3255 1837 3325 εῐη

1948 3248 2371 3318 aggrediendam
2406 3250 2734 3305 mirabiliter
2760 3253 3028 3307 excitatus
3073 3255 3366 3325 semetipso
3393 3272 3523 3310 eva-

269 3348 477 3419 πολλῆς
500 3363 515 3377 ·
559 3350 652 3402 καὶ
694 3347 754 3400 τὸ
779 3346 1056 3408 δυσκόλως
1088 3344 1280 3414 έχοντα
1333 3344 1468 3414 πρὸς
1526 3342 1705 3396 ταῦτα
1740 3343 1839 3412 τῆς

694 3347 754 3400 τὸ
779 3346 1056 3408 δυσκόλως
1088 3344 1280 3414 έχοντα
1333 3344 1468 3414 πρὸς
1526 3342 1705 3396 ταῦτα
1740 3343 1839 3412 τῆς
1949 3343 2027 3395 dit
2066 3341 2320 3395 erectior.

265 3441 560 3504 κοινωνίας
606 3438 991 3503 ἀπωθεῖσθαι,
1026 3438 1121 3491 καὶ
1154 3437 1412 3499 ἀϐουλίας
1460 3435 1576 3505 ἅμα
1611 3437 1702 3488 καὶ
1766 3435 2016 3489 ἀδικίας*
2072 3432 2229 3485 τοῦτο
2294 3436 2417 3501 μὲν,
2463 3434 2511 3485 εί
2565 3434 2701 3504 πρὸς
2773 3437 2953 3490 πάντα
3004 3438 3282 3507 βέλτιστον
3352 3442 3523 3511 ἄνδρα

263 3538 477 3607 μικρᾶς
536 3537 851 3591 ἀπώσαιντο
902 3535 1085 3597 αἰτίας
1146 3534 1352 3587 ἓνεκαο
1399 3533 1615 3594 ἀδικίας
1658 3530 1725 3593 δ’,
1788 3532 1870 3584 ὅτι
1912 3530 2068 3583 αὐτοὶ
2107 3529 2621 3599 προσκαλεσάμενοι
2658 3535 2751 3583 καὶ
2822 3537 3523 3606 προσεταιριησάμενοι,καὶ

262 3628 509 3697 σπουδὴν
541 3627 745 3696 πολλὴν
795 3627 890 3680 καὶ
921 3627 1237 3697 προθυμίαν
1268 3626 1404 3695 πρὸς
1467 3624 1527 3676 τὺ
1560 3625 1660 3677 σὺν
1725 3625 1911 3686 αὐτοῖς
1949 3623 2289 3675 κινδυνεύειν
2363 3624 2751 3691 εἰσενεγκόντα
2798 3624 2892 3678 νῦν
2953 3629 3324 3694 ἀπωθοῦνται,
3370 3632 3521 3697 εδοξε

258 3721 383 3793 Θεῷ
424 3722 835 3793 θαρρήσαντας,
895 3724 991 3774 καὶ
1044 3720 1284 3789 ὑποψίαν
1335 3718 1588 3773 κινδύνου
1633 3718 1837 3789 μικρὰν
1876 3718 1974 3771 τοῦ
2044 3717 2260 3787 ἑταίρου
2308 3718 2471 3787 χάριν
2544 3718 3006 3789 ἀναδεξαμένους,
3041 3723 3141 3794 τὴν
3192 3726 3270 3788 είς
3311 3726 3525 3797 Ἀδρια-

257 3817 522 3869 νούπολιν
557 3815 755 3885 μᾶλλιν
786 3814 1253 3885 ἐπιψηφίσασθαι.
1298 3813 1455 3868 Οὕτω
1492 3813 1666 3884 πέρας
1715 3814 2003 3877 ἐπιθέντες
2054 3815 2121 3883 τῇ
2172 3815 2300 3881 περὶ
2340 3813 2534 3864 τούτου
2590 3812 2779 3885 βουλῇ,
2852 3816 2944 3867 καὶ
3020 3816 3097 3886 τῷ
3169 3826 3523 3891 πρωτοστρά-

266 3927 390 3978 τορι
414 3908 550 3977 δῆλα
590 3909 1035 3978 καταστήσαντες
1067 3908 1137 3961 τὰ
1165 3907 1264 3977 τῆς
1301 3906 1550 3977 γνώμης,
1614 3906 2007 3977 ἀνεπτέρωσάν
2062 3922 2119 3958 τε
2184 3906 2321 3975 πρὸς
2380 3904 2439 3956 τὸ
2500 3905 2786 3975 πράττειν,
2822 3909 2915 3959 καὶ
2937 3907 3355 3980 προθυμότερον
3380 3913 3520 3965 ἀπέ-

254 4003 445 4065 δειξαν
470 3999 687 4054 ἑαυτοῦ.

347 4098 513 4152 Ἀ).λά
538 4099 606 4150 τὰ
641 4097 741 4166 μὲν
787 4096 906 4150 κατ’
939 4096 1136 4158 αὐτοὺς
1193 4094 1447 4150 τοιαῦτα.
1496 4094 1760 4154 Βασιλεὺς
1790 4093 1838 4147 δ’

254 4198 283 4248 ὁ
316 4193 699 4265 πρεσϐύτερος
729 4193 799 4261 τῇ
839 4191 980 4262 πρὸς
1011 4190 1102 4243 τὸν
1148 4189 1375 4258 ἔγγονον
1403 4189 1540 4260 ὀργῇ
1574 4188 1697 4241 λίαν
1731 4202 1843 4243 πατ

255 4282 643 4356 ρωξυμμένος,
664 4282 787 4334 οὔτε
808 4280 1102 4349 προσιόντα
1125 4280 1446 4349 καθημέραν
1465 4279 1840 4348 προσηγόρευε

252 4378 349 4426 τὶν
380 4373 625 4439 ἔγγονον,
666 4368 795 4423 οὔτε
834 4368 942 4440 μὴν
976 4368 1108 4437 πρὸς
1136 4368 1233 4437 τὴν
1274 4368 1452 4420 οἰκίαν
1475 4366 1707 4420 ἀπιόντα
1728 4365 1844 4431 ξπά-

253 4467 344 4519 λιν
392 4465 753 4535 προσρήσεως
796 4462 950 4532 ἠξίου
978 4462 1144 4522 τινός.
1188 4459 1330 4512 Ἀλλ’
1357 4459 1471 4511 οὐδὲ
1505 4459 1775 4534 βελτίονος
1806 4456 1837 4527 ἢ

253 4557 471 4626 φαύλου
505 4556 665 4623 λόγου
710 4556 805 4607 ἐπὶ
833 4553 1140 4621 τέσσαρσιν
1171 4552 1312 4613 ὅλοις
1354 4553 1488 4619 μησὶ
1540 4550 1836 4619 μετέδωκε,

252 4652 401 4720 πλὴν
432 4650 515 4701 ὅτι
548 4646 641 4699 τοῦ
698 4646 821 4699 νέου
865 4644 1129 4714 ξασιλέως
1189 4641 1506 4711 ἐξεπίτηδες
1560 4642 1838 4709 ὁσημέραι

252 4746 370 4806 τοῖς
400 4740 698 4812 βασιλείοις
719 4739 815 4791 καὶ
837 4736 979 4807 ὑπὲρ
1002 4736 1063 4787 τὸ
1116 4735 1234 4787 δέον
1261 4733 1832 4804 προσκαρτεροῦντος,

252 4836 401 4907 δρῶν
433 4834 462 4885 ό
502 4832 763 4901 βασιλεὺς
811 4829 913 4897 τῆς
962 4827 1321 4898 προσεδρεὶας
1384 4826 1483 4894 τὴν
1548 4823 1831 4892 ἀκαιρίαν,

253 4930 452 4998 ὥσπερ
480 4928 571 4978 ὑπ’
604 4925 853 4994 ἀνάγκης
903 4918 1337 4988 συνωθούμενος,
1370 4916 1608 4969 Ἀπελθε
1640 4914 1828 4967 λοιπὸν

252 5023 392 5093 πρὸς
421 5019 520 5090 τὴν
572 5018 670 5089 σὴν
701 5016 902 5079 οἰκίαν,
972 5013 1129 5081 ἔλεγε
1163 5012 1240 5080 τῷ
1299 5012 1529 5079 ὲγγόνῳ,
1580 5008 1746 5079 μηδέν
1781 5025 1831 5059 τι

251 5115 453 5170 τούτου
482 5110 800 5181 προστιθεὶς
828 5107 1012 5160 πλέον.
1040 5105 1114 5158 Οὐ
1144 5103 1251 5175 μὴν
1277 5102 1415 5155 ἀλλά
1441 5102 1536 5154 καὶ
1568 5100 1708 5170 μετὰ
1731 5099 1839 5151 τῶν

250 5208 356 5277 τῆς
390 5204 701 5272 συγκλήτου
737 5201 831 5254 καὶ
863 5198 974 5252 τῶν
1004 5199 1063 5250 ἐν
1098 5195 1379 5265 ἀξιώμασι
1405 5194 1499 5245 τοῦ
1532 5194 1654 5245 νέου
1688 5192 1842 5262 βασι-

252 5301 395 5363 λέως
425 5296 505 5367 τῷ
536 5296 749 5363 πάππῳ
786 5289 1229 5362 παρισταμένου,
1263 5286 1509 5340 οὐδέποτ’
1562 5286 1838 5354 ἐπέτρεψε

2013 4094 2077 4149 Ει
2112 4092 2311 4149 horum
2344 4093 2568 4163 quidem
2624 4094 2894 4164 ejusmodi
2939 4103 3116 4150 status
3170 4105 3225 4151 et
3276 4097 3521 4153 conditio

1941 4187 2066 4240 fuit.
2101 4187 2300 4241 Senior
2327 4195 2509 4240 autem
2543 4186 2840 4254 imperator
2871 4188 3155 4241 iracundia
3192 4190 3430 4257 percitus
3462 4191 3517 4244 in

1945 4288 2226 4346 nepotem,
2259 4293 2438 4347 neque
2467 4278 2521 4331 in
2549 4279 2665 4333 dies
2693 4278 2939 4348 singulos
2956 4279 3021 4331 ad
3046 4294 3103 4332 se
3133 4281 3517 4346 ventitantem,

1948 4370 2365 4424 recedentemve
2423 4369 2794 4429 salutatione.
2850 4384 3030 4438 neque
3089 4371 3221 4424 totis
3279 4382 3520 4438 quatuor

1947 4462 2232 4515 mensibus
2289 4461 2398 4514 ullo
2452 4462 2536 4514 vel
2590 4460 2804 4523 dextro,
2842 4461 2925 4514 vel
2979 4462 3207 4514 sinistro
3262 4477 3520 4516 sermone

1945 4552 2159 4621 dignari
2190 4570 2202 4609 ;
2238 4552 2343 4605 nisi
2371 4552 2519 4621 quod
2556 4568 2622 4607 eo
2658 4553 2726 4607 de
2778 4552 3051 4606 industria
3084 4554 3220 4605 citra
3251 4550 3519 4607 decerum

1945 4644 2194 4713 quotidie
2235 4643 2499 4712 palatium
2542 4643 2783 4698 obeunte
2808 4684 2822 4707 ,
2861 4643 3230 4711 importunam
3276 4645 3517 4697 assidui‘

1946 4745 2109 4788 tatem
2151 4730 2373 4787 intu'ens
2400 4773 2415 4799 ,
2450 4734 2615 4787 veluti
2656 4733 2708 4788 vi
2761 4734 2989 4787 adactus
3036 4734 3092 4786 in
3144 4733 3286 4787 lianc
3328 4750 3521 4787 vocem

1942 4816 2239 4895 aliquando
2276 4826 2501 4893 erupit,
2546 4808 2709 4878 onullo
2767 4834 3032 4893 praeterea
3072 4826 3241 4877 verbo
3281 4825 3470 4878 addito
3497 4840 3519 4878 ι

1943 4918 2098 4971 Mane
2145 4917 2212 4969 de
2261 4926 2460 4969 cas-tero
2506 4915 2654 4968 domi
2704 4924 2830 4968 tuas.
2885 4914 3179 4968 Enimvero
3234 4931 3339 4968 nec
3389 4917 3523 4970 eum

1943 5007 2293 5061 senatoribus
2328 5008 2443 5061 suis
2487 5018 2541 5061 et
2592 5008 3004 5076 magistratibus
3036 5008 3138 5062 sibi
3165 5009 3516 5062 assistentem

1945 5113 2183 5165 unquam
2217 5098 2409 5151 sedere
2452 5099 2637 5167 jussit,
2674 5099 2769 5152 sed
2798 5099 2922 5151 aliis
2960 5099 3081 5169 ejus
3124 5102 3280 5169 jussu
3329 5101 3517 5153 consi-

1943 5190 2229 5253 dentibus,
2267 5191 2380 5258 ipse
2423 5206 2645 5259 quoque
2677 5193 2992 5245 necessario
3023 5192 3362 5257 considebat,
3393 5207 3515 5245 om-

1945 5283 2109 5336 nibus
2138 5284 2202 5363 ad
2236 5283 2389 5336 illum
2426 5283 2878 5353 reSpicientibns,
2934 5293 3303 5353 quassawque
3332 5289 3518 5355 capite

1526 5415 1747 5478 Jacobi
1784 5416 2052 5477 Pontani
2088 5425 2273 5480 notae.

253 5532 453 5602 elogiis
509 5529 840 5585 dissimulat.
898 5520 1628 5602 verumnTemardamiliac
1686 5520 1835 5602 quod

258 5591 559 5672 vestigium
605 5600 986 5672 reperiemus?
1021 5594 1485 5672 lirGenuensiuni
1527 5591 1834 5672 Annalibus

258 5661 459 5742 saepius
491 5672 638 5725 obvii
665 5661 773 5723 Uso
790 5670 844 5722 di
871 5682 1043 5742 mare,
1063 5666 1418 5742 sive_antique
1438 5661 1548 5742 llso
1564 5663 1628 5713 de
1660 5677 1830 5742 mare,

261 5757 315 5799 et
336 5733 461 5799 'Uso
488 5743 557 5796 de
579 5756 732 5809 .mar.
760 5754 896 5808 quos
927 5738 1135 5791 Folieta
1176 5734 1317 5810 Usus
1344 5733 1545 5810 marios
1568 5733 1824 5810 appellat.

265 5816 371 5865 llos
408 5804 819 5873 ipsosfal-jecfa
852 5810 1026 5864 prima
1050 5808 1261 5863 vocula.
1294 5814 1403 5857 uta
1436 5804 1597 5869 vulgo
1650 5804 1828 5855 brevi-

1948 5522 2074 5575 tatis
2105 5534 2322 5579 amante
2355 5524 2468 5578 ﬁeri
2499 5525 2661 5590 solet,
2702 5524 2918 5585 Demar,
2952 5532 3115 5591 atque
3162 5519 3286 5591 inde
3318 5518 3523 5591 Temar

1944 5596 2121 5663 dictos
2172 5595 2370 5655 fuisse.
2410 5596 2702 5647 admodum
2760 5604 2987 5663 apparet
3028 5590 3342 5663 probabile.
3396 5590 3518 5663 ίιιιξο

1943 5662 2224 5785 'Vr'elserns.
2271 5666 2501 5734 llaplion
2539 5666 2737 5719 Tcmar
2766 5659 2883 5718 sine
2932 5659 3100 5716 dubio
3143 5672 3226 5716 est
3276 5659 3522 5727 llaplmcl

1988 5751 2158 5785 emar.

1988 5751 2158 5787 etnnr.
