4222 6442
217 505 318 582 ’ποι

1400 506 1959 574 HISTORIARUM
2004 506 2238 568 1.1mm
2285 508 2326 568 t.
2402 478 2405 481 ’

3417 509 3524 576 ἷῦὲ

220 635 412 702 μένου,
440 629 616 701 ῥᾷστα
645 625 997 696 κρατήσομεν
1032 622 1312 677 ἁπάντων.
1367 623 1708 693 Συργιάννης
1760 619 1818 671 δὲ

1926 635 2112 673 rerum
2156 636 2368 673 summa
2424 618 2720 693 potiemur.
2775 620 2913 675 Tum
2986 622 3324 696 Syrgiannes
3382 634 3529 687 exei-

218 721 340 791 μετ’
374 721 585 773 ἐκεῖνον
632 716 821 783 εύθύς,
874 717 983 770 Καὶ
1028 713 1173 768 τοῦθ’
1212 715 1350 785 ὅπερ
1406 716 1655 785 εἴρηκας,
1688 712 1816 782 ἔφη,

213 818 451 880 πολλοῦς
507 815 630 887 ἔχον
662 812 973 878 ἐξετάζοντι
1021 814 1279 880 φανεῖται
1328 809 1458 871 τοὺς
1513 808 1813 870 κινδύνους.

216 910 446 978 Πρῶτον
480 909 578 978 μὲν
602 907 711 975 γὰρ
735 906 798 958 ού
840 905 1036 973 μικρὸν
1059 905 1221 975 ἔργον
1253 904 1312 956 τὺ
1340 905 1655 971 κατασχεῖν.
1691 903 1821 955 πολ-

214 1005 326 1053 λῶν
362 1004 491 1071 περὶ
522 1001 686 1053 αὐτὸν
716 1000 982 1061 εὐνοϊκῶς
1040 998 1407 1069 διακειμένων
1454 1000 1551 1051 καὶ
1582 998 1690 1051 τῶν
1718 997 1820 1064 τῆς

217 1095 558 1163 συγκλήτου,
616 1092 711 1143 καὶ
738 1091 849 1143 τῶν
887 1094 946 1143 ἐν
992 1091 1157 1149 τέλει.
1220 1092 1317 1143 καὶ
1349 1089 1698 1160 μισθοφόρων
1731 1089 1821 1141 ἀεὶ
1852 1081 1861 1093 ⁸

216 1187 434 1240 πολλῶν
464 1184 854 1256 διατριϐόντων
905 1185 962 1235 ἐν
995 1183 1320 1253 βασιλείοις·
1385 1182 1557 1236 ἔπειθ’
1598 1184 1679 1234 ὅτι
1726 1183 1822 1234 καὶ

417 1276 466 1327 εί
497 1275 638 1343 μετά
672 1272 884 1326 πολλῶν
942 1273 1054 1326 τῶν
1088 1273 1353 1327 κινδύνων
1415 1274 1818 1343 κατορθωθείη,

218 1369 339 1419 τότ’
399 1367 506 1437 ήδη
560 1366 966 1436 χαλεπωτέροις
1024 1365 1477 1436 περιπεσούμεθα
1528 1365 1819 1431 κινδύνοις,

214 1460 425 1521 πολλὰς
488 1458 893 1521 ὑποπτεύοντες
957 1459 1021 1510 ἐκ
1075 1458 1183 1511 τῶν
1232 1458 1493 1527 φυλάκων
1562 1461 1659 1510 καὶ
1709 1463 1820 1509 τῶν

215 1552 569 1621 πραγμάτων
597 1553 697 1614 τὰς
755 1549 1084 1620 μεταϐολάς.
1112 1550 1244 1603 Ὀτε
1287 1551 1467 1603 τοίνυν
1491 1551 1584 1603 καὶ
1632 1554 1816 1621 ἀμφο-

215 1646 461 1715 τέρωθεν
486 1643 694 1714 ὑποψία
724 1645 899 1714 δεινὴ,
934 1644 1141 1713 βέλτιον
1176 1644 1410 1715 βραχείᾳ
1448 1644 1641 1713 καιροῦ
1676 1647 1817 1715 ῥοπῇ

214 1738 318 1799 τῆς
350 1737 504 1805 ζωῆς
543 1737 1051 1807 ἀποττερήσαντας.
1079 1736 1312 1807 βεϐαίως
1347 1738 1540 1807 ἄρχειν
1569 1736 1735 1790 αᾰτοῦ
1760 1755 1818 1788 τε

214 1296 278 1329 το
288 1277 365 1327 31'

215 1832 321 1884 οὐκ
353 1830 765 1901 ἀμυνουμένου,
826 1832 919 1884 καὶ
953 1830 1060 1882 τῶν
1094 1831 1272 1884 ἄλλων
1300 1831 1513 1893 οὐδενὸς
1543 1830 1821 1883 διακινδυ-

217 1925 407 1977 νεύειν
441 1924 586 1994 ύπέρ
615 1924 784 1977 αὑτοῦ
828 1923 1087 1993 κειμένου
1146 1923 1567 1993 βουλησομένου.
1628 1924 1739 1991 Τὴν
1766 1924 1820 1975 Et

217 2020 484 2091 τοιαύτην
516 2020 714 2090 βουλήν
747 2019 1011 2090 ἐξήνεγκε
1045 2021 1143 2089 μὲν
1172 2020 1314 2072 κατά
1343 2018 1609 2087 βασιλέως
1633 2020 1660 2070 ὁ
1687 2018 1824 2087 Συρ-

218 2114 451 2182 γιάννης
503 2115 564 2177 ἐξ
596 2110 793 2165 ἐαυτοῦ
833 2110 957 2178 μὲν,
1004 2112 1169 2181 ἐνῆγε
1200 2110 1246 2163 δ’
1267 2111 1349 2173 είς
1386 2107 1557 2179 αὐτὴν
1584 2108 1822 2176 μάλιστα

216 2208 313 2259 καὶ
358 2207 724 2276 Ἀπόκαυχος,
748 2204 1063 2266 ἐκσπόνδως
1091 2203 1229 2271 πρὸς
1265 2202 1491 2271 βασιλέα
1527 2202 1587 2266 ἐξ
1628 2199 1821 2252 αἰτιῶν

214 2302 567 2370 διακείμενος
599 2298 931 2370 παραλόγων
957 2315 973 2331 ·
1009 2296 1085 2370 μὴ
1134 2297 1201 2351 δι’
1233 2296 1399 2349 αὑτοῦ
1431 2297 1487 2349 δὲ
1519 2295 1819 2365 δυνάμενος

216 2394 468 2460 εἰσάγειν
512 2392 610 2461 τὴν
638 2390 871 2461 γνώμην
934 2390 1110 2460 (οὔπω
1156 2389 1267 2458 γὰρ
1313 2388 1560 2459 ᾠκείωτο
1613 2385 1824 2456 βασιλεῖ

216 2470 486 2537 τοσοῦτόν
519 2483 596 2547 ὡς
651 2483 749 2536 καὶ
802 2482 1051 2552 μετέχειν
1110 2480 1356 2551 βουλῆς),
1407 2479 1549 2549 φίλῳ
1596 2479 1711 2532 δντι
1744 2477 1821 2548 τῷ

217 2578 533 2648 Συργιάννῃ
562 2577 896 2647 τὲςνβουλάς
929 2577 1175 2631 ὑπετίθει
1224 2577 1299 2639 ὡς
1332 2577 1481 2645 αύτῷ
1534 2578 1823 2649 παρρησίᾳ

218 2669 663 2738 βουλευσομένῳ.
686 2669 829 2739 Πρὸς
856 2669 1057 2723 ταῦθ“ὁ
1084 2670 1256 2739 μέγας
1273 2668 1615 2736 δομέπικος,
1663 2670 1819 2737 Ἐμοὶ

218 2761 281 2811 τδ
305 2760 551 2830 πρῶτον,
584 2761 713 2831 ἔφη,
734 2759 842 2814 τῶν
874 2760 1263 2830 βουλευμάτων
1298 2758 1407 2812 τῶν
1434 2759 1819 2832 ἀπανθρώπων

220 2854 489 2923 κρίνοντι,
509 2853 569 2905 τὸ
597 2853 874 2923 δεύτερον,
926 2854 1038 2907 οὐδ’
1057 2853 1346 2922 ὠμότητος
1392 2854 1488 2908 καὶ
1531 2852 1824 2923 ἀπανθρω-

218 2948 356 3009 πίας
398 2945 708 3015 ὑπερϐολὴν
739 2945 1018 2998 ἐλλείπειν
1065 2944 1330 3012 οὐδεμίαν
1390 2947 1671 3015 φαίνεται.
1733 2947 1825 3001 Διδ

221 3039 532 3107 συμφέρειν
585 3035 828 3106 ἡγοῦμαι
882 3036 1094 3090 τούτων
1146 3037 1493 3100 ἀποστάντας
1540 3037 1821 3103 ἁπάντων,

219 3130 333 3181 τῶν
353 3128 641 3198 προτέρων
672 3127 894 3199 ἔχεσθαι
921 3127 1327 3196 βουλευμάτων,
1359 3128 1456 3181 καὶ
1490 3130 1715 3181 σκοπεῖν
1727 3129 1823 3197 οὐχ

217 3221 373 3281 ὅπως
429 3218 645 3288 βασιλεῖ
699 3217 888 3271 κακῶν
942 3218 1266 3285 ἀνηκέστων
1320 3217 1484 3270 αι’τιοι
1532 3218 1816 3285 φανῶμεν.

1857 1984 1896 2036 Β

1925 710 2112 779 piens,
2169 711 2236 763 Et
2272 710 2377 765 hoc
2409 711 2555 779 quod
2584 711 2808 778 dixisti,
2840 715 3043 785 inquit,
3071 719 3113 771 si
3154 720 3280 788 quis
3308 724 3519 790 cogita-

1927 801 2079 854 tione
2112 802 2464 870 perlustrarit
2491 844 2506 865 ,
2561 803 2748 857 multis
2793 804 3096 858 obnoxium
3130 810 3398 875 periculis
3434 813 3520 863 in-

1924 886 2133 947 veniet.
2177 894 2426 948 Primum
2451 896 2602 948 enlm
2632 896 2869 949 arduum
2902 913 3044 966 opus
3073 909 3156 953 est
3194 900 3345 953 illum
3371 918 3523 955 com-

1922 986 2290 1059 prehendere,
2313 990 2534 1059 quando
2554 1004 2610 1045 et
2630 1006 2695 1045 ex
2716 994 3063 1060 proceribus,
3087 1005 3220 1048 etex
3239 1001 3490 1065 magistra
3507 1025 3520 1039 ο

1927 1080 2093 1142 tibus,
2113 1091 2168 1135 et
2184 1098 2250 1135 ex
2268 1083 2569 1149 meritoriis
2589 1084 2879 1145 militibus,
2906 1086 2999 1153 qui
3026 1086 3415 1154 frequentesin
3437 1105 3526 1157 pa-
3560 1100 3563 1105 '

1924 1176 2058 1229 latio
2082 1193 2301 1246 semper
2326 1176 2605 1241 visuntur.
2630 1181 2785 1234 multi
2834 1196 2989 1235 suam
3017 1182 3072 1235 iu
3099 1197 3223 1236 eum
3271 1184 3519 1237 benevo-

1924 1268 2151 1323 lentiam
2201 1282 2424 1326 navant.
2468 1274 2677 1327 Deinde
2718 1276 2909 1329 uthoc
2940 1276 3116 1329 l'auste
3149 1278 3519 1343 transigamus

1930 1364 2207 1432 (quamvis
2240 1379 2350 1417 non
2390 1364 2513 1418 sine
2569 1366 2819 1434 pluribus
2868 1368 3155 1436 periculis)
3198 1368 3251 1421 in
3310 1369 3515 1421 discri-

1925 1472 2048 1509 men
2083 1459 2283 1511 saevius
2324 1459 2657 1523 incidemus,
2728 1475 2852 1513 eum
2894 1474 2924 1511 e
2960 1460 3287 1513 custodibus
3328 1461 3516 1529 plures

1925 1560 2216 1618 sitspectos
2252 1552 2455 1605 habere
2488 1563 2542 1605 et
2575 1569 2759 1606 rerum
2805 1552 3242 1606 vicissitudinem
3270 1569 3519 1607 metuere

1924 1658 2206 1712 cogemur.
2236 1643 2507 1709 Quoniam
2538 1645 2705 1713 igitur
2753 1646 3012 1711 utrinque
3066 1646 3208 1698 male
3264 1638 3520 1698 metuens

1925 1733 2054 1788 dum
2089 1744 2195 1797 est,
2230 1744 2451 1803 pra’stat
2478 1776 2492 1792 .
2530 1745 2589 1789 ut
2642 1752 2762 1788 mea
2798 1736 2904 1788 fert
2951 1736 3165 1804 opinio,
3202 1736 3320 1789 seni
3368 1738 3518 1804 quod

1926 1839 2098 1882 restat
2134 1829 2259 1881 vita:
2311 1840 2655 1882 momentum
2699 1828 3002 1898 praecidere
3030 1870 3043 1893 ,
3080 1806 3247 1898 :itqtte
3284 1830 3357 1882 ita
3390 1844 3513 1882 cer-

1929 1928 2043 1972 tum
2114 1928 2169 1973 et
2229 1929 2489 1976 constans
2548 1920 2841 1990 imperium
2930 1921 3522 1990 indipisci,.quamlo-
3608 1962 3615 1969 κ

1928 2012 2155 2082 quidem
2196 2029 2300 2069 nec
2334 2014 2515 2083 ipsum
2569 2029 2628 2067 se
2671 2014 2993 2078 ulciscetur,
3025 2024 3080 2069 et
3109 2016 3203 2085 qui
3232 2030 3336 2086 pro
3368 2032 3517 2069 mor-

1930 2114 2026 2160 tuo
2083 2106 2293 2175 aliquid
2358 2108 2675 2177 periculose
2730 2107 2991 2176 inceptet.
3025 2108 3212 2162 nullus
3264 2114 3519 2165 exsiswt.

1928 2194 2057 2249 Tale
2082 2197 2376 2251 consilium
2398 2197 2737 2267 Syrgiannes
2772 2209 2964 2252 contra
2997 2213 3158 2251 avum
3200 2215 3267 2253 ex
3307 2215 3365 2253 se
3391 2203 3522 2268 qui-

1927 2286 2053 2341 dem
2082 2288 2249 2343 dabat
2278 2305 2293 2354 ;
2329 2288 2423 2342 sed
2456 2289 2508 2342 in
2545 2288 2742 2358 primis
2777 2289 3109 2357 Apoeaucho
3142 2290 3474 2343 sollicitante
3499 2330 3516 2353 ,

1927 2381 2024 2450 qui
2056 2382 2128 2435 ob
2163 2397 2360 2437 causas
2380 2383 2648 2451 quasdam
2702 2398 2811 2437 non
2842 2383 3144 2452 legitimas,
3180 2383 3249 2437 ab
3275 2383 3517 2453 impera-

1928 2486 2047 2529 tore
2074 2476 2293 2530 seniore
2328 2475 2585 2536 alienior.
2622 2473 2753 2543 quia
2778 2490 2875 2528 ore
2912 2490 3013 2529 suo
3057 2474 3388 2528 sententiam
3433 2474 3517 2526 di-

1926 2583 2054 2622 cere
2085 2584 2193 2622 non
2220 2556 2461 2636 poterat,
2499 2566 2647 2636 quod
2680 2567 2735 2620 in
2786 2566 3031 2637 junioris
3076 2565 3517 2620 familiaritatem

1930 2663 2165 2717 necdum
2214 2662 2352 2716 adeo
2403 2670 2814 2731 penetraverat,
2854 2663 2962 2732 30
3008 2669 3068 2715 ut
3098 2661 3264 2715 etiam
3306 2662 3490 2716 incon

1927 2755 2114 2810 silium
2129 2754 2527 2818 adhiberetur,
2554 2763 2605 2807 et
2643 2751 3006 2823 Syrgiannem
3027 2752 3311 2823 diligebat,
3339 2754 3518 2805 eidem

1930 2846 2096 2910 istuc,
2135 2856 2194 2900 ut
2217 2846 2507 2900 liberrime
2538 2845 2864 2899 consulturo
2902 2855 3270 2914 suggesserat.
3312 2844 3518 2897 Contra

1927 2938 2044 2993 hac
2102 2939 2184 2992 sic
2241 2938 2522 3006 ingressus
2571 2947 2656 2991 est
2712 2952 2942 3005 magnus
3002 2936 3393 2990 domesticus:
3454 2937 3522 2988 lat

1928 3030 2105 3099 prima
2132 3032 2410 3084 sententia
2442 3030 2579 3082 mihi
2613 3029 2936 3092 inhumana,
2981 3038 3039 3081 et
3078 3026 3251 3081 altera
3297 3028 3523 3081 saevitiae

1926 3132 2095 3191 atque
2126 3121 2490 3175 immanitatis
2532 3120 2760 3174 modum
2801 3134 3023 3172 omnem
3058 3133 3395 3187 exsuperare
3441 3118 3518 3170 vi-

1931 3212 2117 3267 detur.
2182 3213 2554 3278 Quamobrem
2618 3220 2864 3279 Spectata
2926 3208 3204 3271 utilitate,
3244 3210 3313 3262 ab
3365 3209 3520 3261 hisce

220 3309 343 3361 ἀλλ’
377 3312 529 3371 ὅπως
555 3310 703 3378 ἡμᾶς
750 3310 950 3371 αὐτοὺς
976 3308 1209 3371 ἀπαθεῖς
1251 3310 1681 3379 διατηρήσωμεν
1720 3326 1821 3361 κα·

1929 3308 2177 3362 consiliis
2200 3308 2596 3368 recedendum,
2630 3322 2692 3359 ac
2718 3304 3003 3374 prioribus
3032 3302 3518 3359 adhzerescendum

220 3400 341 3451 κῶν
390 3400 495 3469 (είς
537 3398 693 3451 τοῦτο
732 3398 842 3467 γὰρ
878 3400 974 3451 καὶ
1027 3395 1508 3466 συνεληλύθειμεν,
1565 3397 1717 3458 ὅπως
1745 3395 1824 3464 τῷ

223 3489 330 3556 μὲν
365 3488 478 3540 τῶν
511 3486 777 3556 βασιλέων
804 3487 1171 3556 ἀδικουμένῳ,
1223 3485 1361 3538 Θεοῦ
1393 3486 1822 3555 συναιρομένου,

223 3581 319 3631 καὶ
346 3579 449 3648 τὴν
484 3577 630 3648 ζωὴν
659 3578 1207 3648 διατηρήσωμενικαὶ
1236 3579 1335 3644 τήν
1363 3578 1553 3649 τιμήν)
1588 3597 1599 3608 ·
1634 3581 1712 3650 τῷ
1746 3581 1823 3645 δὲ,

223 3676 508 3745 μηδεμιᾶς
534 3672 933 3742 ἀκολουθούσης
958 3674 1227 3741 ἀνάγκης,
1271 3672 1394 3743 μηδ’
1426 3676 1504 3735 είς
1532 3675 1630 3745 τὴν
1660 3675 1824 3744 τιμὴν

220 3767 659 3837 παρενοχλῆσαι,
716 3767 881 3836 μήτοι
921 3782 986 3832 γε
1045 3766 1143 3834 τὴν
1174 3764 1341 3834 ζωήν.
1395 3766 1611 3818 Τούτων
1652 3766 1825 3828 οὓτως

218 3861 480 3929 ἀλλήλοις
509 3860 725 3912 ἐναντία
758 3857 1222 3928 βουλευομένων,ὁ
1259 3858 1359 3923 μὲν
1398 3857 1655 3927 βασιλεὺς
1689 3858 1823 3909 καθ-

222 3953 366 4020 ῆστο
432 3953 587 4020 σιγῇ,
636 3951 744 4003 τῶν
775 3950 1086 4018 λεγομένων
1118 3947 1542 4020 ἐπακροὼμενος
1565 3964 1578 3977 '
1628 3952 1655 4001 ὁ
1692 3950 1827 4019 Συρ-

221 4048 457 4113 ῖάννης
487 4044 544 4096 δέ
578 4044 668 4096 τὸν
717 4043 876 4110 λόγον
905 4040 1218 4105 ἀναλαϐὼν,
1275 4043 1341 4095 ἐκ
1399 4041 1510 4094 τῶν
1565 4042 1825 4094 ἐναντίων

219 4138 532 4203 ἀντιλέγων
588 4136 725 4206 πρὸς
789 4135 881 4187 τὸν
931 4135 1105 4204 μέγαν
1152 4135 1477 4206 δομέστικον
1510 4134 1655 4205 ἔφη·
1713 4137 1825 4207 Τῆς

219 4229 587 4298 ἁνιέρωπὶνης
621 4228 851 4296 ’φύσεως
881 4228 941 4281 τὸ
972 4226 1151 4289 ἐνδεὲς
1194 4228 1448 4298 ἐχούσης,
1483 4227 1579 4280 καὶ
1608 4229 1704 4295 τῆς
1738 4246 1826 4280 τε-

220 4321 382 4380 λείας
433 4320 544 4371 τῶν
596 4320 768 4372 δντων
818 4319 1077 4388 γνώσεως
1125 4321 1591 4391 ἀπολειπομένης,
1634 4321 1826 4374 οὐδένα

220 4414 340 4465 δεῖν
378 4409 537 4480 οἶμαι
569 4413 678 4473 τοῖς
703 4412 797 4463 ἀπ’
832 4412 1011 4481 ἀρχῆς
1062 4412 1404 4482 δεδογμένοις
1438 4413 1725 4483 ἐμμένειν,
1760 4416 1825 4468 ἂν

225 4507 375 4571 μετὰ
401 4502 580 4555 ταῦτα
616 4502 812 4572 βελτίω
871 4504 1129 4557 τάναντία
1163 4504 1445 4574 φαίνηται,
1502 4506 1534 4574 ἢ
1567 4507 1613 4556 εἰ
1667 4507 1826 4558 τοῦτο

223 4598 515 4665 κρατήσῃ,
541 4594 639 4646 οὐκ
672 4594 737 4648 ἂν
792 4595 985 4661 φθάνοι
1017 4594 1175 4648 πάντ’
1202 4596 1315 4649 ἀνω
1347 4598 1438 4648 καὶ
1494 4597 1645 4649 κάτω
1671 4597 1826 4666 γενό-

1928 3402 2228 3463 constituo,
2287 3400 2827 3469 providendumque,
2882 3413 2993 3451 non
3039 3412 3280 3465 quonam
3353 3410 3518 3466 pacto

1928 3493 2318 3565 imperatorem
2343 3493 2687 3546 atrocissime
2710 3493 3031 3553 multemus.
3053 3491 3145 3545 sed
3172 3506 3278 3559 qua
3303 3490 3517 3543 ratione

1927 3602 1957 3639 a
1988 3587 2467 3654 nostris_ipsorum
2522 3584 2836 3638 cervicibus
2861 3584 3090 3637 exitium
3117 3583 3518 3652 prohibeamus

1928 3678 2118 3747 (hujus
2148 3678 2295 3730 enim
2325 3692 2455 3743 ergo
2510 3676 2898 3741 convenimus,
2941 3683 3000 3727 ut
3035 3674 3263 3727 alterius
3291 3673 3514 3742 quidem

1929 3768 2127 3837 injuria
2184 3768 2295 3821 laesi
2356 3767 2522 3819 vitam
2578 3767 2982 3834 honoremque,
3045 3765 3157 3819 Deo
3214 3780 3316 3819 nos
3374 3764 3514 3819 bene

1927 3861 2248 3931 adjuvante,
2288 3858 2588 3929 tueamur);
2634 3857 2861 3911 alterius
2893 3868 3100 3919 autem,
3136 3858 3286 3910 nulla
3319 3857 3511 3925 impel-

1929 3955 2075 4007 lente
2108 3954 2545 4015 necessitudine,
2589 3970 2658 4005 ne
2694 3952 2889 4005 honori
2927 3951 3151 4020 quidem
3180 3990 3193 4012 ,
3251 3951 3381 4020 quid
3430 3952 3510 4003 di-

1929 4063 2049 4101 cant
2088 4048 2248 4100 vine?
2286 4046 2782 4101 inconmiodemus.
2821 4045 2931 4098 Illis
2958 4047 3062 4098 isto
3096 4045 3258 4097 modo
3291 4045 3514 4113 iudiciis

1931 4142 2320 4209 sententiaque
2375 4139 2841 4206 discrepantibus,
2876 4138 3065 4206 junior
3097 4137 3395 4205 imperator
3426 4153 3502 4190 se.

1929 4238 2087 4295 dens,
2129 4237 2328 4289 tacitus
2368 4250 2489 4304 quae
2548 4233 2905 4287 dicebantur-
2935 4231 3303 4285 auscultabat.
3366 4229 3505 4283 Tum

1930 4327 2264 4398 Syrgiaunes
2309 4342 2505 4393 magno
2561 4323 2867 4378 domestico
2911 4324 2989 4377 sic
3040 4323 3287 4377 occurrit
3330 4322 3508 4377 :Cum

1930 4417 2138 4487 ingenii
2167 4417 2394 4470 humani
2434 4417 2792 4470 imbecillitas
2840 4413 3141 4485 perlectam
3197 4430 3504 4467 rerum-co.

1930 4512 2233 4580 gnitionem
2258 4511 2428 4563 simul
2463 4508 2574 4577 (87)
2607 4508 2825 4576 assequi
2873 4518 3146 4575 nequeat.
3198 4506 3405 4558 nemini
3455 4508 3505 4556 in

1931 4600 2018 4653 his
2070 4616 2191 4669 qua:
2234 4600 2301 4652 ab
2343 4599 2503 4651 initio
2551 4600 2601 4651 ei
2642 4598 2754 4650 visa
2795 4606 2961 4659 sunt,
3000 4595 3504 4664 conquiescendum

224 4706 393 4756 μενα.
430 4690 531 4740 “Av
562 4689 669 4757 γὰρ
705 4689 831 4758 μήτ’
858 4688 1120 4759 ἔμπορος,
1177 4690 1303 4760 μήθ’
1337 4691 1365 4742 ὁ
1392 4693 1655 4760 γεωργὸς,
1691 4693 1822 4762 μήθ’

1930 4705 2081 4763 pttto,
2107 4695 2149 4745 si
2178 4692 2525 4761 postmodum
2554 4690 2828 4743 contraria
2857 4690 3081 4742 meliora
3112 4688 3463 4755 apparuerint
3489 4708 3495 4712 ·

222 4783 249 4831 ὁ
281 4778 641 4850 κυϐερνήτης
697 4781 831 4849 πρὸς
859 4782 927 4832 τὰ.
953 4782 1213 4834 δοκοῦντα
1245 4783 1499 4852 λυσιτελῆ
1538 4784 1820 4854 μεθαρμόο

226 4873 421 4940 hut,
459 4870 576 4923 ἀλλ’
605 4873 916 4940 ἀναγκαίως
975 4875 1192 4948 ἐμμένῃ
1238 4878 1348 4937 τοῖς
1386 4876 1481 4928 ἀπ’
1530 4878 1703 4945 ἀρχῆς
1732 4881 1820 4928 δε-

225 4965 545 5030 δογμένοις,
574 4965 782 5033 ταχέως
806 4968 833 5017 ὁ
888 4968 985 5033 μὲν
1015 4967 1357 5038 κυϐερνήτης
1396 4970 1577 5038 ἐαυτῷ
1610 4987 1816 5036 συγκα-

228 5056 443 5127 τιδνὲσῃ
479 5057 577 5124 τὴν
608 5056 741 5109 ναῦν
760 5058 1020 5110 ἐναντίων
1053 5062 1384 5128 κινηθέντων
1416 5061 1764 5131 πνευμάτων·
1791 5063 1817 5113 ὁ

230 5144 272 5194 δ’
306 5146 557 5213 ἔμπορος
584 5146 842 5214 ἐπανήξει
885 5149 1040 5210 κενὸς
1062 5150 1386 5219 χρημάτων·
1408 5153 1433 5201 ὁ
1475 5155 1718 5221 γεωργὸς
1762 5153 1819 5204 δὲ

232 5237 375 5304 πρὸς
406 5239 473 5305 τῇ
508 5236 619 5287 τῶν
654 5240 829 5289 πόνων
850 5243 1236 5310 ἀποστερήσει,
1263 5243 1354 5292 καὶ
1393 5242 1562 5311 βαθὺν
1592 5243 1820 5312 ὀφλήσει

233 5325 477 5391 γέλωτα.
514 5326 906 5396 Προσθήσομεν
936 5329 991 5380 δέ
1028 5346 1080 5380 τι
1127 5333 1221 5381 καὶ
1250 5331 1357 5381 τῶν
1396 5333 1613 5384 οἰκείων
1647 5352 1823 5402 παρα-

234 5419 573 5484 δειγμάτων.
600 5420 713 5471 Οὐκ
741 5420 806 5472 ἂν
832 5421 950 5472 οὐδὲ
1015 5426 1315 5493 στρατηγὸς
1372 5428 1481 5487 τοῖὶ
1524 5426 1619 5478 ἀπ’
1646 5428 1820 5496 ἀρχῆς

1928 4784 2137 4851 alioqui
2170 4783 2316 4835 aliud
2359 4783 2465 4834 alio
2497 4782 2670 4844 ferri,
2717 4781 3045 4847 miscerique
3080 4794 3143 4831 ac
3190 4778 3501 4846 perturbari

1928 4877 2109 4931 omnia
2136 4893 2358 4931 necesse
2390 4887 2497 4931 est.
2532 4876 2586 4930 Si
2613 4877 2759 4930 enim
2785 4892 2887 4929 nec
2911 4885 3202 4934 mercator.
3230 4888 3329 4926 nec
3360 4882 3473 4942 agri

1926 4974 2064 5031 cola.
2110 4988 2211 5025 nec
2268 4973 2606 5041 gubernator
2668 4981 2970 5041 perspecta:
3030 4972 3401 5025 (‘Oﬂlltlodtinlt
3446 4993 3489 5022 δι

1924 5065 2449 5125 accommodaverit,
2490 5080 2677 5120 verum
2714 5066 2767 5118 in
2798 5073 3059 5132 suscepto
3097 5066 3263 5117 semel
3299 5080 3500 5130 propo-

1925 5160 2032 5211 sito
2083 5172 2455 5225 perseverare
2504 5157 2785 5210 obstinate
2823 5155 3137 5216 imbiberit.
3199 5154 3288 5207 hic
3326 5156 3505 5206 ventis

1916 5248 2171 5301 adversis
2206 5249 2559 5315 surgentibus
2591 5248 2698 5301 cito
2748 5262 2942 5301 navem
2992 5261 3177 5299 secum
3227 5261 3501 5299 summer-

1927 5348 2035 5405 [ζει.
2062 5339 2373 5407 negotiator
2406 5353 2670 5392 crumena
2696 5353 2862 5390 vacua
2895 5338 3117 5401 redi-hit;
3151 5348 3333 5390 arator
3362 5350 3502 5402 pne-

1928 5442 2011 5484 ter
2044 5430 2252 5484 laboris
2303 5430 2718 5485 frustrationem
2769 5430 2997 5499 publica,
3043 5431 3208 5485 etiam
3247 5429 3501 5483 irrisione

1503 5561 1721 5621 Jacobi
1766 5564 2029 5626 l’ontani
2063 5580 2250 5627 note.

313 5682 429 5751 (S7)
472 5682 965 5757 Yerissininmest,
999 5686 1147 5754 qttod
1177 5686 1254 5739 ait
1284 5704 1295 5739 l
1330 5687 1433 5757 Off.
1473 5688 1542 5743 Μ.
1582 5688 1816 5753 Tullius,

241 5768 435 5806 omnes
474 5755 730 5807 homines
764 5756 903 5807 trahi
954 5766 1009 5810 et
1080 5758 1205 5810 duci
1257 5760 1323 5812 ad
1374 5755 1705 5826 cognitionis
1764 5770 1820 5812 et

245 5826 492 5877 «sentiae
519 5826 905 5891 cupiditatem,
939 5837 991 5879 et
1026 5830 1141 5880 veri
1177 5827 1396 5881 videndi
1425 5846 1454 5881 a
1494 5840 1687 5882 natura
1722 5847 1819 5881 no-

252 5906 329 5943 l-ts‘
378 5905 765 5961 tngencratum
820 5895 1181 5951 desiderium.
1235 5899 1340 5952 Sed
1392 5901 1518 5967 quia
1576 5902 1819 5970 cognitio

254 5977 432 6017 lustra
467 5981 694 6019 necesse
725 5977 809 6020 est
843 5981 940 6033 per
977 5982 1175 6021 sensus
1213 5970 1277 6021 ad
1323 5987 1565 6023 animum
1613 5972 1815 6025 veniat.

1931 5695 2214 5759 quomodo
2246 5709 2344 5747 nec
2378 5695 2540 5748 simul
2583 5694 2764 5746 omnia
2798 5692 3055 5746 sensibus
3085 5693 3391 5760 percipere,
3422 5712 3489 5745 su

1932 5779 2033 5816 nec
2068 5781 2250 5817 munia
2288 5766 2481 5817 eodem
2524 5776 2769 5832 tempore
2817 5765 2980 5815 simul
3017 5779 3353 5832 cogtt0scere
3378 5784 3503 5831 pus-

1929 5848 2141 5887 Sltlttlls.
2177 5834 2365 5901 Itaque
2399 5837 2695 5902 perlectam
2728 5834 3099 5902 cognitionem
3121 5835 3275 5902 quasi
3302 5839 3497 5902 gradui

1932 5904 2026 5957 tim
2061 5921 2419 5972 acqtttrttnus.
2504 5926 2509 5929 ‘
