4222 6442
729 417 832 483 103

1875 421 2197 484 JOANNIS
2239 424 2772 485 CANTACUZENI
2825 484 2833 492 ,

3868 419 3970 491 104

726 535 964 589 ludetur.
1015 535 1154 600 Quin
1183 536 1348 590 etiam
1391 536 1640 604 exempla
1698 553 1726 590 ο
1760 552 1816 589 re
1849 549 2031 592 nostra
2067 539 2289 607 atljiria-
2324 546 2340 594 Δ

2397 539 2656 605 ἐμμένων
2712 534 3172 603 βεϐουλευμένοις,
3225 535 3487 602 τρόπαιον
3537 535 3643 587 ἀπὸ
3669 536 3775 588 τῶν
3800 539 3968 591 πολι-

729 640 874 678 mus.
913 626 1107 679 Nullus
1143 626 1338 678 ductor
1384 627 1710 693 placitorum
1749 630 1988 695 priorum
2019 639 2197 691 tenax,
2231 629 2299 683 de

731 714 982 767 l.ostibus
1015 724 1280 781 tropmum
1341 717 1556 783 eriget;
1592 718 1698 770 into
1729 719 1960 785 turpiter
1984 728 2046 772 ‘et
2086 719 2301 773 clletni-

730 813 857 857 nate
899 805 1076 857 victus
1107 821 1274 873 seque
1306 807 1647 875 militemque
1706 808 1978 876 perditum
2012 809 2131 862 ibit.
2163 809 2298 862 Nam

729 895 772 946 si
808 895 992 961 cupias
1031 909 1156 948 suas
1194 895 1526 949 adversariis
1557 898 1722 965 longe.
1759 899 2016 966 majores,
2052 907 2108 952 et
2157 898 2301 951 bello

729 985 1148 1037 exercitatiores
1174 1001 1428 1047 rensens.
1466 985 1677 1040 idcirco
1712 989 1896 1057 praelio
1924 989 2298 1042 dimicandum

733 1077 1065 1147 decreverit,
1090 1077 1287 1129 deinde
1322 1079 1372 1128 in
1399 1088 1755 1146 conspectum
1782 1080 2023 1133 hostium
2051 1083 2299 1142 veniens.

729 1182 829 1220 eos
861 1176 913 1218 ct
947 1181 1200 1229 numero,
1238 1176 1291 1218 rt
1321 1184 1445 1230 usu,
1477 1177 1530 1220 et
1558 1185 1836 1222 armorum
1863 1181 2124 1239 apparatu
2166 1173 2304 1226 mul—

736 1259 803 1308 tis
844 1255 1092 1323 partibus
1127 1256 1440 1322 superiores
1472 1257 1768 1320 viderit,et
1803 1261 1928 1327 quia
1954 1261 2301 1329 anticipatam

733 1349 1047 1416 Opinionem
1077 1350 1332 1402 deserere
1357 1364 1463 1401 non
1503 1349 1638 1412 vult,
1677 1350 2080 1406 inconsiderate
2115 1368 2178 1406 ac
2215 1361 2296 1406 le-

733 1455 883 1492 mere
915 1440 1087 1507 signis
1115 1440 1285 1492 illatis
1315 1439 1647 1498 conﬂixerit.
1676 1441 1872 1508 ecquid
1904 1443 2062 1495 talem
2105 1444 2301 1497 ducem

737 1527 930 1578 insano
995 1542 1187 1594 parum
1221 1527 1486 1581 interesse
1524 1529 1880 1597 negabimus?
1911 1529 2072 1585 Certe
2123 1535 2304 1586 neuti-

734 1631 920 1682 quam.
953 1617 1139 1684 Itaque
1169 1628 1226 1670 et
1267 1625 1320 1669 tu
1359 1617 1491 1669 mihi
1536 1619 1589 1670 in
1622 1634 1860 1686 przeSens
1885 1621 2302 1677 admirationem

733 1705 1267 1785 comtnoveswhomo
1302 1721 1329 1758 a
1360 1705 1595 1773 pueritia
1622 1722 1794 1776 usque
1821 1707 1892 1792 ad
1921 1709 2026 1762 hoc
2047 1711 2222 1764 artatis
2250 1712 2301 1764 iu

733 1793 929 1846 militia
963 1803 1020 1848 et
1055 1793 1386 1849 militaribus
1428 1805 1675 1850 versatus
1715 1797 2018 1861 laboribus,
2065 1800 2195 1853 dum
2225 1803 2304 1854 af-

735 1885 918 1938 ﬁrmas
951 1924 966 1947 ,

733 1975 952 2030 al'lixum
975 1991 1096 2030 esse
1129 1987 1388 2044 oportere
1411 2016 1424 2039 ,
1459 1993 1561 2032 nec
1592 1979 1703 2033 scis
1746 1980 1830 2032 vel
1880 1997 1990 2034 uno
2041 1982 2305 2050 temporis

735 2077 938 2130 puncto
964 2068 1068 2136 31
1099 2084 1282 2122 rerum
1326 2068 1687 2137 plurimarum
1713 2073 2170 2128 commutationes
2211 2087 2304 2126 so-

732 2159 846 2212 lere
879 2159 1017 2212 ﬁeri.
1043 2159 1243 2213 Adlth
1265 2174 1495 2229 magnus
1518 2159 1854 2215 domesticus
1880 2163 1959 2216 sic
1995 2164 2302 2232 respondit:

731 2250 846 2318 Ego
866 2265 994 2303 vero
1032 2252 1342 2304 mortalium
1376 2251 1557 2305 adhuc
1594 2253 1802 2306 nullum
1830 2292 1845 2316 ,
1890 2253 2080 2309 saltem
2110 2256 2307 2325 paulu-

732 2346 844 2394 lum
880 2352 1060 2394 mcute
1102 2342 1396 2403 valentem,
1430 2343 1501 2396 ita
1539 2353 1858 2411 perpetuam
1894 2345 1946 2398 in
2000 2347 2173 2414 prima
2209 2346 2307 2399 ali-

731 2449 838 2500 qtta
907 2433 1192 2486 voluntate
1247 2431 1694 2515 perm_ansionem
1772 2435 1992 2491 sibimet
2042 2437 2332 2515 indixisse.

730 2523 924 2585 credo,
952 2535 1010 2576 ut
1037 2539 1157 2577 eam
1187 2508 1415 2593 postea:
1429 2525 1642 2579 tametsi
1664 2526 1889 2580 meliora
1929 2541 1987 2580 se
2014 2527 2303 2594 oll‘errent,

731 2615 1025 2671 immutare
1060 2616 1468 2671 detrectaverit.
1494 2616 1573 2670 Te
1603 2633 1822 2686 quoque
1855 2618 2031 2686 ipsum
2064 2620 2307 2676 arbitror

731 2722 841 2760 non
871 2707 1116 2776 potuisse
1163 2715 1273 2762 tam
1338 2706 1630 2762 immodice
1668 2708 1803 2762 mihi
1856 2710 2175 2773 conviciari,
2212 2724 2307 2766 aut

731 2798 800 2852 de
835 2798 1000 2851 rebus
1031 2799 1168 2852 adeo
1197 2798 1487 2852 commode
1519 2814 1581 2853 ac
1607 2815 1734 2854 vere
1758 2801 1934 2870 loqui.
1965 2801 2068 2856 nisi
2100 2804 2308 2874 pariter

731 2902 948 2940 mecum
982 2888 1240 2940 sentires.
1271 2885 1504 2940 Tantum
1535 2897 1714 2951 autem
1743 2890 1812 2943 ab
1833 2890 1926 2944 illo
1949 2891 2114 2957 disto,
2143 2908 2304 2960 quem

735 2989 791 3031 tu
831 2993 915 3030 me
941 2978 1233 3040 describis,
1264 2986 1323 3030 ut
1352 2989 1458 3031 tam
1504 2979 1557 3032 iu
1592 2980 1831 3048 publicis
1883 2995 2047 3050 quam
2082 2982 2308 3050 privatis

731 3069 1272 3133 deliberationibus,
1313 3085 1435 3122 cum
1470 3072 1801 3125 sententiam
1853 3072 2196 3141 probabilem
2251 3083 2309 3127 et

732 3159 812 3214 rei
850 3164 1144 3229 propositze
1179 3161 1472 3214 utilitatem
1505 3161 1770 3229 Opinione
1814 3176 1933 3215 mea
1957 3163 2192 3216 maxime
2224 3172 2307 3216 at-
2331 3201 2372 3260 c

734 3255 1036 3321 tingentem
1098 3267 1475 3321 saepenumero
1527 3253 1919 3320 protulissem,
1971 3253 2169 3308 deinde
2209 3253 2300 3312 ubi

735 3346 801 3398 ad
832 3345 972 3398 laeta
1023 3354 1246 3398 ventqu
1301 3344 1488 3411 fuerit,
1519 3353 1614 3398 aut
1655 3345 1725 3398 ab
1760 3346 1886 3409 alio,
1919 3363 2080 3416 quem
2119 3349 2303 3404 minus

733 3436 1063 3505 prudentem
1094 3435 1426 3504 iudicarem,
1465 3445 1559 3489 aut
1585 3451 1614 3488 a
1653 3447 1854 3491 memet
1900 3452 2215 3506 persuasus,
2248 3441 2301 3494 in

729 3528 836 3581 alia
863 3529 1050 3582 omnia
1081 3527 1454 3582 discesserim.
1484 3525 1543 3580 In
1592 3527 1696 3582 hoc
1735 3539 1916 3583 autem
1947 3531 2189 3600 negotio,
2235 3533 2303 3587 de

733 3635 845 3686 quo
893 3634 1043 3673 nunc
1077 3620 1471 3689 disceptamus,
1526 3635 1631 3673 non
1689 3635 1809 3688 qua:
1850 3621 2025 3687 vobis,
2059 3623 2153 3677 sed
2184 3640 2304 3693 qua:

728 3710 866 3763 mihi
912 3710 1202 3774 videntur,
1257 3710 1539 3777 probanda
1588 3711 2092 3783 existimo,.idque
2137 3715 2305 3782 pluri-

729 3803 835 3857 bus
869 3801 936 3856 de
983 3803 1183 3856 causis.
1224 3800 1466 3855 Primum
1496 3803 1644 3856 enim
1681 3819 1876 3857 manus
1927 3803 1979 3856 in
2013 3797 2316 3874 imperato?

729 3910 868 3956 rem,
917 3902 972 3946 et
1005 3905 1231 3948 unctum
1284 3894 1498 3947 Domini
1545 3894 1657 3964 (88)
1693 3895 1942 3965 injicere,
1979 3897 2139 3967 eique
2187 3901 2303 3952 ani-

734 4000 880 4038 mam
949 3985 1342 4053 exstinguere,
1407 4000 1516 4040 non
1587 3985 1734 4055 apud
1806 3987 2063 4042 homines
2125 3989 2300 4043 solum

735 4079 1024 4132 universos
1068 4078 1226 4131 venia
1276 4087 1446 4140 caret,
1477 4079 1715 4141 sed,'uti
1742 4079 2042 4142 credimus,
2077 4084 2242 4135 etlam
2273 4098 2302 4136 a

728 4171 842 4225 Deo
874 4169 1192 4237 hujusmodi
1227 4169 1475 4222 facinora
1511 4169 1866 4224 acerbissima
1889 4171 2143 4227 mercede
2165 4189 2300 4243 pen-

729 4271 941 4313 santur.
985 4259 1189 4313 Deinde
1219 4275 1325 4312 non
1371 4263 1512 4314 istuc
1546 4261 1706 4315 nobis
1750 4276 1778 4314 a
1807 4262 2080 4330 principio
2105 4280 2304 4335 propo-

730 4355 976 4415 suimus,
1023 4363 1082 4406 ut
1130 4353 1363 4406 alterum
1415 4353 1800 4422 imperatorem
1853 4357 1974 4409 neci
2021 4357 2298 4422 daremus,

729 4447 961 4499 alterum
1022 4446 1075 4497 in
1123 4445 1260 4498 solio
1306 4445 1704 4499 collocaremus
1747 4463 1760 4500 :
1814 4446 1907 4500 sed
1945 4448 2182 4501 sollicito
2230 4450 2295 4503 ad

2405 624 2543 689 μίων
2576 625 2902 692 ἀναστήσειο
2951 623 3066 675 ἀλλ’
3117 625 3358 692 αἰσχρῶς
3409 624 3501 679 καὶ
3535 623 3776 691 ἀγεννῶς
3806 628 3974 694 ἡττη-

2403 712 2536 776 θεὶς,
2602 712 3044 779 συγκινδυνεύσει
3105 715 3221 774 τοῖς
3272 713 3656 783 στρατιώταις.
3718 715 3816 766 Ἂν
3866 715 3977 784 γάρ

2405 802 2584 872 συμϐῇ
2608 803 2768 871 τυχδν
2802 803 2900 871 τὴν
2961 803 3059 872 μὲν
3101 803 3293 857 ἑαυτοῦ
3347 806 3608 872 στρατιὰν
3664 804 3979 857 πολλαπλαο

2405 892 2554 944 σίονα
2586 893 2710 944 ’τῶν
2747 893 3021 961 πολεμίων
3054 894 3148 947 καὶ
3183 895 3320 960 πρὸς
3366 893 3436 946 τὰ
3469 894 3742 963 πολεμικὰ
3774 895 3977 963 μᾶλλον

2404 979 2724 1048 ἠσκημένην
2749 982 3024 1049 ἡγεῖσθαι,
3053 983 3148 1034 καὶ
3167 982 3256 1036 διὰ
3279 983 3438 1034 τοῦτο
3479 983 3589 1036 δεῖν
3616 982 3977 1052 βουλεύσηται

2409 1071 2586 1139 μάχην
2608 1071 2925 1133 συνάπτειν,
2945 1068 3043 1125 εἴτ’
3060 1075 3150 1125 ἐπὶ
3173 1073 3280 1124 τῶν
3305 1075 3648 1143 πραγμάτων
3664 1073 3855 1137 ἐλθὼν,
3877 1076 3978 1142 τὴν

2404 1159 2510 1210 τῶν
2535 1160 2790 1212 ἐναντίων
2823 1160 2906 1230 ἴδη
2935 1163 3031 1214 καὶ
3061 1161 3138 1230 τῷ
3174 1162 3371 1229 πλήθει
3395 1164 3486 1214 καὶ
3520 1165 3585 1232 τῇ
3617 1163 3847 1230 ἀσκήσει
3883 1162 3980 1214 καὶ

2403 1252 2516 1310 τοῖς
2545 1252 2730 1312 ὃττλοις
2762 1251 3137 1319 ὑπερέχουσαν
3191 1251 3372 1320 πολλῷ
3422 1251 3498 1320 τῷ
3537 1252 3720 1321 μέτρῳ
3744 1267 3760 1283 ⁸
3811 1252 3897 1304 διὰ
3921 1252 3978 1304 δᾶ

2404 1339 2465 1390 τὸ
2500 1339 2575 1407 μὴ
2598 1338 2755 1391 λῦσαι
2797 1341 2862 1391 τὰ
2895 1339 3216 1408 δεδογμένα,
3245 1341 3544 1408 ἀλογίστως
3593 1343 3979 1412 συμπλέκηται

2407 1431 2500 1481 καὶ
2527 1430 2874 1498 παραϐόλως,
2902 1431 3001 1483 οὑκ
3034 1431 3100 1484 ἂν
3123 1432 3288 1498 ἐγγὺς
3308 1433 3400 1484 τοῦ
3430 1433 3716 1501 μαίνεσθαι
3739 1435 3980 1503 φαίημεν

2405 1519 2498 1570 τὸν
2554 1519 2858 1588 στρατηγὸν
2909 1521 3145 1585 ἑκεῖνον;
3176 1522 3344 1574 Παντί
3385 1540 3488 1574 που
3528 1523 3711 1592 δῆλον.
3754 1525 3844 1576 Διό
3885 1541 3981 1591 μοι

2407 1610 2502 1663 καὶ
2547 1609 2607 1662 σὲ
2636 1610 2730 1663 νῦν
2777 1611 2961 1664 ἔπεισι
2997 1612 3322 1682 θαυμάζειν,
3359 1614 3532 1677 οὕτως
3558 1615 3982 1685 ἀποφηνάμενον

2405 1699 2482 1761 ὡς
2527 1699 2634 1768 χρὴ
2691 1703 2802 1763 τοῖς
2862 1701 2920 1765 ἐξ
2965 1703 3138 1771 ἀρχῆς
3179 1701 3523 1771 δεδογμένοις
3585 1705 3864 1774 ἐμμένειν,
3917 1706 3982 1757 ὲκ

2407 1789 2630 1860 πρώτης
2649 1792 2862 1860 ἡλικίας
2886 1793 2944 1855 ἐς
2974 1793 3087 1845 τόδε
3110 1793 3323 1862 χρόνου,
3362 1795 3675 1863 στρατείαις
3725 1797 3822 1848 κα)⁵
3868 1799 3981 1858 τοῖς

1022 1900 1143 1954 quae
1194 1903 1222 1939 a
1278 1888 1563 1956 principio,
1595 1891 1848 1944 statuerit
1901 1893 2196 1961 quispiam,
2235 1871 2340 1947 iis]

2405 1879 2470 1930 ἐκ
2501 1881 2787 1948 στρατείας
2848 1881 3268 1952 ἐνδιατρίψαντα
3309 1883 3514 1949 πόνοις,
3560 1885 3791 1938 τοῦτοδὲ
3821 1887 3982 1955 ἠγνο-

2405 1969 2597 2037 ηκότα,
2623 1969 2697 2030 ὡς
2722 1970 2821 2038 μία
2851 1971 3044 2042 καιροῦ
3069 1973 3210 2044 ῥοπὴ
3240 1974 3452 2026 πολλῶν
3480 1976 3693 2045 ποιήσει
3722 1978 3983 2046 πραγμά·

2403 2073 2512 2109 των
2555 2060 2876 2124 μεταόολάς.
2943 2063 3069 2116 Ἐπὶ
3122 2065 3334 2129 τούτοις
3385 2068 3413 2118 ὀ
3443 2067 3614 2137 μέγας
3659 2068 3982 2138 δομέστικος

2405 2141 2526 2199 εἶπε
2551 2149 2728 2201 τοιάδε
2749 2165 2764 2180 ·
2790 2151 2995 2204 Οὐδένα
3025 2155 3230 2223 νομίζω
3259 2156 3370 2209 τῶν
3421 2157 3513 2208 καὶ
3541 2158 3790 2210 ὁπωσοῦν
3843 2173 3981 2226 μετ-

2405 2239 2700 2309 ειληχότων
2733 2242 2946 2311 φρενῶν
2971 2243 3143 2308 οὕτως
3177 2248 3366 2301 ἑαυτὸν
3391 2243 3472 2310 οἷς
3503 2248 3561 2314 ἐξ
3611 2250 3783 2320 ἀρχῆς
3826 2249 3986 2302 ἔδου-

2406 2329 2636 2383 λεύσατο
2661 2335 2986 2388 πεπεικέναι
3021 2335 3256 2404 βεϐαίως
3287 2339 3567 2407 ἐμμένειν,
3602 2339 3741 2393 ὥστε
3772 2343 3848 2411 μὴ
3884 2358 3983 2410 με·

2359 2506 2363 2508 η
2406 2422 2713 2486 ταϐάλλειν,
2735 2424 2938 2494 ἐτέρων
2966 2427 3023 2477 ὲν
3045 2426 3258 2499 ὑστέρῳ
3289 2431 3627 2500 φαινομένων
3661 2432 3976 2502 βελτιόνων.

2407 2514 2517 2565 Καὶ
2547 2515 2606 2566 σὲ
2635 2516 2692 2568 δὲ
2748 2518 2911 2570 αὑτὸν
2949 2519 3049 2572 οὐκ
3090 2520 3156 2574 ἂν
3186 2523 3516 2594 εὐπορήσειν
3559 2525 3648 2578 ἐπ’
3700 2526 3824 2595 ἐμοὶ
3873 2527 3985 2578 λοι-

2407 2603 2593 2674 δορίας
2627 2606 2955 2677 ὑπερϐολῆς,
2996 2610 3028 2680 ἢ
3060 2610 3202 2664 οὕτω
3235 2615 3494 2683 περὶτῶν
3525 2621 3865 2688 πραγμάτων
3890 2620 3983 2673 λέλ-

2407 2713 2526 2764 γειν
2553 2697 2718 2766 ἔχειν,
2755 2701 2811 2750 ὲν
2842 2700 3075 2772 διαφορᾷ
3116 2706 3480 2759 καταστάντα.
3535 2707 3674 2775 Ἐγὼ
3701 2709 3756 2762 δὲ
3790 2711 3982 2764 τοσούο

2409 2803 2501 2839 του
2531 2789 2634 2840 δέω
2658 2791 2838 2842 ὁποῖον
2871 2787 3012 2844 εἷναί
3039 2810 3199 2860 φατε,
3235 2794 3374 2848 ὥστε
3401 2798 3503 2851 κάν
3534 2803 3643 2862 τοῖς
3674 2800 3978 2869 δημοσίοις,

2407 2883 2513 2931 κᾷν
2542 2881 2651 2942 τοῖς
2689 2882 2859 2946 ίδίοις,
2893 2884 3071 2955 ψῆφον
3102 2887 3177 2949 ὡς
3229 2889 3407 2952 καλῶς
3453 2891 3699 2960 ἔχουσαν,
3743 2899 3837 2948 καὶ
3883 2897 3980 2950 τοῦ

2408 2972 2814 3036 λυσιτελοῦντος
2837 2976 2897 3029 τὸ
2918 2977 3094 3031 δοκεῖν
3119 2979 3176 3042 ἐς
3208 2981 3274 3033 τά
3320 2984 3554 3050 μάλιατα
3582 2986 3980 3059 ἐφικνουμένην

2379 3065 2542 3146 ’περί
2587 3082 2731 3128 τινος
2761 3067 3019 3132 πολλάκις
3048 3070 3374 3141 ἐξενεγκὼν,
3410 3077 3509 3146 ἤδη
3535 3077 3592 3130 δὲ
3620 3079 3716 3132 καὶ
3751 3081 3886 3150 πρὸς
3920 3086 3979 3136 τὸ

2409 3155 2671 3223 πράττειν
2697 3159 2909 3228 χωρῶν.
2965 3160 3141 3214 ἔπειτ’
3163 3161 3195 3232 ἢ
3217 3165 3390 3235 ἑτέρῳ
3429 3169 3486 3219 τὸ
3511 3164 3679 3240 ἧσσον
3710 3173 3856 3242 ἔχειν
3882 3175 3979 3228 ἐπὶ

2405 3245 2482 3315 τῷ
2516 3251 2732 3316 φρονεῖν
2764 3249 3029 3313 δοκοῦντι,
3083 3253 3115 3324 ἢ
3151 3254 3308 3318 αὐτὸς
3345 3259 3567 3330 ἐμαυτῷ
3599 3262 3695 3331 τὴν
3727 3265 3979 3319 ἐναντίαν

2409 3338 2650 3400 πεισθεὶς
2681 3339 2923 3411 εἱλόμην.
2963 3342 3081 3408 Ἐφ’
3115 3337 3193 3404 οἷς
3224 3344 3278 3397 δὲ
3305 3349 3422 3400 νυνὶ
3451 3350 3787 3420 σκοποῦμεν,
3815 3355 3980 3421 μάλι-

2408 3445 2507 3480 στα
2533 3430 2631 3496 μὲν
2661 3422 2735 3484 ὧν
2789 3431 3346 3502 ὑμεῖςβουλεῦεσθε,
3403 3439 3760 3511 ἀποσχέσθαι,
3819 3440 3897 3498 ὧν
3933 3447 3965 3500 δ

2404 3520 2428 3570 ὲ
2437 3521 2527 3586 μοὶ
2546 3521 2710 3587 δοκεῖ,
2723 3522 2830 3575 δεῖν
2847 3523 3065 3592 ἔχεσθαι
3084 3527 3292 3596 νομίζω
3319 3531 3531 3584 πολλῶν
3554 3533 3740 3590 ἕνεκεν
3762 3540 3976 3597 αξτιῶν.

2406 3613 2629 3680 Πρῶτον
2667 3613 2766 3682 μὲν
2795 3616 2903 3684 γὰρ
2949 3615 3007 3668 τὺ
3047 3621 3203 3687 χεῖρα
3251 3625 3468 3691 κινῆσαι
3525 3627 3664 3679 κατὰ
3711 3629 3977 3698 βασιλέως

2405 3706 2498 3756 καὶ
2531 3705 2606 3769 τῷ
2629 3705 2746 3774 Θεῷ
2777 3710 3165 3777 κεχρισμένου,
3217 3713 3312 3764 καλ⁸
3347 3717 3622 3786 σωτηρίαν
3664 3721 3976 3796 ἀποστερῆο

2406 3812 2497 3847 σαι
2521 3797 2719 3868 ψυχῆς,
2753 3799 2812 3850 οὐ
2845 3801 3006 3868 μόνον
3037 3803 3213 3873 πάσης
3243 3807 3300 3858 ὲν
3332 3806 3642 3874 ἀνθρώποις
3665 3813 3978 3888 ἀπεστέρηέ

2405 3905 2494 3940 ται
2529 3889 2878 3961 συγγνώμης,
2929 3892 3066 3947 ἀλλά
3125 3897 3218 3948 καὶ
3265 3900 3412 3967 παρά
3436 3900 3556 3970 Θεῴ
3588 3902 3687 3968 τὰς
3738 3908 3976 3977 ἐσχάτας

2405 3981 2512 4033 τῶν
2539 3982 2794 4037 τοιούτων
2823 3983 3000 4054 ἔργων
3047 3987 3389 4057 πεπείσμεθα
3443 3993 3655 4051 κεῖσθαι
3699 3984 3799 4061 τὰς
3826 4003 3952 4056 ἀντι

2403 4072 2596 4134 δόσεις.
2623 4073 2855 4126 Ἔπειτα
2881 4074 2960 4138 δὲ,
2997 4076 3117 4128 οὐδὲ
3150 4078 3308 4132 τοῦτο
3347 4081 3404 4147 ἐξ
3433 4082 3608 4154 ἀρχῆς
3637 4087 3973 4158 ὑπεθέμεθα,

2401 4163 2542 4216 ὥστε
2576 4165 2666 4216 τὸν
2705 4165 2804 4233 μὲν
2832 4167 3061 4234 ἀνελεῖν,
3095 4169 3186 4222 τὸν
3216 4171 3262 4223 δ’
3294 4173 3684 4244 ἐγκαθιδρῦσαι
3716 4183 3826 4244 τοῖς
3849 4182 3978 4253 θρό-

2403 4273 2514 4318 νοις
2558 4257 2664 4308 τῶν
2698 4257 2999 4321 βασιλέων·
3040 4261 3201 4314 ἀλλά⁹
3231 4264 3396 4318 πολύν
3445 4283 3564 4320 τινα
3611 4270 3702 4322 τὸν
3762 4274 3975 4329 δικαίου

2403 4347 2716 4417 ποιούμενοι
2749 4350 2927 4416 λόγον,
2991 4351 3219 4422 ἀμύνειν
3254 4355 3330 4424 τῷ
3357 4356 3462 4427 νέῳ
3501 4361 4034 4433 ττροιῖιθιιμήθημεν-⁸

2406 4436 2654 4507 βασιλεῖ,
2684 4439 3024 4510 ἀδικουμένῳ
3065 4460 3125 4494 τε
3157 4446 3284 4514 περὶ
3326 4447 3421 4516 τὴν
3455 4450 3648 4519 ἀρχὴν,
3681 4453 3776 4504 καὶ
3804 4455 3975 4509 δεδοι-

725 4537 996 4598 justitiam
1042 4545 1314 4604 respectu,
1365 4535 1666 4590 studiosius
1716 4536 1783 4590 ad
1833 4538 1882 4590 ei
1916 4523 2340 4605 opitulandum]

2406 4529 2522 4582 κότι
2543 4532 2669 4599 περὶ
2698 4531 2759 4583 τὸ
2789 4531 3152 4602 ζῇν.⁹Ατοπον
3179 4532 3294 4602 οὖν,
3320 4539 3398 4608 τῷ
3429 4541 3526 4609 μὲν
3559 4543 3655 4595 σὺν
3676 4545 3752 4615 τῷ
3776 4546 3974 4604 δίκαίιυ

731 4629 1104 4690 incubuimus,
1144 4628 1236 4695 qui
1270 4635 1326 4680 et
1360 4627 1426 4681 de
1465 4627 1711 4702 imperio.
1748 4639 1801 4681 et
1830 4627 1898 4702 de,
1939 4630 2043 4681 vita
2076 4644 2302 4683 conser-

731 4719 910 4772 vanda
961 4718 1258 4772 laboraret.
1308 4697 1755 4771 Absurdum’est
1783 4700 1969 4786 igitur,
2000 4718 2130 4772 huic
2154 4721 2302 4789 juste

730 4808 1365 4878 imperium_vindicare,
1401 4809 1479 4862 illi
1516 4809 1715 4877 injuste
1739 4812 1904 4861 etiam
1934 4809 2212 4877 spiritum,
2245 4819 2302 4866 et

728 4902 1050 4971 sanguinem
1094 4903 1310 4970 eripere
1345 4917 1357 4952 :
1405 4912 1460 4954 et
1488 4917 1630 4969 quae,
1673 4903 1716 4956 si
1757 4903 1811 4956 in
1846 4902 2012 4956 alium
2046 4905 2299 4973 designa-

729 5002 922 5046 teutur
955 4991 1023 5044 ab
1050 4991 1192 5056 aliis,
1226 4991 1606 5044 crudelissima
1639 4991 1988 5051 duceremus,
2025 4989 2091 5044 iis
2122 4991 2293 5043 multo

724 5083 1040 5137 crudeliora
1092 5097 1192 5133 nos
1251 5082 1396 5148 ipsus
1438 5083 1490 5133 iu
1521 5083 1905 5148 imperatorem
1954 5079 2295 5134 machinatus

727 5175 904 5229 videri
941 5193 953 5226 ;
987 5183 1041 5227 et
1067 5175 1213 5228 velut
1245 5175 1296 5226 in
1330 5175 1558 5237 trutina,
1597 5176 1761 5228 rebus
1793 5174 1846 5226 itt
1875 5187 1982 5226 una
2013 5173 2167 5225 lance.
2196 5173 2293 5229 de—

724 5267 1098 5334 vcrgentibus,
1151 5267 1218 5319 ad
1257 5265 1494 5318 similem
1531 5265 1955 5334 inaequalitatem
1983 5279 2045 5316 cx
2076 5274 2293 5316 contra-

2404 4623 2501 4688 τὴν
2532 4623 2701 4692 ἀρχὴν
2733 4627 3133 4694 κατακτᾶσθαι,
3172 4628 3263 4681 τὸν
3294 4632 3340 4682 δ’
3383 4632 3584 4696 ἀδίκως
3623 4637 3975 4708 ἀφαιρεῖσθαι

2405 4713 2498 4763 καὶ
2524 4713 2618 4780 τὴν
2659 4713 2805 4782 ζωήν
2833 4733 2845 4745 ·
2881 4717 2976 4768 καὶ
3003 4715 3040 4769 ἃ.
3075 4720 3204 4788 περὶ
3234 4718 3323 4773 τὸν
3362 4720 3458 4776 ἕνα
3491 4728 3839 4792 πραττόντων
3858 4731 3973 4784 ἐτέ-

2404 4819 2535 4871 ρων,
2567 4801 2674 4855 τῶν
2707 4803 3069 4859 ἀτοπωτάτων
3122 4809 3315 4872 ἐδόκει,
3369 4811 3575 4864 τούτων
3617 4813 3973 4890 χαλεπώτερα

2404 4900 2532 4964 περὶ
2554 4895 2641 4947 τὸν
2663 4896 2847 4967 ἕτερον
2875 4898 3334 4966 ὲξειργασμένους
3353 4901 3550 4966 αὐτοὺς
3583 4904 3814 4974 ὀφθῆναι
3837 4923 3851 4938 ’
3878 4913 3974 4963 καὶ

2403 4984 2589 5055 ὧσπερ
2644 4989 2702 5039 ὲν
2757 4986 2941 5054 ζυγοῖς
2974 4989 3082 5040 τῶν
3116 4992 3462 5057 πραγμάτων
3493 4993 3577 5059 ἐφ’
3607 4996 3778 5065 ἑτέρῳ
3811 5000 3972 5068 μέρει

2403 5077 2803 5147 βαρυνομένων,
2831 5081 2925 5132 ἐπὶ
2965 5081 3064 5150 τὴν
3093 5081 3215 5151 ἴσην
3249 5083 3520 5153 ἀμετρίαν
3577 5086 3710 5158 πρὸς
3755 5091 3976 5145 τούναν-

2399 5172 2513 5221 τίον
2556 5172 2753 5233 αὺτοὺς
2810 5175 3165 5239 καταπιέσαι,
3216 5175 3334 5226 δέον
3389 5177 3481 5230 ἐπὶ
3519 5177 3580 5229 τὸ
3607 5180 3720 5232 ἴσον
3760 5182 3972 5250 ἀναγα-
4045 5169 4050 5173 ’

2400 5265 2538 5330 γεῖν.
2576 5265 2648 5316 Οὐ
2675 5265 2782 5335 μὴν
2810 5264 2930 5316 οὐδὲ
2960 5266 3020 5316 τὸ
3045 5265 3314 5333 δήσαντας
3367 5272 3646 5338 φρουρεῖν,
3696 5269 3791 5324 τοῦ
3820 5273 3972 5338 ἅπαξ

1997 5395 2208 5455 Jacobi
2253 5397 2522 5456 Pontani
2558 5406 2746 5459 notae.

803 5519 915 5592 (88)
961 5519 1252 5592 Loquitur,
1308 5530 1367 5572 ut
1424 5517 1591 5592 David
1625 5518 1716 5592 de
1767 5517 1930 5592 Saulc
1983 5518 2295 5592 consuevit.

723 5587 906 5647 lib'lll
945 5587 1068 5655 Regi
1099 5591 1488 5658 t.lutcrpretes
1519 5587 1817 5640 Bibliorutn
1855 5589 2298 5658 frequentissime

723 5678 918 5715 vocent
946 5659 1187 5713 Greeeam
1217 5656 1432 5728 χριστὸς
1471 5662 1854 5728 retinuerunt,
1896 5667 1953 5728 ut
1986 5658 2003 5708 Ι
2033 5656 2239 5727 Regum
2277 5673 2291 5709 :

725 5731 1021 5794 Loquimini
1067 5727 1264 5781 curant
1295 5729 1398 5781 Dco
1432 5737 1479 5780 el
1515 5728 1705 5780 christo
1744 5727 1877 5792 ejus.
1930 5727 1982 5778 In
2021 5728 2247 5781 I'salmis
2281 5745 2292 5778 :

725 5801 900 5860 Nolite
967 5801 1466 5870 tungcre’rhrislos
1535 5815 1697 5850 meos.
1756 5799 1989 5850 Saltmvt'l
2043 5796 2293 5850 Dominus

2402 5521 2653 5574 rhristum
2682 5539 2860 5576 suum.
2917 5523 3071 5590 Apud
3124 5521 3323 5580 Lucam
3375 5526 3442 5579 de
3494 5527 3748 5582 Simeone
3782 5532 3801 5585 ἐ
3851 5531 3966 5586 Non

2401 5605 2633 5644 v-snrum
2665 5609 2718 5644 se
2756 5603 2995 5651 mortem.
3030 5596 3128 5647 ηἰδὲ
3161 5598 3303 5662 prius
3339 5597 3533 5648 videret
3579 5599 3828 5653 dirutum
3865 5602 3968 5654 Do-

2399 5662 2562 5724 mini;
2587 5671 2642 5715 et
2670 5666 2980 5716 sexcenties
3008 5666 3163 5717 alibi.
3199 5665 3409 5717 Dicitur
3445 5679 3652 5730 autent,
3687 5673 3745 5720 τὸ
3780 5681 3969 5725 unctus

2403 5730 2633 5807 Domini,
2671 5743 2803 5791 aut,
2849 5735 3075 5807 chrisma
3128 5737 3359 5797 L‘omiui,
3399 5752 3523 5789 cum
3570 5739 3971 5807 signiﬁcatione

2399 5803 2652 5866 maxima,
2682 5815 2762 5857 cst
2784 5815 2838 5857 et
2869 5806 3092 5858 verbum
3127 5810 3530 5875 gravissimum.
