4222 6442
137 5647 139 5649 ’
198 5663 216 5720 θ

209 403 315 468 117

1381 409 1925 470 HISTORIARUM
1968 408 2201 479 LIBER
2240 409 2288 470 ῐ.

3358 406 3460 474 118

206 519 372 582 ἔχων,
399 515 565 585 ήρετο
596 516 688 569 τὸν
721 516 1061 586 μηνύσαντα,
1102 521 1195 574 καὶ
1235 519 1462 583 ἀξίωσιν
1493 521 1777 591 προσθεὶς,
1811 528 1853 580 Α

1811 528 1853 580 Α
1885 519 1997 585 bal,
2019 529 2074 574 et
2101 517 2359 587 precibus
2385 517 2579 572 orabat
2604 514 2888 578 nuntium,
2922 523 2981 568 ut
3035 516 3078 569 si
3110 514 3240 585 quid
3276 525 3457 569 nosset

206 607 260 656 εἶ
287 622 341 656 τι
378 606 620 660 σύνοιδεν
653 609 1019 677 ἀπαγγέλλειν
1042 627 1056 642 ·
1095 614 1122 664 ό
1147 611 1191 663 δ’
1217 611 1364 679 ἔλεγε
1411 610 1626 680 βέϐαιον
1683 611 1782 680 μὲν

204 694 364 746 οὐδὲν
389 697 568 748 είπεῖν
601 697 768 766 ἔχειν,
805 700 1166 768 στοχάζεσθαι
1191 701 1269 763 δὲ,
1297 702 1388 752 τὸν
1419 701 1639 754 πάππον
1660 701 1784 765 βού-

207 784 402 838 λεσθαι
431 789 525 840 καὶ
560 786 789 854 βασιλέα
819 791 914 842 τοῦ
972 793 1314 861 πατριάρχου
1347 791 1441 843 καὶ
1483 791 1783 861 ἀρχιερέων

210 880 506 946 παρόντων
553 880 743 948 λόγους
786 883 938 946 τινὰς
969 883 1107 951 arpi);
1160 884 1219 936 σέ
1259 883 1488 935 διελθεῖν
1511 899 1523 912 ·
1554 883 1606 934 οἵ
1637 899 1786 943 τινες

209 970 268 1020 δὲ
290 972 339 1019 οἱ
375 971 528 1036 λόγοι
571 973 824 1043 καὶπρὸς
858 975 909 1025 τί
935 974 1188 1043 φέρουσι.
1223 975 1409 1043 σαφῶς
1444 975 1644 1026 εἰδέναι
1687 991 1788 1042 μη-

208 1059 429 1127 δαμῶς.
485 1057 616 1114 Εἶτα
654 1065 875 1133 μικρὸν.
902 1064 1143 1134 ἐπισχών
1167 1083 1183 1098 ο
1214 1067 1430 1134 Ὥσπερ
1488 1067 1586 1134 μὲν
1632 1067 1790 1133 ἔφην.

213 1151 467 1218 ἀκριϐῶς
497 1153 594 1205 ούκ
620 1149 757 1218 οἶδα,
788 1152 934 1216 εἶπε,
969 1160 1099 1224 περὶ
1140 1151 1214 1209 ὧν
1246 1158 1294 1209 οἱ
1323 1156 1470 1224 λόγοι
1500 1173 1510 1184 ·
1546 1155 1790 1218 εἰκάζειν

220 1242 410 1308 μέντοι
470 1245 544 1313 μὴ
581 1249 876 1315 προσηνεῖς
934 1264 1082 1311 τινας
1134 1247 1356 1300 ἔσεσθαι
1404 1249 1494 1300 καὶ
1529 1248 1793 1313 ἦρέ-ους.

214 1331 336 1381 ἀλλ’
366 1321 439 1393 ὥς
484 1335 581 1388 ἐπὶ
609 1335 735 1406 δίκῃ
767 1335 1054 1390 καλεῖσθαι
1079 1353 1091 1365 ’
1128 1339 1297 1390 ἐδεῖτό
1327 1356 1383 1390 τε
1437 1339 1636 1408 μικρδν
1666 1340 1798 1390 ἀνα-

219 1426 503 1493 μείναντα,
533 1430 630 1481 καὶ
659 1429 856 1498 μέλετῃ
911 1430 1084 1498 μικρᾷ
1131 1429 1675 1498 προσασχοληθέντα,
1718 1430 1794 1491 ὡς

217 1519 455 1580 εὐθύνας
491 1522 780 1588 ὑφέξοντα,
838 1524 974 1593 πρὸς
1018 1525 1316 1590 ἀπολογίαν
1367 1525 1584 1592 ἕτοιμον
1619 1526 1796 1594 ἥκειν.

231 1610 294 1663 ’0
332 1611 589 1679 βασιλεὺς
638 1611 694 1665 δὲ
725 1613 882 1682 χάριν
917 1615 1064 1682 αὐτῷ
1088 1615 1186 1683 τῆς
1224 1614 1628 1682 καλοκαγαθίας
1667 1616 1796 1684 ὁμο-

219 1698 488 1766 λογήσας.
553 1701 649 1753 καὶ
707 1702 930 1767 ἀγαθῶν
989 1705 1225 1774 ἀμοιϐήν
1281 1704 1799 1772 προσεπευξάμενος

226 1790 382 1856 παρὰ
413 1791 572 1855 Θεοῦ,
596 1786 714 1843 εἶτα
751 1794 843 1844 καὶ
866 1792 1024 1844 τοῦτο
1049 1793 1245 1859 εἰπὼν,
1281 1793 1357 1856 ὡς
1401 1794 1542 1846 κατὰ
1574 1793 1801 1863 γνώμην

228 1877 380 1947 αὐτῷ
415 1881 612 1945 γένοιτ’
646 1881 712 1932 ἂν
745 1880 807 1931 τὸ
855 1881 1070 1933 πολλῶν
1130 1881 1414 1951 παρόντων
1447 1879 1803 1949 δικαζόμενον

231 1971 610 2024 ἀπολύσασθαι
632 1972 700 2022 τὰ
729 1971 1074 2040 ἐγκλήματα,
1100 1972 1466 2040 ἀπαγγέλλειν
1486 1971 1699 2025 ἐκέλευε
1728 1970 1804 2041 τῷ

233 2065 446 2130 πάππῳ
495 2063 586 2113 καὶ
615 2062 845 2131 βασιλεῖ,
880 2063 953 2124 ὡς
988 2063 1239 2132 ἀφίξεται
1279 2064 1404 2115 ὅσον
1434 2061 1607 2113 οὔπω.
1635 2061 1809 2114 Ἐκεῖ-

229 2170 324 2216 νος
361 2158 461 2222 μὲν
485 2153 577 2206 οὖν
607 2155 708 2222 τήν
759 2133 912 2224 παρά
938 2155 1090 2208 ’Θεοῦ
1140 2154 1396 2224 βοήθειαν
1439 2153 1808 2223 ἐπευξάμενος

233 2250 293 2296 ἐν
355 2249 471 2308 τοῖς
532 2246 763 2315 παροῦσι
818 2248 898 2317 τῷ
961 2246 1202 2317 βασιλεῖ,
1266 2246 1361 2300 καὶ
1417 2245 1810 2316 προσκυνήσας

231 2338 474 2405 ἀπῆλθε.
509 2337 773 2400 Βασιλεὺς
831 2338 876 2390 δ’
921 2339 1082 2400 εὐθὺς
1131 2338 1258 2398 τοὺς
1302 2337 1550 2406 ἑταίρους
1581 2353 1812 2404 μετεκα-

235 2431 405 2481 ὶιῖτο.
444 2429 583 2480 ‘AD.’
611 2432 638 2482 ὁ
667 2430 766 2498 μὲν
794 2430 966 2498 μέγας
997 2429 1338 2498 δομέστικος.
1374 2430 1519 2484 θείου
1553 2429 1697 2497 αὐτῷ
1718 2428 1811 2482 τοῦ

237 2521 312 2570 Ta
329 2521 686 2590 ρχανειώτου,
721 2521 960 2590 ἀδελφῆς
991 2520 1086 2574 τοῦ
1141 2522 1359 2591 πρώτου
1417 2521 1678 2591 βασιλέως
1715 2523 1817 2574 Μι-

238 2613 386 2679 χαὴλ
435 2612 552 2666 υίοῦ
605 2614 950 2683 τεθνηκότος,
995 2614 1182 2684 παρῆν
1230 2616 1346 2666 ἐκεῖ
1409 2614 1698 2682 πενθήσων
1727 2616 1819 2669 ἐπὶ

239 2703 489 2771 κειμένῳ
520 2704 594 2773 τῷ
644 2710 918 2774 συγγενεῖ.
960 2705 1018 2759 ὐ
1060 2707 1498 2775 πρωτοπράτωρ
1530 2705 1584 2758 δὲ
1613 2706 1820 2774 5mm,"-

243 2795 357 2846 ϐων
391 2795 550 2862 οἴκοι,
587 2797 818 2864 ἀφίκετό
864 2815 921 2849 τε
959 2797 1091 2864 προς
1117 2797 1344 2868 βασιλέα
1373 2797 1556 2863 εὐθὺς,
1593 2799 1686 2850 καὶ⁸
1722 2797 1820 2867 τὴν

245 2887 434 2938 αἰτίαν
464 2889 562 2956 τῆς
604 2889 849 2952 κλήσεως
893 2890 1083 2957 {ptem
1120 2889 1333 2958 μαθεῖν.
1372 2891 1634 2952 Βασιλεὺς
1665 2889 1719 2942 δὲ
1752 2891 1822 2942 τά

243 2996 305 3045 τε
337 2980 491 3048 παρά
543 2980 810 3049 βασιλέως
858 2983 1188 3052 μηνυθέντα,
1222 2987 1314 3038 καὶ
1349 2984 1429 3036 ὅτι
1458 2983 1613 3050 δίκης
1660 2985 1822 3036 ἕνεκα

249 3072 472 3123 καλοῖτο
513 3072 794 3142 γνωρίζει,
851 3074 944 3125 καὶ
976 3073 1049 3135 ὡς
1081 3073 1234 3142 ἥξειν
1285 3074 1651 3144 ἐπηγγείλατο
1682 3074 1825 3126 κατά

1885 626 1955 665 ne
1992 610 2220 664 celaret.
2253 608 2391 662 Tum
2425 608 2537 671 ille,
2571 608 2710 661 nihil
2761 623 2820 660 se
2871 607 3217 676 exploratum
3251 606 3456 662 habere

1890 701 2036 771 quod
2077 701 2410 764 afﬁrmaret;
2462 701 2516 753 in
2569 700 2938 770 suspicionem
2991 710 3174 754 autem
3238 700 3458 765 delabi,

1889 808 2050 846 avum
2101 793 2406 862 patriarcha
2461 802 2518 846 et
2566 794 2838 862 episcOpis
2889 794 3252 862 prmsentibus
3324 809 3452 848 eum

1890 884 2247 939 constituisse
2268 885 2510 954 .alloqui.
2539 886 2738 939 Verum
2792 885 3076 950 quidnam,
3122 893 3178 940 et
3215 895 3325 954 quo
3357 885 3463 942 [ine

1893 974 2144 1028 dicturus
2179 975 2271 1040 sit,
2304 974 2407 1028 sibi
2454 977 2774 1044 neutiquam
2823 975 3034 1043 liquido
3073 985 3363 1039 constare;
3409 984 3466 1030 et

1895 1078 2190 1133 parumper
2219 1065 2617 1130 conticescens,
2644 1063 2800 1120 Sicut
2834 1065 3077 1127 narravi,
3103 1065 3304 1133 inquit,
3331 1064 3467 1118 satis

1902 1165 2251 1224 perspectum
2297 1169 2404 1208 non
2445 1155 2644 1218 habeo,
2690 1157 2822 1223 quid
2859 1156 3154 1210 verborum
3186 1156 3258 1211 sit
3287 1155 3466 1210 factu—

1899 1261 2020 1313 rus;
2073 1262 2312 1318 auguror
2364 1261 2568 1313 tamen,
2613 1249 2775 1301 molle
2830 1263 2894 1301 ac
2945 1259 3292 1302 mansuetum
3324 1248 3467 1302 nihil

1897 1339 2240 1399 locuturum.
2273 1341 2368 1394 sed
2402 1351 2452 1395 te
2485 1341 2631 1394 velut
2663 1343 2713 1393 in
2744 1341 3012 1405 judicium
3039 1341 3263 1393 arcessi.
3291 1339 3470 1406 Quare

1899 1430 2218 1498 aliquandiu
2279 1432 2674 1499 prmmediteris
2735 1431 2881 1494 licet,
2935 1441 2994 1482 ut
3054 1431 3319 1484 rationem
3379 1445 3470 1482 rc-

1902 1521 2228 1588 posccndus,
2273 1531 2496 1589 paratus
2525 1521 2591 1574 ad
2628 1521 3074 1589 reSpondcmlum
3116 1521 3324 1574 venias.
3373 1520 3477 1574 Ne-

1903 1626 2004 1680 pos
2038 1621 2098 1665 ut
2131 1611 2278 1666 bono
2309 1613 2425 1666 viro
2454 1614 2656 1682 gratias
2689 1629 2876 1682 agens,
2911 1625 2962 1667 et
2998 1613 3277 1682 praemium
3312 1630 3341 1666 a
3368 1613 3408 1666 D
3445 1630 3477 1664 o

1906 1719 2287 1774 comprecans,
2332 1714 2496 1774 atque
2531 1706 2632 1759 ho:
2663 1706 2893 1774 insuper
2921 1706 3154 1768 addens,
3193 1705 3295 1759 sibi
3327 1716 3478 1773 opta-

1908 1803 2019 1847 tum
2059 1794 2193 1860 fore,
2232 1809 2416 1849 coram
2454 1794 2872 1864 multisjudicio
2911 1795 3338 1874 contendentem
3374 1793 3484 1846 cri-

1909 1882 2056 1936 mina
2090 1882 2308 1952 objecta
2349 1881 2620 1945 refellere,
2656 1883 2978 1936 renuntiare
3014 1898 3115 1935 avo
3142 1881 3319 1949 jubet,
3356 1883 3481 1932 mox

1907 1987 1964 2027 se
1993 1971 2316 2026 aﬂuturum.
2347 1971 2910 2041 Apparitor‘divinam
2941 1971 2990 2024 ei
3024 1984 3182 2040 opem
3218 1969 3309 2022 tali
3335 1979 3482 2022 statu

1909 2075 2184 2134 precatus.
2223 2073 2274 2119 et
2329 2073 2388 2118 ut
2445 2065 2836 2133 imperatorem
2885 2071 3200 2126 veneratus,
3255 2059 3482 2116 recedit.

1909 2156 2196 2226 Extemplo
2232 2155 2414 2210 socios
2440 2163 2730 2208 convocat.
2749 2154 2924 2210 Porro
2963 2169 3192 2223 magnus
3223 2155 3488 2209 domesti—

1911 2264 2033 2308 eus,
2071 2247 2442 2302 Tarchaniota
2475 2247 2682 2301 sororis
2724 2247 2888 2316 primi
2940 2247 3222 2300 Michaelis
3251 2249 3487 2314 impera-

1916 2340 2049 2394 toris
2069 2380 2084 2404 ,
2109 2347 2165 2394 et
2198 2340 2430 2409 majoris
2463 2347 2771 2393 matertera!
2798 2355 2908 2393 sua:
2939 2338 3050 2392 [Ilio
3086 2339 3251 2392 rebus
3291 2338 3491 2392 huma-

1915 2431 2001 2484 nis
2030 2441 2244 2500 creplo,
2273 2429 2339 2484 ad
2361 2429 2612 2483 exanime
2635 2445 2836 2498 corpus
2858 2430 3039 2484 luctus
3062 2445 3222 2483 causa
3241 2430 3448 2484 abierat
3474 2448 3488 2483 :

1925 2532 2293 2594 protostrator
2325 2521 2475 2576 domi
2511 2537 2742 2577 manens
2777 2522 2926 2575 illico
2956 2523 3131 2583 adest,
3180 2539 3280 2577 cur
3331 2538 3492 2576 voca-

1920 2627 2006 2668 tus
2031 2615 2104 2669 sit
2130 2614 2349 2685 quaerit.
2388 2614 2569 2684 NPpOS
2598 2623 2651 2666 et
2680 2614 2812 2683 quid
2847 2613 2951 2668 sibi
2996 2615 3067 2668 ab
3120 2630 3223 2669 avo
3259 2615 3490 2668 manda-

1922 2717 2059 2767 tum,
2093 2716 2148 2759 et
2177 2722 2233 2758 se
2268 2720 2419 2758 reum
2453 2706 2636 2768 citari,
2689 2721 2751 2759 ac
2802 2705 2919 2758 sine
2957 2721 3106 2758 mora
3143 2721 3202 2758 se
3231 2706 3488 2759 stituru'u

1922 2797 2109 2852 refert.
2143 2786 2310 2851 Addit
2332 2799 2522 2859 etiam,
2567 2813 2624 2851 se
2665 2798 2931 2866 judicium
2965 2815 3032 2852 ex
3067 2799 3250 2851 animo
3281 2800 3496 2852 subite:-

1923 2904 2067 2952 rum,
2103 2905 2228 2943 cum
2264 2888 2400 2941 nihil
2448 2889 2655 2956 negotii
2701 2889 2770 2942 sit
2811 2891 3129 2950 ostendere.
3169 2900 3283 2944 tum
3314 2906 3372 2943 se
3407 2908 3496 2941 \':t-

1924 2995 2048 3034 care
2101 2981 2250 3033 omni
2304 2979 2570 3044 crimine,
2621 2990 2734 3033 tum
2785 2979 3068 3034 dominum
3102 2991 3154 3035 et
3205 2981 3498 3050 imperato-

1927 3087 2041 3124 rem
2081 3079 2257 3124 semet
2295 3071 2363 3124 de
2398 3070 2632 3140 maligna
2675 3071 2960 3126 voluntate
2994 3087 3089 3124 sua
3127 3073 3316 3126 ulcisci
3360 3071 3496 3140 {99).

250 3167 443 3232 τάχος,
493 3164 756 3233 προσθεὶς
805 3169 902 3218 καὶ
946 3165 1125 3226 τοῦτο,
1159 3166 1231 3228 ὡς
1278 3167 1419 3220 κατά
1481 3165 1706 3237 γνώμην
1762 3166 1827 3220 ἂν
1857 3179 1894 3234 ε

1857 3179 1894 3234 ε
1933 3163 2180 3233 Subjecit
2230 3170 2642 3231 protostrator:
2684 3161 2870 3231 Longe
2910 3164 3046 3216 mihi
3095 3179 3122 3215 ιι
3155 3179 3284 3216 vero
3317 3165 3501 3232 lapsus

249 3255 406 3322 αὐτῷ
431 3257 642 3321 γένοιτο
667 3256 1020 3325 δικασθῆναι,
1057 3257 1406 3326 δυνησομένῳ
1439 3258 1636 3328 ῥᾳδίως
1662 3257 1823 3310 αὑτὸν

258 3348 357 3412 μὲν
395 3346 570 3398 οὐδενὶ
622 3348 730 3398 τῶν
776 3347 1195 3416 ἐγκαλουμένων
1249 3348 1573 3417 ἐνεχόμενον
1608 3350 1826 3401 ἀποδεῖ-

252 3440 367 3503 ξαι,
408 3437 498 3489 τὸν
521 3438 576 3491 δὲ
607 3439 794 3509 κύριον
825 3442 914 3492 καὶ
951 3439 1195 3508 βασιλέα,
1234 3439 1413 3509 ψυχῆς
1447 3441 1578 3504 ἰδίας
1605 3441 1826 3509 θέλησιν

252 3532 599 3585 ἐκδικοῦντα.
650 3533 706 3586 '0
738 3536 1179 3604 πρωτοστράτωρ
1216 3533 1292 3596 δέ,
1330 3535 1476 3588 Πάνυ
1524 3552 1614 3603 μοι
1653 3535 1829 3597 δοκεῖς

253 3624 624 3693 ἁμαρτάνειν,
667 3623 794 3694 ἔφη,
850 3624 944 3676 τοῦ
1005 3625 1178 3686 ὄντος,
1219 3618 1264 3675 ὦ
1315 3623 1576 3694 βασιλεῦ·
1625 3625 1717 3676 καὶ
1755 3625 1828 3686 ὡς

257 3719 461 3778 ἔοικεν,
499 3708 571 3768 ὧν
599 3715 731 3786 πρὸς
758 3717 816 3768 σὲ
850 3718 978 3783 περὶ
1007 3717 1106 3784 τῆς
1131 3716 1384 3782 τοιαύτης
1410 3717 1646 3784 κρίσεως
1678 3721 1703 3768 ό
1739 3718 1832 3786 μέ-

257 3826 357 3874 γας
386 3809 705 3874 δομέστικος
738 3810 958 3878 εἴρηκεν
997 3811 1292 3874 ἐπελάθου,
1325 3810 1360 3862 ἂ
1390 3811 1452 3878 δή
1486 3827 1591 3862 που
1623 3810 1714 3862 κα)⁵
1750 3812 1832 3861 σοὶ

257 3901 516 3966 εἰρῆσθαι
540 3899 659 3950 τότε
691 3903 784 3952 καὶ
816 3902 947 3968 ήιιῖν
975 3901 1150 3970 ὀρθῶς
1178 3900 1376 3953 ἐδόκει.
1413 3902 1512 3953 Σοῦ
1547 3901 1656 3970 γὰρ
1686 3905 1836 3971 είρη-

259 3993 444 4053 κότος,
487 3992 573 4052 Ὧς
603 3991 895 4061 βουλοίμην
924 3993 989 4045 ἂν
1021 3993 1112 4044 ἐπὶ
1135 3992 1229 4045 τοῦ
1271 3993 1532 4063 βασιλέως
1562 3995 1654 4045 καὶ
1686 3993 1834 4046 πάπ-

261 4102 368 4135 που
400 4084 557 4152 δίκης
593 4081 796 4152 τυχὼν,
828 4085 860 4154 ἢ
900 4084 969 4136 τὰ
1017 4086 1338 4153 ἐγκλήματα
1372 4084 1766 4148 ἀπολέσασθαι,
1801 4083 1834 4150 ἢ

257 4174 424 4225 τοῦτο
459 4173 532 4241 μὴ
564 4173 832 4242 δυνηθεὶς,
896 4174 970 4244 μή
1001 4175 1099 4242 τὴν
1154 4173 1435 4242 βασιλείαν
1470 4175 1650 4242 μόνον,
1701 4173 1836 4227 ἀλλά

261 4264 357 4314 καὶ
385 4263 562 4331 αὐτὴν
596 4262 960 4332 ἀφαιρεθῆναι
1010 4262 1176 4332 ζωὴν,
1209 4262 1237 4315 ὃ
1288 4264 1332 4316 δ’
1368 4263 1572 4332 ηὔξατο
1625 4263 1700 4333 μὴ
1726 4262 1836 4326 ζῶν

264 4357 397 4407 ἰδεῖν
429 4354 689 4424 τοιαύτην
718 4355 932 4424 ἡμέραν
963 4356 1017 4406 ἐν
1113 4355 1405 4424 γενήσεταί
1447 4372 1532 4408 σοι
1579 4357 1656 4424 τῷ
1682 4356 1839 4425 βασι-

259 4449 346 4500 λεῖ
373 4449 469 4499 καὶ
490 4447 569 4515 τῷ
603 4449 814 4516 πάππῳ
844 4445 1200 4516 δικαζόμενον
1243 4447 1391 4509 ἰδεῖν,
1434 4449 1493 4498 ού
1519 4449 1624 4519 γὰρ
1653 4449 1834 4518 δίκης,

1929 3256 2157 3319 videris,
2193 3257 2514 3325 imperator,
2545 3265 2712 3325 atque
2747 3264 2805 3308 ut
2835 3256 3134 3309 verisimile
3171 3259 3248 3318 lit,
3281 3272 3401 3325 quae
3431 3257 3501 3310 de

1931 3348 2022 3402 tali
2054 3338 2266 3417 judicio
2299 3363 2327 3400 a
2361 3363 2559 3416 magno
2591 3348 2896 3401 domestico
2919 3348 3201 3412 audivisti,
3223 3348 3332 3418 39
3355 3364 3505 3417 quae.

1930 3455 2037 3506 que
2068 3451 2178 3494 tum
2211 3447 2265 3491 ct
2308 3454 2336 3491 a
2372 3449 2444 3498 te.
2472 3447 2530 3492 et
2556 3454 2585 3492 a
2614 3441 2791 3500 nobis,
2825 3447 2884 3491 ut
2919 3449 3064 3493 recte
3094 3439 3236 3493 dicta
3269 3441 3504 3509 accipie-

1931 3533 2154 3599 bantur,
2194 3547 2386 3584 eorum
2434 3539 2483 3584 te
2521 3532 2810 3600 occupavit
2837 3530 3062 3584 oblivio.
3100 3531 3234 3584 Nam
3284 3547 3408 3584 cum
3447 3544 3503 3586 ιιι

1935 3625 2006 3680 ita
2043 3623 2419 3692 praedicasses.
2457 3623 2597 3676 velle
2630 3630 2703 3685 te,
2737 3625 2780 3676 si
2807 3623 2951 3690 apud
2981 3638 3138 3675 avum
3174 3639 3392 3678 causam
3427 3626 3510 3678 di-

1934 3731 2086 3770 ceres
2106 3755 2119 3778 ,
2149 3726 2240 3768 aut
2267 3714 2482 3783 objecta
2509 3712 2741 3774 diluere,
2775 3723 2891 3777 aut,
2918 3715 2962 3767 si
2993 3714 3043 3766 id
3085 3715 3265 3768 minus
3296 3731 3508 3784 posses,

1937 3821 2045 3860 non
2078 3805 2312 3874 imperio
2346 3813 2584 3866 tantum,
2619 3819 2809 3857 verum
2846 3804 3010 3857 etiam
3041 3804 3152 3858 vita
3180 3819 3391 3866 carere,
3420 3806 3511 3860 ille

1938 3897 2115 3948 emori
2176 3894 2405 3960 optabat
2459 3895 2643 3963 potius
2690 3910 2853 3962 quam
2904 3894 3091 3949 videre
3131 3895 3274 3949 dietn
3333 3897 3510 3959 illiilli,

1939 4001 2048 4053 quo
2081 3993 2136 4037 tu
2168 3983 2379 4053 judicio
2417 3999 2541 4037 cum
2576 4000 2680 4037 avo
2737 3984 3106 4038 contenderes
3159 4003 3172 4038 :
3221 4001 3329 4038 non
3362 3987 3509 4040 enim

1934 4077 2155 4148 judicii,
2187 4077 2281 4130 sed
2317 4075 2799 4130 condemnationis
2835 4075 2982 4129 diem
3018 4091 3208 4130 revera
3236 4077 3514 4144 appellare

1941 4170 2221 4225 convenit.
2254 4168 2391 4223 Cum
2423 4169 2574 4223 enim
2623 4168 2767 4222 idem
2815 4168 2889 4223 sit
2946 4168 3164 4222 futurus
3194 4169 3382 4238 judex,
3419 4170 3516 4238 qui

1951 4267 2262 4326 accusator,
2295 4259 2446 4314 aliud
2499 4258 2883 4313 ratiocinando
2914 4259 3095 4326 colligi
3132 4259 3265 4312 nihil
3314 4268 3514 4327 potest.

1942 4355 2216 4410 Przeterea
2249 4366 2358 4405 non
2385 4352 2458 4406 ita
2489 4361 2574 4405 est
2605 4351 2892 4419 insipiens,
2919 4359 2976 4402 ut
3009 4360 3117 4404 tam
3149 4350 3520 4404 inconsidera-

1947 4454 2000 4500 te
2033 4445 2100 4500 ad
2143 4445 2415 4517 judicium
2448 4443 2679 4507 feratur,
2714 4443 2924 4511 tibique
2970 4454 3185 4510 tempus
3233 4441 3400 4495 etiam
3449 4443 3518 4496 ad

262 4541 570 4606 καταδίκης
602 4539 658 4592 δὲ
691 4539 892 4607 μᾶλλόν
920 4541 1067 4591 ἐστιν
1093 4539 1290 4606 ἀληθὲς
1314 4540 1412 4610 τὴν
1442 4542 1658 4609 ἡμέραν
1675 4558 1818 4609 προσ
1874 4531 1920 4589 ι)

1951 4537 2366 4607 responsionem
2399 4535 2689 4598 concedat,
2717 4549 2829 4600 quo
2855 4543 2950 4587 aut
2977 4533 3326 4586 innocentem
3357 4540 3412 4584 te’
3433 4548 3522 4586 os-
3587 4573 3590 4577 ς

263 4635 444 4684 ειπεῖν
507 4629 744 4698 ἐκείνην.
790 4628 938 4689 Ἐνὸς
994 4628 1104 4698 γάρ
1154 4627 1306 4690 ὃντος
1377 4628 1472 4681 τοῦ
1527 4629 1842 4692 δικάζοντος

264 4725 361 4774 καὶ
405 4720 500 4772 τοῦ
536 4717 990 4789 κατηγοροῦντος,
1023 4717 1175 4770 οὐδὲν
1230 4717 1358 4770 ἄλλο
1413 4718 1660 4771 λείπεται
1722 4735 1849 4771 συν-

266 4813 670 4879 ά,ἐιν.“Ἀλλως
699 4812 743 4864 τ’
782 4811 903 4864 οὐδὲ
934 4811 1044 4863 τῶν
1078 4812 1321 4882 ἀνοήτων
1349 4813 1376 4863 ὁ
1403 4811 1682 4880 βασιλεὺς.
1711 4809 1844 4862 ὥσθ’

265 4908 444 4968 οὓτως
476 4903 901 4976 ἀπερισκέπτως
932 4901 1242 4971 ὁρμηθῆναι
1269 4903 1403 4971 πρὸς
1444 4903 1542 4972 τὴν
1571 4903 1746 4971 δίκην,
1771 4903 1845 4965 ὡς

269 4999 366 5051 καὶ
406 4997 609 5066 καιρὸν
633 4993 930 5062 ἀπολογίας
974 5009 1056 5044 σοι
1107 4993 1428 5061 παρασχεῖν,
1462 4993 1613 5060 καὶῆ
1651 4995 1720 5043 τά
1752 4995 1840 5052 ἐγ-

269 5089 532 5157 κλήματα
583 5083 979 5147 ἀπολύσασθαι,
1025 5082 1058 5151 ἢ
1098 5085 1192 5134 καὶ
1244 5082 1600 5148 ἀδικούμενον
1646 5081 1839 5134 ἐαυτὸν

270 5171 554 5235 ἀποδεῖξαι
581 5187 596 5201 ⁶
633 5171 766 5223 ἀλλά
796 5169 1019 5239 βαθείας
1041 5167 1116 5222 ὣν
1145 5170 1238 5222 καὶ
1270 5168 1514 5237 συνετῆς,
1554 5169 1628 5232 ὡς
1661 5170 1843 5238 ἴσμεν,

277 5265 498 5334 φρενὸς,
527 5263 624 5316 καὶ
650 5263 820 5325 δεινὸς
852 5261 1143 5331 πράγμασι
1181 5261 1442 5330 χρῆσθαι,
1473 5260 1585 5312 τότ’
1629 5263 1720 5313 ἐπὶ
1747 5262 1846 5329 τῆς

272 5359 434 5426 δίκης
498 5371 558 5406 σε
621 5356 975 5423 καταστήσει,
1027 5353 1116 5405 ὅτε
1168 5353 1304 5422 πρὸς
1351 5352 1412 5405 τὸ
1460 5353 1611 5424 αὐτῷ
1658 5353 1848 5408 δοκοῦν

275 5453 456 5506 πάντα
519 5444 1202 5520 προκατασκευασάμενος,
1253 5445 1469 5507 οὐδενος
1520 5445 1681 5498 ἄλλευ
1741 5446 1851 5498 λεί-

1948 4631 2162 4694 tendas,
2191 4632 2235 4684 si
2274 4630 2435 4692 bene,
2497 4636 2592 4682 aut
2624 4636 2936 4688 nocentem,
2972 4626 3015 4678 si
3057 4626 3196 4680 male
3228 4625 3524 4693 responde-

1948 4724 2059 4787 ris;
2090 4722 2183 4775 sed
2215 4737 2340 4775 cum
2379 4721 2470 4784 sit,
2505 4719 2649 4788 quod
2682 4720 2912 4777 scimus.
2951 4717 3231 4786 praestanti
3274 4717 3519 4786 pruden-

1954 4813 2048 4873 tia,
2075 4820 2131 4865 et
2162 4827 2344 4865 rerum
2371 4809 2736 4879 gerendarum
2784 4809 3036 4869 callidus,
3065 4818 3178 4861 tum
3215 4808 3434 4862 demum
3466 4809 3518 4861 in

1946 4904 2215 4974 judicium
2265 4912 2317 4956 te
2362 4902 2622 4964 adducet,
2662 4901 2884 4970 quando
2913 4903 3034 4970 ejus
3061 4901 3335 4954 arbitratu
3382 4917 3520 4968 prae-

1952 4992 2181 5046 structis
2209 4991 2491 5052 omnibus,
2524 5006 2694 5043 unum
2741 4990 2846 5044 hoc
2879 4991 3130 5050 restabit,
3163 5001 3224 5043 ut
3247 4996 3517 5043 sententia

1948 5082 2014 5136 de
2047 5093 2118 5146 te,
2188 5090 2448 5150 tanquam
2489 5081 2556 5135 de
2601 5081 3156 5135 sceleratissimorum
3215 5083 3518 5136 facinorum

1954 5172 2267 5239 manifesto,
2295 5181 2350 5226 et
2379 5172 2449 5225 ob
2485 5171 2537 5225 id
2567 5173 2856 5241 quibusvis
2890 5173 3178 5241 suppliciis
3224 5174 3518 5226 excarniﬁ-

1949 5265 2126 5319 cando
2172 5266 2256 5327 (ut
2301 5265 2378 5318 sic
2414 5263 2558 5333 apud
2593 5273 2813 5319 exteros
2849 5264 3014 5316 etiam
3046 5263 3274 5334 justitiae
3302 5265 3520 5331 Opinio-

1952 5373 2074 5412 nem
2112 5357 2346 5422 auferat)
2375 5354 2783 5423 pronuntietur.
2817 5354 2941 5409 Hmc
2995 5355 3103 5410 illis
3141 5356 3196 5410 in
3243 5355 3523 5424 colloquio

1954 5447 2313 5516 agitantibus,
2345 5461 2475 5502 ecce
2521 5447 2663 5501 alius
2711 5446 2780 5501 ab
2830 5447 3165 5517 imperatore
3216 5429 3527 5517 apparitor,

1543 5562 1759 5625 Jacobi
1793 5563 2056 5626 Pontani
2092 5571 2278 5626 notua.

351 5692 466 5773 (ιιιη
509 5691 582 5746 Ut
626 5689 760 5744 facit
805 5703 974 5744 senex
1014 5689 1160 5760 apud
1193 5688 1539 5755 Terentium,
1588 5691 1643 5744 in
1680 5691 1854 5747 Heau-

283 5772 720 5815 tontimorumeno
753 5775 770 5814 .'

386 5833 595 5887 Interea
631 5847 790 5900 usque
818 5829 897 5883 illi
932 5831 993 5885 de
1025 5847 1101 5884 mc
1128 5829 1442 5899 supplicium
1470 5831 1624 5886 dabo.

1963 5692 2069 5748 Sed
2101 5693 2262 5746 aliam
2297 5692 2367 5745 ob
2410 5705 2632 5745 causam
2667 5689 2780 5755 ille,
2819 5701 2874 5745 et
2906 5692 2977 5745 ob
3020 5690 3182 5745 aliam
3221 5691 3340 5748 iste.
3382 5693 3529 5748 Pre-

1965 5774 2133 5830 terea,
2165 5763 2254 5817 ille
2280 5763 2464 5818 volens
2496 5776 2559 5816 ac
2585 5761 2848 5831 prudens,
2880 5761 2968 5816 hic.
2997 5762 3224 5836 invitus.
