  <div class='ocr_page' id='page_1' title='image "/cluster/home/n/w/nwhite01/storage/ocr_20150623/153/nnc1.0046981039/071.png"; bbox 0 0 4222 6442; ppageno 0'>
   <div class='ocr_carea' id='block_1_1' title="bbox 757 435 860 499">
    <p class='ocr_par' dir='ltr' id='par_1_1' title="bbox 757 435 860 499">
     <span class='ocr_line' id='line_1_1' title="bbox 757 435 860 499; baseline 0 -1"><span class='ocrx_word' id='word_1_1' title='bbox 757 435 860 499; x_wconf 72' lang='grc'><strong>1⁵27</strong></span> 
     </span>
    </p>
   </div>
   <div class='ocr_carea' id='block_1_2' title="bbox 1927 438 2868 502">
    <p class='ocr_par' dir='ltr' id='par_1_2' title="bbox 1927 438 2868 502">
     <span class='ocr_line' id='line_1_2' title="bbox 1927 438 2868 502; baseline 0.001 -1"><span class='ocrx_word' id='word_1_2' title='bbox 1927 441 2170 501; x_wconf 74' lang='grc' dir='ltr'><strong>1ΟᾹΝΝ</strong></span> <span class='ocrx_word' id='word_1_3' title='bbox 2185 441 2253 499; x_wconf 90' lang='lat' dir='ltr'><strong>lS</strong></span> <span class='ocrx_word' id='word_1_4' title='bbox 2293 440 2380 498; x_wconf 84' lang='lat' dir='ltr'><strong>CA</strong></span> <span class='ocrx_word' id='word_1_5' title='bbox 2393 438 2821 502; x_wconf 74' lang='lat' dir='ltr'><strong>NTACUZENI</strong></span> <span class='ocrx_word' id='word_1_6' title='bbox 2861 495 2868 502; x_wconf 91' lang='lat'><strong>.</strong></span> 
     </span>
    </p>
   </div>
   <div class='ocr_carea' id='block_1_3' title="bbox 3899 437 4006 500">
    <p class='ocr_par' dir='ltr' id='par_1_3' title="bbox 3899 437 4006 500">
     <span class='ocr_line' id='line_1_3' title="bbox 3899 437 4006 500; baseline -0.009 0"><span class='ocrx_word' id='word_1_7' title='bbox 3899 437 4006 500; x_wconf 72' lang='lat'><strong>128</strong></span> 
     </span>
    </p>
   </div>
   <div class='ocr_carea' id='block_1_4' title="bbox 755 538 2335 622">
    <p class='ocr_par' dir='ltr' id='par_1_4' title="bbox 755 553 2335 622">
     <span class='ocr_line' id='line_1_4' title="bbox 755 553 2335 622; baseline 0 -17"><span class='ocrx_word' id='word_1_8' title='bbox 755 556 820 605; x_wconf 81' lang='lat' dir='ltr'><strong>ad</strong></span> <span class='ocrx_word' id='word_1_9' title='bbox 868 568 1036 607; x_wconf 90' lang='lat' dir='ltr'><strong>unum</strong></span> <span class='ocrx_word' id='word_1_10' title='bbox 1066 555 1217 608; x_wconf 87' lang='lat' dir='ltr'><strong>viros</strong></span> <span class='ocrx_word' id='word_1_11' title='bbox 1255 553 1446 617; x_wconf 89' lang='lat' dir='ltr'><strong>fortes,</strong></span> <span class='ocrx_word' id='word_1_12' title='bbox 1479 564 1532 608; x_wconf 91' lang='lat' dir='ltr'><strong>et</strong></span> <span class='ocrx_word' id='word_1_13' title='bbox 1569 553 1635 607; x_wconf 88' lang='lat' dir='ltr'><strong>ad</strong></span> <span class='ocrx_word' id='word_1_14' title='bbox 1667 553 2022 622; x_wconf 75' lang='lat' dir='ltr'><strong>przcliandnm</strong></span> <span class='ocrx_word' id='word_1_15' title='bbox 2067 555 2335 607; x_wconf 79' lang='lat' dir='ltr'><strong>exercita-</strong></span> 
     </span>
    </p>
   </div>
   <div class='ocr_carea' id='block_1_5' title="bbox 2427 538 4009 622">
    <p class='ocr_par' dir='ltr' id='par_1_5' title="bbox 2435 538 4009 621">
     <span class='ocr_line' id='line_1_5' title="bbox 2435 538 4009 621; baseline -0.004 -19"><span class='ocrx_word' id='word_1_16' title='bbox 2435 551 2595 620; x_wconf 89' lang='grc' dir='ltr'>δίκης</span> <span class='ocrx_word' id='word_1_17' title='bbox 2625 553 2652 602; x_wconf 84' lang='grc' dir='ltr'><strong>ὁ</strong></span> <span class='ocrx_word' id='word_1_18' title='bbox 2677 548 2934 618; x_wconf 75' lang='grc' dir='ltr'>βασιλεὺς</span> <span class='ocrx_word' id='word_1_19' title='bbox 2981 549 3374 618; x_wconf 80' lang='grc' dir='ltr'>ὑπερϐήσεται.</span> <span class='ocrx_word' id='word_1_20' title='bbox 3409 547 3481 601; x_wconf 78' lang='grc' dir='ltr'><strong>Τὸ</strong></span> <span class='ocrx_word' id='word_1_21' title='bbox 3511 548 3558 600; x_wconf 78' lang='grc' dir='ltr'>δ’</span> <span class='ocrx_word' id='word_1_22' title='bbox 3599 549 3698 601; x_wconf 79' lang='grc' dir='ltr'><strong>οὐκ</strong></span> <span class='ocrx_word' id='word_1_23' title='bbox 3724 538 3872 621; x_wconf 75' lang='grc' dir='ltr'>εἶχεν</span> <span class='ocrx_word' id='word_1_24' title='bbox 3913 554 4009 606; x_wconf 79' lang='grc' dir='ltr'>οῦ-</span> 
     </span>
    </p>
   </div>
   <div class='ocr_carea' id='block_1_6' title="bbox 757 644 2330 714">
    <p class='ocr_par' dir='ltr' id='par_1_6' title="bbox 757 644 2330 714">
     <span class='ocr_line' id='line_1_6' title="bbox 757 644 2330 714; baseline 0.002 -18"><span class='ocrx_word' id='word_1_25' title='bbox 757 654 861 707; x_wconf 89' lang='lat' dir='ltr'><strong>los,</strong></span> <span class='ocrx_word' id='word_1_26' title='bbox 892 645 937 698; x_wconf 88' lang='lat' dir='ltr'><strong>si</strong></span> <span class='ocrx_word' id='word_1_27' title='bbox 968 644 1284 698; x_wconf 90' lang='lat' dir='ltr'><strong>abeundum</strong></span> <span class='ocrx_word' id='word_1_28' title='bbox 1316 644 1410 704; x_wconf 88' lang='lat' dir='ltr'><strong>sit.</strong></span> <span class='ocrx_word' id='word_1_29' title='bbox 1451 645 1618 698; x_wconf 88' lang='lat' dir='ltr'><strong>etiam</strong></span> <span class='ocrx_word' id='word_1_30' title='bbox 1650 645 1858 712; x_wconf 80' lang='lat' dir='ltr'><strong>plures,</strong></span> <span class='ocrx_word' id='word_1_31' title='bbox 1895 654 1950 698; x_wconf 90' lang='lat' dir='ltr'><strong>et</strong></span> <span class='ocrx_word' id='word_1_32' title='bbox 1987 645 2202 714; x_wconf 79' lang='lat' dir='ltr'><strong>ignotos</strong></span> <span class='ocrx_word' id='word_1_33' title='bbox 2237 661 2330 699; x_wconf 90' lang='lat' dir='ltr'><strong>ac-</strong></span> 
     </span>
    </p>
   </div>
   <div class='ocr_carea' id='block_1_7' title="bbox 753 735 2332 804">
    <p class='ocr_par' dir='ltr' id='par_1_7' title="bbox 753 735 2332 804">
     <span class='ocr_line' id='line_1_7' title="bbox 753 735 2332 804; baseline 0.003 -18"><span class='ocrx_word' id='word_1_34' title='bbox 753 750 1020 790; x_wconf 77' lang='lat' dir='ltr'><strong>enrsuros</strong></span> <span class='ocrx_word' id='word_1_35' title='bbox 1053 753 1066 788; x_wconf 92' lang='lat'>:</span> <span class='ocrx_word' id='word_1_36' title='bbox 1100 735 1168 788; x_wconf 88' lang='lat' dir='ltr'><strong>de</strong></span> <span class='ocrx_word' id='word_1_37' title='bbox 1198 735 1304 800; x_wconf 78' lang='lat' dir='ltr'><strong>his,</strong></span> <span class='ocrx_word' id='word_1_38' title='bbox 1343 737 1590 804; x_wconf 89' lang='lat' dir='ltr'><strong>inquam,</strong></span> <span class='ocrx_word' id='word_1_39' title='bbox 1621 736 1732 790; x_wconf 83' lang='lat' dir='ltr'><strong>illis</strong></span> <span class='ocrx_word' id='word_1_40' title='bbox 1757 752 2066 791; x_wconf 87' lang='lat' dir='ltr'><strong>sermonem</strong></span> <span class='ocrx_word' id='word_1_41' title='bbox 2099 736 2332 791; x_wconf 63' lang='lat' dir='ltr'><strong>miscem</strong></span> 
     </span>
    </p>
   </div>
   <div class='ocr_carea' id='block_1_8' title="bbox 756 823 2332 897">
    <p class='ocr_par' dir='ltr' id='par_1_8' title="bbox 756 823 2332 897">
     <span class='ocr_line' id='line_1_8' title="bbox 756 823 2332 897; baseline 0.003 -22"><span class='ocrx_word' id='word_1_42' title='bbox 756 824 923 886; x_wconf 91' lang='lat' dir='ltr'><strong>tibus,</strong></span> <span class='ocrx_word' id='word_1_43' title='bbox 957 823 1238 892; x_wconf 89' lang='lat' dir='ltr'><strong>Deumque</strong></span> <span class='ocrx_word' id='word_1_44' title='bbox 1269 827 1646 894; x_wconf 82' lang='lat' dir='ltr'><strong>precantibus.</strong></span> <span class='ocrx_word' id='word_1_45' title='bbox 1676 827 1782 897; x_wconf 67' lang='grc'><strong>43</strong></span> <span class='ocrx_word' id='word_1_46' title='bbox 1805 827 2074 896; x_wconf 87' lang='lat' dir='ltr'><strong>judicium</strong></span> <span class='ocrx_word' id='word_1_47' title='bbox 2105 827 2332 894; x_wconf 84' lang='lat' dir='ltr'><strong>amplia-</strong></span> 
     </span>
    </p>
   </div>
   <div class='ocr_carea' id='block_1_9' title="bbox 755 915 2326 988">
    <p class='ocr_par' dir='ltr' id='par_1_9' title="bbox 755 915 2326 988">
     <span class='ocr_line' id='line_1_9' title="bbox 755 915 2326 988; baseline 0.005 -23"><span class='ocrx_word' id='word_1_48' title='bbox 755 925 858 980; x_wconf 90' lang='lat' dir='ltr'><strong>rct,</strong></span> <span class='ocrx_word' id='word_1_49' title='bbox 904 915 1082 983; x_wconf 91' lang='lat' dir='ltr'><strong>quoad</strong></span> <span class='ocrx_word' id='word_1_50' title='bbox 1129 915 1435 982; x_wconf 85' lang='lat' dir='ltr'><strong>coiissent,</strong></span> <span class='ocrx_word' id='word_1_51' title='bbox 1489 919 1582 986; x_wconf 88' lang='lat' dir='ltr'><strong>qui</strong></span> <span class='ocrx_word' id='word_1_52' title='bbox 1646 935 1745 988; x_wconf 88' lang='lat' dir='ltr'><strong>pro</strong></span> <span class='ocrx_word' id='word_1_53' title='bbox 1799 920 1935 987; x_wconf 80' lang='lat' dir='ltr'><strong>ipsis</strong></span> <span class='ocrx_word' id='word_1_54' title='bbox 1991 920 2326 973; x_wconf 71' lang='lat' dir='ltr'><strong>dccortaturi</strong></span> 
     </span>
    </p>
   </div>
   <div class='ocr_carea' id='block_1_10' title="bbox 753 1007 2330 1071">
    <p class='ocr_par' dir='ltr' id='par_1_10' title="bbox 753 1007 2330 1071">
     <span class='ocr_line' id='line_1_10' title="bbox 753 1007 2330 1071; baseline 0.005 -14"><span class='ocrx_word' id='word_1_55' title='bbox 753 1007 1140 1071; x_wconf 76' lang='lat' dir='ltr'><strong>sperabantur,</strong></span> <span class='ocrx_word' id='word_1_56' title='bbox 1192 1009 1362 1062; x_wconf 91' lang='lat' dir='ltr'><strong>missu</strong></span> <span class='ocrx_word' id='word_1_57' title='bbox 1415 1011 1502 1064; x_wconf 89' lang='lat' dir='ltr'><strong>avi</strong></span> <span class='ocrx_word' id='word_1_58' title='bbox 1551 1011 1706 1064; x_wconf 84' lang='lat' dir='ltr'><strong>adest</strong></span> <span class='ocrx_word' id='word_1_59' title='bbox 1759 1011 2050 1066; x_wconf 86' lang='lat' dir='ltr'><strong>eunuchus</strong></span> <span class='ocrx_word' id='word_1_60' title='bbox 2099 1013 2330 1068; x_wconf 82' lang='lat' dir='ltr'><strong>Michael</strong></span> 
     </span>
    </p>
   </div>
   <div class='ocr_carea' id='block_1_11' title="bbox 751 1096 2333 1177">
    <p class='ocr_par' dir='ltr' id='par_1_11' title="bbox 751 1096 2333 1177">
     <span class='ocr_line' id='line_1_11' title="bbox 751 1096 2333 1177; baseline 0.007 -27"><span class='ocrx_word' id='word_1_61' title='bbox 751 1096 1132 1152; x_wconf 85' lang='lat' dir='ltr'><strong>Callicrenites</strong></span> <span class='ocrx_word' id='word_1_62' title='bbox 1155 1116 1170 1165; x_wconf 89' lang='lat'><strong>;</strong></span> <span class='ocrx_word' id='word_1_63' title='bbox 1197 1109 1252 1153; x_wconf 82' lang='lat' dir='ltr'><strong>et</strong></span> <span class='ocrx_word' id='word_1_64' title='bbox 1286 1103 1603 1170; x_wconf 81' lang='lat' dir='ltr'><strong>priusquam</strong></span> <span class='ocrx_word' id='word_1_65' title='bbox 1665 1118 1855 1156; x_wconf 83' lang='lat' dir='ltr'><strong>vocem</strong></span> <span class='ocrx_word' id='word_1_66' title='bbox 1889 1105 2036 1168; x_wconf 90' lang='lat' dir='ltr'><strong>edat,</strong></span> <span class='ocrx_word' id='word_1_67' title='bbox 2077 1107 2333 1177; x_wconf 83' lang='lat' dir='ltr'><strong>lacrymis</strong></span> 
     </span>
    </p>
   </div>
   <div class='ocr_carea' id='block_1_12' title="bbox 753 1183 2335 1262">
    <p class='ocr_par' dir='ltr' id='par_1_12' title="bbox 753 1183 2335 1262">
     <span class='ocr_line' id='line_1_12' title="bbox 753 1183 2335 1262; baseline 0.008 -22"><span class='ocrx_word' id='word_1_68' title='bbox 753 1183 1162 1258; x_wconf 72' lang='lat' dir='ltr'><strong>gemitibusque</strong></span> <span class='ocrx_word' id='word_1_69' title='bbox 1202 1191 1500 1243; x_wconf 85' lang='lat' dir='ltr'><strong>infaustum</strong></span> <span class='ocrx_word' id='word_1_70' title='bbox 1546 1208 1604 1246; x_wconf 89' lang='lat' dir='ltr'><strong>se</strong></span> <span class='ocrx_word' id='word_1_71' title='bbox 1634 1204 1925 1262; x_wconf 87' lang='lat' dir='ltr'><strong>apportare</strong></span> <span class='ocrx_word' id='word_1_72' title='bbox 1957 1197 2211 1250; x_wconf 89' lang='lat' dir='ltr'><strong>nuntium</strong></span> <span class='ocrx_word' id='word_1_73' title='bbox 2243 1212 2335 1252; x_wconf 86' lang='lat' dir='ltr'><strong>os-</strong></span> 
     </span>
    </p>
   </div>
   <div class='ocr_carea' id='block_1_13' title="bbox 755 1279 2331 1350">
    <p class='ocr_par' dir='ltr' id='par_1_13' title="bbox 755 1279 2331 1350">
     <span class='ocr_line' id='line_1_13' title="bbox 755 1279 2331 1350; baseline 0.008 -20"><span class='ocrx_word' id='word_1_74' title='bbox 755 1279 951 1332; x_wconf 80' lang='lat' dir='ltr'><strong>tendit.</strong></span> <span class='ocrx_word' id='word_1_75' title='bbox 999 1279 1203 1334; x_wconf 85' lang='lat' dir='ltr'><strong>Deinde</strong></span> <span class='ocrx_word' id='word_1_76' title='bbox 1248 1281 1529 1350; x_wconf 65' lang='lat' dir='ltr'><strong>priefatus,</strong></span> <span class='ocrx_word' id='word_1_77' title='bbox 1581 1285 1840 1338; x_wconf 81' lang='lat' dir='ltr'><strong>maluisse</strong></span> <span class='ocrx_word' id='word_1_78' title='bbox 1881 1301 1941 1340; x_wconf 87' lang='lat' dir='ltr'><strong>se</strong></span> <span class='ocrx_word' id='word_1_79' title='bbox 1994 1288 2189 1341; x_wconf 86' lang='lat' dir='ltr'><strong>tellure</strong></span> <span class='ocrx_word' id='word_1_80' title='bbox 2224 1289 2331 1342; x_wconf 90' lang='lat' dir='ltr'><strong>ima</strong></span> 
     </span>
    </p>
   </div>
   <div class='ocr_carea' id='block_1_14' title="bbox 752 1368 2334 1448">
    <p class='ocr_par' dir='ltr' id='par_1_14' title="bbox 752 1368 2334 1448">
     <span class='ocr_line' id='line_1_14' title="bbox 752 1368 2334 1448; baseline 0.009 -30"><span class='ocrx_word' id='word_1_81' title='bbox 752 1368 854 1420; x_wconf 77' lang='lat' dir='ltr'><strong>sibi</strong></span> <span class='ocrx_word' id='word_1_82' title='bbox 898 1368 1217 1424; x_wconf 90' lang='lat' dir='ltr'><strong>dehiscente</strong></span> <span class='ocrx_word' id='word_1_83' title='bbox 1259 1372 1324 1423; x_wconf 89' lang='lat' dir='ltr'><strong>ad</strong></span> <span class='ocrx_word' id='word_1_84' title='bbox 1363 1373 1548 1426; x_wconf 79' lang='lat' dir='ltr'><strong>Manes</strong></span> <span class='ocrx_word' id='word_1_85' title='bbox 1591 1374 1928 1429; x_wconf 86' lang='lat' dir='ltr'><strong>descendere</strong></span> <span class='ocrx_word' id='word_1_86' title='bbox 1971 1377 2071 1448; x_wconf 84' lang='lat'><strong>(6).</strong></span> <span class='ocrx_word' id='word_1_87' title='bbox 2123 1389 2180 1432; x_wconf 89' lang='lat' dir='ltr'><strong>et</strong></span> <span class='ocrx_word' id='word_1_88' title='bbox 2233 1377 2334 1432; x_wconf 87' lang='lat' dir='ltr'><strong>hac</strong></span> 
     </span>
    </p>
   </div>
   <div class='ocr_carea' id='block_1_15' title="bbox 747 1459 2332 1535">
    <p class='ocr_par' dir='ltr' id='par_1_15' title="bbox 747 1459 2332 1535">
     <span class='ocr_line' id='line_1_15' title="bbox 747 1459 2332 1535; baseline 0.008 -25"><span class='ocrx_word' id='word_1_89' title='bbox 747 1459 1156 1528; x_wconf 81' lang='lat' dir='ltr'><strong>jucundissima</strong></span> <span class='ocrx_word' id='word_1_90' title='bbox 1193 1462 1314 1516; x_wconf 90' lang='lat' dir='ltr'><strong>luce</strong></span> <span class='ocrx_word' id='word_1_91' title='bbox 1363 1465 1588 1532; x_wconf 89' lang='lat' dir='ltr'><strong>privari,</strong></span> <span class='ocrx_word' id='word_1_92' title='bbox 1623 1481 1789 1535; x_wconf 89' lang='lat' dir='ltr'><strong>quam</strong></span> <span class='ocrx_word' id='word_1_93' title='bbox 1832 1469 1968 1521; x_wconf 81' lang='lat' dir='ltr'><strong>adeo</strong></span> <span class='ocrx_word' id='word_1_94' title='bbox 2002 1471 2142 1523; x_wconf 89' lang='lat' dir='ltr'><strong>mala</strong></span> <span class='ocrx_word' id='word_1_95' title='bbox 2187 1486 2332 1523; x_wconf 90' lang='lat' dir='ltr'><strong>nun-</strong></span> 
     </span>
    </p>
   </div>
   <div class='ocr_carea' id='block_1_16' title="bbox 756 1551 2334 1625">
    <p class='ocr_par' dir='ltr' id='par_1_16' title="bbox 756 1551 2334 1625">
     <span class='ocr_line' id='line_1_16' title="bbox 756 1551 2334 1625; baseline 0.008 -22"><span class='ocrx_word' id='word_1_96' title='bbox 756 1553 892 1606; x_wconf 87' lang='lat' dir='ltr'><strong>tiare</strong></span> <span class='ocrx_word' id='word_1_97' title='bbox 921 1569 935 1604; x_wconf 75' lang='grc' dir='ltr'><strong>ε</strong></span> <span class='ocrx_word' id='word_1_98' title='bbox 978 1551 1261 1616; x_wconf 83' lang='lat' dir='ltr'><strong>Dominus,</strong></span> <span class='ocrx_word' id='word_1_99' title='bbox 1293 1555 1492 1624; x_wconf 80' lang='lat' dir='ltr'><strong>inquit.</strong></span> <span class='ocrx_word' id='word_1_100' title='bbox 1524 1567 1580 1610; x_wconf 89' lang='lat' dir='ltr'><strong>et</strong></span> <span class='ocrx_word' id='word_1_101' title='bbox 1610 1557 1909 1625; x_wconf 83' lang='lat' dir='ltr'><strong>imperator</strong></span> <span class='ocrx_word' id='word_1_102' title='bbox 1943 1575 2077 1615; x_wconf 87' lang='lat' dir='ltr'><strong>avus</strong></span> <span class='ocrx_word' id='word_1_103' title='bbox 2118 1571 2245 1616; x_wconf 87' lang='lat' dir='ltr'><strong>tuus</strong></span> <span class='ocrx_word' id='word_1_104' title='bbox 2282 1571 2334 1616; x_wconf 88' lang='lat' dir='ltr'><strong>te</strong></span> 
     </span>
    </p>
   </div>
   <div class='ocr_carea' id='block_1_17' title="bbox 752 1643 2334 1722">
    <p class='ocr_par' dir='ltr' id='par_1_17' title="bbox 752 1643 2334 1722">
     <span class='ocr_line' id='line_1_17' title="bbox 752 1643 2334 1722; baseline 0.009 -29"><span class='ocrx_word' id='word_1_105' title='bbox 752 1643 817 1694; x_wconf 92' lang='lat' dir='ltr'><strong>ad</strong></span> <span class='ocrx_word' id='word_1_106' title='bbox 851 1658 1071 1696; x_wconf 83' lang='lat' dir='ltr'><strong>causam</strong></span> <span class='ocrx_word' id='word_1_107' title='bbox 1104 1643 1394 1698; x_wconf 82' lang='lat' dir='ltr'><strong>d&#39;cendam</strong></span> <span class='ocrx_word' id='word_1_108' title='bbox 1426 1659 1603 1701; x_wconf 90' lang='lat' dir='ltr'><strong>vocat.</strong></span> <span class='ocrx_word' id='word_1_109' title='bbox 1639 1648 1776 1702; x_wconf 86' lang='lat' dir='ltr'><strong>Tum</strong></span> <span class='ocrx_word' id='word_1_110' title='bbox 1807 1650 1898 1704; x_wconf 89' lang='lat' dir='ltr'><strong>ille</strong></span> <span class='ocrx_word' id='word_1_111' title='bbox 1925 1668 1937 1703; x_wconf 92' lang='lat'><strong>:</strong></span> <span class='ocrx_word' id='word_1_112' title='bbox 1966 1651 2119 1706; x_wconf 84' lang='lat' dir='ltr'><strong>llaud</strong></span> <span class='ocrx_word' id='word_1_113' title='bbox 2143 1669 2334 1722; x_wconf 88' lang='lat' dir='ltr'><strong>asper-</strong></span> 
     </span>
    </p>
   </div>
   <div class='ocr_carea' id='block_1_18' title="bbox 755 1736 2335 1816">
    <p class='ocr_par' dir='ltr' id='par_1_18' title="bbox 755 1736 2335 1816">
     <span class='ocr_line' id='line_1_18' title="bbox 755 1736 2335 1816; baseline 0.01 -29"><span class='ocrx_word' id='word_1_114' title='bbox 755 1736 994 1789; x_wconf 84' lang='lat' dir='ltr'><strong>nandum</strong></span> <span class='ocrx_word' id='word_1_115' title='bbox 1026 1746 1129 1790; x_wconf 73' lang='lat' dir='ltr'><strong>tua:</strong></span> <span class='ocrx_word' id='word_1_116' title='bbox 1159 1737 1210 1790; x_wconf 92' lang='lat' dir='ltr'><strong>in</strong></span> <span class='ocrx_word' id='word_1_117' title='bbox 1249 1754 1332 1792; x_wconf 91' lang='lat' dir='ltr'><strong>me</strong></span> <span class='ocrx_word' id='word_1_118' title='bbox 1357 1742 1741 1808; x_wconf 87' lang='lat' dir='ltr'><strong>propensionis</strong></span> <span class='ocrx_word' id='word_1_119' title='bbox 1778 1745 2176 1810; x_wconf 81' lang='lat' dir='ltr'><strong>testimonium,</strong></span> <span class='ocrx_word' id='word_1_120' title='bbox 2199 1763 2335 1816; x_wconf 85' lang='lat' dir='ltr'><strong>quas</strong></span> 
     </span>
    </p>
   </div>
   <div class='ocr_carea' id='block_1_19' title="bbox 751 1827 2333 1902">
    <p class='ocr_par' dir='ltr' id='par_1_19' title="bbox 751 1827 2333 1902">
     <span class='ocr_line' id='line_1_19' title="bbox 751 1827 2333 1902; baseline 0.011 -24"><span class='ocrx_word' id='word_1_121' title='bbox 751 1827 934 1882; x_wconf 83' lang='lat' dir='ltr'><strong>fundis</strong></span> <span class='ocrx_word' id='word_1_122' title='bbox 979 1830 1292 1898; x_wconf 77' lang='lat' dir='ltr'><strong>laerymas:</strong></span> <span class='ocrx_word' id='word_1_123' title='bbox 1335 1842 1536 1892; x_wconf 90' lang='lat' dir='ltr'><strong>tamen,</strong></span> <span class='ocrx_word' id='word_1_124' title='bbox 1589 1834 1720 1902; x_wconf 92' lang='lat' dir='ltr'><strong>quid</strong></span> <span class='ocrx_word' id='word_1_125' title='bbox 1759 1837 1831 1889; x_wconf 87' lang='lat' dir='ltr'><strong>ita</strong></span> <span class='ocrx_word' id='word_1_126' title='bbox 1865 1835 1984 1900; x_wconf 82' lang='lat' dir='ltr'><strong>ﬂes,</strong></span> <span class='ocrx_word' id='word_1_127' title='bbox 2029 1853 2155 1892; x_wconf 91' lang='lat' dir='ltr'><strong>cum</strong></span> <span class='ocrx_word' id='word_1_128' title='bbox 2201 1856 2333 1896; x_wconf 84' lang='lat' dir='ltr'><strong>nec-</strong></span> 
     </span>
    </p>
   </div>
   <div class='ocr_carea' id='block_1_20' title="bbox 752 1917 2333 1999">
    <p class='ocr_par' dir='ltr' id='par_1_20' title="bbox 752 1917 2333 1999">
     <span class='ocr_line' id='line_1_20' title="bbox 752 1917 2333 1999; baseline 0.013 -32"><span class='ocrx_word' id='word_1_129' title='bbox 752 1917 881 1968; x_wconf 81' lang='lat' dir='ltr'><strong>dum</strong></span> <span class='ocrx_word' id='word_1_130' title='bbox 926 1931 1158 1974; x_wconf 86' lang='lat' dir='ltr'><strong>eventus</strong></span> <span class='ocrx_word' id='word_1_131' title='bbox 1211 1923 1436 1987; x_wconf 87' lang='lat' dir='ltr'><strong>pateat?</strong></span> <span class='ocrx_word' id='word_1_132' title='bbox 1489 1923 1628 1978; x_wconf 81' lang='lat' dir='ltr'><strong>Fieri</strong></span> <span class='ocrx_word' id='word_1_133' title='bbox 1680 1927 1953 1994; x_wconf 88' lang='lat' dir='ltr'><strong>siquidem</strong></span> <span class='ocrx_word' id='word_1_134' title='bbox 2003 1941 2222 1999; x_wconf 87' lang='lat' dir='ltr'><strong>potest,</strong></span> <span class='ocrx_word' id='word_1_135' title='bbox 2274 1943 2333 1987; x_wconf 91' lang='lat' dir='ltr'><strong>nt</strong></span> 
     </span>
    </p>
   </div>
   <div class='ocr_carea' id='block_1_21' title="bbox 751 2010 2332 2092">
    <p class='ocr_par' dir='ltr' id='par_1_21' title="bbox 751 2010 2332 2092">
     <span class='ocr_line' id='line_1_21' title="bbox 751 2010 2332 2092; baseline 0.013 -34"><span class='ocrx_word' id='word_1_136' title='bbox 751 2024 874 2060; x_wconf 82' lang='lat' dir='ltr'><strong>cum</strong></span> <span class='ocrx_word' id='word_1_137' title='bbox 920 2010 1046 2063; x_wconf 86' lang='lat' dir='ltr'><strong>albo</strong></span> <span class='ocrx_word' id='word_1_138' title='bbox 1081 2012 1296 2066; x_wconf 84' lang='lat' dir='ltr'><strong>calculo</strong></span> <span class='ocrx_word' id='word_1_139' title='bbox 1343 2016 1421 2082; x_wconf 86' lang='lat'><strong>(7)</strong></span> <span class='ocrx_word' id='word_1_140' title='bbox 1455 2014 1758 2070; x_wconf 84' lang='lat' dir='ltr'><strong>discedam.</strong></span> <span class='ocrx_word' id='word_1_141' title='bbox 1808 2019 1925 2088; x_wconf 88' lang='lat' dir='ltr'><strong>Ipsa</strong></span> <span class='ocrx_word' id='word_1_142' title='bbox 1957 2037 2068 2084; x_wconf 70' lang='lat' dir='ltr'><strong>res,</strong></span> <span class='ocrx_word' id='word_1_143' title='bbox 2097 2024 2332 2092; x_wconf 82' lang='lat' dir='ltr'><strong>suscipit</strong></span> 
     </span>
    </p>
   </div>
   <div class='ocr_carea' id='block_1_22' title="bbox 750 2102 2330 2170">
    <p class='ocr_par' dir='ltr' id='par_1_22' title="bbox 750 2102 2330 2170">
     <span class='ocr_line' id='line_1_22' title="bbox 750 2102 2330 2170; baseline 0.012 -21"><span class='ocrx_word' id='word_1_144' title='bbox 750 2102 1154 2168; x_wconf 75' lang='lat' dir='ltr'><strong>(“allici-enitcs,</strong></span> <span class='ocrx_word' id='word_1_145' title='bbox 1207 2121 1292 2159; x_wconf 91' lang='lat' dir='ltr'><strong>me</strong></span> <span class='ocrx_word' id='word_1_146' title='bbox 1351 2105 1405 2160; x_wconf 92' lang='lat' dir='ltr'><strong>in</strong></span> <span class='ocrx_word' id='word_1_147' title='bbox 1461 2107 1650 2162; x_wconf 82' lang='lat' dir='ltr'><strong>ﬂetum</strong></span> <span class='ocrx_word' id='word_1_148' title='bbox 1695 2110 1884 2164; x_wconf 86' lang='lat' dir='ltr'><strong>solvit.</strong></span> <span class='ocrx_word' id='word_1_149' title='bbox 1942 2113 2156 2166; x_wconf 82' lang='lat' dir='ltr'><strong>Etenim</strong></span> <span class='ocrx_word' id='word_1_150' title='bbox 2204 2129 2330 2170; x_wconf 90' lang='lat' dir='ltr'><strong>cum</strong></span> 
     </span>
    </p>
   </div>
   <div class='ocr_carea' id='block_1_23' title="bbox 749 2187 2330 2268">
    <p class='ocr_par' dir='ltr' id='par_1_23' title="bbox 749 2187 2330 2268">
     <span class='ocr_line' id='line_1_23' title="bbox 749 2187 2330 2268; baseline 0.011 -26"><span class='ocrx_word' id='word_1_151' title='bbox 749 2206 887 2244; x_wconf 82' lang='lat' dir='ltr'><strong>avus</strong></span> <span class='ocrx_word' id='word_1_152' title='bbox 935 2208 1033 2260; x_wconf 89' lang='lat' dir='ltr'><strong>pro</strong></span> <span class='ocrx_word' id='word_1_153' title='bbox 1067 2209 1220 2247; x_wconf 88' lang='lat' dir='ltr'><strong>more</strong></span> <span class='ocrx_word' id='word_1_154' title='bbox 1269 2195 1323 2248; x_wconf 91' lang='lat' dir='ltr'><strong>in</strong></span> <span class='ocrx_word' id='word_1_155' title='bbox 1380 2201 1606 2260; x_wconf 85' lang='lat' dir='ltr'><strong>throno,</strong></span> <span class='ocrx_word' id='word_1_156' title='bbox 1653 2187 1968 2268; x_wconf 87' lang='lat' dir='ltr'><strong>patriarcha</strong></span> <span class='ocrx_word' id='word_1_157' title='bbox 1998 2204 2064 2257; x_wconf 93' lang='lat' dir='ltr'><strong>ad</strong></span> <span class='ocrx_word' id='word_1_158' title='bbox 2099 2205 2241 2260; x_wconf 88' lang='lat' dir='ltr'><strong>latus</strong></span> <span class='ocrx_word' id='word_1_159' title='bbox 2276 2207 2330 2260; x_wconf 91' lang='lat' dir='ltr'><strong>in</strong></span> 
     </span>
    </p>
   </div>
   <div class='ocr_carea' id='block_1_24' title="bbox 749 2282 2331 2356">
    <p class='ocr_par' dir='ltr' id='par_1_24' title="bbox 749 2282 2331 2356">
     <span class='ocr_line' id='line_1_24' title="bbox 749 2282 2331 2356; baseline 0.012 -22"><span class='ocrx_word' id='word_1_160' title='bbox 749 2282 905 2340; x_wconf 67' lang='lat' dir='ltr'><strong>sella.</strong></span> <span class='ocrx_word' id='word_1_161' title='bbox 932 2283 1123 2338; x_wconf 88' lang='lat' dir='ltr'><strong>arbitri</strong></span> <span class='ocrx_word' id='word_1_162' title='bbox 1158 2285 1347 2340; x_wconf 70' lang='lat' dir='ltr'><strong>dextra</strong></span> <span class='ocrx_word' id='word_1_163' title='bbox 1379 2289 1604 2344; x_wconf 84' lang='lat' dir='ltr'><strong>sinistra</strong></span> <span class='ocrx_word' id='word_1_164' title='bbox 1633 2292 1913 2356; x_wconf 79' lang='lat' dir='ltr'><strong>sederent,</strong></span> <span class='ocrx_word' id='word_1_165' title='bbox 1948 2295 2043 2349; x_wconf 87' lang='lat' dir='ltr'><strong>tibi</strong></span> <span class='ocrx_word' id='word_1_166' title='bbox 2078 2297 2177 2351; x_wconf 85' lang='lat' dir='ltr'><strong>soli</strong></span> <span class='ocrx_word' id='word_1_167' title='bbox 2207 2313 2331 2353; x_wconf 89' lang='lat' dir='ltr'><strong>sca-</strong></span> 
     </span>
    </p>
   </div>
   <div class='ocr_carea' id='block_1_25' title="bbox 751 2373 2332 2456">
    <p class='ocr_par' dir='ltr' id='par_1_25' title="bbox 751 2373 2332 2456">
     <span class='ocr_line' id='line_1_25' title="bbox 751 2373 2332 2456; baseline 0.014 -34"><span class='ocrx_word' id='word_1_168' title='bbox 751 2373 963 2426; x_wconf 80' lang='lat' dir='ltr'><strong>millum</strong></span> <span class='ocrx_word' id='word_1_169' title='bbox 988 2389 1016 2426; x_wconf 93' lang='lat' dir='ltr'><strong>e</strong></span> <span class='ocrx_word' id='word_1_170' title='bbox 1051 2375 1267 2444; x_wconf 71' lang='lat' dir='ltr'><strong>regione</strong></span> <span class='ocrx_word' id='word_1_171' title='bbox 1291 2386 1347 2432; x_wconf 87' lang='lat' dir='ltr'><strong>et</strong></span> <span class='ocrx_word' id='word_1_172' title='bbox 1378 2380 1642 2436; x_wconf 86' lang='lat' dir='ltr'><strong>remotius</strong></span> <span class='ocrx_word' id='word_1_173' title='bbox 1691 2383 1950 2437; x_wconf 89' lang='lat' dir='ltr'><strong>mandatu</strong></span> <span class='ocrx_word' id='word_1_174' title='bbox 1985 2385 2332 2456; x_wconf 88' lang='lat' dir='ltr'><strong>imperatoris</strong></span> 
     </span>
    </p>
   </div>
   <div class='ocr_carea' id='block_1_26' title="bbox 749 2466 2353 2535">
    <p class='ocr_par' dir='ltr' id='par_1_26' title="bbox 749 2466 2353 2535">
     <span class='ocr_line' id='line_1_26' title="bbox 749 2466 2353 2535; baseline 0.012 -21"><span class='ocrx_word' id='word_1_175' title='bbox 749 2466 988 2532; x_wconf 82' lang='lat' dir='ltr'><strong>positum</strong></span> <span class='ocrx_word' id='word_1_176' title='bbox 1024 2477 1128 2520; x_wconf 74' lang='grc' dir='ltr'>εει.</span> <span class='ocrx_word' id='word_1_177' title='bbox 1164 2468 1284 2533; x_wconf 88' lang='lat' dir='ltr'><strong>Quo</strong></span> <span class='ocrx_word' id='word_1_178' title='bbox 1320 2470 1458 2535; x_wconf 91' lang='lat' dir='ltr'><strong>viso,</strong></span> <span class='ocrx_word' id='word_1_179' title='bbox 1496 2471 1976 2530; x_wconf 83' lang='lat' dir='ltr'><strong>condemnationis</strong></span> <span class='ocrx_word' id='word_1_180' title='bbox 2010 2491 2113 2531; x_wconf 73' lang='lat' dir='ltr'><strong>tua:</strong></span> <span class='ocrx_word' id='word_1_181' title='bbox 2145 2479 2353 2533; x_wconf 86' lang='lat' dir='ltr'><strong>locum-</strong></span> 
     </span>
    </p>
   </div>
   <div class='ocr_carea' id='block_1_27' title="bbox 751 2557 2326 2639">
    <p class='ocr_par' dir='ltr' id='par_1_27' title="bbox 751 2557 2326 2639">
     <span class='ocr_line' id='line_1_27' title="bbox 751 2557 2326 2639; baseline 0.012 -32"><span class='ocrx_word' id='word_1_182' title='bbox 751 2557 895 2608; x_wconf 78' lang='lat' dir='ltr'><strong>illam</strong></span> <span class='ocrx_word' id='word_1_183' title='bbox 930 2557 1242 2612; x_wconf 82' lang='lat' dir='ltr'><strong>sedeculam</strong></span> <span class='ocrx_word' id='word_1_184' title='bbox 1276 2561 1664 2630; x_wconf 80' lang='lat' dir='ltr'><strong>interpretans,</strong></span> <span class='ocrx_word' id='word_1_185' title='bbox 1708 2568 1917 2636; x_wconf 78' lang='lat' dir='ltr'><strong>optavi,</strong></span> <span class='ocrx_word' id='word_1_186' title='bbox 1964 2578 2022 2623; x_wconf 88' lang='lat' dir='ltr'><strong>ut</strong></span> <span class='ocrx_word' id='word_1_187' title='bbox 2054 2569 2326 2639; x_wconf 89' lang='lat' dir='ltr'><strong>dicebam,</strong></span> 
     </span>
    </p>
   </div>
   <div class='ocr_carea' id='block_1_28' title="bbox 749 2638 2326 2732">
    <p class='ocr_par' dir='ltr' id='par_1_28' title="bbox 749 2638 2326 2732">
     <span class='ocr_line' id='line_1_28' title="bbox 749 2638 2326 2732; baseline 0.011 -33"><span class='ocrx_word' id='word_1_188' title='bbox 749 2649 912 2704; x_wconf 84' lang='lat' dir='ltr'><strong>hodie</strong></span> <span class='ocrx_word' id='word_1_189' title='bbox 959 2653 1086 2704; x_wconf 89' lang='lat' dir='ltr'><strong>mihi</strong></span> <span class='ocrx_word' id='word_1_190' title='bbox 1130 2638 1344 2707; x_wconf 65' lang='lat' dir='ltr'><strong>terram</strong></span> <span class='ocrx_word' id='word_1_191' title='bbox 1397 2656 1707 2711; x_wconf 88' lang='lat' dir='ltr'><strong>dehiscere.</strong></span> <span class='ocrx_word' id='word_1_192' title='bbox 1764 2658 1964 2714; x_wconf 82' lang='lat' dir='ltr'><strong>Verum</strong></span> <span class='ocrx_word' id='word_1_193' title='bbox 2021 2661 2186 2722; x_wconf 84' lang='lat' dir='ltr'><strong>Deus.</strong></span> <span class='ocrx_word' id='word_1_194' title='bbox 2231 2665 2326 2732; x_wconf 88' lang='lat' dir='ltr'><strong>qui</strong></span> 
     </span>
    </p>
   </div>
   <div class='ocr_carea' id='block_1_29' title="bbox 750 2741 2330 2808">
    <p class='ocr_par' dir='ltr' id='par_1_29' title="bbox 750 2741 2330 2808">
     <span class='ocr_line' id='line_1_29' title="bbox 750 2741 2330 2808; baseline 0.012 -18"><span class='ocrx_word' id='word_1_195' title='bbox 750 2741 1070 2808; x_wconf 61' lang='lat' dir='ltr'><strong>prophetam</strong></span> <span class='ocrx_word' id='word_1_196' title='bbox 1112 2758 1271 2796; x_wconf 89' lang='lat' dir='ltr'><strong>suum</strong></span> <span class='ocrx_word' id='word_1_197' title='bbox 1305 2745 1580 2800; x_wconf 74' lang='lat' dir='ltr'><strong>ltanielem</strong></span> <span class='ocrx_word' id='word_1_198' title='bbox 1613 2751 1679 2802; x_wconf 79' lang='lat' dir='ltr'><strong>de</strong></span> <span class='ocrx_word' id='word_1_199' title='bbox 1722 2749 1841 2803; x_wconf 87' lang='lat' dir='ltr'><strong>lacu</strong></span> <span class='ocrx_word' id='word_1_200' title='bbox 1876 2751 2099 2806; x_wconf 90' lang='lat' dir='ltr'><strong>leonum</strong></span> <span class='ocrx_word' id='word_1_201' title='bbox 2130 2753 2330 2808; x_wconf 87' lang='lat' dir='ltr'><strong>libera-</strong></span> 
     </span>
    </p>
   </div>
   <div class='ocr_carea' id='block_1_30' title="bbox 748 2829 2330 2908">
    <p class='ocr_par' dir='ltr' id='par_1_30' title="bbox 748 2829 2330 2908">
     <span class='ocr_line' id='line_1_30' title="bbox 748 2829 2330 2908; baseline 0.014 -26"><span class='ocrx_word' id='word_1_202' title='bbox 748 2829 847 2893; x_wconf 84' lang='lat' dir='ltr'><strong>vit,</strong></span> <span class='ocrx_word' id='word_1_203' title='bbox 887 2841 941 2883; x_wconf 90' lang='lat' dir='ltr'><strong>et</strong></span> <span class='ocrx_word' id='word_1_204' title='bbox 1001 2840 1113 2887; x_wconf 88' lang='lat' dir='ltr'><strong>tres</strong></span> <span class='ocrx_word' id='word_1_205' title='bbox 1155 2850 1355 2902; x_wconf 86' lang='lat' dir='ltr'><strong>pueros</strong></span> <span class='ocrx_word' id='word_1_206' title='bbox 1400 2853 1430 2890; x_wconf 91' lang='lat' dir='ltr'><strong>a</strong></span> <span class='ocrx_word' id='word_1_207' title='bbox 1476 2838 1778 2908; x_wconf 75' lang='lat' dir='ltr'><strong>Babylonia</strong></span> <span class='ocrx_word' id='word_1_208' title='bbox 1824 2841 2048 2898; x_wconf 79' lang='lat' dir='ltr'><strong>fornace</strong></span> <span class='ocrx_word' id='word_1_209' title='bbox 2096 2847 2330 2904; x_wconf 79' lang='lat' dir='ltr'><strong>intacms</strong></span> 
     </span>
    </p>
   </div>
   <div class='ocr_carea' id='block_1_31' title="bbox 750 2921 2332 3008">
    <p class='ocr_par' dir='ltr' id='par_1_31' title="bbox 750 2921 2332 3008">
     <span class='ocr_line' id='line_1_31' title="bbox 750 2921 2332 3008; baseline 0.015 -39"><span class='ocrx_word' id='word_1_210' title='bbox 750 2921 1026 2988; x_wconf 68' lang='lat' dir='ltr'><strong>prwstitit,</strong></span> <span class='ocrx_word' id='word_1_211' title='bbox 1049 2924 1390 2994; x_wconf 86' lang='lat' dir='ltr'><strong>collatasqnc</strong></span> <span class='ocrx_word' id='word_1_212' title='bbox 1415 2927 1466 2980; x_wconf 94' lang='lat' dir='ltr'><strong>in</strong></span> <span class='ocrx_word' id='word_1_213' title='bbox 1484 2929 1789 2984; x_wconf 89' lang='lat' dir='ltr'><strong>Susannam</strong></span> <span class='ocrx_word' id='word_1_214' title='bbox 1810 2935 2332 3008; x_wconf 82' lang='lat' dir='ltr'><strong>scelestorumjudi-</strong></span> 
     </span>
    </p>
   </div>
   <div class='ocr_carea' id='block_1_32' title="bbox 746 3012 2328 3095">
    <p class='ocr_par' dir='ltr' id='par_1_32' title="bbox 746 3012 2328 3095">
     <span class='ocr_line' id='line_1_32' title="bbox 746 3012 2328 3095; baseline 0.013 -31"><span class='ocrx_word' id='word_1_215' title='bbox 746 3027 872 3064; x_wconf 77' lang='lat' dir='ltr'><strong>cum</strong></span> <span class='ocrx_word' id='word_1_216' title='bbox 899 3012 1204 3068; x_wconf 77' lang='lat' dir='ltr'><strong>calumnias</strong></span> <span class='ocrx_word' id='word_1_217' title='bbox 1232 3015 1461 3080; x_wconf 81' lang='lat' dir='ltr'><strong>detexit,</strong></span> <span class='ocrx_word' id='word_1_218' title='bbox 1499 3019 1639 3072; x_wconf 90' lang='lat' dir='ltr'><strong>idem</strong></span> <span class='ocrx_word' id='word_1_219' title='bbox 1675 3033 1725 3076; x_wconf 84' lang='lat' dir='ltr'><strong>te</strong></span> <span class='ocrx_word' id='word_1_220' title='bbox 1756 3038 1905 3079; x_wconf 88' lang='lat' dir='ltr'><strong>nunc</strong></span> <span class='ocrx_word' id='word_1_221' title='bbox 1927 3041 2032 3093; x_wconf 77' lang='lat' dir='ltr'><strong>qua</strong></span> <span class='ocrx_word' id='word_1_222' title='bbox 2062 3031 2328 3095; x_wconf 87' lang='lat' dir='ltr'><strong>premeris</strong></span> 
     </span>
    </p>
   </div>
   <div class='ocr_carea' id='block_1_33' title="bbox 747 3106 2328 3186">
    <p class='ocr_par' dir='ltr' id='par_1_33' title="bbox 747 3106 2328 3186">
     <span class='ocr_line' id='line_1_33' title="bbox 747 3106 2328 3186; baseline 0.012 -29"><span class='ocrx_word' id='word_1_223' title='bbox 747 3106 1076 3160; x_wconf 83' lang='lat' dir='ltr'><strong>necessitate</strong></span> <span class='ocrx_word' id='word_1_224' title='bbox 1113 3110 1451 3177; x_wconf 89' lang='lat' dir='ltr'><strong>superiorem</strong></span> <span class='ocrx_word' id='word_1_225' title='bbox 1481 3112 1696 3176; x_wconf 89' lang='lat' dir='ltr'><strong>reddat,</strong></span> <span class='ocrx_word' id='word_1_226' title='bbox 1744 3117 1997 3186; x_wconf 77' lang='lat' dir='ltr'><strong>angelum</strong></span> <span class='ocrx_word' id='word_1_227' title='bbox 2017 3133 2176 3173; x_wconf 87' lang='lat' dir='ltr'><strong>suum</strong></span> <span class='ocrx_word' id='word_1_228' title='bbox 2199 3122 2328 3176; x_wconf 87' lang='lat' dir='ltr'><strong>mit-</strong></span> 
     </span>
    </p>
   </div>
   <div class='ocr_carea' id='block_1_34' title="bbox 747 3198 2403 3282">
    <p class='ocr_par' dir='ltr' id='par_1_34' title="bbox 747 3198 2403 3282">
     <span class='ocr_line' id='line_1_34' title="bbox 747 3198 2403 3282; baseline 0.012 -34"><span class='ocrx_word' id='word_1_229' title='bbox 747 3206 889 3260; x_wconf 87' lang='lat' dir='ltr'><strong>tens,</strong></span> <span class='ocrx_word' id='word_1_230' title='bbox 949 3198 1042 3267; x_wconf 89' lang='lat' dir='ltr'><strong>qui</strong></span> <span class='ocrx_word' id='word_1_231' title='bbox 1088 3209 1140 3254; x_wconf 77' lang='lat' dir='ltr'><strong>te</strong></span> <span class='ocrx_word' id='word_1_232' title='bbox 1186 3204 1496 3269; x_wconf 88' lang='lat' dir='ltr'><strong>antecedat,</strong></span> <span class='ocrx_word' id='word_1_233' title='bbox 1547 3212 1604 3258; x_wconf 89' lang='lat' dir='ltr'><strong>et</strong></span> <span class='ocrx_word' id='word_1_234' title='bbox 1648 3207 1976 3276; x_wconf 86' lang='lat' dir='ltr'><strong>sapientiam</strong></span> <span class='ocrx_word' id='word_1_235' title='bbox 2031 3211 2129 3264; x_wconf 88' lang='lat' dir='ltr'><strong>tibi</strong></span> <span class='ocrx_word' id='word_1_236' title='bbox 2167 3223 2331 3282; x_wconf 90' lang='lat' dir='ltr'><strong>atque</strong></span> <span class='ocrx_word' id='word_1_237' title='bbox 2359 3221 2403 3276; x_wconf 71' lang='grc' dir='ltr'>α</span> 
     </span>
    </p>
   </div>
   <div class='ocr_carea' id='block_1_35' title="bbox 746 3288 2326 3369">
    <p class='ocr_par' dir='ltr' id='par_1_35' title="bbox 746 3288 2326 3369">
     <span class='ocr_line' id='line_1_35' title="bbox 746 3288 2326 3369; baseline 0.013 -30"><span class='ocrx_word' id='word_1_238' title='bbox 746 3288 1168 3359; x_wconf 81' lang='lat' dir='ltr'><strong>intelligentiam</strong></span> <span class='ocrx_word' id='word_1_239' title='bbox 1203 3293 1490 3362; x_wconf 76' lang='lat' dir='ltr'><strong>largiatur,</strong></span> <span class='ocrx_word' id='word_1_240' title='bbox 1519 3311 1627 3364; x_wconf 87' lang='lat' dir='ltr'><strong>qna</strong></span> <span class='ocrx_word' id='word_1_241' title='bbox 1658 3299 1870 3368; x_wconf 86' lang='lat' dir='ltr'><strong>objecta</strong></span> <span class='ocrx_word' id='word_1_242' title='bbox 1899 3301 2079 3369; x_wconf 82' lang='lat' dir='ltr'><strong>facile,</strong></span> <span class='ocrx_word' id='word_1_243' title='bbox 2112 3319 2212 3358; x_wconf 89' lang='lat' dir='ltr'><strong>ceu</strong></span> <span class='ocrx_word' id='word_1_244' title='bbox 2245 3319 2326 3359; x_wconf 82' lang='lat' dir='ltr'><strong>te-</strong></span> 
     </span>
    </p>
   </div>
   <div class='ocr_carea' id='block_1_36' title="bbox 745 3381 2330 3461">
    <p class='ocr_par' dir='ltr' id='par_1_36' title="bbox 745 3381 2330 3461">
     <span class='ocr_line' id='line_1_36' title="bbox 745 3381 2330 3461; baseline 0.012 -28"><span class='ocrx_word' id='word_1_245' title='bbox 745 3381 824 3436; x_wconf 87' lang='lat' dir='ltr'><strong>las</strong></span> <span class='ocrx_word' id='word_1_246' title='bbox 849 3398 1174 3437; x_wconf 86' lang='lat' dir='ltr'><strong>aranearum</strong></span> <span class='ocrx_word' id='word_1_247' title='bbox 1216 3386 1506 3442; x_wconf 67' lang='lat' dir='ltr'><strong>dissolvas.</strong></span> <span class='ocrx_word' id='word_1_248' title='bbox 1544 3389 1667 3445; x_wconf 64' lang='lat' dir='ltr'><strong>Hatc</strong></span> <span class='ocrx_word' id='word_1_249' title='bbox 1695 3393 1785 3445; x_wconf 91' lang='lat' dir='ltr'><strong>ubi</strong></span> <span class='ocrx_word' id='word_1_250' title='bbox 1823 3405 2079 3461; x_wconf 87' lang='lat' dir='ltr'><strong>precatus</strong></span> <span class='ocrx_word' id='word_1_251' title='bbox 2121 3407 2205 3450; x_wconf 85' lang='lat' dir='ltr'><strong>est</strong></span> <span class='ocrx_word' id='word_1_252' title='bbox 2229 3415 2330 3452; x_wconf 89' lang='lat' dir='ltr'><strong>eu-</strong></span> 
     </span>
    </p>
   </div>
   <div class='ocr_carea' id='block_1_37' title="bbox 746 3470 2328 3556">
    <p class='ocr_par' dir='ltr' id='par_1_37' title="bbox 746 3470 2328 3556">
     <span class='ocr_line' id='line_1_37' title="bbox 746 3470 2328 3556; baseline 0.011 -34"><span class='ocrx_word' id='word_1_253' title='bbox 746 3470 988 3529; x_wconf 82' lang='lat' dir='ltr'><strong>nuchus.</strong></span> <span class='ocrx_word' id='word_1_254' title='bbox 1041 3472 1135 3525; x_wconf 72' lang='lat' dir='ltr'><strong>Dei</strong></span> <span class='ocrx_word' id='word_1_255' title='bbox 1169 3474 1421 3529; x_wconf 75' lang='lat' dir='ltr'><strong>voluntas</strong></span> <span class='ocrx_word' id='word_1_256' title='bbox 1452 3477 1564 3539; x_wconf 83' lang='lat' dir='ltr'><strong>fiat,</strong></span> <span class='ocrx_word' id='word_1_257' title='bbox 1587 3480 1664 3531; x_wconf 90' lang='lat' dir='ltr'><strong>ait</strong></span> <span class='ocrx_word' id='word_1_258' title='bbox 1695 3479 1995 3549; x_wconf 87' lang='lat' dir='ltr'><strong>imperator</strong></span> <span class='ocrx_word' id='word_1_259' title='bbox 2022 3500 2037 3546; x_wconf 86' lang='lat'><strong>;</strong></span> <span class='ocrx_word' id='word_1_260' title='bbox 2061 3485 2328 3556; x_wconf 87' lang='lat' dir='ltr'><strong>jubetque</strong></span> 
     </span>
    </p>
   </div>
   <div class='ocr_carea' id='block_1_38' title="bbox 747 3565 2328 3639">
    <p class='ocr_par' dir='ltr' id='par_1_38' title="bbox 747 3565 2328 3639">
     <span class='ocr_line' id='line_1_38' title="bbox 747 3565 2328 3639; baseline 0.011 -26"><span class='ocrx_word' id='word_1_261' title='bbox 747 3577 847 3613; x_wconf 84' lang='lat' dir='ltr'><strong>avo</strong></span> <span class='ocrx_word' id='word_1_262' title='bbox 875 3565 1203 3626; x_wconf 76' lang='lat' dir='ltr'><strong>renuntiari,</strong></span> <span class='ocrx_word' id='word_1_263' title='bbox 1237 3582 1295 3618; x_wconf 87' lang='lat' dir='ltr'><strong>se</strong></span> <span class='ocrx_word' id='word_1_264' title='bbox 1342 3568 1608 3636; x_wconf 85' lang='lat' dir='ltr'><strong>imperata</strong></span> <span class='ocrx_word' id='word_1_265' title='bbox 1643 3570 1951 3639; x_wconf 86' lang='lat' dir='ltr'><strong>facturum;</strong></span> <span class='ocrx_word' id='word_1_266' title='bbox 2002 3587 2057 3628; x_wconf 86' lang='lat' dir='ltr'><strong>et</strong></span> <span class='ocrx_word' id='word_1_267' title='bbox 2092 3593 2328 3631; x_wconf 89' lang='lat' dir='ltr'><strong>conver-</strong></span> 
     </span>
    </p>
   </div>
   <div class='ocr_carea' id='block_1_39' title="bbox 746 3653 2324 3734">
    <p class='ocr_par' dir='ltr' id='par_1_39' title="bbox 746 3653 2324 3734">
     <span class='ocr_line' id='line_1_39' title="bbox 746 3653 2324 3734; baseline 0.011 -30"><span class='ocrx_word' id='word_1_268' title='bbox 746 3669 841 3704; x_wconf 78' lang='lat' dir='ltr'><strong>sus</strong></span> <span class='ocrx_word' id='word_1_269' title='bbox 866 3653 932 3705; x_wconf 86' lang='lat' dir='ltr'><strong>ad</strong></span> <span class='ocrx_word' id='word_1_270' title='bbox 952 3655 1187 3713; x_wconf 80' lang='lat' dir='ltr'><strong>amicos.</strong></span> <span class='ocrx_word' id='word_1_271' title='bbox 1215 3657 1296 3710; x_wconf 87' lang='lat' dir='ltr'><strong>sic</strong></span> <span class='ocrx_word' id='word_1_272' title='bbox 1320 3673 1415 3711; x_wconf 85' lang='lat' dir='ltr'><strong>eos</strong></span> <span class='ocrx_word' id='word_1_273' title='bbox 1441 3661 1733 3728; x_wconf 88' lang='lat' dir='ltr'><strong>compellat</strong></span> <span class='ocrx_word' id='word_1_274' title='bbox 1758 3680 1772 3715; x_wconf 88' lang='lat'><strong>:</strong></span> <span class='ocrx_word' id='word_1_275' title='bbox 1798 3663 1854 3717; x_wconf 91' lang='lat' dir='ltr'><strong>Si</strong></span> <span class='ocrx_word' id='word_1_276' title='bbox 1897 3681 2138 3734; x_wconf 89' lang='lat' dir='ltr'><strong>unquam</strong></span> <span class='ocrx_word' id='word_1_277' title='bbox 2169 3668 2324 3732; x_wconf 68' lang='lat' dir='ltr'><strong>alias,</strong></span> 
     </span>
    </p>
   </div>
   <div class='ocr_carea' id='block_1_40' title="bbox 748 3750 2325 3828">
    <p class='ocr_par' dir='ltr' id='par_1_40' title="bbox 748 3750 2325 3828">
     <span class='ocr_line' id='line_1_40' title="bbox 748 3750 2325 3828; baseline 0.011 -34"><span class='ocrx_word' id='word_1_278' title='bbox 748 3758 896 3796; x_wconf 90' lang='lat' dir='ltr'><strong>nunc</strong></span> <span class='ocrx_word' id='word_1_279' title='bbox 954 3755 1171 3813; x_wconf 89' lang='lat' dir='ltr'><strong>tempus</strong></span> <span class='ocrx_word' id='word_1_280' title='bbox 1215 3750 1386 3813; x_wconf 88' lang='lat' dir='ltr'><strong>venit,</strong></span> <span class='ocrx_word' id='word_1_281' title='bbox 1441 3766 1551 3817; x_wconf 93' lang='lat' dir='ltr'><strong>quo</strong></span> <span class='ocrx_word' id='word_1_282' title='bbox 1611 3752 1909 3821; x_wconf 75' lang='lat' dir='ltr'><strong>virtutem,</strong></span> <span class='ocrx_word' id='word_1_283' title='bbox 1963 3757 2325 3828; x_wconf 75' lang='lat' dir='ltr'><strong>dilzgcntiam,</strong></span> 
     </span>
    </p>
   </div>
   <div class='ocr_carea' id='block_1_41' title="bbox 744 3833 2325 3909">
    <p class='ocr_par' dir='ltr' id='par_1_41' title="bbox 744 3833 2325 3909">
     <span class='ocr_line' id='line_1_41' title="bbox 744 3833 2325 3909; baseline 0.012 -26"><span class='ocrx_word' id='word_1_284' title='bbox 744 3833 1120 3901; x_wconf 81' lang='lat' dir='ltr'><strong>prudentiam,</strong></span> <span class='ocrx_word' id='word_1_285' title='bbox 1157 3838 1619 3909; x_wconf 86' lang='lat' dir='ltr'><strong>lolcrantiamque</strong></span> <span class='ocrx_word' id='word_1_286' title='bbox 1669 3853 1927 3909; x_wconf 83' lang='lat' dir='ltr'><strong>vestram,</strong></span> <span class='ocrx_word' id='word_1_287' title='bbox 1975 3855 2082 3900; x_wconf 89' lang='lat' dir='ltr'><strong>tam</strong></span> <span class='ocrx_word' id='word_1_288' title='bbox 2135 3848 2325 3902; x_wconf 83' lang='lat' dir='ltr'><strong>fortui-</strong></span> 
     </span>
    </p>
   </div>
   <div class='ocr_carea' id='block_1_42' title="bbox 743 3924 2326 3996">
    <p class='ocr_par' dir='ltr' id='par_1_42' title="bbox 743 3924 2326 3996">
     <span class='ocr_line' id='line_1_42' title="bbox 743 3924 2326 3996; baseline 0.012 -20"><span class='ocrx_word' id='word_1_289' title='bbox 743 3924 936 3977; x_wconf 77' lang='lat' dir='ltr'><strong>doloso</strong></span> <span class='ocrx_word' id='word_1_290' title='bbox 987 3937 1233 3996; x_wconf 87' lang='lat' dir='ltr'><strong>tempore</strong></span> <span class='ocrx_word' id='word_1_291' title='bbox 1275 3931 1590 3986; x_wconf 74' lang='lat' dir='ltr'><strong>declart-tis.</strong></span> <span class='ocrx_word' id='word_1_292' title='bbox 1654 3935 1948 3988; x_wconf 84' lang='lat' dir='ltr'><strong>Enimvero</strong></span> <span class='ocrx_word' id='word_1_293' title='bbox 1993 3953 2117 3990; x_wconf 80' lang='lat' dir='ltr'><strong>cum</strong></span> <span class='ocrx_word' id='word_1_294' title='bbox 2168 3941 2326 3994; x_wconf 86' lang='lat' dir='ltr'><strong>multi</strong></span> 
     </span>
    </p>
   </div>
   <div class='ocr_carea' id='block_1_43' title="bbox 745 4019 2320 4094">
    <p class='ocr_par' dir='ltr' id='par_1_43' title="bbox 745 4019 2320 4094">
     <span class='ocr_line' id='line_1_43' title="bbox 745 4019 2320 4094; baseline 0.014 -32"><span class='ocrx_word' id='word_1_295' title='bbox 745 4026 893 4079; x_wconf 77' lang='lat' dir='ltr'><strong>sa-pe</strong></span> <span class='ocrx_word' id='word_1_296' title='bbox 921 4021 976 4066; x_wconf 88' lang='lat' dir='ltr'><strong>et</strong></span> <span class='ocrx_word' id='word_1_297' title='bbox 1007 4030 1266 4083; x_wconf 90' lang='lat' dir='ltr'><strong>numero,</strong></span> <span class='ocrx_word' id='word_1_298' title='bbox 1292 4027 1348 4071; x_wconf 87' lang='lat' dir='ltr'><strong>et</strong></span> <span class='ocrx_word' id='word_1_299' title='bbox 1377 4019 1501 4073; x_wconf 90' lang='lat' dir='ltr'><strong>aliis</strong></span> <span class='ocrx_word' id='word_1_300' title='bbox 1532 4020 1696 4091; x_wconf 81' lang='lat' dir='ltr'><strong>rebus</strong></span> <span class='ocrx_word' id='word_1_301' title='bbox 1727 4024 1886 4077; x_wconf 85' lang='lat' dir='ltr'><strong>vobis</strong></span> <span class='ocrx_word' id='word_1_302' title='bbox 1911 4025 2169 4094; x_wconf 88' lang='lat' dir='ltr'><strong>impares,</strong></span> <span class='ocrx_word' id='word_1_303' title='bbox 2205 4030 2320 4083; x_wconf 85' lang='lat' dir='ltr'><strong>ani-</strong></span> 
     </span>
    </p>
   </div>
   <div class='ocr_carea' id='block_1_44' title="bbox 745 4105 2324 4179">
    <p class='ocr_par' dir='ltr' id='par_1_44' title="bbox 745 4105 2324 4179">
     <span class='ocr_line' id='line_1_44' title="bbox 745 4105 2324 4179; baseline 0.013 -26"><span class='ocrx_word' id='word_1_304' title='bbox 745 4117 959 4156; x_wconf 87' lang='lat' dir='ltr'><strong>morum</strong></span> <span class='ocrx_word' id='word_1_305' title='bbox 992 4105 1132 4159; x_wconf 86' lang='lat' dir='ltr'><strong>facta</strong></span> <span class='ocrx_word' id='word_1_306' title='bbox 1165 4110 1603 4179; x_wconf 83' lang='lat' dir='ltr'><strong>conspiratione,</strong></span> <span class='ocrx_word' id='word_1_307' title='bbox 1641 4113 1988 4170; x_wconf 68' lang='lat' dir='ltr'><strong>admirabilia</strong></span> <span class='ocrx_word' id='word_1_308' title='bbox 2041 4127 2097 4171; x_wconf 89' lang='lat' dir='ltr'><strong>et</strong></span> <span class='ocrx_word' id='word_1_309' title='bbox 2130 4117 2324 4174; x_wconf 90' lang='lat' dir='ltr'><strong>obstu-</strong></span> 
     </span>
    </p>
   </div>
   <div class='ocr_carea' id='block_1_45' title="bbox 745 4195 2328 4278">
    <p class='ocr_par' dir='ltr' id='par_1_45' title="bbox 745 4195 2328 4278">
     <span class='ocr_line' id='line_1_45' title="bbox 745 4195 2328 4278; baseline 0.013 -33"><span class='ocrx_word' id='word_1_310' title='bbox 745 4195 1017 4276; x_wconf 73' lang='lat' dir='ltr'><strong>pescenda</strong></span> <span class='ocrx_word' id='word_1_311' title='bbox 1076 4213 1338 4268; x_wconf 87' lang='lat' dir='ltr'><strong>prospere</strong></span> <span class='ocrx_word' id='word_1_312' title='bbox 1383 4204 1674 4271; x_wconf 79' lang='lat' dir='ltr'><strong>gesserint,</strong></span> <span class='ocrx_word' id='word_1_313' title='bbox 1718 4207 1910 4260; x_wconf 81' lang='lat' dir='ltr'><strong>vosita</strong></span> <span class='ocrx_word' id='word_1_314' title='bbox 1951 4208 2231 4278; x_wconf 87' lang='lat' dir='ltr'><strong>freqentes</strong></span> <span class='ocrx_word' id='word_1_315' title='bbox 2263 4226 2328 4266; x_wconf 89' lang='lat' dir='ltr'><strong>ac</strong></span> 
     </span>
    </p>
   </div>
   <div class='ocr_carea' id='block_1_46' title="bbox 747 4287 2330 4368">
    <p class='ocr_par' dir='ltr' id='par_1_46' title="bbox 747 4287 2330 4368">
     <span class='ocr_line' id='line_1_46' title="bbox 747 4287 2330 4368; baseline 0.015 -32"><span class='ocrx_word' id='word_1_316' title='bbox 747 4287 882 4340; x_wconf 81' lang='lat' dir='ltr'><strong>tales</strong></span> <span class='ocrx_word' id='word_1_317' title='bbox 922 4287 1080 4357; x_wconf 80' lang='lat' dir='ltr'><strong>longe</strong></span> <span class='ocrx_word' id='word_1_318' title='bbox 1115 4295 1304 4360; x_wconf 83' lang='lat' dir='ltr'><strong>utique</strong></span> <span class='ocrx_word' id='word_1_319' title='bbox 1330 4294 1538 4363; x_wconf 85' lang='lat' dir='ltr'><strong>justius</strong></span> <span class='ocrx_word' id='word_1_320' title='bbox 1574 4305 1677 4361; x_wconf 81' lang='lat' dir='ltr'><strong>est,</strong></span> <span class='ocrx_word' id='word_1_321' title='bbox 1723 4301 2005 4368; x_wconf 68' lang='lat' dir='ltr'><strong>praeclaris</strong></span> <span class='ocrx_word' id='word_1_322' title='bbox 2049 4315 2103 4356; x_wconf 88' lang='lat' dir='ltr'><strong>et</strong></span> <span class='ocrx_word' id='word_1_323' title='bbox 2137 4303 2330 4358; x_wconf 85' lang='lat' dir='ltr'><strong>lauda-</strong></span> 
     </span>
    </p>
   </div>
   <div class='ocr_carea' id='block_1_47' title="bbox 745 4376 2327 4465">
    <p class='ocr_par' dir='ltr' id='par_1_47' title="bbox 745 4376 2327 4465">
     <span class='ocr_line' id='line_1_47' title="bbox 745 4376 2327 4465; baseline 0.013 -36"><span class='ocrx_word' id='word_1_324' title='bbox 745 4376 951 4432; x_wconf 86' lang='lat' dir='ltr'><strong>bilibus</strong></span> <span class='ocrx_word' id='word_1_325' title='bbox 977 4379 1316 4453; x_wconf 86' lang='lat' dir='ltr'><strong>facinoribus</strong></span> <span class='ocrx_word' id='word_1_326' title='bbox 1337 4386 1642 4450; x_wconf 76' lang='lat' dir='ltr'><strong>efﬁciendis</strong></span> <span class='ocrx_word' id='word_1_327' title='bbox 1664 4391 1936 4447; x_wconf 89' lang='lat' dir='ltr'><strong>vobismet</strong></span> <span class='ocrx_word' id='word_1_328' title='bbox 1966 4393 2100 4460; x_wconf 89' lang='lat' dir='ltr'><strong>ipsis</strong></span> <span class='ocrx_word' id='word_1_329' title='bbox 2129 4395 2327 4465; x_wconf 79' lang='lat' dir='ltr'><strong>dignos</strong></span> 
     </span>
    </p>
   </div>
   <div class='ocr_carea' id='block_1_48' title="bbox 743 4479 2328 4558">
    <p class='ocr_par' dir='ltr' id='par_1_48' title="bbox 743 4479 2328 4558">
     <span class='ocr_line' id='line_1_48' title="bbox 743 4479 2328 4558; baseline 0.016 -39"><span class='ocrx_word' id='word_1_330' title='bbox 743 4484 1031 4537; x_wconf 89' lang='lat' dir='ltr'><strong>apparere,</strong></span> <span class='ocrx_word' id='word_1_331' title='bbox 1077 4483 1134 4528; x_wconf 88' lang='lat' dir='ltr'><strong>et</strong></span> <span class='ocrx_word' id='word_1_332' title='bbox 1167 4485 1264 4529; x_wconf 87' lang='lat' dir='ltr'><strong>aut</strong></span> <span class='ocrx_word' id='word_1_333' title='bbox 1301 4490 1467 4532; x_wconf 73' lang='lat' dir='ltr'><strong>vitam</strong></span> <span class='ocrx_word' id='word_1_334' title='bbox 1497 4479 1780 4536; x_wconf 81' lang='lat' dir='ltr'><strong>honestam</strong></span> <span class='ocrx_word' id='word_1_335' title='bbox 1824 4483 2031 4548; x_wconf 86' lang='lat' dir='ltr'><strong>vivere,</strong></span> <span class='ocrx_word' id='word_1_336' title='bbox 2069 4496 2167 4540; x_wconf 88' lang='lat' dir='ltr'><strong>aut</strong></span> <span class='ocrx_word' id='word_1_337' title='bbox 2209 4489 2328 4558; x_wconf 79' lang='lat' dir='ltr'><strong>glo-</strong></span> 
     </span>
    </p>
   </div>
   <div class='ocr_carea' id='block_1_49' title="bbox 2437 639 4007 709">
    <p class='ocr_par' dir='ltr' id='par_1_49' title="bbox 2437 639 4007 709">
     <span class='ocr_line' id='line_1_49' title="bbox 2437 639 4007 709; baseline 0.003 -17"><span class='ocrx_word' id='word_1_338' title='bbox 2437 657 2564 701; x_wconf 79' lang='grc' dir='ltr'>τωςο</span> <span class='ocrx_word' id='word_1_339' title='bbox 2621 641 2736 693; x_wconf 79' lang='grc' dir='ltr'>ἀλλ’</span> <span class='ocrx_word' id='word_1_340' title='bbox 2776 641 3166 708; x_wconf 72' lang='grc' dir='ltr'>ἀναμφιϐόλως</span> <span class='ocrx_word' id='word_1_341' title='bbox 3206 639 3511 708; x_wconf 75' lang='grc' dir='ltr'><strong>ἡτοίμαστο</strong></span> <span class='ocrx_word' id='word_1_342' title='bbox 3563 639 3630 692; x_wconf 90' lang='grc' dir='ltr'><strong>τά</strong></span> <span class='ocrx_word' id='word_1_343' title='bbox 3691 639 3792 708; x_wconf 83' lang='grc' dir='ltr'>τῆς</span> <span class='ocrx_word' id='word_1_344' title='bbox 3826 641 4007 709; x_wconf 81' lang='grc' dir='ltr'>δίκης.</span> 
     </span>
    </p>
   </div>
   <div class='ocr_carea' id='block_1_50' title="bbox 2435 730 4011 801">
    <p class='ocr_par' dir='ltr' id='par_1_50' title="bbox 2435 730 4011 801">
     <span class='ocr_line' id='line_1_50' title="bbox 2435 730 4011 801; baseline 0.002 -18"><span class='ocrx_word' id='word_1_345' title='bbox 2435 735 2557 784; x_wconf 80' lang='grc' dir='ltr'>Ἔτι</span> <span class='ocrx_word' id='word_1_346' title='bbox 2589 734 2695 798; x_wconf 74' lang='grc' dir='ltr'><strong>γὰρ</strong></span> <span class='ocrx_word' id='word_1_347' title='bbox 2733 732 3040 799; x_wconf 66' lang='grc' dir='ltr'>δομεατίκεμ</span> <span class='ocrx_word' id='word_1_348' title='bbox 3065 731 3143 801; x_wconf 82' lang='grc' dir='ltr'>τῷ</span> <span class='ocrx_word' id='word_1_349' title='bbox 3173 731 3394 798; x_wconf 81' lang='grc' dir='ltr'>μεγάλῳ</span> <span class='ocrx_word' id='word_1_350' title='bbox 3423 730 3814 800; x_wconf 77' lang='grc' dir='ltr'><strong>διαλεγομένου</strong></span> <span class='ocrx_word' id='word_1_351' title='bbox 3847 732 4011 801; x_wconf 83' lang='grc' dir='ltr'>βασι-</span> 
     </span>
    </p>
   </div>
   <div class='ocr_carea' id='block_1_51' title="bbox 2433 822 4012 892">
    <p class='ocr_par' dir='ltr' id='par_1_51' title="bbox 2433 822 4012 892">
     <span class='ocr_line' id='line_1_51' title="bbox 2433 822 4012 892; baseline 0.001 -18"><span class='ocrx_word' id='word_1_352' title='bbox 2433 824 2589 887; x_wconf 84' lang='grc' dir='ltr'>λέως,</span> <span class='ocrx_word' id='word_1_353' title='bbox 2646 825 2738 875; x_wconf 76' lang='grc' dir='ltr'>καὶ</span> <span class='ocrx_word' id='word_1_354' title='bbox 2773 823 2865 874; x_wconf 80' lang='grc' dir='ltr'><strong>τὸν</strong></span> <span class='ocrx_word' id='word_1_355' title='bbox 2912 823 3148 892; x_wconf 74' lang='grc' dir='ltr'>ἀριθμὸν</span> <span class='ocrx_word' id='word_1_356' title='bbox 3200 823 3489 890; x_wconf 74' lang='grc' dir='ltr'><strong>ζητοῦντος</strong></span> <span class='ocrx_word' id='word_1_357' title='bbox 3523 823 3716 892; x_wconf 83' lang='grc' dir='ltr'><strong>μαθεῖν</strong></span> <span class='ocrx_word' id='word_1_358' title='bbox 3746 822 3854 875; x_wconf 84' lang='grc' dir='ltr'>τῶν</span> <span class='ocrx_word' id='word_1_359' title='bbox 3887 841 4012 875; x_wconf 88' lang='grc' dir='ltr'>συν-</span> 
     </span>
    </p>
   </div>
   <div class='ocr_carea' id='block_1_52' title="bbox 2443 914 4007 985">
    <p class='ocr_par' dir='ltr' id='par_1_52' title="bbox 2443 914 4007 985">
     <span class='ocr_line' id='line_1_52' title="bbox 2443 914 4007 985; baseline -0.001 -19"><span class='ocrx_word' id='word_1_360' title='bbox 2443 915 2704 984; x_wconf 77' lang='grc' dir='ltr'>ηγμένων</span> <span class='ocrx_word' id='word_1_361' title='bbox 2756 915 2988 985; x_wconf 84' lang='grc' dir='ltr'>ἀνδρῶν,</span> <span class='ocrx_word' id='word_1_362' title='bbox 3045 915 3143 967; x_wconf 75' lang='grc' dir='ltr'>καὶ</span> <span class='ocrx_word' id='word_1_363' title='bbox 3172 914 3363 966; x_wconf 86' lang='grc' dir='ltr'>τούτου</span> <span class='ocrx_word' id='word_1_364' title='bbox 3403 914 3541 982; x_wconf 71' lang='grc' dir='ltr'>πρὸς</span> <span class='ocrx_word' id='word_1_365' title='bbox 3581 915 3744 968; x_wconf 73' lang='grc' dir='ltr'>αὐτὸν</span> <span class='ocrx_word' id='word_1_366' title='bbox 3776 916 4007 983; x_wconf 89' lang='grc' dir='ltr'>ἀποκρι-</span> 
     </span>
    </p>
   </div>
   <div class='ocr_carea' id='block_1_53' title="bbox 2435 1005 4006 1075">
    <p class='ocr_par' dir='ltr' id='par_1_53' title="bbox 2435 1005 4006 1075">
     <span class='ocr_line' id='line_1_53' title="bbox 2435 1005 4006 1075; baseline -0.001 -16"><span class='ocrx_word' id='word_1_367' title='bbox 2435 1008 2708 1074; x_wconf 79' lang='grc' dir='ltr'>ναμένου,</span> <span class='ocrx_word' id='word_1_368' title='bbox 2760 1007 2848 1068; x_wconf 81' lang='grc' dir='ltr'><strong>Ὠς</strong></span> <span class='ocrx_word' id='word_1_369' title='bbox 2905 1005 3000 1057; x_wconf 78' lang='grc' dir='ltr'><strong>νῦν</strong></span> <span class='ocrx_word' id='word_1_370' title='bbox 3060 1007 3160 1075; x_wconf 78' lang='grc' dir='ltr'>μέν</span> <span class='ocrx_word' id='word_1_371' title='bbox 3226 1009 3365 1057; x_wconf 70' lang='grc' dir='ltr'>εἰσιν</span> <span class='ocrx_word' id='word_1_372' title='bbox 3420 1005 3636 1066; x_wconf 63' lang='grc' dir='ltr'>ἑκατὸν,</span> <span class='ocrx_word' id='word_1_373' title='bbox 3691 1007 3893 1074; x_wconf 78' lang='grc' dir='ltr'>μικρᾶς</span> <span class='ocrx_word' id='word_1_374' title='bbox 3947 1006 4006 1058; x_wconf 88' lang='grc' dir='ltr'><strong>δέ</strong></span> 
     </span>
    </p>
   </div>
   <div class='ocr_carea' id='block_1_54' title="bbox 2443 1094 4011 1166">
    <p class='ocr_par' dir='ltr' id='par_1_54' title="bbox 2443 1094 4011 1166">
     <span class='ocr_line' id='line_1_54' title="bbox 2443 1094 4011 1166; baseline -0.002 -16"><span class='ocrx_word' id='word_1_375' title='bbox 2443 1097 2824 1166; x_wconf 67' lang='grc' dir='ltr'><strong>παρελθούσης</strong></span> <span class='ocrx_word' id='word_1_376' title='bbox 2856 1098 3006 1166; x_wconf 82' lang='grc' dir='ltr'>ὧρας</span> <span class='ocrx_word' id='word_1_377' title='bbox 3035 1094 3446 1148; x_wconf 74' lang='grc' dir='ltr'>συνελεύσονται</span> <span class='ocrx_word' id='word_1_378' title='bbox 3473 1097 3568 1147; x_wconf 71' lang='grc' dir='ltr'>καὶ</span> <span class='ocrx_word' id='word_1_379' title='bbox 3599 1097 4011 1165; x_wconf 81' lang='grc' dir='ltr'>μέχρι-τριακο-</span> 
     </span>
    </p>
   </div>
   <div class='ocr_carea' id='block_1_55' title="bbox 2443 1187 4010 1256">
    <p class='ocr_par' dir='ltr' id='par_1_55' title="bbox 2443 1187 4010 1256">
     <span class='ocr_line' id='line_1_55' title="bbox 2443 1187 4010 1256; baseline -0.001 -16"><span class='ocrx_word' id='word_1_380' title='bbox 2443 1189 2597 1251; x_wconf 81' lang='grc' dir='ltr'>σίων,</span> <span class='ocrx_word' id='word_1_381' title='bbox 2639 1189 2840 1248; x_wconf 73' lang='grc' dir='ltr'>πάντες</span> <span class='ocrx_word' id='word_1_382' title='bbox 2891 1187 3125 1255; x_wconf 80' lang='grc' dir='ltr'>ἀνδρεῖοι</span> <span class='ocrx_word' id='word_1_383' title='bbox 3172 1188 3265 1238; x_wconf 78' lang='grc' dir='ltr'>καὶ</span> <span class='ocrx_word' id='word_1_384' title='bbox 3299 1187 3566 1255; x_wconf 86' lang='grc' dir='ltr'>μάχεσθαι</span> <span class='ocrx_word' id='word_1_385' title='bbox 3606 1187 3931 1256; x_wconf 65' lang='grc' dir='ltr'>ἡσκημένοι·</span> <span class='ocrx_word' id='word_1_386' title='bbox 3959 1188 4010 1238; x_wconf 82' lang='grc' dir='ltr'><strong>εί</strong></span> 
     </span>
    </p>
   </div>
   <div class='ocr_carea' id='block_1_56' title="bbox 2432 1266 4009 1345">
    <p class='ocr_par' dir='ltr' id='par_1_56' title="bbox 2432 1266 4009 1345">
     <span class='ocr_line' id='line_1_56' title="bbox 2432 1266 4009 1345; baseline 0.002 -18"><span class='ocrx_word' id='word_1_387' title='bbox 2432 1266 2619 1345; x_wconf 81' lang='grc' dir='ltr'>δεῆσει</span> <span class='ocrx_word' id='word_1_388' title='bbox 2675 1277 2732 1328; x_wconf 88' lang='grc' dir='ltr'><strong>δέ</strong></span> <span class='ocrx_word' id='word_1_389' title='bbox 2790 1276 3156 1343; x_wconf 74' lang='grc' dir='ltr'>ἀπέρχεσθαι,</span> <span class='ocrx_word' id='word_1_390' title='bbox 3187 1278 3274 1325; x_wconf 64' lang='grc' dir='ltr'>καὶ</span> <span class='ocrx_word' id='word_1_391' title='bbox 3308 1275 3458 1328; x_wconf 80' lang='grc' dir='ltr'>ἄλλοι</span> <span class='ocrx_word' id='word_1_392' title='bbox 3495 1276 3739 1338; x_wconf 82' lang='grc' dir='ltr'>πλείονες</span> <span class='ocrx_word' id='word_1_393' title='bbox 3768 1276 4009 1344; x_wconf 80' lang='grc' dir='ltr'>συνδραο</span> 
     </span>
    </p>
   </div>
   <div class='ocr_carea' id='block_1_57' title="bbox 2409 1362 4013 1435">
    <p class='ocr_par' dir='ltr' id='par_1_57' title="bbox 2409 1362 4013 1435">
     <span class='ocr_line' id='line_1_57' title="bbox 2409 1362 4013 1435; baseline -0.001 -17"><span class='ocrx_word' id='word_1_394' title='bbox 2409 1362 2414 1366; x_wconf 59' lang='grc'><em>”</em></span> <span class='ocrx_word' id='word_1_395' title='bbox 2439 1365 2668 1435; x_wconf 83' lang='grc' dir='ltr'>μοῦνται</span> <span class='ocrx_word' id='word_1_396' title='bbox 2699 1366 2793 1418; x_wconf 74' lang='grc' dir='ltr'>καὶ</span> <span class='ocrx_word' id='word_1_397' title='bbox 2832 1367 2925 1427; x_wconf 78' lang='grc' dir='ltr'>οὓς</span> <span class='ocrx_word' id='word_1_398' title='bbox 2958 1368 3057 1420; x_wconf 82' lang='grc' dir='ltr'>οὐκ</span> <span class='ocrx_word' id='word_1_399' title='bbox 3110 1369 3270 1434; x_wconf 84' lang='grc' dir='ltr'>ῖσμεν</span> <span class='ocrx_word' id='word_1_400' title='bbox 3290 1382 3303 1395; x_wconf 78' lang='grc'><strong>⁸</strong></span> <span class='ocrx_word' id='word_1_401' title='bbox 3353 1369 3483 1435; x_wconf 74' lang='grc' dir='ltr'>περὶ</span> <span class='ocrx_word' id='word_1_402' title='bbox 3513 1366 3718 1419; x_wconf 87' lang='grc' dir='ltr'>τούτων</span> <span class='ocrx_word' id='word_1_403' title='bbox 3738 1366 3802 1434; x_wconf 78' lang='grc' dir='ltr'>δὴ</span> <span class='ocrx_word' id='word_1_404' title='bbox 3832 1367 4013 1418; x_wconf 84' lang='grc' dir='ltr'>διαλε-</span> 
     </span>
    </p>
   </div>
   <div class='ocr_carea' id='block_1_58' title="bbox 2438 1457 4011 1528">
    <p class='ocr_par' dir='ltr' id='par_1_58' title="bbox 2438 1457 4011 1528">
     <span class='ocr_line' id='line_1_58' title="bbox 2438 1457 4011 1528; baseline -0.001 -19"><span class='ocrx_word' id='word_1_405' title='bbox 2438 1457 2709 1526; x_wconf 86' lang='grc' dir='ltr'>γομένων,</span> <span class='ocrx_word' id='word_1_406' title='bbox 2773 1459 2867 1510; x_wconf 76' lang='grc' dir='ltr'>καὶ</span> <span class='ocrx_word' id='word_1_407' title='bbox 2917 1457 3052 1510; x_wconf 84' lang='grc' dir='ltr'>Θεοῦ</span> <span class='ocrx_word' id='word_1_408' title='bbox 3110 1459 3379 1527; x_wconf 78' lang='grc' dir='ltr'><strong>δεομένων</strong></span> <span class='ocrx_word' id='word_1_409' title='bbox 3418 1458 3518 1526; x_wconf 81' lang='grc' dir='ltr'><strong>τὴν</strong></span> <span class='ocrx_word' id='word_1_410' title='bbox 3549 1459 3645 1525; x_wconf 80' lang='grc' dir='ltr'>τῆς</span> <span class='ocrx_word' id='word_1_411' title='bbox 3679 1459 3834 1526; x_wconf 86' lang='grc' dir='ltr'>δίκης</span> <span class='ocrx_word' id='word_1_412' title='bbox 3861 1458 4011 1528; x_wconf 83' lang='grc' dir='ltr'>ὤραν</span> 
     </span>
    </p>
   </div>
   <div class='ocr_carea' id='block_1_59' title="bbox 2439 1549 4013 1619">
    <p class='ocr_par' dir='ltr' id='par_1_59' title="bbox 2439 1549 4013 1619">
     <span class='ocr_line' id='line_1_59' title="bbox 2439 1549 4013 1619; baseline 0.001 -18"><span class='ocrx_word' id='word_1_413' title='bbox 2439 1549 2845 1619; x_wconf 66' lang='grc' dir='ltr'><strong>παραταθῆναι,</strong></span> <span class='ocrx_word' id='word_1_414' title='bbox 2875 1549 3016 1602; x_wconf 83' lang='grc' dir='ltr'>ὥστε</span> <span class='ocrx_word' id='word_1_415' title='bbox 3050 1549 3504 1618; x_wconf 73' lang='grc' dir='ltr'>συναθροισθῆναι</span> <span class='ocrx_word' id='word_1_416' title='bbox 3547 1549 3673 1611; x_wconf 79' lang='grc' dir='ltr'>τοὺς</span> <span class='ocrx_word' id='word_1_417' title='bbox 3723 1550 4013 1618; x_wconf 79' lang='grc' dir='ltr'>ἐλπιζομέ-</span> 
     </span>
    </p>
   </div>
   <div class='ocr_carea' id='block_1_60' title="bbox 2439 1636 4012 1713">
    <p class='ocr_par' dir='ltr' id='par_1_60' title="bbox 2439 1636 4012 1713">
     <span class='ocr_line' id='line_1_60' title="bbox 2439 1636 4012 1713; baseline -0.001 -21"><span class='ocrx_word' id='word_1_418' title='bbox 2439 1659 2563 1702; x_wconf 87' lang='grc' dir='ltr'>νους</span> <span class='ocrx_word' id='word_1_419' title='bbox 2598 1642 2739 1713; x_wconf 81' lang='grc' dir='ltr'>ὑπὲρ</span> <span class='ocrx_word' id='word_1_420' title='bbox 2780 1642 2963 1693; x_wconf 75' lang='grc' dir='ltr'>αὐτῶν</span> <span class='ocrx_word' id='word_1_421' title='bbox 2999 1641 3312 1709; x_wconf 84' lang='grc' dir='ltr'>μαχεῖσθαι.</span> <span class='ocrx_word' id='word_1_422' title='bbox 3361 1636 3496 1712; x_wconf 79' lang='grc' dir='ltr'>ἧκεν</span> <span class='ocrx_word' id='word_1_423' title='bbox 3527 1642 3591 1692; x_wconf 81' lang='grc' dir='ltr'><strong>ἐκ</strong></span> <span class='ocrx_word' id='word_1_424' title='bbox 3624 1640 3889 1709; x_wconf 85' lang='grc' dir='ltr'>βασιλέως</span> <span class='ocrx_word' id='word_1_425' title='bbox 3913 1639 4012 1692; x_wconf 84' lang='grc' dir='ltr'><strong>τοῦ</strong></span> 
     </span>
    </p>
   </div>
   <div class='ocr_carea' id='block_1_61' title="bbox 2443 1730 4012 1803">
    <p class='ocr_par' dir='ltr' id='par_1_61' title="bbox 2443 1730 4012 1803">
     <span class='ocr_line' id='line_1_61' title="bbox 2443 1730 4012 1803; baseline -0.002 -20"><span class='ocrx_word' id='word_1_426' title='bbox 2443 1731 2824 1803; x_wconf 79' lang='grc' dir='ltr'>πρεσϐυτέρου</span> <span class='ocrx_word' id='word_1_427' title='bbox 2858 1735 2994 1801; x_wconf 69' lang='grc' dir='ltr'>πρὸς</span> <span class='ocrx_word' id='word_1_428' title='bbox 3046 1733 3138 1784; x_wconf 70' lang='grc' dir='ltr'>τὸν</span> <span class='ocrx_word' id='word_1_429' title='bbox 3187 1733 3305 1784; x_wconf 83' lang='grc' dir='ltr'>νέον</span> <span class='ocrx_word' id='word_1_430' title='bbox 3345 1733 3758 1801; x_wconf 77' lang='grc' dir='ltr'><strong>ἀπεσταλμένος</strong></span> <span class='ocrx_word' id='word_1_431' title='bbox 3799 1734 3827 1784; x_wconf 82' lang='grc' dir='ltr'>ὁ</span> <span class='ocrx_word' id='word_1_432' title='bbox 3867 1730 4012 1784; x_wconf 81' lang='grc' dir='ltr'>Καλ-</span> 
     </span>
    </p>
   </div>
   <div class='ocr_carea' id='block_1_62' title="bbox 2440 1809 4009 1893">
    <p class='ocr_par' dir='ltr' id='par_1_62' title="bbox 2440 1809 4009 1893">
     <span class='ocr_line' id='line_1_62' title="bbox 2440 1809 4009 1893; baseline -0.001 -18"><span class='ocrx_word' id='word_1_433' title='bbox 2440 1809 2763 1893; x_wconf 74' lang='grc' dir='ltr'>λικρηνίτης</span> <span class='ocrx_word' id='word_1_434' title='bbox 2796 1823 3017 1893; x_wconf 77' lang='grc' dir='ltr'>Μιχαὴλ</span> <span class='ocrx_word' id='word_1_435' title='bbox 3049 1823 3334 1888; x_wconf 75' lang='grc' dir='ltr'>ἐκτομίας·</span> <span class='ocrx_word' id='word_1_436' title='bbox 3363 1823 3457 1873; x_wconf 71' lang='grc' dir='ltr'>καὶ</span> <span class='ocrx_word' id='word_1_437' title='bbox 3489 1823 3620 1892; x_wconf 68' lang='grc' dir='ltr'>πρὶν</span> <span class='ocrx_word' id='word_1_438' title='bbox 3649 1821 4009 1889; x_wconf 73' lang='grc' dir='ltr'>φθέγξασθαι,</span> 
     </span>
    </p>
   </div>
   <div class='ocr_carea' id='block_1_63' title="bbox 2435 1913 4011 1984">
    <p class='ocr_par' dir='ltr' id='par_1_63' title="bbox 2435 1913 4011 1984">
     <span class='ocr_line' id='line_1_63' title="bbox 2435 1913 4011 1984; baseline 0 -20"><span class='ocrx_word' id='word_1_439' title='bbox 2435 1917 2546 1976; x_wconf 69' lang='grc' dir='ltr'>τοῖς</span> <span class='ocrx_word' id='word_1_440' title='bbox 2593 1914 2823 1984; x_wconf 79' lang='grc' dir='ltr'>δάκρυσι</span> <span class='ocrx_word' id='word_1_441' title='bbox 2875 1913 2968 1966; x_wconf 73' lang='grc' dir='ltr'>καὶ</span> <span class='ocrx_word' id='word_1_442' title='bbox 3020 1915 3132 1975; x_wconf 71' lang='grc' dir='ltr'>τοῖς</span> <span class='ocrx_word' id='word_1_443' title='bbox 3185 1915 3511 1980; x_wconf 75' lang='grc' dir='ltr'>στεναγμοῖς</span> <span class='ocrx_word' id='word_1_444' title='bbox 3556 1913 3741 1966; x_wconf 80' lang='grc' dir='ltr'>κακῶν</span> <span class='ocrx_word' id='word_1_445' title='bbox 3777 1913 4011 1980; x_wconf 76' lang='grc' dir='ltr'>ἄγγελος</span> 
     </span>
    </p>
   </div>
   <div class='ocr_carea' id='block_1_64' title="bbox 2434 2004 4013 2078">
    <p class='ocr_par' dir='ltr' id='par_1_64' title="bbox 2434 2004 4013 2078">
     <span class='ocr_line' id='line_1_64' title="bbox 2434 2004 4013 2078; baseline 0 -19"><span class='ocrx_word' id='word_1_446' title='bbox 2434 2008 2594 2078; x_wconf 71' lang='grc' dir='ltr'>ἥκειν</span> <span class='ocrx_word' id='word_1_447' title='bbox 2623 2007 2932 2076; x_wconf 80' lang='grc' dir='ltr'>σημαίνωνο</span> <span class='ocrx_word' id='word_1_448' title='bbox 2957 2007 3230 2076; x_wconf 80' lang='grc' dir='ltr'>πρότερον</span> <span class='ocrx_word' id='word_1_449' title='bbox 3267 2004 3311 2057; x_wconf 88' lang='grc' dir='ltr'>δ’</span> <span class='ocrx_word' id='word_1_450' title='bbox 3344 2005 3523 2073; x_wconf 86' lang='grc' dir='ltr'>ἐαυτῷ</span> <span class='ocrx_word' id='word_1_451' title='bbox 3560 2006 3661 2076; x_wconf 82' lang='grc' dir='ltr'>τὴν</span> <span class='ocrx_word' id='word_1_452' title='bbox 3691 2006 3795 2074; x_wconf 86' lang='grc' dir='ltr'><strong>γῆν</strong></span> <span class='ocrx_word' id='word_1_453' title='bbox 3826 2007 4013 2075; x_wconf 76' lang='grc' dir='ltr'>χανεῖν</span> 
     </span>
    </p>
   </div>
   <div class='ocr_carea' id='block_1_65' title="bbox 2439 2092 4012 2167">
    <p class='ocr_par' dir='ltr' id='par_1_65' title="bbox 2439 2092 4012 2167">
     <span class='ocr_line' id='line_1_65' title="bbox 2439 2092 4012 2167; baseline 0 -21"><span class='ocrx_word' id='word_1_454' title='bbox 2439 2093 2675 2162; x_wconf 81' lang='grc' dir='ltr'>μᾶλλον,</span> <span class='ocrx_word' id='word_1_455' title='bbox 2731 2094 2822 2146; x_wconf 71' lang='grc' dir='ltr'>καὶ</span> <span class='ocrx_word' id='word_1_456' title='bbox 2871 2095 2969 2167; x_wconf 80' lang='grc' dir='ltr'>τῆς</span> <span class='ocrx_word' id='word_1_457' title='bbox 2997 2094 3224 2162; x_wconf 83' lang='grc' dir='ltr'><strong>ἡδίστης</strong></span> <span class='ocrx_word' id='word_1_458' title='bbox 3259 2092 3675 2162; x_wconf 74' lang='grc' dir='ltr'>ἀπεστερῆσθαι</span> <span class='ocrx_word' id='word_1_459' title='bbox 3738 2093 3884 2164; x_wconf 76' lang='grc' dir='ltr'>ζωῆς</span> <span class='ocrx_word' id='word_1_460' title='bbox 3914 2095 4012 2146; x_wconf 72' lang='grc' dir='ltr'>ἀνευ</span> 
     </span>
    </p>
   </div>
   <div class='ocr_carea' id='block_1_66' title="bbox 2441 2181 4012 2256">
    <p class='ocr_par' dir='ltr' id='par_1_66' title="bbox 2441 2181 4012 2256">
     <span class='ocr_line' id='line_1_66' title="bbox 2441 2181 4012 2256; baseline 0 -18"><span class='ocrx_word' id='word_1_461' title='bbox 2441 2185 2732 2254; x_wconf 84' lang='grc' dir='ltr'>εκτότερον</span> <span class='ocrx_word' id='word_1_462' title='bbox 2765 2181 2934 2251; x_wconf 82' lang='grc' dir='ltr'>εἶναι,</span> <span class='ocrx_word' id='word_1_463' title='bbox 2967 2185 2999 2253; x_wconf 75' lang='grc' dir='ltr'><strong>ἢ</strong></span> <span class='ocrx_word' id='word_1_464' title='bbox 3056 2184 3317 2236; x_wconf 76' lang='grc' dir='ltr'>τοιούτων</span> <span class='ocrx_word' id='word_1_465' title='bbox 3370 2184 3558 2237; x_wconf 78' lang='grc' dir='ltr'>κακῶν</span> <span class='ocrx_word' id='word_1_466' title='bbox 3584 2184 3816 2252; x_wconf 81' lang='grc' dir='ltr'>ἄγγελος</span> <span class='ocrx_word' id='word_1_467' title='bbox 3853 2186 4012 2256; x_wconf 75' lang='grc' dir='ltr'>ἥκειν</span> 
     </span>
    </p>
   </div>
   <div class='ocr_carea' id='block_1_67' title="bbox 2434 2273 4014 2343">
    <p class='ocr_par' dir='ltr' id='par_1_67' title="bbox 2434 2273 4014 2343">
     <span class='ocr_line' id='line_1_67' title="bbox 2434 2273 4014 2343; baseline -0.002 -13"><span class='ocrx_word' id='word_1_468' title='bbox 2434 2275 2607 2331; x_wconf 77' lang='grc' dir='ltr'>εἰπὼν</span> <span class='ocrx_word' id='word_1_469' title='bbox 2633 2317 2650 2339; x_wconf 84' lang='grc'><strong>,</strong></span> <span class='ocrx_word' id='word_1_470' title='bbox 2697 2275 2755 2328; x_wconf 83' lang='grc' dir='ltr'>Ὀ</span> <span class='ocrx_word' id='word_1_471' title='bbox 2786 2275 3012 2343; x_wconf 88' lang='grc' dir='ltr'>κύριος,</span> <span class='ocrx_word' id='word_1_472' title='bbox 3047 2274 3174 2342; x_wconf 79' lang='grc' dir='ltr'>ἔφη.</span> <span class='ocrx_word' id='word_1_473' title='bbox 3210 2274 3305 2326; x_wconf 78' lang='grc' dir='ltr'>καὶ</span> <span class='ocrx_word' id='word_1_474' title='bbox 3357 2273 3622 2342; x_wconf 77' lang='grc' dir='ltr'>βασιλεὺς</span> <span class='ocrx_word' id='word_1_475' title='bbox 3657 2276 3686 2326; x_wconf 81' lang='grc' dir='ltr'><strong>ὁ</strong></span> <span class='ocrx_word' id='word_1_476' title='bbox 3735 2276 3827 2336; x_wconf 66' lang='lat' dir='ltr'><strong>ob;</strong></span> <span class='ocrx_word' id='word_1_477' title='bbox 3863 2277 4014 2330; x_wconf 86' lang='grc' dir='ltr'>πάπ-</span> 
     </span>
    </p>
   </div>
   <div class='ocr_carea' id='block_1_68' title="bbox 2435 2361 4011 2439">
    <p class='ocr_par' dir='ltr' id='par_1_68' title="bbox 2435 2361 4011 2439">
     <span class='ocr_line' id='line_1_68' title="bbox 2435 2361 4011 2439; baseline -0.001 -17"><span class='ocrx_word' id='word_1_478' title='bbox 2435 2385 2556 2433; x_wconf 75' lang='grc' dir='ltr'>πος,</span> <span class='ocrx_word' id='word_1_479' title='bbox 2609 2361 2654 2421; x_wconf 81' lang='grc' dir='ltr'><strong>ὦ</strong></span> <span class='ocrx_word' id='word_1_480' title='bbox 2700 2367 2944 2439; x_wconf 86' lang='grc' dir='ltr'>βασιλεῦ,</span> <span class='ocrx_word' id='word_1_481' title='bbox 2994 2367 3087 2420; x_wconf 77' lang='grc' dir='ltr'>ἐπὶ</span> <span class='ocrx_word' id='word_1_482' title='bbox 3137 2366 3294 2437; x_wconf 83' lang='grc' dir='ltr'>δίκην</span> <span class='ocrx_word' id='word_1_483' title='bbox 3330 2367 3640 2421; x_wconf 70' lang='grc' dir='ltr'>καλεῖ.Τοῦ</span> <span class='ocrx_word' id='word_1_484' title='bbox 3675 2367 3939 2437; x_wconf 83' lang='grc' dir='ltr'>βασιλέως</span> <span class='ocrx_word' id='word_1_485' title='bbox 3962 2368 4011 2421; x_wconf 83' lang='grc' dir='ltr'>δ’</span> 
     </span>
    </p>
   </div>
   <div class='ocr_carea' id='block_1_69' title="bbox 2433 2458 4012 2528">
    <p class='ocr_par' dir='ltr' id='par_1_69' title="bbox 2433 2458 4012 2528">
     <span class='ocr_line' id='line_1_69' title="bbox 2433 2458 4012 2528; baseline -0.001 -15"><span class='ocrx_word' id='word_1_486' title='bbox 2433 2462 2526 2513; x_wconf 70' lang='grc' dir='ltr'>ἐπὶ</span> <span class='ocrx_word' id='word_1_487' title='bbox 2577 2460 2791 2522; x_wconf 83' lang='grc' dir='ltr'>τούτοις</span> <span class='ocrx_word' id='word_1_488' title='bbox 2833 2461 3102 2523; x_wconf 82' lang='grc' dir='ltr'>εἰπόντος,</span> <span class='ocrx_word' id='word_1_489' title='bbox 3135 2458 3224 2521; x_wconf 83' lang='grc' dir='ltr'>Ὠς</span> <span class='ocrx_word' id='word_1_490' title='bbox 3274 2458 3374 2526; x_wconf 80' lang='grc' dir='ltr'><strong>τῆς</strong></span> <span class='ocrx_word' id='word_1_491' title='bbox 3421 2459 3518 2528; x_wconf 78' lang='grc' dir='ltr'>μὲν</span> <span class='ocrx_word' id='word_1_492' title='bbox 3549 2461 3631 2522; x_wconf 77' lang='grc' dir='ltr'>εἰς</span> <span class='ocrx_word' id='word_1_493' title='bbox 3657 2460 3758 2528; x_wconf 80' lang='grc' dir='ltr'>ἐμέ</span> <span class='ocrx_word' id='word_1_494' title='bbox 3793 2476 3888 2511; x_wconf 91' lang='grc' dir='ltr'><strong>σου</strong></span> <span class='ocrx_word' id='word_1_495' title='bbox 3921 2460 4012 2512; x_wconf 84' lang='grc' dir='ltr'><strong>εὑ-</strong></span> 
     </span>
    </p>
   </div>
   <div class='ocr_carea' id='block_1_70' title="bbox 2435 2552 4016 2622">
    <p class='ocr_par' dir='ltr' id='par_1_70' title="bbox 2435 2552 4016 2622">
     <span class='ocr_line' id='line_1_70' title="bbox 2435 2552 4016 2622; baseline -0.001 -16"><span class='ocrx_word' id='word_1_496' title='bbox 2435 2556 2582 2615; x_wconf 78' lang='grc' dir='ltr'>νοξας</span> <span class='ocrx_word' id='word_1_497' title='bbox 2641 2553 2946 2622; x_wconf 80' lang='grc' dir='ltr'><strong>ἀξιόχρεως</strong></span> <span class='ocrx_word' id='word_1_498' title='bbox 3009 2553 3078 2604; x_wconf 74' lang='grc' dir='ltr'>τὰ</span> <span class='ocrx_word' id='word_1_499' title='bbox 3127 2552 3338 2621; x_wconf 86' lang='grc' dir='ltr'>δάκρυα</span> <span class='ocrx_word' id='word_1_500' title='bbox 3392 2553 3627 2621; x_wconf 82' lang='grc' dir='ltr'><strong>μάρτυς·</strong></span> <span class='ocrx_word' id='word_1_501' title='bbox 3665 2552 3782 2606; x_wconf 80' lang='grc' dir='ltr'>ἀνθ’</span> <span class='ocrx_word' id='word_1_502' title='bbox 3813 2554 3938 2606; x_wconf 79' lang='grc' dir='ltr'>ὅτου</span> <span class='ocrx_word' id='word_1_503' title='bbox 3964 2553 4016 2605; x_wconf 84' lang='grc' dir='ltr'>δ’</span> 
     </span>
    </p>
   </div>
   <div class='ocr_carea' id='block_1_71' title="bbox 2432 2643 4014 2714">
    <p class='ocr_par' dir='ltr' id='par_1_71' title="bbox 2432 2643 4014 2714">
     <span class='ocr_line' id='line_1_71' title="bbox 2432 2643 4014 2714; baseline 0.004 -20"><span class='ocrx_word' id='word_1_504' title='bbox 2432 2644 2578 2696; x_wconf 68' lang='grc' dir='ltr'>οῦτω</span> <span class='ocrx_word' id='word_1_505' title='bbox 2613 2644 2852 2714; x_wconf 87' lang='grc' dir='ltr'>θρηνεῖς,</span> <span class='ocrx_word' id='word_1_506' title='bbox 2889 2647 2947 2696; x_wconf 90' lang='grc' dir='ltr'><strong>ἐν</strong></span> <span class='ocrx_word' id='word_1_507' title='bbox 2993 2643 3175 2714; x_wconf 74' lang='grc' dir='ltr'>ἀδήλῳ</span> <span class='ocrx_word' id='word_1_508' title='bbox 3201 2644 3460 2712; x_wconf 77' lang='grc' dir='ltr'>κειμένης</span> <span class='ocrx_word' id='word_1_509' title='bbox 3501 2645 3601 2712; x_wconf 82' lang='grc' dir='ltr'>τῆς</span> <span class='ocrx_word' id='word_1_510' title='bbox 3639 2645 3827 2714; x_wconf 82' lang='grc' dir='ltr'>δίκηςς</span> <span class='ocrx_word' id='word_1_511' title='bbox 3861 2646 4014 2700; x_wconf 70' lang='grc' dir='ltr'>ἐνδι-</span> 
     </span>
    </p>
   </div>
   <div class='ocr_carea' id='block_1_72' title="bbox 2432 2734 4016 2805">
    <p class='ocr_par' dir='ltr' id='par_1_72' title="bbox 2432 2734 4016 2805">
     <span class='ocr_line' id='line_1_72' title="bbox 2432 2734 4016 2805; baseline 0.003 -19"><span class='ocrx_word' id='word_1_512' title='bbox 2432 2752 2589 2803; x_wconf 85' lang='grc' dir='ltr'>χεται</span> <span class='ocrx_word' id='word_1_513' title='bbox 2622 2735 2734 2804; x_wconf 91' lang='grc' dir='ltr'><strong>γάρ</strong></span> <span class='ocrx_word' id='word_1_514' title='bbox 2765 2753 2834 2803; x_wconf 89' lang='grc' dir='ltr'><strong>με</strong></span> <span class='ocrx_word' id='word_1_515' title='bbox 2879 2734 2974 2787; x_wconf 83' lang='grc' dir='ltr'>καὶ</span> <span class='ocrx_word' id='word_1_516' title='bbox 3010 2735 3107 2805; x_wconf 84' lang='grc' dir='ltr'>τὴν</span> <span class='ocrx_word' id='word_1_517' title='bbox 3137 2734 3385 2787; x_wconf 83' lang='grc' dir='ltr'>νικῶσαν</span> <span class='ocrx_word' id='word_1_518' title='bbox 3431 2736 3802 2802; x_wconf 75' lang='grc' dir='ltr'>ἐνεγκάμενον</span> <span class='ocrx_word' id='word_1_519' title='bbox 3845 2739 4016 2790; x_wconf 87' lang='grc' dir='ltr'>ἀπελ-</span> 
     </span>
    </p>
   </div>
   <div class='ocr_carea' id='block_1_73' title="bbox 2433 2820 4013 2898">
    <p class='ocr_par' dir='ltr' id='par_1_73' title="bbox 2433 2820 4013 2898">
     <span class='ocr_line' id='line_1_73' title="bbox 2433 2820 4013 2898; baseline 0.001 -18"><span class='ocrx_word' id='word_1_520' title='bbox 2433 2829 2566 2882; x_wconf 78' lang='grc' dir='ltr'>6;ῖν.</span> <span class='ocrx_word' id='word_1_521' title='bbox 2613 2829 2672 2881; x_wconf 86' lang='grc'><strong>’0</strong></span> <span class='ocrx_word' id='word_1_522' title='bbox 2704 2820 3152 2896; x_wconf 82' lang='grc' dir='ltr'>Καλλικρηνίτης</span> <span class='ocrx_word' id='word_1_523' title='bbox 3177 2868 3191 2889; x_wconf 96' lang='grc'><strong>,</strong></span> <span class='ocrx_word' id='word_1_524' title='bbox 3228 2829 3377 2880; x_wconf 64' lang='lat' dir='ltr'><strong>Auri</strong></span> <span class='ocrx_word' id='word_1_525' title='bbox 3427 2829 3494 2878; x_wconf 85' lang='grc' dir='ltr'><strong>τὰ.</strong></span> <span class='ocrx_word' id='word_1_526' title='bbox 3535 2831 3839 2897; x_wconf 72' lang='grc' dir='ltr'>πράγματα</span> <span class='ocrx_word' id='word_1_527' title='bbox 3872 2830 4013 2898; x_wconf 87' lang='grc' dir='ltr'>θρη-</span> 
     </span>
    </p>
   </div>
   <div class='ocr_carea' id='block_1_74' title="bbox 2434 2914 4014 2989">
    <p class='ocr_par' dir='ltr' id='par_1_74' title="bbox 2434 2914 4014 2989">
     <span class='ocr_line' id='line_1_74' title="bbox 2434 2914 4014 2989; baseline 0.002 -18"><span class='ocrx_word' id='word_1_528' title='bbox 2434 2921 2545 2972; x_wconf 76' lang='grc' dir='ltr'>νεῖν</span> <span class='ocrx_word' id='word_1_529' title='bbox 2569 2919 2872 2984; x_wconf 78' lang='grc' dir='ltr'>πείθουσιν,</span> <span class='ocrx_word' id='word_1_530' title='bbox 2911 2916 3086 2983; x_wconf 79' lang='grc' dir='ltr'>εἶπεν,</span> <span class='ocrx_word' id='word_1_531' title='bbox 3119 2914 3164 2972; x_wconf 80' lang='grc' dir='ltr'>ὦ</span> <span class='ocrx_word' id='word_1_532' title='bbox 3193 2919 3559 2988; x_wconf 78' lang='grc' dir='ltr'>βασιλεῦ·τοῦ</span> <span class='ocrx_word' id='word_1_533' title='bbox 3595 2919 3703 2988; x_wconf 74' lang='grc' dir='ltr'>γὰρ</span> <span class='ocrx_word' id='word_1_534' title='bbox 3741 2920 4014 2989; x_wconf 79' lang='grc' dir='ltr'>βασιλέως</span> 
     </span>
    </p>
   </div>
   <div class='ocr_carea' id='block_1_75' title="bbox 2433 3009 4012 3081">
    <p class='ocr_par' dir='ltr' id='par_1_75' title="bbox 2433 3009 4012 3081">
     <span class='ocr_line' id='line_1_75' title="bbox 2433 3009 4012 3081; baseline 0.001 -19"><span class='ocrx_word' id='word_1_535' title='bbox 2433 3010 2526 3062; x_wconf 82' lang='grc' dir='ltr'>καὶ</span> <span class='ocrx_word' id='word_1_536' title='bbox 2574 3009 2804 3064; x_wconf 82' lang='grc' dir='ltr'>πάππου</span> <span class='ocrx_word' id='word_1_537' title='bbox 2862 3009 2956 3062; x_wconf 86' lang='grc' dir='ltr'><strong>τοῦ</strong></span> <span class='ocrx_word' id='word_1_538' title='bbox 3000 3009 3096 3064; x_wconf 90' lang='grc' dir='ltr'><strong>σοῦ</strong></span> <span class='ocrx_word' id='word_1_539' title='bbox 3149 3011 3242 3064; x_wconf 78' lang='grc' dir='ltr'>ἐπὶ</span> <span class='ocrx_word' id='word_1_540' title='bbox 3293 3011 3483 3081; x_wconf 70' lang='grc' dir='ltr'>θρόνου</span> <span class='ocrx_word' id='word_1_541' title='bbox 3523 3011 3901 3076; x_wconf 69' lang='grc' dir='ltr'>καθεσθέντος.</span> <span class='ocrx_word' id='word_1_542' title='bbox 3933 3013 4012 3076; x_wconf 85' lang='grc' dir='ltr'>ὡς</span> 
     </span>
    </p>
   </div>
   <div class='ocr_carea' id='block_1_76' title="bbox 2433 3102 4011 3174">
    <p class='ocr_par' dir='ltr' id='par_1_76' title="bbox 2433 3102 4011 3174">
     <span class='ocr_line' id='line_1_76' title="bbox 2433 3102 4011 3174; baseline 0.003 -20"><span class='ocrx_word' id='word_1_543' title='bbox 2433 3102 2575 3164; x_wconf 80' lang='grc' dir='ltr'>ἔθος,</span> <span class='ocrx_word' id='word_1_544' title='bbox 2631 3103 2730 3155; x_wconf 72' lang='grc' dir='ltr'>καὶ</span> <span class='ocrx_word' id='word_1_545' title='bbox 2765 3103 2862 3154; x_wconf 90' lang='grc' dir='ltr'><strong>τοῦ</strong></span> <span class='ocrx_word' id='word_1_546' title='bbox 2913 3103 3260 3173; x_wconf 77' lang='grc' dir='ltr'>πατριάρχου</span> <span class='ocrx_word' id='word_1_547' title='bbox 3294 3104 3429 3172; x_wconf 82' lang='grc' dir='ltr'>παρ’</span> <span class='ocrx_word' id='word_1_548' title='bbox 3478 3105 3628 3173; x_wconf 80' lang='grc' dir='ltr'><strong>αύτῷ</strong></span> <span class='ocrx_word' id='word_1_549' title='bbox 3664 3107 3750 3156; x_wconf 76' lang='grc' dir='ltr'>ἐπὶ</span> <span class='ocrx_word' id='word_1_550' title='bbox 3786 3105 4011 3174; x_wconf 68' lang='grc' dir='ltr'>δίφρου,</span> 
     </span>
    </p>
   </div>
   <div class='ocr_carea' id='block_1_77' title="bbox 2435 3194 4010 3268">
    <p class='ocr_par' dir='ltr' id='par_1_77' title="bbox 2435 3194 4010 3268">
     <span class='ocr_line' id='line_1_77' title="bbox 2435 3194 4010 3268; baseline 0.004 -24"><span class='ocrx_word' id='word_1_551' title='bbox 2435 3194 2543 3244; x_wconf 84' lang='grc' dir='ltr'>τῶν</span> <span class='ocrx_word' id='word_1_552' title='bbox 2595 3194 2641 3246; x_wconf 79' lang='grc' dir='ltr'>δ’</span> <span class='ocrx_word' id='word_1_553' title='bbox 2694 3195 3126 3264; x_wconf 67' lang='grc' dir='ltr'>ἀκροασομέιων</span> <span class='ocrx_word' id='word_1_554' title='bbox 3162 3197 3262 3259; x_wconf 78' lang='grc' dir='ltr'><strong>τὴν</strong></span> <span class='ocrx_word' id='word_1_555' title='bbox 3298 3197 3456 3266; x_wconf 82' lang='grc' dir='ltr'>δίκην</span> <span class='ocrx_word' id='word_1_556' title='bbox 3501 3197 3560 3260; x_wconf 81' lang='grc' dir='ltr'><strong>ἐξ</strong></span> <span class='ocrx_word' id='word_1_557' title='bbox 3598 3199 3879 3268; x_wconf 77' lang='grc' dir='ltr'>ἑκατέρων</span> <span class='ocrx_word' id='word_1_558' title='bbox 3907 3216 4010 3266; x_wconf 83' lang='grc' dir='ltr'>με·</span> 
     </span>
    </p>
   </div>
   <div class='ocr_carea' id='block_1_78' title="bbox 2442 3285 4012 3360">
    <p class='ocr_par' dir='ltr' id='par_1_78' title="bbox 2442 3285 4012 3360">
     <span class='ocr_line' id='line_1_78' title="bbox 2442 3285 4012 3360; baseline 0.005 -24"><span class='ocrx_word' id='word_1_559' title='bbox 2442 3285 2569 3352; x_wconf 84' lang='grc' dir='ltr'>ρῶν,</span> <span class='ocrx_word' id='word_1_560' title='bbox 2606 3287 2689 3338; x_wconf 74' lang='grc' dir='ltr'><strong>σοὶ</strong></span> <span class='ocrx_word' id='word_1_561' title='bbox 2724 3288 2890 3355; x_wconf 78' lang='grc' dir='ltr'>μόνῳ,</span> <span class='ocrx_word' id='word_1_562' title='bbox 2921 3286 3018 3340; x_wconf 87' lang='grc' dir='ltr'><strong>τοῦ</strong></span> <span class='ocrx_word' id='word_1_563' title='bbox 3045 3287 3310 3356; x_wconf 70' lang='grc' dir='ltr'>βασιλέως</span> <span class='ocrx_word' id='word_1_564' title='bbox 3355 3291 3805 3358; x_wconf 81' lang='grc' dir='ltr'>προστεταχότος,</span> <span class='ocrx_word' id='word_1_565' title='bbox 3847 3291 4012 3360; x_wconf 75' lang='grc' dir='ltr'>σκίμ-</span> 
     </span>
    </p>
   </div>
   <div class='ocr_carea' id='block_1_79' title="bbox 2439 3376 4014 3449">
    <p class='ocr_par' dir='ltr' id='par_1_79' title="bbox 2439 3376 4014 3449">
     <span class='ocr_line' id='line_1_79' title="bbox 2439 3376 4014 3449; baseline 0.004 -21"><span class='ocrx_word' id='word_1_566' title='bbox 2439 3393 2572 3438; x_wconf 83' lang='grc' dir='ltr'>πους</span> <span class='ocrx_word' id='word_1_567' title='bbox 2615 3378 2770 3447; x_wconf 79' lang='grc' dir='ltr'>ἐτέθη</span> <span class='ocrx_word' id='word_1_568' title='bbox 2816 3379 2956 3431; x_wconf 84' lang='grc' dir='ltr'><strong>κατά</strong></span> <span class='ocrx_word' id='word_1_569' title='bbox 3023 3379 3314 3446; x_wconf 74' lang='grc' dir='ltr'>πρόσωπον</span> <span class='ocrx_word' id='word_1_570' title='bbox 3372 3381 3658 3449; x_wconf 81' lang='grc' dir='ltr'>βασιλέως·</span> <span class='ocrx_word' id='word_1_571' title='bbox 3706 3383 3801 3434; x_wconf 77' lang='grc' dir='ltr'>καὶ</span> <span class='ocrx_word' id='word_1_572' title='bbox 3855 3376 4014 3446; x_wconf 76' lang='grc' dir='ltr'>οὗτος</span> 
     </span>
    </p>
   </div>
   <div class='ocr_carea' id='block_1_80' title="bbox 2437 3466 4015 3546">
    <p class='ocr_par' dir='ltr' id='par_1_80' title="bbox 2437 3466 4015 3546">
     <span class='ocr_line' id='line_1_80' title="bbox 2437 3466 4015 3546; baseline 0.004 -25"><span class='ocrx_word' id='word_1_573' title='bbox 2437 3466 2729 3537; x_wconf 78' lang='grc' dir='ltr'>ἀπωτέρω.</span> <span class='ocrx_word' id='word_1_574' title='bbox 2775 3471 2953 3540; x_wconf 82' lang='grc' dir='ltr'>Ὅπερ</span> <span class='ocrx_word' id='word_1_575' title='bbox 2983 3470 3132 3535; x_wconf 79' lang='grc' dir='ltr'>ίδὼν,</span> <span class='ocrx_word' id='word_1_576' title='bbox 3177 3474 3432 3542; x_wconf 76' lang='grc' dir='ltr'>ηὐξάμην</span> <span class='ocrx_word' id='word_1_577' title='bbox 3455 3512 3470 3533; x_wconf 87' lang='grc'><strong>,</strong></span> <span class='ocrx_word' id='word_1_578' title='bbox 3507 3474 3646 3545; x_wconf 82' lang='grc' dir='ltr'>ὅπερ</span> <span class='ocrx_word' id='word_1_579' title='bbox 3699 3469 3876 3534; x_wconf 81' lang='grc' dir='ltr'>εἷπον.</span> <span class='ocrx_word' id='word_1_580' title='bbox 3911 3475 4015 3546; x_wconf 81' lang='grc' dir='ltr'><strong>σή-</strong></span> 
     </span>
    </p>
   </div>
   <div class='ocr_carea' id='block_1_81' title="bbox 2441 3561 4016 3637">
    <p class='ocr_par' dir='ltr' id='par_1_81' title="bbox 2441 3561 4016 3637">
     <span class='ocr_line' id='line_1_81' title="bbox 2441 3561 4016 3637; baseline 0.004 -25"><span class='ocrx_word' id='word_1_581' title='bbox 2441 3579 2607 3628; x_wconf 89' lang='grc' dir='ltr'>μερον</span> <span class='ocrx_word' id='word_1_582' title='bbox 2657 3561 2756 3631; x_wconf 81' lang='grc' dir='ltr'>τὴν</span> <span class='ocrx_word' id='word_1_583' title='bbox 2815 3563 2919 3630; x_wconf 86' lang='grc' dir='ltr'>γῆν</span> <span class='ocrx_word' id='word_1_584' title='bbox 2962 3566 3148 3631; x_wconf 83' lang='grc' dir='ltr'>χανεῖν</span> <span class='ocrx_word' id='word_1_585' title='bbox 3193 3581 3305 3631; x_wconf 82' lang='grc' dir='ltr'>μοι,</span> <span class='ocrx_word' id='word_1_586' title='bbox 3365 3563 3666 3632; x_wconf 79' lang='grc' dir='ltr'>καταδίκης</span> <span class='ocrx_word' id='word_1_587' title='bbox 3717 3568 3881 3617; x_wconf 73' lang='grc' dir='ltr'>τόπον</span> <span class='ocrx_word' id='word_1_588' title='bbox 3912 3567 4016 3637; x_wconf 77' lang='grc' dir='ltr'>τὴν</span> 
     </span>
    </p>
   </div>
   <div class='ocr_carea' id='block_1_82' title="bbox 2439 3651 4015 3724">
    <p class='ocr_par' dir='ltr' id='par_1_82' title="bbox 2439 3651 4015 3724">
     <span class='ocr_line' id='line_1_82' title="bbox 2439 3651 4015 3724; baseline 0.003 -22"><span class='ocrx_word' id='word_1_589' title='bbox 2439 3651 2713 3718; x_wconf 76' lang='grc' dir='ltr'>καθέδραν</span> <span class='ocrx_word' id='word_1_590' title='bbox 2774 3651 3137 3720; x_wconf 80' lang='grc' dir='ltr'>λογισαμένῳ.</span> <span class='ocrx_word' id='word_1_591' title='bbox 3191 3653 3329 3724; x_wconf 79' lang='grc' dir='ltr'>Ἀλλ’</span> <span class='ocrx_word' id='word_1_592' title='bbox 3381 3656 3407 3706; x_wconf 84' lang='grc' dir='ltr'>ὁ</span> <span class='ocrx_word' id='word_1_593' title='bbox 3468 3652 3668 3722; x_wconf 79' lang='grc' dir='ltr'>Δανιὴλ</span> <span class='ocrx_word' id='word_1_594' title='bbox 3715 3654 3810 3706; x_wconf 77' lang='grc' dir='ltr'><strong>τὸν</strong></span> <span class='ocrx_word' id='word_1_595' title='bbox 3845 3653 4015 3707; x_wconf 75' lang='grc' dir='ltr'>αὐτοῦ</span> 
     </span>
    </p>
   </div>
   <div class='ocr_carea' id='block_1_83' title="bbox 2443 3744 4018 3815">
    <p class='ocr_par' dir='ltr' id='par_1_83' title="bbox 2443 3744 4018 3815">
     <span class='ocr_line' id='line_1_83' title="bbox 2443 3744 4018 3815; baseline 0.001 -18"><span class='ocrx_word' id='word_1_596' title='bbox 2443 3747 2737 3814; x_wconf 80' lang='grc' dir='ltr'>προφήτην</span> <span class='ocrx_word' id='word_1_597' title='bbox 2781 3746 2846 3798; x_wconf 82' lang='grc' dir='ltr'><strong>ἐκ</strong></span> <span class='ocrx_word' id='word_1_598' title='bbox 2872 3745 2968 3796; x_wconf 88' lang='grc' dir='ltr'><strong>τοῦ</strong></span> <span class='ocrx_word' id='word_1_599' title='bbox 3003 3745 3208 3797; x_wconf 71' lang='grc' dir='ltr'>λάκκου</span> <span class='ocrx_word' id='word_1_600' title='bbox 3237 3744 3345 3797; x_wconf 85' lang='grc' dir='ltr'>τῶν</span> <span class='ocrx_word' id='word_1_601' title='bbox 3376 3744 3610 3797; x_wconf 62' lang='grc' dir='ltr'>λείντων</span> <span class='ocrx_word' id='word_1_602' title='bbox 3647 3744 3858 3815; x_wconf 70' lang='grc' dir='ltr'>ἀϐλαϐῆ</span> <span class='ocrx_word' id='word_1_603' title='bbox 3897 3745 4018 3798; x_wconf 85' lang='grc' dir='ltr'>δια-</span> 
     </span>
    </p>
   </div>
   <div class='ocr_carea' id='block_1_84' title="bbox 2439 3835 4015 3905">
    <p class='ocr_par' dir='ltr' id='par_1_84' title="bbox 2439 3835 4015 3905">
     <span class='ocr_line' id='line_1_84' title="bbox 2439 3835 4015 3905; baseline -0.001 -16"><span class='ocrx_word' id='word_1_604' title='bbox 2439 3836 2644 3902; x_wconf 83' lang='grc' dir='ltr'>σώσας,</span> <span class='ocrx_word' id='word_1_605' title='bbox 2701 3841 2798 3890; x_wconf 73' lang='grc' dir='ltr'>καὶ</span> <span class='ocrx_word' id='word_1_606' title='bbox 2847 3836 2946 3905; x_wconf 82' lang='grc' dir='ltr'>τῆς</span> <span class='ocrx_word' id='word_1_607' title='bbox 3001 3836 3355 3899; x_wconf 72' lang='grc' dir='ltr'>Βαϐυλωνίας</span> <span class='ocrx_word' id='word_1_608' title='bbox 3409 3835 3645 3905; x_wconf 83' lang='grc' dir='ltr'>καμίνου</span> <span class='ocrx_word' id='word_1_609' title='bbox 3699 3837 3825 3899; x_wconf 82' lang='grc' dir='ltr'>τοὺς</span> <span class='ocrx_word' id='word_1_610' title='bbox 3862 3840 4015 3902; x_wconf 84' lang='grc' dir='ltr'>τρεῖς</span> 
     </span>
    </p>
   </div>
   <div class='ocr_carea' id='block_1_85' title="bbox 2439 3927 4010 4010">
    <p class='ocr_par' dir='ltr' id='par_1_85' title="bbox 2439 3927 4010 4010">
     <span class='ocr_line' id='line_1_85' title="bbox 2439 3927 4010 4010; baseline -0.004 -26"><span class='ocrx_word' id='word_1_611' title='bbox 2439 3933 2635 3986; x_wconf 79' lang='grc' dir='ltr'>παῖδας</span> <span class='ocrx_word' id='word_1_612' title='bbox 2688 3930 3010 4001; x_wconf 82' lang='grc' dir='ltr'>κρείττονας</span> <span class='ocrx_word' id='word_1_613' title='bbox 3045 3927 3340 3992; x_wconf 80' lang='grc' dir='ltr'>ἀποδείξας</span> <span class='ocrx_word' id='word_1_614' title='bbox 3388 3928 3544 3990; x_wconf 63' lang='grc' dir='ltr'>Θεὸς,</span> <span class='ocrx_word' id='word_1_615' title='bbox 3576 3929 3670 3979; x_wconf 74' lang='grc' dir='ltr'>καὶ</span> <span class='ocrx_word' id='word_1_616' title='bbox 3703 3927 4010 4010; x_wconf 61' lang='grc' dir='ltr'>ξωσάνναν,</span> 
     </span>
    </p>
   </div>
   <div class='ocr_carea' id='block_1_86' title="bbox 2441 4003 4013 4090">
    <p class='ocr_par' dir='ltr' id='par_1_86' title="bbox 2441 4003 4013 4090">
     <span class='ocr_line' id='line_1_86' title="bbox 2441 4003 4013 4090; baseline -0.003 -15"><span class='ocrx_word' id='word_1_617' title='bbox 2441 4003 2553 4076; x_wconf 69' lang='grc' dir='ltr'><strong>τῶν</strong></span> <span class='ocrx_word' id='word_1_618' title='bbox 2588 4022 2792 4074; x_wconf 82' lang='grc' dir='ltr'>ἀδίκων</span> <span class='ocrx_word' id='word_1_619' title='bbox 2829 4021 3036 4090; x_wconf 82' lang='grc' dir='ltr'>κριτῶν</span> <span class='ocrx_word' id='word_1_620' title='bbox 3073 4021 3170 4089; x_wconf 87' lang='grc' dir='ltr'>τὴν</span> <span class='ocrx_word' id='word_1_621' title='bbox 3205 4021 3579 4088; x_wconf 74' lang='grc' dir='ltr'>συκοφαντίαν</span> <span class='ocrx_word' id='word_1_622' title='bbox 3619 4003 3868 4084; x_wconf 76' lang='grc' dir='ltr'>ἐλέγξας,</span> <span class='ocrx_word' id='word_1_623' title='bbox 3909 4017 4013 4071; x_wconf 76' lang='grc' dir='ltr'><strong>αὐ-</strong></span> 
     </span>
    </p>
   </div>
   <div class='ocr_carea' id='block_1_87' title="bbox 2436 4104 4013 4182">
    <p class='ocr_par' dir='ltr' id='par_1_87' title="bbox 2436 4104 4013 4182">
     <span class='ocr_line' id='line_1_87' title="bbox 2436 4104 4013 4182; baseline -0.004 -13"><span class='ocrx_word' id='word_1_624' title='bbox 2436 4117 2529 4179; x_wconf 79' lang='grc' dir='ltr'>τὸς</span> <span class='ocrx_word' id='word_1_625' title='bbox 2577 4117 2679 4182; x_wconf 84' lang='grc' dir='ltr'>τῆς</span> <span class='ocrx_word' id='word_1_626' title='bbox 2720 4113 3037 4182; x_wconf 79' lang='grc' dir='ltr'>ἐφεστώσης</span> <span class='ocrx_word' id='word_1_627' title='bbox 3089 4104 3336 4182; x_wconf 76' lang='grc' dir='ltr'>ἀνάγκης</span> <span class='ocrx_word' id='word_1_628' title='bbox 3383 4112 3666 4180; x_wconf 85' lang='grc' dir='ltr'>κρείττονα</span> <span class='ocrx_word' id='word_1_629' title='bbox 3698 4112 3793 4164; x_wconf 72' lang='grc' dir='ltr'>καὶ</span> <span class='ocrx_word' id='word_1_630' title='bbox 3823 4111 3881 4164; x_wconf 82' lang='grc' dir='ltr'><strong>σέ</strong></span> <span class='ocrx_word' id='word_1_631' title='bbox 3917 4112 4013 4164; x_wconf 85' lang='grc' dir='ltr'><strong>νῦν</strong></span> 
     </span>
    </p>
   </div>
   <div class='ocr_carea' id='block_1_88' title="bbox 2437 4201 4009 4274">
    <p class='ocr_par' dir='ltr' id='par_1_88' title="bbox 2437 4201 4009 4274">
     <span class='ocr_line' id='line_1_88' title="bbox 2437 4201 4009 4274; baseline -0.006 -12"><span class='ocrx_word' id='word_1_632' title='bbox 2437 4208 2743 4272; x_wconf 79' lang='grc' dir='ltr'>ἀποδείξαι,</span> <span class='ocrx_word' id='word_1_633' title='bbox 2774 4207 2868 4259; x_wconf 74' lang='grc' dir='ltr'>καὶ</span> <span class='ocrx_word' id='word_1_634' title='bbox 2900 4206 3220 4260; x_wconf 85' lang='grc' dir='ltr'>ἀποστείλαι</span> <span class='ocrx_word' id='word_1_635' title='bbox 3251 4204 3345 4257; x_wconf 72' lang='grc' dir='ltr'>τὸν</span> <span class='ocrx_word' id='word_1_636' title='bbox 3388 4205 3621 4271; x_wconf 78' lang='grc' dir='ltr'>ἄγγελον</span> <span class='ocrx_word' id='word_1_637' title='bbox 3671 4201 3838 4255; x_wconf 85' lang='grc' dir='ltr'>αὑτοῦ</span> <span class='ocrx_word' id='word_1_638' title='bbox 3871 4220 4009 4274; x_wconf 69' lang='grc' dir='ltr'>προ-</span> 
     </span>
    </p>
   </div>
   <div class='ocr_carea' id='block_1_89' title="bbox 2440 4295 4008 4371">
    <p class='ocr_par' dir='ltr' id='par_1_89' title="bbox 2440 4295 4008 4371">
     <span class='ocr_line' id='line_1_89' title="bbox 2440 4295 4008 4371; baseline -0.003 -19"><span class='ocrx_word' id='word_1_639' title='bbox 2440 4299 2775 4371; x_wconf 82' lang='grc' dir='ltr'>πορεύεσθαί</span> <span class='ocrx_word' id='word_1_640' title='bbox 2812 4314 2927 4355; x_wconf 89' lang='grc' dir='ltr'>σου,</span> <span class='ocrx_word' id='word_1_641' title='bbox 2963 4298 3061 4349; x_wconf 79' lang='grc' dir='ltr'>καὶ</span> <span class='ocrx_word' id='word_1_642' title='bbox 3092 4296 3286 4364; x_wconf 84' lang='grc' dir='ltr'>σοφίαν</span> <span class='ocrx_word' id='word_1_643' title='bbox 3327 4297 3604 4365; x_wconf 76' lang='grc' dir='ltr'>παράσχοι</span> <span class='ocrx_word' id='word_1_644' title='bbox 3637 4297 3732 4347; x_wconf 77' lang='grc' dir='ltr'>καὶ</span> <span class='ocrx_word' id='word_1_645' title='bbox 3764 4295 4008 4354; x_wconf 88' lang='grc' dir='ltr'>σύνεσιν.</span> 
     </span>
    </p>
   </div>
   <div class='ocr_carea' id='block_1_90' title="bbox 2436 4391 4012 4463">
    <p class='ocr_par' dir='ltr' id='par_1_90' title="bbox 2436 4391 4012 4463">
     <span class='ocr_line' id='line_1_90' title="bbox 2436 4391 4012 4463; baseline -0.004 -15"><span class='ocrx_word' id='word_1_646' title='bbox 2436 4397 2579 4449; x_wconf 80' lang='grc' dir='ltr'>ὥστε</span> <span class='ocrx_word' id='word_1_647' title='bbox 2619 4396 2688 4449; x_wconf 91' lang='grc' dir='ltr'><strong>τά</strong></span> <span class='ocrx_word' id='word_1_648' title='bbox 2735 4393 3155 4463; x_wconf 75' lang='grc' dir='ltr'>προϐαλλόμενα</span> <span class='ocrx_word' id='word_1_649' title='bbox 3196 4392 3345 4444; x_wconf 82' lang='grc' dir='ltr'>λύειν</span> <span class='ocrx_word' id='word_1_650' title='bbox 3392 4391 3630 4454; x_wconf 82' lang='grc' dir='ltr'>εὐκόλως</span> <span class='ocrx_word' id='word_1_651' title='bbox 3661 4392 3738 4453; x_wconf 85' lang='grc' dir='ltr'><strong>ὡς</strong></span> <span class='ocrx_word' id='word_1_652' title='bbox 3765 4391 4012 4461; x_wconf 75' lang='grc' dir='ltr'>ἀράχνης</span> 
     </span>
    </p>
   </div>
   <div class='ocr_carea' id='block_1_91' title="bbox 2439 4481 4008 4553">
    <p class='ocr_par' dir='ltr' id='par_1_91' title="bbox 2439 4481 4008 4553">
     <span class='ocr_line' id='line_1_91' title="bbox 2439 4481 4008 4553; baseline -0.005 -13"><span class='ocrx_word' id='word_1_653' title='bbox 2439 4487 2640 4550; x_wconf 77' lang='grc' dir='ltr'>ίατοῦς.</span> <span class='ocrx_word' id='word_1_654' title='bbox 2671 4485 2862 4547; x_wconf 77' lang='grc' dir='ltr'>Οὕτως</span> <span class='ocrx_word' id='word_1_655' title='bbox 2897 4485 3201 4553; x_wconf 78' lang='grc' dir='ltr'>εὐξαμένου</span> <span class='ocrx_word' id='word_1_656' title='bbox 3233 4483 3327 4536; x_wconf 76' lang='grc' dir='ltr'><strong>τοῦ</strong></span> <span class='ocrx_word' id='word_1_657' title='bbox 3360 4483 3637 4552; x_wconf 86' lang='grc' dir='ltr'>ἐκτομίου,</span> <span class='ocrx_word' id='word_1_658' title='bbox 3671 4484 3699 4535; x_wconf 83' lang='grc' dir='ltr'><strong>ὁ</strong></span> <span class='ocrx_word' id='word_1_659' title='bbox 3731 4481 4008 4551; x_wconf 79' lang='grc' dir='ltr'>βασιλεὺς,</span> 
     </span>
    </p>
   </div>
   <div class='ocr_carea' id='block_1_92' title="bbox 745 4563 2335 4648">
    <p class='ocr_par' dir='ltr' id='par_1_92' title="bbox 745 4563 2334 4638">
     <span class='ocr_line' id='line_1_92' title="bbox 745 4563 2334 4638; baseline 0.013 -23"><span class='ocrx_word' id='word_1_660' title='bbox 745 4563 947 4617; x_wconf 90' lang='lat' dir='ltr'><strong>riosam</strong></span> <span class='ocrx_word' id='word_1_661' title='bbox 993 4576 1226 4620; x_wconf 88' lang='lat' dir='ltr'><strong>mortem</strong></span> <span class='ocrx_word' id='word_1_662' title='bbox 1270 4581 1559 4638; x_wconf 81' lang='lat' dir='ltr'><strong>appetere,</strong></span> <span class='ocrx_word' id='word_1_663' title='bbox 1588 4572 1730 4627; x_wconf 89' lang='lat' dir='ltr'><strong>hanc</strong></span> <span class='ocrx_word' id='word_1_664' title='bbox 1762 4575 1933 4630; x_wconf 88' lang='lat' dir='ltr'><strong>solam</strong></span> <span class='ocrx_word' id='word_1_665' title='bbox 1967 4589 2206 4633; x_wconf 82' lang='lat' dir='ltr'><strong>mentem</strong></span> <span class='ocrx_word' id='word_1_666' title='bbox 2235 4596 2334 4636; x_wconf 81' lang='lat' dir='ltr'><strong>vos</strong></span> 
     </span>
    </p>
   </div>
   <div class='ocr_carea' id='block_1_93' title="bbox 2427 4563 4015 4648">
    <p class='ocr_par' dir='ltr' id='par_1_93' title="bbox 2440 4564 4015 4648">
     <span class='ocr_line' id='line_1_93' title="bbox 2440 4564 4015 4648; baseline -0.004 -16"><span class='ocrx_word' id='word_1_667' title='bbox 2440 4582 2511 4632; x_wconf 73' lang='grc' dir='ltr'><strong>Τὸ</strong></span> <span class='ocrx_word' id='word_1_668' title='bbox 2543 4579 2636 4632; x_wconf 90' lang='grc' dir='ltr'><strong>τοῦ</strong></span> <span class='ocrx_word' id='word_1_669' title='bbox 2674 4576 2912 4648; x_wconf 79' lang='grc' dir='ltr'>Χριστοῦ</span> <span class='ocrx_word' id='word_1_670' title='bbox 2973 4576 3190 4645; x_wconf 81' lang='grc' dir='ltr'>θέλημα</span> <span class='ocrx_word' id='word_1_671' title='bbox 3237 4573 3506 4644; x_wconf 84' lang='grc' dir='ltr'>γενέσθω,</span> <span class='ocrx_word' id='word_1_672' title='bbox 3557 4573 3751 4638; x_wconf 88' lang='grc' dir='ltr'>είπὼν,</span> <span class='ocrx_word' id='word_1_673' title='bbox 3790 4564 3884 4626; x_wconf 74' lang='grc' dir='ltr'>κάὶ</span> <span class='ocrx_word' id='word_1_674' title='bbox 3936 4573 4015 4643; x_wconf 85' lang='grc' dir='ltr'><strong>τῷ</strong></span> 
     </span>
    </p>
   </div>
   <div class='ocr_carea' id='block_1_94' title="bbox 742 4654 2328 4740">
    <p class='ocr_par' dir='ltr' id='par_1_94' title="bbox 742 4654 2328 4740">
     <span class='ocr_line' id='line_1_94' title="bbox 742 4654 2328 4740; baseline 0.013 -34"><span class='ocrx_word' id='word_1_675' title='bbox 742 4654 940 4710; x_wconf 81' lang='lat' dir='ltr'><strong>decere</strong></span> <span class='ocrx_word' id='word_1_676' title='bbox 970 4657 1327 4713; x_wconf 88' lang='lat' dir='ltr'><strong>arbitrantes.</strong></span> <span class='ocrx_word' id='word_1_677' title='bbox 1368 4662 1481 4732; x_wconf 82' lang='lat' dir='ltr'><strong>Ego</strong></span> <span class='ocrx_word' id='word_1_678' title='bbox 1506 4664 1573 4716; x_wconf 90' lang='lat' dir='ltr'><strong>ad</strong></span> <span class='ocrx_word' id='word_1_679' title='bbox 1610 4665 1850 4720; x_wconf 87' lang='lat' dir='ltr'><strong>tribunal</strong></span> <span class='ocrx_word' id='word_1_680' title='bbox 1885 4669 2066 4733; x_wconf 87' lang='lat' dir='ltr'><strong>vado;</strong></span> <span class='ocrx_word' id='word_1_681' title='bbox 2101 4672 2252 4740; x_wconf 87' lang='lat' dir='ltr'><strong>quod</strong></span> <span class='ocrx_word' id='word_1_682' title='bbox 2282 4674 2328 4726; x_wconf 89' lang='lat' dir='ltr'><strong>si</strong></span> 
     </span>
    </p>
   </div>
   <div class='ocr_carea' id='block_1_95' title="bbox 741 4746 2332 4831">
    <p class='ocr_par' dir='ltr' id='par_1_95' title="bbox 741 4746 2332 4831">
     <span class='ocr_line' id='line_1_95' title="bbox 741 4746 2332 4831; baseline 0.013 -33"><span class='ocrx_word' id='word_1_683' title='bbox 741 4746 932 4802; x_wconf 80' lang='lat' dir='ltr'><strong>divino</strong></span> <span class='ocrx_word' id='word_1_684' title='bbox 960 4765 1190 4807; x_wconf 88' lang='lat' dir='ltr'><strong>munere</strong></span> <span class='ocrx_word' id='word_1_685' title='bbox 1234 4770 1450 4810; x_wconf 84' lang='lat' dir='ltr'><strong>rursum</strong></span> <span class='ocrx_word' id='word_1_686' title='bbox 1487 4759 1914 4827; x_wconf 72' lang='lat' dir='ltr'><strong>conjungemur,</strong></span> <span class='ocrx_word' id='word_1_687' title='bbox 1949 4761 2203 4831; x_wconf 90' lang='lat' dir='ltr'><strong>interque</strong></span> <span class='ocrx_word' id='word_1_688' title='bbox 2232 4780 2332 4819; x_wconf 88' lang='lat' dir='ltr'><strong>nos</strong></span> 
     </span>
    </p>
   </div>
   <div class='ocr_carea' id='block_1_96' title="bbox 744 4840 2330 4923">
    <p class='ocr_par' dir='ltr' id='par_1_96' title="bbox 744 4840 2330 4923">
     <span class='ocr_line' id='line_1_96' title="bbox 744 4840 2330 4923; baseline 0.012 -31"><span class='ocrx_word' id='word_1_689' title='bbox 744 4840 1057 4895; x_wconf 88' lang='lat' dir='ltr'><strong>amabiliter</strong></span> <span class='ocrx_word' id='word_1_690' title='bbox 1091 4843 1290 4899; x_wconf 89' lang='lat' dir='ltr'><strong>iterum</strong></span> <span class='ocrx_word' id='word_1_691' title='bbox 1321 4849 1688 4915; x_wconf 87' lang='lat' dir='ltr'><strong>intuebimur,</strong></span> <span class='ocrx_word' id='word_1_692' title='bbox 1717 4852 1824 4906; x_wconf 85' lang='lat' dir='ltr'><strong>erit</strong></span> <span class='ocrx_word' id='word_1_693' title='bbox 1849 4868 1950 4906; x_wconf 91' lang='lat' dir='ltr'><strong>cur</strong></span> <span class='ocrx_word' id='word_1_694' title='bbox 1979 4855 2187 4923; x_wconf 82' lang='lat' dir='ltr'><strong>gratias</strong></span> <span class='ocrx_word' id='word_1_695' title='bbox 2215 4857 2330 4911; x_wconf 83' lang='lat' dir='ltr'><strong>Nu-</strong></span> 
     </span>
    </p>
   </div>
   <div class='ocr_carea' id='block_1_97' title="bbox 742 4932 2330 5011">
    <p class='ocr_par' dir='ltr' id='par_1_97' title="bbox 742 4932 2330 5011">
     <span class='ocr_line' id='line_1_97' title="bbox 742 4932 2330 5011; baseline 0.01 -26"><span class='ocrx_word' id='word_1_696' title='bbox 742 4932 874 4985; x_wconf 88' lang='lat' dir='ltr'><strong>tnini</strong></span> <span class='ocrx_word' id='word_1_697' title='bbox 913 4935 1315 5002; x_wconf 87' lang='lat' dir='ltr'><strong>persolvamus.</strong></span> <span class='ocrx_word' id='word_1_698' title='bbox 1371 4939 1465 4994; x_wconf 88' lang='lat' dir='ltr'><strong>Sin</strong></span> <span class='ocrx_word' id='word_1_699' title='bbox 1521 4943 1653 5011; x_wconf 89' lang='lat' dir='ltr'><strong>quid</strong></span> <span class='ocrx_word' id='word_1_700' title='bbox 1704 4943 1855 4998; x_wconf 88' lang='lat' dir='ltr'><strong>aliud</strong></span> <span class='ocrx_word' id='word_1_701' title='bbox 1918 4945 1997 4998; x_wconf 90' lang='lat' dir='ltr'><strong>illi</strong></span> <span class='ocrx_word' id='word_1_702' title='bbox 2049 4945 2117 5000; x_wconf 89' lang='lat' dir='ltr'><strong>de</strong></span> <span class='ocrx_word' id='word_1_703' title='bbox 2167 4947 2330 5001; x_wconf 86' lang='lat' dir='ltr'><strong>nobis</strong></span> 
     </span>
    </p>
   </div>
   <div class='ocr_carea' id='block_1_98' title="bbox 742 5021 2330 5105">
    <p class='ocr_par' dir='ltr' id='par_1_98' title="bbox 742 5021 2330 5105">
     <span class='ocr_line' id='line_1_98' title="bbox 742 5021 2330 5105; baseline 0.013 -29"><span class='ocrx_word' id='word_1_704' title='bbox 742 5025 1134 5092; x_wconf 78' lang='lat' dir='ltr'><strong>complacitum</strong></span> <span class='ocrx_word' id='word_1_705' title='bbox 1175 5038 1284 5090; x_wconf 90' lang='lat' dir='ltr'><strong>est,</strong></span> <span class='ocrx_word' id='word_1_706' title='bbox 1329 5045 1432 5101; x_wconf 77' lang='lat' dir='ltr'><strong>ego</strong></span> <span class='ocrx_word' id='word_1_707' title='bbox 1480 5035 1566 5087; x_wconf 86' lang='lat' dir='ltr'><strong>his</strong></span> <span class='ocrx_word' id='word_1_708' title='bbox 1610 5036 1795 5091; x_wconf 88' lang='lat' dir='ltr'><strong>verbis</strong></span> <span class='ocrx_word' id='word_1_709' title='bbox 1849 5021 2190 5105; x_wconf 88' lang='lat' dir='ltr'><strong>postremum</strong></span> <span class='ocrx_word' id='word_1_710' title='bbox 2233 5058 2330 5096; x_wconf 80' lang='lat' dir='ltr'><strong>vos</strong></span> 
     </span>
    </p>
   </div>
   <div class='ocr_carea' id='block_1_99' title="bbox 741 5125 2327 5208">
    <p class='ocr_par' dir='ltr' id='par_1_99' title="bbox 741 5125 2327 5208">
     <span class='ocr_line' id='line_1_99' title="bbox 741 5125 2327 5208; baseline 0.01 -32"><span class='ocrx_word' id='word_1_711' title='bbox 741 5125 1008 5180; x_wconf 78' lang='lat' dir='ltr'><strong>salutatos</strong></span> <span class='ocrx_word' id='word_1_712' title='bbox 1059 5129 1182 5182; x_wconf 89' lang='lat' dir='ltr'><strong>volo</strong></span> <span class='ocrx_word' id='word_1_713' title='bbox 1211 5146 1223 5181; x_wconf 93' lang='lat'>:</span> <span class='ocrx_word' id='word_1_714' title='bbox 1255 5145 1351 5184; x_wconf 86' lang='lat' dir='ltr'><strong>vos</strong></span> <span class='ocrx_word' id='word_1_715' title='bbox 1380 5130 1491 5202; x_wconf 68' lang='grc'><strong>44,</strong></span> <span class='ocrx_word' id='word_1_716' title='bbox 1511 5143 1694 5187; x_wconf 83' lang='lat' dir='ltr'><strong>autem</strong></span> <span class='ocrx_word' id='word_1_717' title='bbox 1723 5135 1997 5192; x_wconf 82' lang='lat' dir='ltr'><strong>nobilitati</strong></span> <span class='ocrx_word' id='word_1_718' title='bbox 2027 5137 2327 5208; x_wconf 88' lang='lat' dir='ltr'><strong>virtutique</strong></span> 
     </span>
    </p>
   </div>
   <div class='ocr_carea' id='block_1_100' title="bbox 743 5222 2328 5295">
    <p class='ocr_par' dir='ltr' id='par_1_100' title="bbox 743 5222 2328 5295">
     <span class='ocr_line' id='line_1_100' title="bbox 743 5222 2328 5295; baseline 0.01 -28"><span class='ocrx_word' id='word_1_719' title='bbox 743 5229 940 5270; x_wconf 58' lang='lat' dir='ltr'><strong>vestrae</strong></span> <span class='ocrx_word' id='word_1_720' title='bbox 980 5229 1250 5286; x_wconf 84' lang='lat' dir='ltr'><strong>paretote.</strong></span> <span class='ocrx_word' id='word_1_721' title='bbox 1284 5222 1364 5275; x_wconf 83' lang='lat' dir='ltr'><strong>Ad</strong></span> <span class='ocrx_word' id='word_1_722' title='bbox 1412 5222 1512 5276; x_wconf 84' lang='lat' dir='ltr'><strong>ista</strong></span> <span class='ocrx_word' id='word_1_723' title='bbox 1544 5239 1669 5277; x_wconf 91' lang='lat' dir='ltr'><strong>cum</strong></span> <span class='ocrx_word' id='word_1_724' title='bbox 1721 5237 1953 5295; x_wconf 83' lang='lat' dir='ltr'><strong>uterque</strong></span> <span class='ocrx_word' id='word_1_725' title='bbox 2005 5227 2192 5284; x_wconf 88' lang='lat' dir='ltr'><strong>dicere</strong></span> <span class='ocrx_word' id='word_1_726' title='bbox 2228 5230 2328 5283; x_wconf 85' lang='lat' dir='ltr'><strong>ali-</strong></span> 
     </span>
    </p>
   </div>
   <div class='ocr_carea' id='block_1_101' title="bbox 740 5307 2326 5391">
    <p class='ocr_par' dir='ltr' id='par_1_101' title="bbox 740 5307 2326 5391">
     <span class='ocr_line' id='line_1_101' title="bbox 740 5307 2326 5391; baseline 0.011 -31"><span class='ocrx_word' id='word_1_727' title='bbox 740 5307 874 5376; x_wconf 90' lang='lat' dir='ltr'><strong>quid</strong></span> <span class='ocrx_word' id='word_1_728' title='bbox 901 5323 1689 5384; x_wconf 44' lang='lat' dir='ltr'><strong>percuperetgprotostratore</strong></span> <span class='ocrx_word' id='word_1_729' title='bbox 1731 5325 2048 5384; x_wconf 87' lang='lat' dir='ltr'><strong>cunctante,</strong></span> <span class='ocrx_word' id='word_1_730' title='bbox 2094 5336 2326 5391; x_wconf 77' lang='lat' dir='ltr'><strong>magnus</strong></span> 
     </span>
    </p>
   </div>
   <div class='ocr_carea' id='block_1_102' title="bbox 2443 4662 4018 4739">
    <p class='ocr_par' dir='ltr' id='par_1_102' title="bbox 2443 4662 4018 4739">
     <span class='ocr_line' id='line_1_102' title="bbox 2443 4662 4018 4739; baseline -0.004 -17"><span class='ocrx_word' id='word_1_731' title='bbox 2443 4673 2653 4739; x_wconf 84' lang='grc' dir='ltr'>πάππῳ</span> <span class='ocrx_word' id='word_1_732' title='bbox 2704 4669 2954 4738; x_wconf 75' lang='grc' dir='ltr'>μηνύσας</span> <span class='ocrx_word' id='word_1_733' title='bbox 2987 4665 3063 4730; x_wconf 85' lang='grc' dir='ltr'><strong>ὡς</strong></span> <span class='ocrx_word' id='word_1_734' title='bbox 3105 4664 3326 4732; x_wconf 76' lang='grc' dir='ltr'>ἕτοιμός</span> <span class='ocrx_word' id='word_1_735' title='bbox 3355 4667 3474 4716; x_wconf 72' lang='grc' dir='ltr'>ἐστι</span> <span class='ocrx_word' id='word_1_736' title='bbox 3501 4663 3563 4716; x_wconf 79' lang='grc' dir='ltr'><strong>τὸ</strong></span> <span class='ocrx_word' id='word_1_737' title='bbox 3601 4662 4018 4732; x_wconf 80' lang='grc' dir='ltr'>προσταττόμε-</span> 
     </span>
    </p>
   </div>
   <div class='ocr_carea' id='block_1_103' title="bbox 2442 4753 4017 4837">
    <p class='ocr_par' dir='ltr' id='par_1_103' title="bbox 2442 4753 4017 4837">
     <span class='ocr_line' id='line_1_103' title="bbox 2442 4753 4017 4837; baseline -0.004 -24"><span class='ocrx_word' id='word_1_738' title='bbox 2442 4781 2527 4813; x_wconf 89' lang='grc' dir='ltr'><strong>νον</strong></span> <span class='ocrx_word' id='word_1_739' title='bbox 2563 4759 2901 4828; x_wconf 81' lang='grc' dir='ltr'>ἐκπληροῦν,</span> <span class='ocrx_word' id='word_1_740' title='bbox 2937 4757 3076 4826; x_wconf 77' lang='grc' dir='ltr'>πρδς</span> <span class='ocrx_word' id='word_1_741' title='bbox 3105 4758 3232 4819; x_wconf 81' lang='grc' dir='ltr'>τοὺς</span> <span class='ocrx_word' id='word_1_742' title='bbox 3261 4756 3451 4822; x_wconf 82' lang='grc' dir='ltr'>φίλους</span> <span class='ocrx_word' id='word_1_743' title='bbox 3482 4755 3862 4837; x_wconf 69' lang='grc' dir='ltr'>ἐπιστραφεὶς,</span> <span class='ocrx_word' id='word_1_744' title='bbox 3897 4753 4017 4806; x_wconf 84' lang='grc' dir='ltr'>Νῦν</span> 
     </span>
    </p>
   </div>
   <div class='ocr_carea' id='block_1_104' title="bbox 2442 4845 4018 4922">
    <p class='ocr_par' dir='ltr' id='par_1_104' title="bbox 2442 4845 4018 4922">
     <span class='ocr_line' id='line_1_104' title="bbox 2442 4845 4018 4922; baseline -0.004 -17"><span class='ocrx_word' id='word_1_745' title='bbox 2442 4856 2656 4922; x_wconf 80' lang='grc' dir='ltr'>καιρὸς,</span> <span class='ocrx_word' id='word_1_746' title='bbox 2689 4851 2817 4921; x_wconf 72' lang='grc' dir='ltr'>ἔφη,</span> <span class='ocrx_word' id='word_1_747' title='bbox 2856 4851 3082 4920; x_wconf 83' lang='grc' dir='ltr'>ἀνδρίαν</span> <span class='ocrx_word' id='word_1_748' title='bbox 3121 4847 3239 4918; x_wconf 72' lang='grc' dir='ltr'>ἅμα</span> <span class='ocrx_word' id='word_1_749' title='bbox 3271 4849 3367 4900; x_wconf 83' lang='grc' dir='ltr'>καὶ</span> <span class='ocrx_word' id='word_1_750' title='bbox 3397 4845 3636 4915; x_wconf 77' lang='grc' dir='ltr'>σπουδὴν</span> <span class='ocrx_word' id='word_1_751' title='bbox 3665 4847 3759 4898; x_wconf 75' lang='grc' dir='ltr'>καὶ</span> <span class='ocrx_word' id='word_1_752' title='bbox 3794 4846 4018 4898; x_wconf 88' lang='grc' dir='ltr'>σύνεσιν</span> 
     </span>
    </p>
   </div>
   <div class='ocr_carea' id='block_1_105' title="bbox 2440 4938 4015 5013">
    <p class='ocr_par' dir='ltr' id='par_1_105' title="bbox 2440 4938 4015 5013">
     <span class='ocr_line' id='line_1_105' title="bbox 2440 4938 4015 5013; baseline -0.005 -15"><span class='ocrx_word' id='word_1_753' title='bbox 2440 4950 2536 4999; x_wconf 79' lang='grc' dir='ltr'>καὶ</span> <span class='ocrx_word' id='word_1_754' title='bbox 2568 4945 2867 5013; x_wconf 87' lang='grc' dir='ltr'>καρτερίαν</span> <span class='ocrx_word' id='word_1_755' title='bbox 2915 4944 2976 4995; x_wconf 87' lang='grc' dir='ltr'><strong>ἐν</strong></span> <span class='ocrx_word' id='word_1_756' title='bbox 3025 4942 3141 5002; x_wconf 86' lang='grc' dir='ltr'>τοῖς</span> <span class='ocrx_word' id='word_1_757' title='bbox 3192 4941 3391 5002; x_wconf 85' lang='grc' dir='ltr'>δεινοῖς</span> <span class='ocrx_word' id='word_1_758' title='bbox 3435 4938 3810 5003; x_wconf 77' lang='grc' dir='ltr'>ἐπιδείξασθαι</span> <span class='ocrx_word' id='word_1_759' title='bbox 3841 4939 4015 5005; x_wconf 78' lang='grc' dir='ltr'>ἡμᾶς.</span> 
     </span>
    </p>
   </div>
   <div class='ocr_carea' id='block_1_106' title="bbox 2437 5029 4018 5102">
    <p class='ocr_par' dir='ltr' id='par_1_106' title="bbox 2437 5029 4018 5102">
     <span class='ocr_line' id='line_1_106' title="bbox 2437 5029 4018 5102; baseline -0.007 -11"><span class='ocrx_word' id='word_1_760' title='bbox 2437 5038 2632 5091; x_wconf 84' lang='grc' dir='ltr'>Καίτοι</span> <span class='ocrx_word' id='word_1_761' title='bbox 2672 5053 2736 5102; x_wconf 82' lang='grc' dir='ltr'><strong>γε</strong></span> <span class='ocrx_word' id='word_1_762' title='bbox 2789 5033 2975 5086; x_wconf 81' lang='grc' dir='ltr'>πολλοὶ</span> <span class='ocrx_word' id='word_1_763' title='bbox 3005 5032 3266 5093; x_wconf 84' lang='grc' dir='ltr'>πολλάκις</span> <span class='ocrx_word' id='word_1_764' title='bbox 3299 5031 3392 5084; x_wconf 71' lang='grc' dir='ltr'>καὶ</span> <span class='ocrx_word' id='word_1_765' title='bbox 3440 5029 3533 5082; x_wconf 64' lang='grc' dir='ltr'>τὸν</span> <span class='ocrx_word' id='word_1_766' title='bbox 3582 5029 3817 5098; x_wconf 79' lang='grc' dir='ltr'>ἀριθμὸν</span> <span class='ocrx_word' id='word_1_767' title='bbox 3840 5029 4018 5080; x_wconf 73' lang='grc' dir='ltr'>,ἐλάσ-</span> 
     </span>
    </p>
   </div>
   <div class='ocr_carea' id='block_1_107' title="bbox 2437 5119 4052 5197">
    <p class='ocr_par' dir='ltr' id='par_1_107' title="bbox 2437 5119 4052 5197">
     <span class='ocr_line' id='line_1_107' title="bbox 2437 5119 4052 5197; baseline -0.006 -14"><span class='ocrx_word' id='word_1_768' title='bbox 2437 5149 2586 5197; x_wconf 82' lang='grc' dir='ltr'>σους,</span> <span class='ocrx_word' id='word_1_769' title='bbox 2617 5130 2710 5183; x_wconf 79' lang='grc' dir='ltr'>καὶ</span> <span class='ocrx_word' id='word_1_770' title='bbox 2745 5127 2915 5181; x_wconf 80' lang='grc' dir='ltr'>τᾶλλα</span> <span class='ocrx_word' id='word_1_771' title='bbox 2948 5125 3104 5194; x_wconf 76' lang='grc' dir='ltr'>ἡμῶν</span> <span class='ocrx_word' id='word_1_772' title='bbox 3140 5121 3469 5193; x_wconf 78' lang='grc' dir='ltr'>ἡττώμενοι,</span> <span class='ocrx_word' id='word_1_773' title='bbox 3492 5120 3759 5190; x_wconf 73' lang='grc' dir='ltr'>’ὁμόνοιαν</span> <span class='ocrx_word' id='word_1_774' title='bbox 3803 5119 4016 5188; x_wconf 81' lang='grc' dir='ltr'>κτησά-</span> <span class='ocrx_word' id='word_1_775' title='bbox 4047 5190 4052 5194; x_wconf 26' lang='grc'><strong>1</strong></span> 
     </span>
    </p>
   </div>
   <div class='ocr_carea' id='block_1_108' title="bbox 2436 5207 4018 5292">
    <p class='ocr_par' dir='ltr' id='par_1_108' title="bbox 2436 5207 4018 5292">
     <span class='ocr_line' id='line_1_108' title="bbox 2436 5207 4018 5292; baseline -0.011 -17"><span class='ocrx_word' id='word_1_776' title='bbox 2436 5239 2612 5292; x_wconf 82' lang='grc' dir='ltr'>μενοι,</span> <span class='ocrx_word' id='word_1_777' title='bbox 2647 5217 2932 5289; x_wconf 83' lang='grc' dir='ltr'>θαυμάσιά</span> <span class='ocrx_word' id='word_1_778' title='bbox 2960 5232 3030 5268; x_wconf 66' lang='grc' dir='ltr'><strong>τε</strong></span> <span class='ocrx_word' id='word_1_779' title='bbox 3057 5215 3151 5268; x_wconf 74' lang='grc' dir='ltr'>καὶ</span> <span class='ocrx_word' id='word_1_780' title='bbox 3180 5215 3354 5279; x_wconf 82' lang='grc' dir='ltr'>ἀκοὴν</span> <span class='ocrx_word' id='word_1_781' title='bbox 3386 5211 3764 5280; x_wconf 82' lang='grc' dir='ltr'>ἐκπλήττοντα</span> <span class='ocrx_word' id='word_1_782' title='bbox 3794 5207 4018 5276; x_wconf 80' lang='grc' dir='ltr'>κατώρ-</span> 
     </span>
    </p>
   </div>
   <div class='ocr_carea' id='block_1_109' title="bbox 2431 5297 4018 5380">
    <p class='ocr_par' dir='ltr' id='par_1_109' title="bbox 2431 5297 4018 5380">
     <span class='ocr_line' id='line_1_109' title="bbox 2431 5297 4018 5380; baseline -0.013 -12"><span class='ocrx_word' id='word_1_783' title='bbox 2431 5316 2615 5368; x_wconf 79' lang='grc' dir='ltr'>θωσάν</span> <span class='ocrx_word' id='word_1_784' title='bbox 2655 5328 2796 5365; x_wconf 91' lang='grc' dir='ltr'>τινα·</span> <span class='ocrx_word' id='word_1_785' title='bbox 2819 5309 2977 5380; x_wconf 55' lang='grc' dir='ltr'>’ἡμᾶς</span> <span class='ocrx_word' id='word_1_786' title='bbox 3011 5307 3070 5360; x_wconf 84' lang='grc' dir='ltr'><strong>δέ</strong></span> <span class='ocrx_word' id='word_1_787' title='bbox 3103 5305 3389 5367; x_wconf 81' lang='grc' dir='ltr'>τοσούτους</span> <span class='ocrx_word' id='word_1_788' title='bbox 3423 5303 3582 5364; x_wconf 72' lang='grc' dir='ltr'>ὄντας</span> <span class='ocrx_word' id='word_1_789' title='bbox 3615 5301 3708 5354; x_wconf 76' lang='grc' dir='ltr'>καὶ</span> <span class='ocrx_word' id='word_1_790' title='bbox 3734 5297 4018 5365; x_wconf 69' lang='grc' dir='ltr'>τοιούτους</span> 
     </span>
    </p>
   </div>
   <div class='ocr_carea' id='block_1_110' title="bbox 2025 5428 2777 5491">
    <p class='ocr_par' dir='ltr' id='par_1_110' title="bbox 2025 5428 2777 5491">
     <span class='ocr_line' id='line_1_110' title="bbox 2025 5428 2777 5491; baseline -0.009 0"><span class='ocrx_word' id='word_1_791' title='bbox 2025 5430 2242 5491; x_wconf 80' lang='lat' dir='ltr'><strong>Jacobi</strong></span> <span class='ocrx_word' id='word_1_792' title='bbox 2280 5428 2544 5491; x_wconf 86' lang='lat' dir='ltr'><strong>Pontani</strong></span> <span class='ocrx_word' id='word_1_793' title='bbox 2592 5433 2777 5487; x_wconf 73' lang='lat' dir='ltr'><strong>notae.</strong></span> 
     </span>
    </p>
   </div>
   <div class='ocr_carea' id='block_1_111' title="bbox 827 5527 2336 5606">
    <p class='ocr_par' dir='ltr' id='par_1_111' title="bbox 827 5527 2336 5606">
     <span class='ocr_line' id='line_1_111' title="bbox 827 5527 2336 5606; baseline 0.004 -24"><span class='ocrx_word' id='word_1_794' title='bbox 827 5527 1384 5606; x_wconf 61' lang='lat' dir='ltr'><strong>(6)_Ex__ll_om__ero,</strong></span> <span class='ocrx_word' id='word_1_795' title='bbox 1443 5532 1592 5602; x_wconf 88' lang='lat' dir='ltr'><strong>quod</strong></span> <span class='ocrx_word' id='word_1_796' title='bbox 1648 5534 1923 5604; x_wconf 79' lang='lat' dir='ltr'><strong>expressit</strong></span> <span class='ocrx_word' id='word_1_797' title='bbox 1966 5534 2232 5606; x_wconf 73' lang='lat' dir='ltr'><strong>Virgilius</strong></span> <span class='ocrx_word' id='word_1_798' title='bbox 2283 5551 2336 5590; x_wconf 83' lang='lat' dir='ltr'><strong>IV</strong></span> 
     </span>
    </p>
   </div>
   <div class='ocr_carea' id='block_1_112' title="bbox 743 5599 1894 5656">
    <p class='ocr_par' dir='ltr' id='par_1_112' title="bbox 743 5599 1894 5656">
     <span class='ocr_line' id='line_1_112' title="bbox 743 5599 1894 5656; baseline -0.019 1"><span class='ocrx_word' id='word_1_799' title='bbox 743 5599 960 5656; x_wconf 65' lang='grc' dir='ltr'>ίΕιιείά.</span> <span class='ocrx_word' id='word_1_800' title='bbox 994 5599 1086 5652; x_wconf 85' lang='lat' dir='ltr'><strong>ubi</strong></span> <span class='ocrx_word' id='word_1_801' title='bbox 1118 5600 1197 5654; x_wconf 83' lang='lat' dir='ltr'><strong>sic</strong></span> <span class='ocrx_word' id='word_1_802' title='bbox 1230 5599 1365 5656; x_wconf 86' lang='lat' dir='ltr'><strong>Dido</strong></span> <span class='ocrx_word' id='word_1_803' title='bbox 1393 5623 1406 5656; x_wconf 85' lang='grc'>;</span> <span class='ocrx_word' id='word_1_804' title='bbox 1463 5599 1477 5602; x_wconf 78' lang='grc'><strong><em>“</em></strong></span> <span class='ocrx_word' id='word_1_805' title='bbox 1719 5599 1737 5604; x_wconf 86' lang='lat'>&#39;</span> <span class='ocrx_word' id='word_1_806' title='bbox 1889 5616 1894 5619; x_wconf 96' lang='lat'><em>-</em></span> 
     </span>
    </p>
   </div>
   <div class='ocr_carea' id='block_1_113' title="bbox 822 5691 2199 5768">
    <p class='ocr_par' dir='ltr' id='par_1_113' title="bbox 822 5691 2199 5768">
     <span class='ocr_line' id='line_1_113' title="bbox 822 5691 2199 5768; baseline 0.001 -22"><span class='ocrx_word' id='word_1_807' title='bbox 822 5691 925 5746; x_wconf 77' lang='lat' dir='ltr'><strong>Sed</strong></span> <span class='ocrx_word' id='word_1_808' title='bbox 950 5692 1077 5746; x_wconf 78' lang='lat' dir='ltr'><strong>mihi</strong></span> <span class='ocrx_word' id='word_1_809' title='bbox 1101 5695 1180 5748; x_wconf 80' lang='lat' dir='ltr'><strong>vel</strong></span> <span class='ocrx_word' id='word_1_810' title='bbox 1215 5693 1371 5748; x_wconf 73' lang='lat' dir='ltr'><strong>tellus</strong></span> <span class='ocrx_word' id='word_1_811' title='bbox 1396 5706 1566 5766; x_wconf 76' lang='lat' dir='ltr'><strong>optem</strong></span> <span class='ocrx_word' id='word_1_812' title='bbox 1595 5699 1742 5768; x_wconf 75' lang='lat' dir='ltr'><strong>prius</strong></span> <span class='ocrx_word' id='word_1_813' title='bbox 1776 5699 1886 5752; x_wconf 84' lang='lat' dir='ltr'><strong>ima</strong></span> <span class='ocrx_word' id='word_1_814' title='bbox 1914 5696 2168 5750; x_wconf 75' lang='lat' dir='ltr'><strong>dehiscat.</strong></span> <span class='ocrx_word' id='word_1_815' title='bbox 2194 5727 2199 5733; x_wconf 88' lang='lat'><strong>-</strong></span> 
     </span>
    </p>
   </div>
   <div class='ocr_carea' id='block_1_114' title="bbox 751 5784 2244 5860">
    <p class='ocr_par' dir='ltr' id='par_1_114' title="bbox 751 5784 2244 5860">
     <span class='ocr_line' id='line_1_114' title="bbox 751 5784 2244 5860; baseline 0.018 -26"><span class='ocrx_word' id='word_1_816' title='bbox 751 5785 1076 5860; x_wconf 48' lang='lat' dir='ltr'><strong>Quanquam</strong></span> <span class='ocrx_word' id='word_1_817' title='bbox 1108 5784 1376 5860; x_wconf 79' lang='lat' dir='ltr'><strong>Homerus</strong></span> <span class='ocrx_word' id='word_1_818' title='bbox 1406 5790 1524 5842; x_wconf 76' lang='grc' dir='ltr'>τότε</span> <span class='ocrx_word' id='word_1_819' title='bbox 1561 5807 1651 5859; x_wconf 88' lang='grc' dir='ltr'><strong>μοι</strong></span> <span class='ocrx_word' id='word_1_820' title='bbox 1677 5791 1829 5860; x_wconf 71' lang='grc' dir='ltr'>χάνοι</span> <span class='ocrx_word' id='word_1_821' title='bbox 1863 5790 2062 5857; x_wconf 59' lang='grc' dir='ltr'>εὐρεῖα</span> <span class='ocrx_word' id='word_1_822' title='bbox 2079 5786 2244 5860; x_wconf 45' lang='lat'><strong>104’,&quot;-</strong></span> 
     </span>
    </p>
   </div>
   <div class='ocr_carea' id='block_1_115' title="bbox 829 5854 2336 5929">
    <p class='ocr_par' dir='ltr' id='par_1_115' title="bbox 829 5854 2336 5929">
     <span class='ocr_line' id='line_1_115' title="bbox 829 5854 2336 5929; baseline 0.003 -21"><span class='ocrx_word' id='word_1_823' title='bbox 829 5854 904 5926; x_wconf 75' lang='lat' dir='ltr'><strong>t7)</strong></span> <span class='ocrx_word' id='word_1_824' title='bbox 951 5855 1060 5926; x_wconf 79' lang='grc' dir='ltr'>ἰ’ὴν</span> <span class='ocrx_word' id='word_1_825' title='bbox 1097 5856 1336 5914; x_wconf 86' lang='grc' dir='ltr'>νικῶσαν</span> <span class='ocrx_word' id='word_1_826' title='bbox 1364 5869 1521 5916; x_wconf 86' lang='lat' dir='ltr'><strong>vocat</strong></span> <span class='ocrx_word' id='word_1_827' title='bbox 1549 5854 1763 5929; x_wconf 67' lang='lat' dir='ltr'><strong>auctor,</strong></span> <span class='ocrx_word' id='word_1_828' title='bbox 1793 5854 2109 5924; x_wconf 59' lang='lat' dir='ltr'><strong>vincentem.</strong></span> <span class='ocrx_word' id='word_1_829' title='bbox 2137 5858 2336 5913; x_wconf 78' lang='lat' dir='ltr'><strong>Album</strong></span> 
     </span>
    </p>
   </div>
   <div class='ocr_carea' id='block_1_116' title="bbox 2446 5515 4019 5599">
    <p class='ocr_par' dir='ltr' id='par_1_116' title="bbox 2446 5515 4019 5599">
     <span class='ocr_line' id='line_1_116' title="bbox 2446 5515 4019 5599; baseline -0.012 -12"><span class='ocrx_word' id='word_1_830' title='bbox 2446 5532 2720 5588; x_wconf 83' lang='lat' dir='ltr'><strong>calculum</strong></span> <span class='ocrx_word' id='word_1_831' title='bbox 2761 5527 2989 5590; x_wconf 84' lang='lat' dir='ltr'><strong>addere,</strong></span> <span class='ocrx_word' id='word_1_832' title='bbox 3021 5533 3108 5599; x_wconf 72' lang='lat' dir='ltr'><strong>est</strong></span> <span class='ocrx_word' id='word_1_833' title='bbox 3132 5521 3466 5599; x_wconf 64' lang='lat' dir='ltr'><strong>approbare.</strong></span> <span class='ocrx_word' id='word_1_834' title='bbox 3491 5517 3633 5599; x_wconf 81' lang='lat' dir='ltr'><strong>Olim</strong></span> <span class='ocrx_word' id='word_1_835' title='bbox 3657 5515 3986 5599; x_wconf 36' lang='lat' dir='ltr'><strong>enimncaleu</strong></span> <span class='ocrx_word' id='word_1_836' title='bbox 4003 5547 4019 5558; x_wconf 75' lang='grc' dir='ltr'><strong><em>ο</em></strong></span> 
     </span>
    </p>
   </div>
   <div class='ocr_carea' id='block_1_117' title="bbox 2442 5585 4019 5669">
    <p class='ocr_par' dir='ltr' id='par_1_117' title="bbox 2442 5585 4019 5669">
     <span class='ocr_line' id='line_1_117' title="bbox 2442 5585 4019 5669; baseline -0.011 -12"><span class='ocrx_word' id='word_1_837' title='bbox 2442 5585 2520 5658; x_wconf 76' lang='lat' dir='ltr'><strong>lis</strong></span> <span class='ocrx_word' id='word_1_838' title='bbox 2566 5604 2620 5654; x_wconf 85' lang='lat' dir='ltr'><strong>in</strong></span> <span class='ocrx_word' id='word_1_839' title='bbox 2682 5615 2875 5655; x_wconf 86' lang='lat' dir='ltr'><strong>urnam</strong></span> <span class='ocrx_word' id='word_1_840' title='bbox 2936 5585 3122 5669; x_wconf 81' lang='lat' dir='ltr'><strong>missis</strong></span> <span class='ocrx_word' id='word_1_841' title='bbox 3170 5585 3245 5669; x_wconf 71' lang='lat' dir='ltr'><strong>ita</strong></span> <span class='ocrx_word' id='word_1_842' title='bbox 3301 5590 3640 5669; x_wconf 75' lang='lat' dir='ltr'><strong>ferebantur&#39;_</strong></span> <span class='ocrx_word' id='word_1_843' title='bbox 3672 5602 3702 5641; x_wconf 71' lang='grc' dir='ltr'><strong>α</strong></span> <span class='ocrx_word' id='word_1_844' title='bbox 3735 5585 4019 5669; x_wconf 61' lang='lat' dir='ltr'><strong>iudicibus</strong></span> 
     </span>
    </p>
   </div>
   <div class='ocr_carea' id='block_1_118' title="bbox 2443 5657 4017 5736">
    <p class='ocr_par' dir='ltr' id='par_1_118' title="bbox 2443 5657 4017 5736">
     <span class='ocr_line' id='line_1_118' title="bbox 2443 5657 4017 5736; baseline -0.011 -8"><span class='ocrx_word' id='word_1_845' title='bbox 2443 5657 2754 5731; x_wconf 63' lang='lat' dir='ltr'><strong>sententiae.</strong></span> <span class='ocrx_word' id='word_1_846' title='bbox 2792 5677 2851 5722; x_wconf 79' lang='lat' dir='ltr'><strong>ut.</strong></span> <span class='ocrx_word' id='word_1_847' title='bbox 2893 5669 3032 5722; x_wconf 88' lang='lat' dir='ltr'><strong>albis</strong></span> <span class='ocrx_word' id='word_1_848' title='bbox 3075 5664 3446 5736; x_wconf 62' lang='lat' dir='ltr'><strong>absolverent,</strong></span> <span class='ocrx_word' id='word_1_849' title='bbox 3477 5658 3729 5729; x_wconf 84' lang='lat' dir='ltr'><strong>pluribus</strong></span> <span class='ocrx_word' id='word_1_850' title='bbox 3762 5657 4017 5736; x_wconf 61' lang='lat' dir='ltr'><strong>scilicet,</strong></span> 
     </span>
    </p>
   </div>
   <div class='ocr_carea' id='block_1_119' title="bbox 2441 5726 4023 5807">
    <p class='ocr_par' dir='ltr' id='par_1_119' title="bbox 2441 5726 4023 5807">
     <span class='ocr_line' id='line_1_119' title="bbox 2441 5726 4023 5807; baseline -0.011 -10"><span class='ocrx_word' id='word_1_851' title='bbox 2441 5726 2574 5797; x_wconf 77' lang='lat' dir='ltr'><strong>atris</strong></span> <span class='ocrx_word' id='word_1_852' title='bbox 2600 5726 2948 5794; x_wconf 67' lang='lat' dir='ltr'><strong>danniarent.</strong></span> <span class='ocrx_word' id='word_1_853' title='bbox 2975 5735 3129 5807; x_wconf 79' lang='lat' dir='ltr'><strong>Quod</strong></span> <span class='ocrx_word' id='word_1_854' title='bbox 3161 5726 3741 5807; x_wconf 32' lang='lat' dir='ltr'><strong>siaeqnales’nunlrero</strong></span> <span class='ocrx_word' id='word_1_855' title='bbox 3760 5726 4023 5807; x_wconf 70' lang='lat' dir='ltr'><strong>fuissent,</strong></span> 
     </span>
    </p>
   </div>
   <div class='ocr_carea' id='block_1_120' title="bbox 2443 5797 3915 5868">
    <p class='ocr_par' dir='ltr' id='par_1_120' title="bbox 2443 5797 3915 5868">
     <span class='ocr_line' id='line_1_120' title="bbox 2443 5797 3915 5868; baseline -0.011 -2"><span class='ocrx_word' id='word_1_856' title='bbox 2443 5829 2571 5868; x_wconf 80' lang='lat' dir='ltr'><strong>reus</strong></span> <span class='ocrx_word' id='word_1_857' title='bbox 2620 5797 3386 5867; x_wconf 27' lang='lat' dir='ltr'><strong>uihilominuswliberabatur.</strong></span> <span class='ocrx_word' id='word_1_858' title='bbox 3417 5801 3578 5855; x_wconf 80' lang='lat' dir='ltr'><strong>Plura</strong></span> <span class='ocrx_word' id='word_1_859' title='bbox 3603 5797 3915 5853; x_wconf 61' lang='lat' dir='ltr'><strong>Ch&#39;liastcs.</strong></span> 
     </span>
    </p>
   </div>
  </div>
