4222 6442
759 404 856 468 131

1945 404 2267 464 JOANNlS
2301 405 2833 468 CAN‘l'ACUZEVI
2883 491 2888 498 ι

3915 407 4016 472 132

753 518 1066 574 admirabili
1099 517 1178 587 i9)
1210 517 1478 588 sapientia
1502 515 1847 584 consilioque
1883 516 2163 585 pricditus,
2191 526 2247 571 et
2269 515 2338 570 ab

2446 517 2586 587 ἀνὴρ
2631 519 2726 571 καὶ
2759 516 3067 587 θαυμάσιος
3103 518 3161 570 ἐν
3207 519 3489 590 φρονήσει,
3537 518 3738 591 πολλῆς
3785 537 3841 574 τε
3879 521 4010 575 ἀπο-

664 650 672 670 -.
755 614 1089 681 imperatore
1134 609 1522 664 benevolentia
1585 609 1909 678 honoreque
1937 607 2204 678 singulari
2249 607 2337 661 di-

757 715 976 772 gnatus,
1032 704 1106 757 ita
1179 711 1239 757 ut
1305 701 1470 756 etiam
1525 700 1719 755 lrenen
1767 698 1932 752 tiliam
1975 700 2092 768 ejus
2139 698 2338 753 Joanni

754 796 997 864 despotic
1044 795 1156 847 lilio
1204 807 1305 848 suo
1350 791 1561 860 nuptiis
1608 791 1990 860 coniungeret.
2031 789 2130 843 llic
2179 787 2340 842 Nice-

753 889 962 958 phorus
989 889 1142 958 prius
1174 885 1524 955 imperatoris
1547 884 1849 938 domestica
1875 882 2299 936 administrabat
2323 900 2335 934 :

755 993 870 1038 tum
892 991 1102 1043 autem,
1121 978 1360 1048 podagra
1379 976 1746 1038 conﬂictatus,
1771 974 2053 1030 iunctione
2075 975 2164 1029 illa
2188 975 2342 1028 abic-

756 1084 863 1128 rat.
909 1073 1094 1128 Nihilo
1141 1072 1324 1124 minus
1368 1085 1584 1123 summo
1625 1083 1754 1122 eum
1791 1067 2000 1122 honore
2041 1067 2341 1137 imperator

754 1164 1220 1235 prosequebatur.
1258 1162 1464 1215 Prmler
1515 1161 1616 1213 hos
1652 1169 1833 1214 autem
1876 1158 2066 1213 aderat
2109 1167 2164 1211 et
2197 1157 2342 1212 Con-

758 1258 1038 1312 stantinus
1088 1256 1438 1323 Acropolita,
1495 1254 1614 1322 ipse
1667 1267 1887 1321 quoque
1947 1251 2125 1320 magni
2183 1251 2339 1320 iugo--

758 1351 919 1402 thetzc
940 1348 1205 1417 dignitate
1223 1355 1476 1400 ornatus.
1504 1345 1666 1398 Facto
1683 1345 1848 1414 igitur
1871 1341 2151 1412 paulisper
2170 1343 2342 1396 silen-

758 1444 855 1500 tio,
905 1438 1254 1494 Andronicus
1306 1438 1479 1504 major
1515 1437 1633 1488 inlit
1680 1437 1952 1488 :l)omine
2005 1433 2338 1500 patriarcha,

754 1531 960 1599 quique
995 1543 1178 1581 coram
1222 1527 1447 1589 adestis,
1479 1527 1570 1580 hic
1625 1526 1789 1578 homo
1857 1529 2151 1593 (nepotem
2197 1523 2342 1577 desi-

756 1622 966 1690 gnans)
1007 1631 1091 1674 est
1129 1621 1374 1673 moribus
1406 1618 1798 1682 intractabilis,
1837 1625 1893 1671 et
1929 1630 2226 1686 arrogans,
2261 1623 2343 1667 at-

758 1732 864 1783 quc
908 1714 1258 1773 inobediens,
1307 1711 1626 1780 neutiquam
1677 1709 1812 1762 mihi
1863 1708 2046 1773 cedit,
2097 1706 2191 1760 sed
2246 1722 2343 1775 pro

756 1807 987 1862 libidine
1017 1808 1128 1874 agit
1158 1806 1360 1864 omnia,
1397 1814 1598 1856 nostra:
1638 1786 1940 1855 voluntatis
1973 1814 2075 1853 nec
2118 1814 2338 1867 parvam

2445 608 2628 662 λαύων
2658 609 2794 678 πρὸς
2841 609 3108 679 βασιλέως
3138 611 3351 674 εὐνοίας
3393 628 3455 664 τε
3502 614 3594 673 ναὶ
3631 612 3816 682 τιμῆςο
3847 613 3914 666 δι’
3950 613 4014 682 ἢν

2447 701 2539 753 καὶ
2571 702 2669 770 τὴν
2698 700 2868 753 αὑτοῦ
2898 700 3179 771 θυγατέρα
3215 703 3449 771 Εἰρήνην
3479 701 3558 771 τῷ
3585 703 3683 771 υἱῷ
3729 703 3894 756 αὑτοῦ
3941 701 4015 771 τῷ

2442 789 2680 860 δεσπότῃ
2723 789 2948 860 Ἰωάννῃ
2999 790 3134 859 πρὸς
3187 791 3368 859 γάμου
3409 791 3698 845 κοινωνίαν
3757 792 3963 861 ἢγαγεν
3991 794 4016 844 ὁ

2445 878 2728 948 βασιλεύς.
2767 881 2864 943 Ὃς
2911 881 2976 951 δὴ
3013 883 3281 950 πρότερον
3348 885 3446 952 μὲν
3494 879 3564 952 ἦν
3620 884 3873 953 μεσάζων
3921 871 4056 937 καί

2445 971 2609 1033 αὐτὸς
2669 971 2807 1040 πρὸς
2857 971 2926 1022 τὰ
2983 972 3290 1041 πράγματα
3347 973 3588 1042 βασιλεῖ’
3636 975 3758 1027 τότε
3808 975 3864 1027 δέ
3905 976 4008 1027 ὑπὸ

2443 1064 2620 1128 νόσον),
2641 1062 2904 1129 ποδαλγία
2933 1062 2991 1114 δέ
3017 1058 3107 1132 ἦν,
3139 1064 3237 1132 τῆς
3269 1066 3368 1133 μὲν
3389 1065 3691 1134 ὑπηρεσίας
3721 1068 4011 1130 ἐπέπαυτο,

2442 1157 2608 1226 τιμῆς
2637 1156 2681 1208 δ’
2707 1155 2948 1208 ἀπέλαυε
2993 1157 3092 1224 τῆς
3139 1158 3290 1224 παρὰ
3324 1156 3591 1226 βασιλέως
3616 1159 3838 1227 πολλῆς,
3875 1159 4014 1227 Πρδς

2442 1247 2654 1307 τούτοις
2691 1247 2748 1298 δέ
2807 1247 2904 1299 καὶ
2957 1247 2985 1298 δ
3022 1246 3426 1315 Ἀκροπολίτης
3483 1245 3551 1316 ἦν
3583 1250 4006 1310 Κωνσταντίνος,

2447 1340 2623 1408 μέγας
2648 1339 2947 1407 λογοθέτη;
2979 1337 3055 1390 ὢν
3085 1341 3176 1390 καὶ
3213 1341 3401 1401 αἱτός·
3437 1343 3522 1390 ἐπ’
3563 1341 3741 1406 ὀλίγον
3765 1341 3821 1392 δὲ
3857 1342 4013 1407 σιγῆς

2443 1429 2776 1497 γενομένης,
2834 1429 2862 1479 δ
2909 1429 3018 1480 τῶν
3065 1430 3422 1498 Ἀνδρονίκων
3456 1432 3826 1498 πρεστέύέεας
3857 1433 4013 1497 λόγου

2440 1521 2650 1590 ἥπτετο
2699 1519 2952 1589 βασιλεὺς
3011 1519 3297 1573 τοιούτου·
3356 1525 3606 1575 Δέσποτα
3676 1525 4012 1594 πατριάρχα,

2442 1615 2536 1666 καὶ
2573 1615 2730 1683 ὑμεῖς
2783 1615 2830 1666 οἱ
2865 1613 3164 1682 παρόντες,
3187 1614 3216 1665 δ
3251 1613 3536 1684 ἄνθρωπος
3559 1607 3710 1677 οὗτος
3747 1615 4013 1685 (περὶτοῦ

2444 1705 2672 1772 ὲγγόνου
2732 1703 2936 1772 δηλῶν)
2993 1704 3112 1758 ἐστὶ
3151 1704 3257 1774 μὲν
3285 1705 3519 1775 σκληρὸς
3572 1709 3666 1760 καὶ
3713 1709 3838 1769 τοὺς
3895 1708 4014 1774 τρό-

2445 1814 2580 1860 πους
2613 1796 2852 1865 αὐθάδης
2875 1814 2888 1826 ’
2924 1796 3004 1850 ἔτι
3057 1795 3114 1849 δέ
3169 1798 3263 1848 καὶ
3310 1798 3614 1868 παρήκοοις,
3649 1799 3740 1873 καὶ
3766 1799 4014 1868 οὐδαμῶς

758 1901 1026 1952 rationem
1060 1898 1289 1950 ducens.
1326 1895 1645 1963 Propterea.
1677 1893 1954 1948 llactenus
1981 1892 2170 1960 junior
2201 1892 2342 1944 taci~

2445 1888 2690 1940 ὑπείκων
2740 1889 2888 1958 ἐμοὶ,
2923 1887 3039 1941 ἀλλ’
3084 1887 3121 1942 ἃ
3157 1865 3405 1958 βούλοιτο
3442 1865 3720 1959 πράττων,
3746 1890 3837 1942 τοῦ
3877 1865 4018 1960 μευ

756 2001 844 2042 tus
897 1988 1140 2042 sedebat.
1176 1985 1313 2040 Illud
1354 1997 1537 2039 autem
1582 1985 1835 2048 verbum,
1878 1983 2189 2053 Propterea,
2239 1981 2340 2035 iui-

758 2083 892 2136 tium
920 2080 1159 2134 ferenda:
1181 2079 1470 2132 adversum
1498 2094 1558 2131 se
1577 2076 1864 2131 sententia:
1892 2085 2065 2141 ratus,
2089 2073 2337 2128 Obsecro

758 2187 830 2238 te,
853 2169 1524 2233 exclamat,sacratissime
1542 2169 1763 2222 domine
1785 2169 2106 2236 imperator,
2127 2166 2342 2235 pauxil-

755 2268 868 2322 lum
899 2267 1160 2328 subslste,
1191 2263 1437 2332 mihique
1469 2261 1712 2315 medium
1737 2259 1976 2329 spatium
2008 2259 2074 2312 ad
2110 2260 2336 2328 loquen-

757 2361 890 2413 dum
929 2374 994 2412 ne
1043 2358 1288 2425 dcnega;
1327 2364 1383 2408 et
1418 2355 1511 2408 ubi
1555 2353 1896 2416 summatim,
1928 2366 2050 2421 quas
2089 2351 2342 2406 voluntas

760 2455 885 2514 fert,
916 2449 1286 2520 explicavero,
1318 2448 1590 2516 reliquum
1619 2445 1888 2500 orationis
1921 2453 2027 2498 tum
2050 2445 2339 2498 absolvito.
2371 2514 2380 2523 _

761 2545 990 2598 Sineutc
1023 2558 1153 2596 sene
1181 2551 1237 2594 ut
1259 2540 1467 2594 diceret
1493 2554 1614 2607 quae
1643 2539 1830 2599 vellet,
1863 2538 2009 2590 hunc
2039 2539 2091 2590 in
2120 2537 2340 2590 modum

759 2635 1026 2690 disseruit
1057 2653 1068 2687 :
1106 2634 1275 2687 Dcum
1313 2643 1508 2686 testem
1547 2636 1764 2694 invoco,
1800 2645 1884 2687 me
1912 2645 2147 2700 quorum
2180 2644 2347 2684 accu-

758 2744 852 2783 sor
882 2728 1202 2791 criminum,
1245 2727 1452 2779 nullius
1499 2725 1633 2777 mihi
1679 2725 1967 2778 conscium
2001 2738 2145 2778 esse.
2187 2723 2342 2790 Quod

761 2824 943 2890 ipsum
978 2828 1034 2874 et
1057 2819 1191 2874 alias
1216 2817 1488 2888 majcsmti
1515 2825 1621 2870 tuae
1652 2831 1749 2886 per
1784 2817 1960 2869 virum
1981 2816 2342 2870 excellentem

759 2913 1060 2982 Josephum
1093 2915 1330 2986 legatum
1365 2927 1546 2964 mcum
1580 2909 1839 2972 iudicavi,
1873 2919 1926 2963 et
1974 2926 2122 2963 nunc
2156 2925 2348 2966 rursus

756 3022 947 3060 asseio
974 3023 988 3058 :
1022 3014 1078 3060 et
1100 3015 1156 3057 ut
1181 3004 1364 3059 verbis
1385 3004 1522 3058 meis
1551 3002 1694 3072 apud
1721 3013 1771 3056 te
1796 3001 1929 3056 ﬁdes
1957 3002 2048 3065 sit,
2068 3003 2346 3072 jusjuran-

755 3098 890 3152 dum
913 3098 1227 3167 interpono,
1249 3095 1650 3150 conscientiam
1677 3110 1852 3148 meam
1872 3093 2152 3149 nechodie
2177 3095 2349 3163 impc-

2441 1979 2603 2049 τέρου
2637 1979 2796 2047 λόγον
2829 1980 3140 2050 θελήματος
3173 1982 3495 2053 ποιούμενος
3527 1983 3636 2035 οὐδ’
3670 1983 3868 2050 ὀλίγον.
3919 1983 4018 2034 Διὰ

2440 2075 2620 2130 τοῦτο.
2653 2075 2830 2146 Μέχρι
2886 2077 2986 2146 μὲν
3035 2078 3130 2132 οῦν
3175 2079 3371 2132 τούτου
3425 2077 3648 2132 σιωπῶν
3702 2077 3954 2146 βασιλεὺς
3991 2077 4018 2128 δ

2447 2167 2568 2232 νέος
2599 2169 2870 2238 καθῆστο,
2921 2169 2984 2222 τδ
3039 2172 3148 2226 Διὰ
3201 2171 3378 2225 τοῦτο
3409 2170 3463 2223 δέ
3492 2171 3668 2240 ἀρχὴν
3691 2169 4017 2236 ἀποφάσεως

2447 2259 2588 2315 εἷναι
2623 2264 2880 2333 νομίσας,
2914 2265 3121 2335 Δέομαί
3171 2283 3290 2330 σου,
3332 2265 3577 2319 θειότατέ
3610 2283 3702 2335 μοι
3729 2265 3824 2318 καὶ
3861 2262 4018 2332 κύριε

2447 2353 2692 2423 βασιλεῦ,
2720 2350 2868 2420 εἷπε,
2905 2356 3104 2425 μικρὸν
3133 2358 3450 2427 ἐπισχόντα,
3493 2356 3654 2424 λόγου
3684 2355 3877 2425 χρόνον
3907 2354 4016 2406 sit.

2444 2463 2540 2514 γον
2571 2448 2697 2516 ἐμοὶ
2739 2448 3096 2519 χαρίσασθαι’
3133 2448 3168 2501 ἃ
3197 2449 3251 2502 δέ
3303 2449 3565 2519 βούλομαι
3597 2446 3918 2512 διεξελθόντι
3945 2445 4020 2506 ὡς

2446 2543 2504 2592 ἐν
2537 2540 2752 2611 βραχεῖ,
2809 2542 2902 2595 τοῦ
2943 2545 3103 2609 λόγου
3160 2543 3221 2596 τὸ
3279 2543 3464 2595 λοιπὸν
3525 2543 3685 2604 αὐτὸς
3744 2541 4018 2609 περανείς.

2417 2635 2552 2697 ,Τοῦ
2583 2635 2628 2689 δ’
2669 2637 3067 2706 ἐπιτρέψαντος
3122 2636 3157 2691 ἃ.
3204 2636 3446 2706 βούλοιτο
3476 2636 3676 2703 λέγειν.
3713 2635 3816 2687 Τὸν
3862 2633 4019 2695 Θεὸν,

2445 2733 2472 2782 ὁ
2504 2731 2621 2790 νέος
2665 2729 3001 2798 Ἀνδρόνικος
3047 2729 3176 2800 ἔφη.
3225 2729 3334 2782 τῶν
3359 2731 3644 2799 παρόντων
3673 2729 3846 2794 λόγων
3880 2727 4023 2795 μὰρο

2445 2836 2584 2888 τυρπι
2609 2819 3016 2889 προκαλοῦμαι,
3043 2821 3116 2884 ὡς
3143 2822 3302 2874 οὐδὲν
3327 2815 3402 2873 ὧν
3425 2821 3766 2889 ἐγκαλοῦμαι
3796 2816 4020 2887 ἐμαυτῷ

2448 2912 2664 2966 σύνοιδα
2711 2914 3085 2984 εἰργασμένῳ·
3129 2915 3190 2966 τὸ
3222 2913 3267 2967 δ’
3303 2915 3437 2967 αὐτὸ
3468 2914 3565 2966 καὶ
3606 2914 3870 2984 πρότερον
3899 2913 4025 2979 ἐδή-

2445 3004 2596 3056 λωσα
2631 3005 2707 3074 τῷ
2755 3005 2833 3074 σῷ
2886 3004 3102 3075 κράτει,
3145 3005 3224 3074 τῷ
3253 3005 3548 3074 θαυμασίῳ
3588 3005 3787 3075 Ἰωσὴφ
3811 3006 4024 3075 χρησά-

2453 3113 2614 3166 μενος
2641 3098 2975 3168 πρεσϐευτῇ.
3016 3097 3185 3150 Ὶόῦτο
3212 3097 3276 3168 δὴ
3312 3099 3406 3150 καὶ
3429 3097 3524 3151 νῦν
3561 3095 3718 3160 αὖθις
3747 3097 4017 3166 διῖσχυρίο

763 3190 867 3243 diri
904 3197 1066 3256 atquc
1088 3186 1365 3247 convinci,
1392 3201 1494 3240 nec
1519 3193 1630 3238 tum
1660 3185 1975 3254 impeditam
2020 3194 2184 3254 atque
2218 3201 2347 3239 cou-

2451 3189 2638 3258 ζομαι,
2690 3189 2788 3242 καὶ
2822 3190 3008 3260 ὅρκοις
3066 3189 3434 3259 πιστούμενος
3487 3191 3616 3254 τοὺς
3669 3191 3882 3259 λόγου;,
3933 3190 4012 3254 ὡς

761 3283 962 3336 victam
999 3280 1167 3336 fuisse
1205 3282 1373 3336 ullius
1396 3282 1594 3335 horum
1618 3283 1911 3346 scelerum,
1937 3296 2171 3350 quorum
2195 3294 2345 3334 nunc

761 3390 893 3428 reus
926 3389 1176 3444 peragor.
1209 3371 1604 3428 Verumtamen
1639 3387 1900 3442 peccasse
1930 3387 2018 3426 me
2051 3373 2180 3424 talia
2203 3387 2346 3440 t]t|:B'

762 3466 890 3520 dam
943 3474 1166 3535 peccata
1201 3465 1436 3518 libenter
1482 3463 1837 3524 crediderim,
1888 3471 1948 3516 ut
1995 3462 2040 3516 si
2075 3469 2126 3515 te
2173 3462 2346 3515 invito

762 3569 1020 3612 venatum
1055 3557 1250 3620 ierim;
1283 3557 1330 3610 si
1365 3556 1574 3610 diutius
1601 3569 1765 3624 quam
1801 3566 1859 3607 tu
1895 3555 2124 3607 torsitan
2158 3553 2346 3616 velles,

756 3651 1120 3720 equestribus
1168 3649 1313 3704 ludis
1365 3648 1735 3712 indulserint;
1780 3656 1876 3701 aut
1925 3646 1968 3700 si
2021 3645 2153 3714 quid
2197 3644 2346 3698 aliud

762 3743 1083 3813 hujusmodi
1113 3743 1324 3813 iniussu
1359 3752 1452 3794 tuo
1482 3739 1871 3810 perpetrarim,
1895 3747 1952 3792 et
1982 3747 2169 3806 postea
2194 3752 2348 3791 mau-

759 3838 952 3891 datnm
994 3851 1214 3905 quoque
1238 3845 1390 3889 tuom
1425 3848 1523 3903 pro
1558 3833 1734 3886 nihilo
1766 3839 1986 3900 putans,
2027 3830 2200 3884 nihilo
2241 3829 2346 3882 mi-

715 3977 718 3981 .
762 3945 868 3982 nus
896 3927 1074 3982 facere
1106 3926 1466 3996 perrexerim.
1491 3923 1656 3992 Atqui
1687 3937 1790 3992 ego
1815 3922 1869 3976 in
1899 3921 1983 3975 his
2007 3935 2235 3989 peccare
2264 3937 2349 3976 me

746 4007 1102 4084 nesciebam,
1133 4019 1230 4071 tibi
1266 4027 1449 4070 autent
1478 4015 1802 4084 delinquere
1836 4014 2064 4067 forsitan
2097 4011 2342 4066 videbar.

763 4115 857 4167 Sic
889 4110 1023 4164 mihi
1067 4107 1406 4178 persuadens
1433 4147 1448 4169 ,
1483 4106 1624 4161 nihil
1657 4090 1762 4159 'me
1817 4105 2104 4173 indignum
2151 4104 2352 4159 admit-

765 4215 901 4265 tere,
955 4201 1207 4256 dicebam
1251 4199 1343 4263 iis,
1390 4200 1723 4267 quibuscum
1778 4195 1916 4248 mihi
1966 4212 2171 4260 sermo,
2209 4197 2350 4249 velle

765 4319 1103 4374 magnopere
1139 4300 1282 4371 apud
1315 4301 1602 4354 dominum
1631 4306 1685 4351 et
1717 4297 2106 4366 imperatorem
2128 4313 2350 4352 causam

763 4407 987 4470 dicere;
1023 4404 1094 4457 ita
1120 4415 1356 4470 eantque
1387 4398 1616 4461 nullius,
1648 4411 1884 4466 quorum
1911 4412 2193 4466 arguerer,
2221 4411 2352 4452 con-

763 4513 970 4563 victum
1001 4509 1091 4572 iri,
1123 4518 1178 4560 et
1205 4506 1383 4574 ipsum
1413 4486 1801 4573 imperatorem
1831 4501 2160 4572 flagitiorum
2196 4517 2351 4555 meo-

707 4667 713 4670 Α
763 4623 887 4662 rum
929 4606 1137 4677 abiecta
1167 4601 1483 4670 suspicione
1519 4600 1654 4652 iram
1698 4598 2084 4652 remissurum.
2113 4597 2224 4669 66
2247 4599 2353 4654 Ne-

761 4721 891 4777 gare
930 4720 1040 4759 non
1081 4713 1260 4772 potes,
1291 4709 1343 4754 te
1375 4700 1442 4752 ab
1479 4699 1633 4752 obitu
1678 4698 1923 4767 parentis
1963 4699 2071 4752 mei
2116 4699 2354 4768 impera-

761 4811 901 4865 toris
952 4821 1128 4876 usque
1159 4803 1323 4857 hodie
1373 4811 1481 4855 tam
1517 4800 1919 4869 implacabilem
1951 4800 2220 4856 adversus
2269 4817 2356 4856 me

765 4910 1108 4969 iracundiam
1144 4905 1370 4970 aluisse,
1416 4913 1476 4956 ut
1509 4910 1662 4954 tanto
1697 4901 1987 4955 intervallo
2030 4917 2139 4956 non
2185 4902 2353 4958 verho

765 5017 960 5071 saltem
1012 5028 1124 5067 uno
1164 5011 1424 5080 dignatus
1481 5007 1558 5060 sis
1601 5022 1614 5059 :
1655 5004 1802 5074 quod
1857 5021 1984 5060 cum
2041 5006 2355 5073 considero,

767 5126 945 5172 morte
989 5113 1108 5184 ipsa
1137 5112 1316 5166 dirius
1360 5110 1598 5164 videtur.
1631 5108 1782 5162 Talia
1817 5107 2189 5162 occurrebant
2235 5124 2356 5178 qua:

763 5225 1030 5286 dicerem,
1065 5217 1468 5288 sperabamque
1497 5224 1712 5282 tempus
1745 5213 1971 5282 aliquod
2003 5213 2348 5270 defensionis

2449 3281 2574 3335 οὔτε
2610 3279 2709 3336 νῦν
2756 3283 2880 3335 οὔτε
2941 3283 3065 3337 τότε
3114 3285 3222 3337 τῶν
3269 3285 3687 3356 ἐγκαλουμένων
3723 3285 3941 3355 ἐμαυτῷ
3969 3303 4024 3338 τι

2452 3374 2668 3427 σύνοιδα
2725 3375 3098 3446 εἰργασμένῳ.
3133 3375 3570 3448 Ἑξαμαρτάνειν
3623 3378 3894 3447 μέντοιγε,
3927 3377 4023 3429 καὶ

2453 3467 2595 3519 πάνυ
2647 3467 2908 3536 πείθομαι
2956 3470 3208 3536 τοιαῦτα,
3252 3466 3389 3534 οἷον,
3431 3473 3487 3524 εἴ
3541 3471 3605 3538 γέ
3656 3485 3740 3522 σοι
3789 3471 3886 3536 μὲν
3920 3471 4022 3521 οὐκ

2450 3557 2652 3626 ἧρεσκε
2687 3559 2824 3627 πρὸς
2871 3561 3206 3628 κυνηγεσίαν
3246 3562 3530 3627 ἀπελθεῖν,
3583 3561 3694 3631 ἐγὼ
3746 3563 3802 3615 δέ
3848 3565 4026 3629 ἀπ)-

2451 3649 2566 3702 θον·
2612 3651 2662 3702 εί
2716 3652 2808 3703 ἐπὶ
2854 3652 3079 3706 πλείονα
3128 3656 3322 3723 χρόνον
3371 3657 3700 3726 ἐχρησάμην
3729 3657 3902 3726 ἵππῳ,
3939 3657 4025 3708 σοὶ

2450 3742 2643 3795 τούτου
2677 3743 2808 3805 ῐσως
2858 3745 2920 3796 οὐ
2970 3746 3153 3807 καλῶς
3189 3746 3335 3816 ἔχειν
3379 3747 3700 3809 δοκοῦντοςο
3735 3748 3768 3818 ἢ
3798 3751 3847 3800 εἰ
3873 3750 3934 3817 δή
3969 3766 4023 3800 τι

2453 3835 2698 3888 τοιοῦτον
2728 3835 2920 3906 ἕτερον
2947 3853 2961 3868 ·
3013 3839 3108 3890 καὶ
3157 3839 3315 3892 τοῦτο
3347 3841 3428 3905 δὲ,
3459 3842 3519 3893 οὐ
3550 3845 4023 3911 προσταττόμενος

2454 3927 2608 3997 παρά
2636 3927 2754 3992 σοῦ,
2790 3929 2966 3983 ἔπειτ’
3015 3933 3097 3993 είς
3140 3932 3293 3986 οὐδὲν
3324 3933 3382 3986 τὸ
3431 3934 3711 4004 ἐπίταγμα
3743 3935 4024 4003 τιθέμενος

2457 4022 2696 4074 ἐποίουνο
2729 4021 2846 4075 ἀλλ’
2887 4021 3001 4090 ἐγὼ
3053 4024 3154 4092 μὲν
3185 4026 3408 4078 ἐποίουν
3441 4027 3609 4095 μηδὲν
3653 4027 3824 4089 εἰδὼς·
3869 4045 3948 4079 σοι
3980 4027 4024 4079 δ’

2455 4113 2587 4175 ἴσως
2628 4111 2693 4164 ἂν
2737 4113 2839 4181 ἐμέ
2869 4114 3213 4184 ἁμαρτάνειν
3268 4117 3466 4168 ἑδόκει’
3495 4111 3538 4184 ᾧ
3586 4119 3647 4184 δὴ
3702 4121 3790 4170 καὶ
3823 4117 4025 4170 πείθων

2455 4205 2696 4274 ἐμαυτὸν
2729 4204 2942 4260 ἀδικεῖν
2971 4207 3163 4276 μηδὲν,
3191 4209 3348 4261 Κατὰ
3377 4209 3622 4278 γνώμην.
3664 4210 3867 4274 ἔλεγον,
3904 4213 4026 4280 ἐμοὶ

2463 4295 2663 4362 γένοιτ’
2695 4295 2760 4349 ἂν
2814 4299 2905 4348 ἐπὶ
2938 4297 3034 4350 τοῦ
3075 4299 3270 4369 κυρίου
3309 4301 3402 4352 καὶ
3444 4300 3709 4370 βασιλέως
3742 4301 3898 4370 δίκης
3933 4318 4027 4353 τυ-

2454 4389 2592 4458 χεῖν,
2625 4389 2764 4460 πρὸς
2786 4389 2879 4451 οὓς
2917 4392 3220 4460 ἐποιούμην
3249 4394 3373 4450 τοὺς
3403 4393 3590 4459 λόγους
3617 4409 3630 4422 °
3662 4395 3710 4445 εἰ
3733 4394 3836 4461 γὰρ
3869 4393 4028 4446 τοῦτο

2456 4479 2690 4547 γένοιτο,
2730 4481 2866 4550 πρὸς
2892 4483 3046 4536 οὐδὲν
3075 4485 3176 4550 μὲν
3207 4485 3318 4536 τῶν
3351 4485 3770 4554 ἐγκαλουμένων
3809 4487 4028 4554 ἐλεγχό-

2464 4589 2625 4641 μενος
2656 4573 2821 4636 αὑτδς
2878 4576 3199 4643 φανεῖσθαι·
3253 4578 3343 4630 τὸν
3390 4578 3616 4647 βασιλέα
3665 4579 3722 4631 δέ
3769 4560 3867 4648 τὴν
3900 4582 4030 4649 περὶ

2451 4665 2546 4717 τοῦ
2590 4667 2899 4736 ἁμαρτάνει
2927 4668 3024 4736 ἐμὲ
3053 4669 3312 4722 ὑπόνοιαν
3347 4671 3703 4738 ἀποθέμενον.
3733 4671 3827 4739 τῆς
3857 4671 4032 4739 ὀργῆς

2455 4756 2522 4809 ἂν
2559 4757 2796 4826 ὑφεῖναι.
2835 4755 3010 4812 Οἶσθα
3039 4762 3147 4830 γὰρ
3179 4763 3362 4826 αὐτὸς,
3395 4757 3439 4815 ὦ
3489 4761 3732 4830 βασιλεῦ,
3775 4765 3855 4816 ὅτι
3889 4770 4033 4831 μεεάι

2457 4849 2554 4918 τὴν
2590 4851 2684 4902 τοῦ
2731 4851 2867 4920 ἐμοῦ
2911 4853 3178 4922 βασιλέως
3227 4858 3322 4908 καὶ
3367 4855 3573 4922 πατρὸς
3618 4855 3870 4923 τελευτὴν
3902 4856 4033 4922 ἄχρι

2455 4941 2551 4994 καὶ
2583 4941 2702 5006 νῦν,
2739 4944 2978 5013 τοσαύτῃ
3014 4945 3297 5015 χρώμενος
3347 4947 3569 5013 ἐφαίνου
3600 4951 3664 5015 τῇ
3700 4947 3878 5015 μήνιδι
3907 4950 4033 5000 κατ’

2453 5035 2616 5103 ἐμοῦ,
2642 5034 2714 5097 ὼς
2745 5036 2838 5088 ἐπὶ
2863 5037 3118 5090 τοσοῦτον
3159 5039 3351 5108 χρόνον
3367 5039 3485 5090 οὐδὲ
3522 5039 3680 5106 λόγου
3711 5040 3839 5103 γοῦν
3865 5039 4036 5103 ἀξιῶ.

2456 5127 2544 5180 σαί
2573 5144 2720 5190 τινος
2749 5145 2764 5161 ο
2795 5128 2823 5182 δ
2850 5131 2948 5183 καὶ
2975 5129 3207 5184 θανάτου
3259 5126 3562 5201 βαρύτερον
3588 5134 3710 5200 ἐμοὶ
3735 5131 4031 5200 λογιζομέο
4085 5185 4088 5187 λ

2457 5237 2557 5286 νῳ,
2620 5221 2830 5274 τοιαῦτ’
2887 5222 3050 5292 ἐπῄει
3081 5222 3288 5290 λέγειν,
3339 5224 3574 5294 οἰομένῳ
3631 5222 3826 5292 καιροῦ
3881 5239 4034 5285 τινος

2031 5334 2249 5397 Jacobi
2280 5338 2548 5399 Pontani
2580 5349 2770 5401 nolaa.

837 5463 914 5531 (9)
949 5457 1304 5531 Curopalata.
1348 5454 1488 5531 flint
1531 5451 1985 5531 roG_Kavixi.e{9o
2027 5447 2098 5531 ᾖν
2137 5455 2165 5506 ό
2201 5470 2340 5523 συμ.

763 5520 1024 5598 πενθερος
1078 5520 1172 5582 τοῦ
1221 5525 1487 5598 βασιλέως
1529 5523 1847 5598 ὀχούμενος.
1903 5520 2149 5598 Caiijcleo
2205 5520 2353 5578 sorer

759 5592 1108 5674 imperatoris
1153 5592 1408 5666 privent,
1460 5592 1621 5664 atque
1640 5592 1956 5674 vehebatur.
1991 5592 2121 5673 Erat
2165 5605 2348 5674 autem

758 5663 1082 5731 Caiiicleum
1116 5663 1238 5730 arx,
1271 5677 1328 5722 et
1353 5663 1750 5719 monasterium
1778 5663 2260 5733 Constantinopoli
2293 5667 2348 5720 in

765 5744 925 5818 urbe,
948 5745 1113 5811 cuius
1133 5738 1486 5818 pra-lectura
1519 5735 1754 5818 illustris
1781 5734 2100 5818 admodum,
2135 5731 2348 5804 fuitque

761 5804 1323 5880 alterhm'palatinm
1380 5804 1891 5880 ConstantinOpoli,
1930 5804 2096 5880 quod
2154 5818 2349 5880 socero

762 5873 1152 5956 imperatoris,
1185 5881 1232 5935 si
1269 5886 1440 5946 esset,
1486 5877 1715 5934 honoris
1746 5873 1880 5945 ergo
1912 5873 2148 5930 dabatur
2192 5876 2346 5931 inco-

2451 5456 2695 5511 lcndum.
2726 5456 2792 5528 Et
2822 5456 2866 5510 is
2892 5472 3078 5512 coram
3108 5457 3440 5528 imperatore
3466 5473 3670 5528 genero
3699 5457 4031 5524 vehebatur,

2452 5541 2554 5598 nec
2604 5527 2900 5598 tenebatur
2946 5544 3130 5582 coram
3171 5527 3239 5582 eo
3287 5529 3341 5582 in
3396 5527 3562 5598 pedes
3609 5528 3916 5598 procidere,
3975 5542 4034 5585 et

2452 5597 2534 5668 ire
2566 5597 2824 5664 pedibus,
2874 5607 2936 5653 ut
2967 5599 3060 5652 alii
3092 5614 3308 5663 omnes,
3339 5597 3431 5666 qui
3469 5597 3809 5668 indignitate
3845 5609 4031 5663 erant.

2452 5666 2808 5735 imperatoris
2837 5667 3130 5723 beneficio.
3177 5669 3253 5723 lta
3297 5666 3626 5724 scholiastes
3663 5668 4030 5736 Curopalatae.

2449 5738 2818 5808 Tlnterpres
2874 5739 3007 5808 legit
3063 5741 3380 5808 ὀχούμενος,
3445 5741 3622 5804 male;
3687 5753 3810 5792 nam
3865 5747 3962 5808 est
4001 5741 4034 5792 ό

2448 5803 2719 5880 Χοῦμνοξ.
2752 5803 3471 5880 ΙιειιιυοίοεςεῗΝίειρΙιοηιε
3499 5803 3768 5866 (ΣΙιιιιιιιιιιε
3803 5809 3894 5880 qui
3924 5807 4036 5863 Ca-
4125 5811 4128 5813 λ

2450 5877 2618 5930 niclro
2650 5887 2902 5947 pareret,
2943 5877 3166 5947 omnin,
3196 5877 3305 5936 etc.
