4222 6442
622 354 641 372 ’
703 397 806 461 135

1892 401 2223 463 JOANNIS
2262 396 2798 460 CAN'I’ALUZENI

3885 389 3991 461 136

700 511 1071 584 praesentibus
1111 512 1215 565 ista
1254 520 1308 564 et
1353 510 1516 575 dicis,
1552 522 1604 565 et
1654 510 1809 566 facis.
1848 512 1985 566 Nam
2031 513 2075 565 si
2126 525 2289 580 qmp-

2399 507 2658 562 τοιούτων
2690 507 2901 573 λόγων;
2931 507 2995 560 Εἰ
3030 507 3131 576 μὲν
3161 507 3435 574 δικάζεις,
3471 503 3663 568 δίκαζε
3710 506 3853 560 κατὰ
3891 507 3987 559 νό-

696 605 843 672 piam
884 604 1050 659 etiam
1098 603 1461 673 improvisum
1506 619 1569 656 ex
1615 603 1719 658 hoc
1762 603 1854 658 die
1901 619 1989 658 me
2038 603 2291 657 incursa-

697 698 863 762 verit,
897 713 1006 751 non
1048 697 1406 752 vehementer
1430 697 1804 761 contristabit,
1842 698 2066 768 quando
2098 697 2289 767 plures

696 788 988 860 iujltSlilltB
1027 799 1135 845 tua:
1169 797 1342 845 testes
1371 790 1573 844 habeo.

697 882 777 950 τῷ
831 884 925 936 καὶ
985 884 1168 951 λέγειν
1225 879 1320 937 καὶ
1374 886 1644 952 πράττειν
1695 885 1788 937 ἐπὶ
1840 882 1955 936 τῶν
1997 884 2287 953 παρόντων
2323 888 2557 936 τουτωνὶ
2611 881 2648 936 ἃ.
2684 881 2750 952 δή
2790 882 2887 934 κα)⁸
2922 881 3108 950 λέγεις
3157 890 3254 934 καὶ
3325 882 3611 953 πράττεις.

2399 617 2555 672 μους·
2583 603 2633 653 εί
2653 601 2711 654 δὲ
2734 603 2865 672 πρὶν
2887 600 3107 654 δικάσαι
3133 602 3518 672 καταψηφίζῃ.
3549 600 3703 654 οὐδὲν
3729 599 3762 669 ἦ
3791 599 3987 670 δίχκας

2397 697 2587 750 λοιπὸν
2622 695 2952 764 λαμϐάνειν.
3010 694 3222 764 Πράττε
3280 695 3573 764 τοιγαροῦν
3624 697 3662 747 ἃ
3690 693 3777 746 σοὶ
3809 709 3980 763 uexa-

2397 787 2656 860 ρισμένα.
2715 786 2964 857 Χάριτας
3018 786 3075 838 δέ
3138 803 3223 839 σοι
3273 788 3371 849 τὰς
3417 786 3685 861 μεγίστας
3739 782 3990 853 ὁμολογῶ

3690 879 3850 950 Ἐμοὶ
3876 879 3990 949 γὰρ

697 979 763 1033 ἄν
801 998 854 1033 τι
878 981 975 1035 καὶ
1005 982 1114 1033 τῶν
1156 982 1447 1052 ἀδοκήτων
1488 982 1598 1036 ἀπό
1644 998 1706 1049 γε
1755 980 1852 1035 τοῦ
1886 982 1982 1035 νῦν
2014 982 2173 1055 ἐπίῃ,
2210 982 2272 1035 οὐ
2313 982 2522 1052 σφόδρα
2585 979 2846 1049 λυπήσει,
2881 979 3114 1041 πολλοὺς
3162 980 3345 1050 ἔχοντι
3414 981 3703 1050 μάρτυρας
3739 979 3837 1048 τῆς
3871 977 3991 1032 ἁδι-

702 1074 852 1137 κῑας.

2140 1193 2368 1250 CAPUT
2410 1189 2531 1247 XV.

695 1280 917 1351 Magnus
972 1285 1286 1337 domesticus
1334 1296 1412 1366 ft.
1440 1294 1799 1366 protestrutor
1848 1288 2244 1366 nepotiuoluut
2274 1302 2426 1357 apem
2472 1285 2643 1366 ferre,
2681 1293 2731 1336 et
2763 1283 2981 1365 frustra
3028 1280 3728 1366 placanlur'..-Deuinstonti
3756 1282 3993 1366 periculo

770 1371 898 1406 «acus
940 1366 1205 1417 mouetur,
1254 1356 1345 1424 qui
1382 1351 1571 1425 juveni
1612 1368 1845 1426 quatuor
1890 1351 2214 1413 cotiditiones
2259 1351 2527 1427 proponit,
2569 1356 2615 1408 si
2656 1355 2868 1407 ueniunt
2913 1354 3205 1421 impetrare
3244 1351 3401 1416 velit;
3435 1351 3527 1405 ille
3561 1367 3744 1405 omnes
3794 1362 3995 1422 prwler

769 1431 904 1476 auus
945 1433 1173 1477 recusat.

770 1536 923 1591 Intus
957 1538 1073 1592 ha-e
1106 1539 1175 1593 ab
1211 1540 1642 1610 imperatoribus
1674 1544 2024 1601 dicebantur.
2065 1546 2293 1616 Magnus

695 1643 863 1698 porro
896 1629 1236 1686 domesticus
1267 1642 1321 1688 et
1356 1644 1725 1704 protostrator
1787 1638 1923 1692 foris
1965 1649 2294 1708 exspectau-

698 1731 800 1783 tes,
836 1730 896 1776 ut
929 1723 1241 1791 docuimus,
1284 1733 1341 1779 et
1385 1742 1573 1782 senem
1609 1730 2007 1785 tumultuosius
2048 1732 2294 1785 claman-

2469 1542 2663 1594 Ἐνδον
2690 1541 2789 1609 μὲν
2812 1538 2904 1591 οὖν
2931 1539 3159 1591 τοιαῦτα
3183 1538 3318 1608 παρ’
3343 1539 3549 1608 ἀμφοῖν
3576 1541 3692 1591 τοῖν
3718 1537 3994 1609 βασιλέοιν

2395 1632 2613 1702 ἐλέχθη.
2658 1632 2716 1685 ’0
2743 1618 2994 1701 μέγατδὲ
3023 1628 3347 1698 δομέστικος
3369 1631 3467 1683 καὶ
3488 1632 3515 1682 ὁ
3543 1632 3995 1702 πρωτοστράτωρ

2395 1724 2454 1776 ὲν
2476 1725 2556 1791 τῷ
2587 1722 2865 1794 ὲξωτέρῳ,
2905 1723 3160 1790 καθάπερ
3190 1721 3439 1790 έφθημεν
3467 1723 3737 1785 εἰπόντες,
3785 1723 3999 1791 διατρί-

699 1825 807 1867 tcm
838 1816 1151 1883 audientes,
1188 1834 1421 1890 eamque
1465 1838 1580 1876 rem
1615 1824 1758 1877 malo
1790 1840 1910 1879 esse
1942 1828 2126 1894 nepoti
2169 1827 2289 1896 opi-

2399 1819 2585 1869 ϐοντες
2618 1817 2776 1886 οἴκῳ,
2806 1816 2900 1867 καὶ
2924 1814 3021 1867 τοῦ
3056 1815 3437 1885 πρεσϐυτέρου
3479 1814 3748 1884 βασιλέως
3778 1814 3991 1884 τραχύ-

698 1915 912 1970 nautes,
954 1907 1076 1962 loco
1112 1925 1170 1963 se
1220 1919 1449 1979 repente
1499 1925 1745 1979 movent,
1796 1927 1853 1969 et
1891 1916 1960 1969 ad
2000 1917 2289 1976 ferendum

698 1998 960 2051 auxilium
988 2001 1274 2066 concitati,
1300 2003 1643 2073 aliquantum
1669 2009 1996 2076 procedunt.
2021 2010 2127 2066 Sed
2153 2021 2291 2068 stre-

697 2089 813 2158 pitu
851 2092 944 2145 illo
979 2095 1429 2162 conquiescente,
1463 2098 1627 2151 etiam
1669 2100 1773 2168 ipsi
1808 2100 2122 2169 quiescunt.
2150 2105 2290 2160 Ade-

698 2196 823 2238 rant
844 2185 950 2240 illis
975 2197 1103 2249 tres,
1127 2203 1228 2241 avo
1256 2189 1576 2258 imperatori
1598 2190 2033 2255 familiarissimi.
2052 2196 2292 2253 Joannes

702 2274 1101 2341 Melitenensis,
1150 2279 1503 2334 Andronicus
1555 2280 1923 2349 Exotrochus,
1959 2293 2014 2339 et
2066 2286 2290 2354 Bardas,

698 2368 792 2434 qui
847 2369 1228 2439 hujuscemodi
1280 2373 1546 2441 impetum
1592 2390 1694 2444 pro
1725 2376 2046 2432 Andronico
2072 2380 2291 2449 juniore

694 2468 1013 2528 susceptum
1058 2462 1455 2528 conjectantes,
1505 2465 1584 2519 sic
1615 2482 1711 2521 eos
1756 2470 1996 2537 aggressi
2043 2480 2191 2531 sunt.
2232 2482 2292 2527 ut

698 2549 969 2617 dicerent,
1020 2552 1448 2621 imperatoribus
1498 2570 1811 2611 sermonem
1852 2574 2115 2615 arcanum
2161 2577 2291 2617 cou-

698 2641 1029 2707 fereutibus,
1048 2643 1246 2699 decere
1267 2662 1362 2701 eos
1387 2647 1514 2702 inde
1537 2662 1594 2702 se
1619 2655 1985 2718 removentes,
2007 2654 2061 2706 in
2087 2656 2288 2709 atrium

698 2734 884 2801 palatii
918 2736 1201 2791 secedere.
1230 2737 1445 2803 Quibus
1480 2750 1637 2794 torvo
1670 2743 1878 2797 lumine
1921 2744 2287 2815 intuentibus,

697 2835 1132 2896 conceptamque
1166 2829 1220 2882 iu
1253 2832 1572 2898 praecordiis
1600 2833 1737 2886 iram
1770 2851 1878 2889 non
1912 2837 2067 2890 vultu
2103 2842 2288 2906 modo,

695 2916 791 2970 sed
824 2932 956 2973 voce
990 2935 1210 2990 quoque
1242 2923 1631 2990 prodentibus,
1664 2941 1870 2996 eosque
1906 2928 2176 2984 facessere
2205 2933 2293 3002 ju-

698 3008 979 3075 bentihus,
1000 3007 1119 3066 "duo
1143 3014 1368 3082 quidem
1401 3017 1813 3087 conticuerunt,
1841 3038 1903 3076 ac
1942 3023 2286 3090 resederunt,

697 3098 1077 3156 Melitettensis
1105 3115 1288 3159 autem
1323 3106 1389 3160 ad
1425 3107 1812 3178 imperatorem
1846 3114 2060 3179 adiens,
2096 3116 2148 3169 in
2193 3132 2291 3169 att-

2397 1924 2561 1978 τερον
2614 1908 2956 1970 ἀκούσαντες
2995 1907 3401 1977 φθεγξαμένου,
3469 1907 3564 1959 ἐπὶ
3596 1905 3753 1975 κακῷ
3781 1923 3841 1959 τε
3894 1906 3994 1959 τοῦ

2398 2000 2524 2052 νέου
2565 1998 2834 2068 βασι).;’ως
2869 1998 2968 2069 τὴν
2985 1997 3303 2068 τραχύτητα
3344 1998 3443 2067 τῆς
3491 1997 3679 2065 φωνῆς
3707 1995 3995 2066 οἰηθέντες

2397 2089 2562 2158 εἶναι,
2591 2093 2930 2161 ἐκινήθησαν
2968 2092 3076 2162 μὴν
3106 2093 3229 2145 ὅθεν
3270 2091 3564 2161 ἐκάθηντο,
3594 2093 3693 2143 καὶ
3719 2090 3994 2162 προῆλθον

2399 2183 2491 2235 ἐπὶ
2536 2185 2738 2253 μικρὸν
2793 2182 3028 2252 ἀμύνειν
3083 2181 3411 2253 ὡρμημένοι
3464 2183 3541 2253 τῷ
3591 2182 3698 2252 νέῳ
3751 2183 3991 2252 βασιλεῖ.

2398 2274 2510 2342 Τῆς
2539 2277 2788 2346 ταραχῆς
2816 2275 2871 2327 δὲ
2904 2279 3294 2346 πεπαυμένης,
3356 2272 3516 2338 αὖθις
3560 2276 3844 2349 ἡσύχασαν
3895 2279 3994 2332 καὶ

2398 2367 2579 2419 αὐτοίο
2613 2369 2761 2438 τρεῖς
2790 2367 2835 2420 δ’
2867 2369 3053 2430 αὐτοῖς
3079 2371 3197 2422 ἐκεῖ
3226 2371 3622 2440 συμπαρόντες
3652 2370 3763 2426 τῶν
3786 2374 3994 2425 οἰκειο·

2398 2461 2575 2513 τάτων
2610 2461 2687 2528 τῷ
2711 2461 3076 2532 πρεσϐυτέρῳ
3098 2461 3207 2514 τῶν
3242 2462 3534 2530 βασιλέων,
3565 2463 3593 2515 ὅ
3643 2480 3704 2516 τε
3751 2465 3992 2530 Μελιτη-

2396 2554 2593 2621 νιώτης
2641 2552 2918 2621 Ἰωάννης,
2977 2554 3317 2624 Ἀνδρόνικος
3363 2572 3421 2606 τε
3454 2559 3481 2607 ὁ
3525 2553 3854 2625 Ἐξώτροχος
3895 2557 3995 2610 καὶ

2396 2645 2582 2714 τρίτος
2614 2647 2642 2697 ὁ
2677 2645 2910 2715 Βάρδας,
2944 2646 3039 2698 καὶ
3066 2647 3164 2713 τὴν
3191 2645 3372 2716 ὁρμὴν
3402 2646 3586 2699 αὐτῶν
3608 2647 3997 2701 ὑποπτεύσαν-

2395 2753 2486 2797 τες
2525 2733 2597 2799 ὡς
2660 2738 2802 2806 ὑπὲρ
2845 2737 3192 2809 Ἀνδρονίκου
3232 2736 3327 2790 τοῦ
3382 2740 3501 2790 νέου
3550 2741 3991 2809 γεγεννημένην,

2396 2829 2652 2899 λέγουσιν
2690 2832 2874 2892 αὐτοῖς
2943 2829 3361 2900 προσελθόντες,
3406 2830 3496 2894 Ὠς
3552 2831 3663 2883 τῶν
3722 2831 3995 2901 βασιλέων

2396 2922 2535 2993 πρὸς
2570 2923 2826 2993 ἀλλήλοις
2886 2926 3014 2989 περί
3050 2940 3233 2976 τινων·
3276 2923 3496 2993 ἀδήλων
3552 2923 3990 2995 διαλεγομένων,

2396 3015 2516 3068 δέον
2550 3014 2695 3085 ὑμᾶς
2736 3017 3084 3077 ἀποστάντας
3117 3013 3228 3067 τῶν
3262 3008 3392 3081 ὧδε,
3429 3015 3571 3088 πρὸς
3600 3016 3702 3084 τὴν
3741 3016 3802 3067 ἐν
3829 3015 3992 3084 βασι-

2396 3105 2565 3169 λείοις
2596 3107 2770 3177 αύ).ὴν
2806 3110 3032 3177 χωρεῖν.
3066 3107 3189 3160 Τῶν
3217 3107 3262 3160 δ’
3293 3108 3482 3171 αὐτοῖς
3522 3107 3852 3180 δριμύτερον
3878 3109 3995 3160 ἐνι-

698 3206 815 3245 rem
846 3192 924 3246 illi
954 3193 1323 3250 insusurravit
1349 3216 1362 3252 :
1389 3198 1612 3254 Videret
1635 3202 1767 3271 quid
1796 3218 2019 3274 ageret;
2047 3201 2112 3261 a'd
2140 3206 2287 3265 fores

2399 3199 2617 3263 δόντων,
2651 3204 2745 3252 καὶ
2774 3200 2834 3252 τὸ
2866 3198 3177 3269 θυμοῦσθαι
3213 3202 3308 3253 καὶ
3344 3199 3645 3270 ὀφθαλμοῖς
3687 3206 3780 3253 καὶ
3808 3200 3995 3268 λόγοις

693 3283 974 3338 conclavis
1004 3288 1270 3351 quosdam
1301 3298 1480 3345 astare
1512 3292 1579 3346 de
1612 3294 1746 3349 v.ris
1779 3297 2147 3368 principibus,
2187 3318 2288 3371 pro

689 3373 916 3443 juniorc
936 3376 1266 3446 imperatore
1290 3392 1511 3449 paratos
1549 3384 1727 3440 facere
1746 3398 1800 3440 et
1821 3390 1928 3456 pati
1949 3394 2129 3445 omnia
2148 3400 2163 3461 (
2180 3394 2285 3461 l5).

702 3464 814 3518 lloc
843 3468 1039 3521 nuntio
1067 3481 1398 3533 commotus,
1431 3487 1461 3526 e
1493 3477 1633 3528 soito
1665 3478 1739 3530 nil
1769 3489 2058 3536 cunctatus
2088 3486 2285 3554 θυι-δίε,

697 3567 754 3611 ct
802 3557 856 3612 in
904 3559 1293 3616 domunculam
1348 3563 1666 3621 interiorem
1709 3584 1766 3623 se
1820 3574 2114 3642 recipiens,
2155 3577 2288 3631 foris

700 3661 955 3716 nepotem
994 3666 1119 3704 cum
1157 3654 1534 3711 assessoribus
1572 3659 1831 3730 tcliuquit
1865 3680 1877 3716 :
1912 3666 2289 3738 advocatoque

701 3754 896 3808 magno
926 3743 1203 3811 Iogotheta
1235 3744 1548 3810 Metochite,
1577 3760 1634 3805 et
1666 3767 1789 3805 cum
1820 3769 1888 3807 eo
1924 3773 2045 3825 qua:
2070 3760 2290 3814 volebat

694 3831 1022 3897 collocutus,
1050 3836 1384 3893 adolescenti
1413 3856 1510 3909 per
1533 3857 1658 3896 eum
1687 3845 1801 3900 hcce
1821 3847 2092 3917 signiﬁcat
2116 3871 2128 3904 :
2156 3852 2289 3908 Esse

694 3920 917 3987 quidem
952 3924 1107 3977 illum
1155 3924 1221 3979 iis
1253 3943 1376 3997 quae
1405 3931 1671 3997 audisset,
1699 3946 1755 3988 et
1782 3936 2038 4006 pluribus
2067 3942 2290 3996 sceleri-

696 4013 800 4065 hus
828 4013 1196 4080 obstrictum;
1226 4033 1285 4072 se
1311 4028 1492 4074 tamen
1522 4025 1705 4079 omnia
1740 4027 1791 4079 in
1827 4028 2070 4085 minimis
2098 4048 2290 4088 nume-

697 4114 971 4172 raturum,
1008 4115 1064 4160 et
1093 4108 1310 4163 veniam
1341 4126 1436 4165 reo
1490 4111 1921 4184 impertiturum,
1952 4120 1997 4174 si
2033 4136 2156 4191 qua:
2192 4139 2290 4192 po-

690 4196 946 4261 stularet,
976 4196 1193 4253 eﬂlcere
1224 4198 1278 4253 in
1316 4202 1562 4256 animum
1610 4205 1855 4274 inducat,
1890 4224 2090 4281 nempe
2118 4213 2236 4269 haec
2270 4234 2283 4269 :

696 4288 961 4355 primum,
1012 4299 1074 4343 ut
1117 4304 1466 4349 sacramento
1518 4296 1719 4362 lirmct,
1750 4313 1809 4353 se
1856 4299 2078 4357 Christo
2126 4305 2286 4360 Iidem

693 4395 912 4448 puram,
946 4388 1003 4436 et
1049 4394 1296 4439 sanctam
1341 4401 1587 4443 servare.
1622 4389 1736 4461 48
1770 4391 1932 4455 Tum.
1983 4396 2122 4450 nihil
2158 4398 2287 4452 mali

694 4475 748 4524 in
774 4487 939 4527 avum
974 4475 1316 4532 moliturum.
1350 4479 1573 4546 Adha’c,
1604 4500 1799 4537 eorum
1831 4488 2076 4556 nomina,
2102 4491 2195 4559 qui
2229 4506 2287 4546 se

2401 3292 2862 3361 ἐνδεικνυμένων,
2898 3292 3218 3355 ἐξίστασθαί
3252 3309 3311 3345 τε
3350 3296 3444 3346 καὶ
3502 3292 3579 3363 μὴ
3632 3293 3994 3363 παρενοχλεῖν

2401 3384 2802 3447 κελευσάντων,
2835 3384 2884 3437 οἱ
2914 3385 3007 3436 δύο
3039 3384 3139 3454 μὲν
3170 3384 3332 3436 πάλιν
3377 3383 3662 3454 ἡσύχασαν
3696 3383 3996 3437 καθεσθέν-

2398 3498 2513 3544 τες,
2548 3482 2575 3531 ὁ
2603 3480 3024 3549 Μελιτηνιώτης
3056 3478 3111 3532 δὲ
3135 3478 3286 3531 ἔνδον
3320 3478 3457 3550 πρὸς
3489 3479 3583 3531 τὸν
3615 3476 3993 3557 πρεσϐύτερον

2398 3570 2507 3623 τῶν
2532 3572 2802 3639 βασιλέων
2832 3568 3029 3633 ἐλθὼν,
3061 3568 3339 3623 Σκεπτέον
3369 3587 3476 3634 σοι,
3510 3570 3646 3640 πρὸς
3677 3566 3769 3632 οὖς
3808 3564 3993 3631 εἶπεν.

2398 3662 2425 3713 ὃ
2457 3659 2756 3730 τι-μέλλεις
2780 3659 2933 3729 δρᾷν,
2988 3654 3033 3713 ὦ
3063 3660 3314 3731 βασιλεῦ.
3345 3662 3485 3731 Πρὸς
3509 3662 3618 3731 γὰρ
3651 3660 3845 3731 θύραις
3870 3663 3995 3724 ταῖς

2402 3755 2524 3814 σαῖς
2551 3752 2890 3821 ἐφεστήκασι
2938 3752 3050 3806 τῶν
3082 3757 3184 3819 τῆς
3243 3754 3552 3824 συγκλήτου
3585 3752 3752 3818 τινὲς,
3811 3755 3994 3806 πάντα

2400 3842 2534 3912 δρᾷν
2586 3843 2729 3913 ὑπὲρ
2764 3841 2861 3894 τοῦ
2915 3844 3038 3896 νέου
3077 3844 3346 3914 βασιλέως
3383 3843 3596 3914 ἕτοιμοι
3633 3846 3727 3897 καὶ
3758 3846 3996 3914 πάσχειν

2399 3936 2575 3999 ὄντες.
2613 3937 2836 3989 Τούτων
2887 3937 3133 4001 ἀκούσας
3164 3939 3192 3991 ὁ
3243 3938 3521 4006 βασιλεὺς,
3559 3938 3763 4008 ἀνέστη
3791 3954 3851 3991 τε
3888 3940 3996 3990 αὑ-

2400 4029 2527 4082 τίκα
2557 4027 2654 4081 τοῦ
2693 4029 2906 4099 θρόνου,
2964 4032 3058 4082 καὶ
3109 4029 3244 4100 πρὸς
3283 4009 3376 4084 τδν
3423 4030 3705 4103 ἐνδότερον
3749 4034 3995 4086 οἰκίσκον

2400 4121 2620 4193 ἐχώρει,
2639 4122 2734 4173 τὸν
2758 4124 2878 4174 νέον
2903 4122 3132 4193 βασιλέα
3159 4124 3273 4186 τοῖς
3299 4124 3676 4194 ἀκροωμένοις
3699 4123 3816 4194 ἅμα
3841 4132 3995 4197 napi

2399 4215 2492 4267 τὸν
2524 4214 2632 4281 ἔξω
2664 4215 3006 4271 καταλιπών.
3044 4216 3149 4268 Τὸν
3189 4217 3366 4288 μέγαν
3418 4218 3475 4270 δὲ
3540 4218 3997 4290 μετακαλεσάμε-

2400 4324 2490 4371 νος
2544 4308 2841 4378 λογοθέτην
2894 4310 2988 4361 τὸν
3051 4310 3384 4380 Μετοχιτην,
3452 4313 3548 4366 καὶ
3597 4314 3699 4366 ὅσα
3740 4310 3809 4385 ἦν
3843 4315 3997 4385 αρτῷ

2401 4400 2721 4472 βουλομένῳ
2783 4400 3272 4473 δια).εχθεὶς,οεὶτα
3308 4403 3376 4457 δι’
3428 4406 3596 4458 αὑτοῦ
3656 4407 3855 4477 μηνύει
3915 4411 3998 4478 τῷ

2401 4494 2615 4564 ἐγγὸνῳ
2645 4497 2739 4546 καὶ
2800 4494 3054 4564 βασιλεῖ’
3112 4497 3183 4549 Σὺ
3245 4497 3365 4567 μὲν,
3407 4493 3488 4561 οἷς
3555 4516 3662 4569 περ
3695 4494 3849 4553 εἷπον
3896 4502 3999 4554 καὶ

694 4566 797 4633 ᾕρει
819 4565 1087 4620 satellites
1103 4583 1169 4622 ac
1194 4570 1477 4625 ministros
1496 4572 1800 4649 facinorum
1820 4579 2073 4634 volentes
2117 4581 2289 4636 liben-

2407 4586 2655 4640 πλείοσιν
2683 4588 2848 4660 ἑνέχῃ
2905 4591 3119 4652 κακοῖς.
3172 4590 3315 4659 Ἐγὼ
3370 4591 3416 4645 δ’
3447 4596 3665 4646 ἅπαντα
3721 4594 3995 4664 παριδὼν,

695 4667 888 4724 tesque
917 4659 1280 4726 prtebueriut,
1307 4663 1374 4715 ad
1408 4664 1584 4731 ipsum
1612 4666 1950 4723 delaturum.
1977 4669 2288 4737 Postremo,

696 4761 809 4799 non
845 4763 903 4801 se
939 4749 1053 4803 ullo
1098 4751 1264 4806 modo
1311 4753 1637 4823 fugiturum.
1681 4759 1763 4813 Ad
1813 4762 1916 4815 ista
1946 4762 2138 4831 juniur
2185 4765 2291 4821 hoc

698 4855 1026 4909 responsum
1066 4842 1223 4899 dedit
1255 4863 1268 4898 :
1299 4846 1455 4912 Quod
1491 4849 1558 4903 de
1598 4849 1704 4906 tide
1749 4853 1802 4906 in
1836 4856 2117 4911 Christum
2156 4874 2292 4912 con-

696 4932 965 4989 lirmanda
1007 4940 1342 4992 sacramenti
1388 4955 1417 4993 a
1456 4956 1542 4996 me
1592 4946 1913 5015 religionem
1954 4951 2150 5021 exigis.
2186 4952 2293 5006 itu-

697 5038 920 5095 perator
954 5031 1184 5099 optime,
1219 5042 1584 5104 pra-tcrqnam
1621 5040 1766 5107 quod
1817 5041 2020 5113 durum
2057 5046 2292 5112 videtur.

697 5132 1049 5191 mentemque
1101 5140 1278 5178 meam
1329 5128 1594 5198 majorem
1636 5131 1693 5183 in
1744 5135 1964 5188 modum
2017 5140 2290 5209 percelltt,

693 5212 860 5262 etiam
892 5227 1000 5265 non
1032 5213 1293 5278 coluerat,
1325 5228 1381 5270 et
1416 5218 1471 5271 in
1506 5220 1747 5290 seipsum
1779 5226 2011 5279 corruit.
2044 5226 2101 5282 Si
2141 5233 2291 5286 enim

697 5316 782 5352 mc
820 5318 915 5370 per
975 5320 1128 5359 sacra
1165 5306 1459 5378 Evangelia
1493 5323 1548 5366 et
1584 5316 1927 5371 venerandas
1974 5330 2291 5378 sanctorum

694 5394 965 5464 imagines
996 5396 1650 5474 tideliter‘jurarejubes,
1678 5407 1784 5462 hoc
1814 5408 1933 5477 ipso
1961 5413 2152 5483 utique
2180 5417 2294 5473 Deo

695 5484 913 5541 ﬁdelem
940 5503 1049 5557 me,
1071 5503 1127 5545 et
1146 5490 1429 5549 Christum
1452 5495 1703 5553 induisse
1726 5502 1989 5557 ostendis.
2020 5503 2115 5560 Sin
2141 5508 2292 5564 aliud

2401 4680 2625 4743 ἀξιώσω
2677 4684 3035 4755 συγγνώμης,
3102 4686 3169 4739 ἂν
3220 4686 3257 4739 a
3308 4687 3452 4755 λέγω
3509 4689 3744 4760 ποιήσῃς
3804 4690 3994 4753 αὐτός.

2400 4772 2588 4827 Ταῦτσ.
2610 4773 2658 4827 δ’
2686 4773 2804 4827 ἐστι
2828 4791 2842 4807 ·
2885 4778 3104 4848 πρῶτον
3140 4780 3238 4847 μὲν
3298 4781 3447 4850 ὅρκῳ
3483 4781 3865 4835 πιστώσασθαι
3894 4784 3999 4851 τὴν

2402 4866 2589 4921 πίστιν
2623 4867 2877 4938 καθαρὰν
2910 4870 2986 4940 τῷ
3042 4872 3267 4942 Χριστῷ
3321 4877 3529 4943 τηρεῖν*
3602 4874 3801 4930 ἔπειτα
3852 4881 3999 4930 κατὰ

2402 4958 2585 5023 τοῦτο,
2615 4960 2752 5030 μηδὲ
2789 4966 2919 5027 περὶ
2944 4964 3043 5032 ἐμὲ
3106 4967 3275 5019 κακὸν
3302 4966 3643 5036 ὀφθήσεσθαι
3687 4971 3999 5040 γεγενημέ-

2404 5067 2514 5104 νον.
2544 5051 2743 5122 Τρίτον
2802 5056 2940 5124 μετὰ
2972 5055 3152 5122 τοῦτο,
3219 5057 3558 5129 κατα-δήλους
3597 5061 3724 5130 ἐμοὶ
3759 5061 3995 5131 ποιῆσαι

2403 5142 2529 5206 τούς
2568 5159 2652 5196 σοι
2707 5149 3085 5216 συμπράττειν
3135 5152 3231 5204 καὶ
3279 5149 3638 5219 προσκεῖσθαι
3670 5155 4000 5224 προῃρημέ-

2402 5252 2546 5299 νους.
2588 5236 2864 5310 Τέταρτον
2890 5241 2969 5307 δὲ,
3004 5243 3151 5314 ὅρκῳ
3186 5243 3569 5297 πιστώσασθαι
3605 5239 3837 5315 δρασμῷ
3865 5246 4004 5316 χρή-

2407 5326 2599 5381 σεσθαι
2639 5330 2931 5401 μηδαμῶς.
2972 5334 3114 5404 Πρὸς
3153 5334 3327 5387 ταῦτα
3362 5334 3618 5404 βασιλεὺς
3648 5336 3676 5389 ὁ
3707 5337 3824 5398 νέος
3853 5339 3999 5389 ἀπε.

2402 5421 2629 5491 κρίνατο
2651 5425 2881 5479 τοιαῦτα
2906 5442 2922 5457 ·
2958 5427 3237 5498 Κράτιστε
3275 5426 3524 5499 βασιλεῦ,
3576 5428 3638 5482 τὺ
3668 5430 3767 5500 τὴν
3808 5432 4001 5483 πίστιν

2406 5516 2589 5586 ὅρκοις
2650 5518 2904 5573 ἀπαιτεῖν
2959 5519 3239 5589 βεϐαιοῦν,
3273 5523 3411 5591 πρ“.ς
3472 5519 3549 5591 τῷ
3584 5519 3821 5593 σκληρὸν
3868 5523 4003 5591 ἐμοὶ

1966 5616 2184 5679 Jacobi
2224 5621 2491 5687 Pontani
2529 5638 2716 5691 notua.

766 5704 879 5774 (l5)
930 5704 1157 5783 Dpobus
1205 5710 1389 5763 verbis
1432 5714 1606 5783 multa
1642 5716 2051 5783 exprimuntur,
2102 5722 2288 5776 omnia

693 5790 894 5846 nempe
929 5776 1130 5860 oliicia,
1169 5794 1291 5847 qua:
1334 5782 1550 5860 amicus
1611 5776 1858 5860 polliceri
1904 5804 1968 5843 ac
2016 5776 2286 5860 praestare

694 5857 887 5917 queat,
923 5858 978 5904 et
1008 5850 1214 5918 quibus
1243 5853 1484 5924 amplius
1518 5850 1832 5914 desiderare
1869 5850 2165 5931 quistptam
2200 5865 2284 5920 ni-

2401 5729 2479 5786 hil
2505 5734 2710 5809 possit.
2748 5734 2967 5806 Saepius
3013 5735 3118 5793 hac
3163 5736 3343 5792 forma
3387 5734 3653 5809 loquendi
3701 5751 3862 5793 usum
3903 5750 4000 5795 re-

2394 5806 2573 5872 peric.
