4222 6442
702 391 805 456 235
1890 395 2222 458 JOANNIS
2261 394 2369 454 CA]

2319 391 2797 455 AN'I‘ALUZENI
3883 384 3986 457 136

699 506 1070 578 praesentibus
1109 506 1213 560 ista
1253 514 1307 559 et
1352 505 1515 569 dicis,
1550 517 1603 560 et
1653 505 1808 561 facis.
1847 507 1984 561 Nam
2029 508 2074 560 si
2125 520 2289 575 qutp-
2316 508 2366 567 Α

2316 508 2366 567 Α
2393 503 2657 557 τοιούτοιν
2689 503 2899 567 λόγωνς
2930 502 2994 555 Et
3028 502 3129 572 μὲν
3159 502 3434 568 δικάζεις,
3470 498 3662 563 δίκαζε
3708 502 3851 555 κατά
3889 503 3982 554 νό-

696 599 841 666 piam
883 598 1049 653 etiam
1097 597 1460 668 improvisum
1504 614 1568 651 ex
1614 598 1718 652 hoc
1761 598 1852 652 die
1900 614 1989 652 me
2037 598 2289 652 incursa-

2398 612 2554 666 μυυς⁵
2582 598 2631 648 εί
2652 596 2709 648 δὲ
2732 598 2864 666 πρὶν
2886 595 3106 650 δικάσαι
3130 597 3517 666 καταψηφίζῃ.
3547 595 3702 649 οὐδὲν
3727 594 3760 664 ἢ
3790 594 3983 664 δίχκας

695 693 862 757 verit,
896 707 1005 745 non
1047 692 1406 746 vehementer
1428 692 1803 755 contristabit,
1841 693 2065 762 (litando
2097 692 2288 761 plures

2396 692 2586 745 λοιπὸν
2621 690 2951 759 λαμῦἀνειν.
3008 689 3221 759 Πράττε
3279 690 3572 759 τοιγαροῦν
3623 692 3660 742 ἃ
3688 688 3775 741 σοὶ
3807 704 3977 758 κεχαο

695 783 986 854 injustitiae
1026 794 1134 840 tua:
1167 792 1340 840 testes
1370 785 1572 839 habeo.

2396 782 2654 855 ρισμένα.
2714 781 2963 852 Χάριτας
3016 782 3073 834 δέ
3137 797 3222 834 σοι
3272 783 3369 844 τὰς
3415 781 3683 857 μεγίστας
3737 777 3986 849 ὁμολογῶ

696 877 776 945 τῷ
830 879 924 930 καὶ
985 878 1167 946 λέγειν
1225 874 1319 931 καὶ
1372 880 1642 947 πράττειν
1693 879 1786 931 ἐπὶ
1839 877 1953 930 τῶν
1996 878 2285 948 παρόντων
2322 882 2556 931 τουτωνὶ
2610 876 2647 931 ἃ
2683 876 2749 947 δὴ
2788 877 2886 929 καὶ⁵
2920 875 3107 944 λέγεις
3156 885 3253 929 καὶ
3323 877 3610 949 πράττεις.
3689 874 3848 945 Ἐμοὶ
3875 874 3988 944 γὰρ

697 973 762 1027 ἀν
800 993 853 1027 τι
876 976 1113 1029 καὶτῶν
1155 977 1446 1046 ἀδοκήτων
1487 977 1597 1031 ἀπὸ
1642 993 1706 1044 γε
1753 975 1849 1029 τοῦ
1884 976 1980 1030 νῦν
2012 976 2171 1050 ἐπίῃ,
2209 977 2271 1030 ού
2312 977 2521 1046 σφόδρα
2584 974 2845 1044 λυπήσει,
2880 974 3113 1036 πολλοὺς
3160 975 3344 1044 ἔχοντι
3413 976 3701 1045 μάρτυρας
3736 974 3835 1043 τῆς
3868 972 3989 1027 ἀδι-

701 1069 851 1132 κίας.

2139 1188 2367 1245 CAPUT
2409 1184 2530 1242 XV.

695 1275 916 1345 Magnus
971 1279 1284 1332 dmnestirus
1333 1290 1409 1353 pet
1438 1288 1797 1353 protoslrator
1846 1283 2028 1353 nepoti
2060 1282 2244 1336 volant
2273 1297 2425 1352 opem
2473 1279 2642 1353 ferre.
2680 1288 2729 1331 et
2762 1278 2979 1353 frustra
3027 1275 3343 1353 placantur:
3385 1274 3726 1353 Demittunt!“
3754 1276 3991 1341 periculo

768 1365 898 1400 ηιοηε
939 1360 1204 1411 monetur,
1253 1351 1343 1418 qui
1381 1345 1570 1419 juveni
1610 1363 1843 1420 quatuor
1888 1345 2213 1407 conditiones
2258 1345 2526 1422 proponit,
2568 1351 2613 1403 si
2655 1350 2866 1402 veniam
2911 1350 3203 1415 impetrare
3242 1346 3400 1411 velit;
3433 1345 3526 1400 ille
3559 1362 3742 1400 onmcs
3792 1357 3994 1417 prwter

767 1424 902 1471 ditus
944 1427 1172 1472 recusat.

769 1530 922 1585 Intus
956 1532 1072 1587 haec
1105 1534 1174 1587 ab
1210 1534 1640 1604 imperatoribus
1672 1538 2023 1595 dicebantur.
2063 1540 2292 1611 Magnas

2468 1536 2662 1589 Ἐνδον
2688 1536 2787 1604 μὲν
2811 1533 2903 1586 οὖν
2930 1534 3158 1586 τοιαῦτα
3182 1532 3316 1603 παρ’
3341 1534 3547 1603 ἀμφοῖν
3575 1535 3690 1586 τοῖν
3716 1532 3992 1604 βασιλέοιν

694 1637 862 1692 porro
894 1624 1235 1681 domesticus
1265 1637 1320 1683 et
1355 1639 1724 1699 protostrator
1785 1633 1921 1686 foris
1964 1643 2292 1703 exspectan-

2394 1628 2612 1697 ἐλέχθη,
2656 1627 2715 1679 Ὀ
2742 1613 2992 1695 μέγαξδὲ
3021 1623 3345 1693 δομέστικος
3367 1626 3465 1678 καὶ
3487 1627 3513 1678 ό
3541 1628 3993 1697 πρωτοστράτωρ

696 1725 799 1777 tes.
835 1725 895 1770 ut
928 1717 1240 1784 docuimus,
1282 1728 1340 1774 et
1384 1737 1571 1776 senem
1609 1724 2005 1780 tumultuosius
2047 1726 2293 1780 claman-

2394 1720 2454 1771 ὲν
2476 1720 2555 1786 τῷ
2586 1717 2864 1788 ἐξωτέρω,
2903 1718 3158 1785 καθάπερ
3188 1715 3437 1785 ἐφθημεν
3464 1718 3735 1779 εἰπόντες.
3783 1718 3998 1786 διατρί-

698 1820 806 1861 tem
837 1811 1150 1877 audientes,
1186 1828 1420 1884 eamque
1463 1832 1578 1870 rem
1614 1818 1758 1871 malo
1789 1834 1909 1873 esse
1940 1822 2126 1888 nepoti
2168 1822 2292 1890 opi-
2325 1854 2365 1907 Β

2325 1854 2367 1907 Β
2396 1814 2585 1864 σοντες
2617 1811 2774 1881 οἴκῳ,
2805 1812 2899 1862 καὶ
2923 1809 3019 1862 τοῦ
3054 1809 3435 1879 πρεσϐυτέρου
3477 1809 3747 1879 βασιλέως
3776 1809 3990 1879 τραχύ-

696 1909 911 1965 nantes,
953 1902 1075 1957 loco
1111 1919 1169 1958 se
1218 1913 1447 1974 repente
1498 1919 1743 1974 movent,
1795 1922 1852 1964 et
1890 1911 1959 1964 ad
1999 1912 2288 1971 ferendum
2325 1901 2361 1907 ’⁷

2325 1901 2361 1907 ’⁷
2396 1920 2560 1974 τερον
2613 1903 2954 1965 ἀκούσαντες
2993 1902 3399 1971 φθεγξαμένου,
3467 1902 3562 1954 ἐπὶ
3594 1901 3751 1970 κακῷ
3779 1918 3839 1953 τε
3893 1901 3992 1954 τοῦ

696 1993 959 2046 auxilium
986 1996 1272 2060 concitati,
1298 1998 1641 2068 aliquantum
1667 2003 1995 2071 procedunt.
2021 2005 2127 2061 Sed
2152 2016 2290 2063 stre-

2397 1994 2523 2047 νέου
2563 1992 2832 2064 βασιλ;”ως
2867 1992 2966 2063 τὴν
2983 1992 3301 2062 τραχύτητα
3342 1992 3441 2061 τῆς
3490 1991 3677 2060 φωνῆς
3705 1991 3993 2061 οἰηθέντες

696 2084 812 2152 pitu
850 2087 942 2139 illo
978 2089 1428 2156 conquiescente,
1461 2093 1625 2145 etiam
1667 2095 1771 2163 ipsi
1806 2095 2122 2164 quiescunt.
2148 2099 2289 2154 Ade-

2395 2084 2560 2152 εῐναι,
2590 2087 2928 2156 ἐκινήθησαν
2966 2087 3074 2156 μὴν
3104 2087 3227 2139 ὅθεν
3268 2086 3562 2157 ἐκάθηντο,
3592 2089 3691 2138 καὶ
3716 2085 3993 2157 προῆλθον

697 2190 821 2232 rant
842 2180 949 2235 illis
973 2192 1102 2243 tres.
1125 2198 1227 2236 avo
1255 2183 2031 2253 imperatorifamiliarissimi.
2051 2191 2291 2248 Joannes

2396 2178 2490 2229 ἐπὶ
2535 2180 2737 2247 μικρὸν
2791 2176 3026 2247 ἀμύνειν
3082 2176 3409 2248 ὡρμημένοι
3462 2178 3539 2247 τῷ
3589 2177 3697 2246 νέῳ
3749 2177 3988 2247 βασιλεῖ.

701 2268 1100 2335 Melitenensis,
1149 2273 1502 2329 Andronicus
1553 2275 1921 2344 Exutroehus‘,
1958 2287 2013 2334 et
2064 2281 2288 2349 llardas,

2397 2269 2509 2337 Τῆς
2537 2271 2787 2340 ταραχῆς
2814 2269 2869 2322 δὲ
2902 2273 3293 2341 πεπαυμένης,
3354 2267 3515 2332 αὖθις
3558 2271 3842 2343 ἡσύχασαν
3893 2274 3993 2327 καὶ

697 2363 791 2429 qui
846 2363 1227 2433 hujuscemodi
1279 2368 1545 2436 impetum
1591 2385 1693 2439 pro
1724 2371 2044 2427 Andronico
2071 2375 2290 2444 juniorc

2397 2362 2577 2414 αὐτοί·
2611 2364 2759 2433 τρεῖς
2788 2362 2833 2414 δ’
2865 2364 3051 2425 αὐτοῖς
3077 2365 3196 2417 ἐκεῖ
3224 2366 3620 2435 συμπαρόντες
3650 2365 3761 2421 τῶν
3784 2369 3992 2420 οἰκειο-

693 2463 1012 2523 susceptum
1056 2456 1454 2523 coniectantes,
1504 2460 1584 2514 sic
1614 2477 1710 2515 eos
1754 2464 1995 2532 aggressi
2042 2475 2190 2526 sunt.
2230 2477 2290 2522 ut

2396 2454 2574 2507 τάτων
2608 2455 2685 2522 τῷ
2710 2456 3074 2527 πρεσϐυτέρῳ
3097 2456 3205 2508 τῶν
3240 2456 3533 2525 βασιλέων,
3563 2458 3591 2510 ὃ
3641 2474 3701 2511 τε
3749 2459 3991 2525 Μελιτηο

697 2543 968 2612 dicetent,
1019 2546 1447 2615 imperatoribus
1496 2565 1809 2606 sermonem
1851 2568 2113 2610 arcanum
2159 2572 2290 2611 cou-

2395 2548 2593 2615 νιώτης
2639 2547 2916 2615 Ἰωάννης,
2975 2548 3315 2618 Ἀνδρόνικος
3360 2566 3420 2600 τε
3453 2553 3479 2601 ὀ
3524 2547 3852 2620 Ἐξώτροχος
3893 2552 3993 2604 καὶ

697 2635 1028 2701 ferentibus,
1046 2637 1244 2694 decere
1266 2656 1361 2694 eos
1386 2642 1513 2696 inde
1536 2658 1592 2697 se
1616 2649 1983 2713 removentes,
2005 2648 2059 2701 in
2086 2651 2286 2703 atrium

2394 2639 2580 2708 τρίτος
2612 2641 2641 2692 ὁ
2675 2640 2909 2709 Βαρδας,
2941 2641 3037 2693 καὶ
3064 2641 3162 2708 τὴν
3189 2640 3370 2710 ὁρμὴν
3401 2640 3584 2694 αὐτῶν
3607 2641 3994 2695 ὑποπτεύσαν-

697 2728 883 2795 palatii
917 2730 1200 2785 secedere.
1229 2732 1444 2797 Quibus
1479 2744 1636 2789 torvo
1668 2738 1877 2792 lumine
1920 2739 2285 2809 intuentibus,

2394 2748 2484 2792 τες
2523 2728 2595 2794 ὼς
2658 2732 2801 2800 ὑπὲρ
2844 2731 3190 2803 Ἀνδρονίκου
3230 2731 3325 2784 τοῦ
3381 2734 3499 2785 νέου
3549 2735 3988 2803 γεγεννημένην,

695 2830 1131 2890 conceptamque
1164 2824 1219 2877 in
1251 2826 1570 2893 praecordiis
1598 2828 1736 2880 iram
1768 2846 1876 2883 non
1912 2831 2065 2885 vultu
2101 2836 2286 2899 modo,

2394 2823 2649 2893 λέγουσιν
2688 2826 2873 2886 αὐτοῖς
2941 2823 3359 2895 προσελθόντες,
3404 2825 3493 2888 Ὠς
3550 2825 3661 2879 τῶν
3720 2825 3992 2896 βασιλέων

694 2910 790 2965 sed
823 2926 955 2967 voce
988 2929 1209 2984 quoque
1241 2917 1630 2984 prodentibus,
1663 2935 1869 2990 eosque
1904 2924 2174 2978 lacessere
2203 2928 2291 2996 ju-

2394 2918 2533 2988 πρὸς
2568 2917 2826 2987 ἀλλήλοις
2884 2921 3012 2984 περί
3048 2935 3231 2971 τινωνε
3274 2918 3493 2988 ἀδήλων
3551 2918 3987 2989 διαλεγομένων,

698 3003 977 3069 bentibus,
998 3001 1118 3060 'duo
1142 3008 1367 3076 quidem
1400 3012 1811 3080 conticuerunt,
1840 3032 1902 3070 ac
1941 3017 2284 3085 resederunt,

2394 3009 2514 3062 δέον
2548 3009 2693 3079 ὑμᾶς
2734 3012 3082 3071 ἀποστάντας
3115 3009 3226 3062 τῶν
3260 3002 3390 3075 ὧδε,
3427 3010 3569 3083 πρδς
3599 3012 3701 3079 τὴν
3739 3011 3799 3062 ἐν
3827 3010 3989 3078 βασι-

695 3092 1075 3151 Meliteuensis
1103 3109 1287 3153 autem
1321 3100 1387 3155 ad
1423 3101 1810 3172 imperatorem
1845 3108 2058 3173 adiens,
2094 3110 2147 3163 in
2191 3127 2289 3163 au-

2394 3100 2563 3164 λείοις
2594 3102 2768 3172 αὐλὴν
2803 3104 3030 3172 χωρεῖν.
3064 3102 3187 3154 Τῶν
3215 3102 3260 3155 δ’
3291 3103 3480 3166 αὐτοῖς
3520 3101 3849 3175 δριμύτερον
3876 3104 3991 3155 ἑνι-

696 3200 814 3239 rem
845 3186 922 3240 illi
952 3186 1322 3244 insusurravit
1348 3210 1361 3246 :
1388 3192 1611 3249 Videret
1633 3197 1765 3265 quid
1794 3212 2017 3268 ageret;
2045 3195 2110 3255 a'd
2137 3202 2286 3260 fores
2316 3204 2357 3262 C

2325 3204 2357 3262 α
2392 3194 2615 3259 δόντων,
2649 3198 2743 3247 καὶ
2772 3194 2832 3247 τὸ
2865 3193 3174 3264 θυμοῦσθαι
3211 3197 3306 3248 καὶ
3342 3194 3644 3265 ὀφθαλμοῖς
3685 3199 3778 3247 καί
3805 3195 3992 3263 λόγοις

692 3278 972 3332 conclavis
1002 3282 1268 3346 quosdam
1299 3292 1478 3339 astare
1510 3286 1577 3340 de
1610 3289 1744 3343 v.ris
1777 3292 2145 3362 principibus,
2184 3312 2287 3365 pro

2399 3286 2860 3357 ἐνδεικνυμένων,
2896 3286 3216 3350 ἐξίστασθαί
3249 3304 3309 3339 τε
3348 3289 3442 3341 καὶ
3500 3287 3577 3358 μὴ
3631 3287 3990 3358 παρενοχλεῖν

688 3368 914 3438 juniorc
934 3369 1265 3440 imperatore
1288 3386 1510 3443 paratos
1548 3378 1726 3435 facere
1745 3393 1798 3434 et
1819 3384 1926 3450 pati
1947 3389 2127 3439 omnia
2146 3394 2161 3456 (
2178 3389 2282 3455 l5).

2399 3378 2799 3441 κελευσάντων,
2834 3378 2882 3431 οἱ
2912 3379 3005 3430 δύο
3037 3379 3137 3448 μὲν
3169 3379 3330 3430 πάλιν
3375 3378 3660 3449 ἡσύχασαν
3694 3378 3992 3432 καθεσθέν-

700 3458 813 3512 llnc
841 3463 1037 3515 nuntio
1066 3475 1397 3528 commotus,
1429 3482 1460 3520 e
1491 3471 1631 3523 soito
1664 3471 1738 3524 nil
1767 3484 2057 3530 cunctatus
2086 3480 2283 3548 δυνείί,

2396 3492 2511 3539 τες,
2546 3477 2572 3526 ὁ
2602 3474 3022 3544 Μελιτηνιώτης
3053 3472 3109 3527 δὲ
3133 3472 3285 3526 ἔνδον
3318 3472 3456 3544 πρὸς
3486 3473 3581 3526 τὸν
3612 3471 3990 3551 πρεσϐύτερον

695 3561 753 3605 et
801 3551 854 3606 in
902 3553 1292 3610 domunculam
1346 3558 1664 3615 interiorem
1707 3578 1764 3617 se
1818 3569 2112 3637 recipiens,
2154 3571 2286 3627 imis

2396 3565 2505 3617 τῶν
2530 3566 2800 3634 βασιλέων
2830 3563 3027 3627 ἐλθὼν,
3059 3562 3336 3617 Σκεπτέον
3367 3581 3473 3629 σοι,
3507 3565 3644 3634 πρὸς
3675 3560 3767 3626 οὖς
3806 3558 3989 3625 εἶπεν,

699 3655 953 3710 nepotem
992 3660 1117 3698 cum
1155 3648 1532 3705 assessoribus
1570 3653 1829 3724 relinquit
1862 3675 1875 3711 :
1910 3660 2287 3732 advocatoque

2396 3656 2424 3708 ὂ
2455 3653 2754 3724 τι.μέλλεις
2779 3655 2931 3725 δρᾷν,
2985 3648 3031 3708 ὦ
3061 3654 3312 3725 βασιλεῦ.
3343 3655 3483 3725 Πρὸς
3507 3657 3616 3725 γὰρ
3649 3654 3841 3726 θύραις
3868 3657 3992 3718 ταῖς

699 3748 894 3802 tnaguu
924 3736 1201 3805 logotheta
1232 3738 1547 3804 Metochite.
1575 3754 1633 3799 et
1664 3762 1788 3800 cum
1819 3762 1886 3803 eo
1921 3767 2043 3819 qua:
2068 3754 2289 3809 volebat

2400 3749 2522 3809 σαῖς
2549 3746 2888 3816 ἐφεστήκασι
2937 3746 3048 3801 τῶν
3080 3751 3182 3814 τῆς
3240 3748 3550 3819 συγκλήτου
3582 3747 3750 3812 τινὲς,
3808 3749 3990 3801 πάντα

692 3825 1021 3891 (adlocutus,
1049 3830 1383 3887 adolescenti
1411 3850 1509 3904 per
1531 3852 1657 3891 eum
1686 3839 1799 3894 haec
1819 3841 2089 3912 significat
2114 3864 2126 3899 :
2154 3847 2287 3903 Esse

2397 3836 2532 3906 δρᾷν
2584 3837 2727 3907 ὑπὲρ
2762 3835 2859 3889 τοῦ
2913 3839 3036 3891 νέου
3075 3838 3344 3909 βασιλέως
3380 3837 3594 3909 ἕτοιμοι
3630 3841 3724 3891 καὶ
3755 3841 3993 3909 πάσχειν

692 3915 915 3982 quidem
951 3918 1105 3971 illum
1153 3917 1219 3973 iis
1251 3937 1374 3991 qua:
1404 3924 1669 3991 audisset,
1697 3940 1754 3983 et
1780 3931 2035 4000 pluribus
2065 3937 2287 3991 sceleri-

2397 3930 2573 3993 ὄντες.
2611 3931 2834 3983 Τούτων
2886 3930 3130 3994 ἀκούσας
3162 3934 3190 3985 ὁ
3241 3932 3519 4001 βασιλεὺς,
3557 3933 3761 4004 ἀνέστη
3789 3950 3848 3985 τε
3886 3935 3992 3985 αύ·

695 4007 798 4059 bus
826 4007 1193 4075 obstrictum;
1224 4027 1283 4066 se
1309 4023 1491 4069 tamen
1520 4019 1704 4073 Ulllllla
1737 4020 1790 4074 in
1826 4022 2068 4079 minimis
2096 4043 2289 4083 nume-

2398 4024 2526 4076 τίκα
2555 4022 2652 4076 τοῦ
2691 4023 2904 4094 Θρόνου,
2962 4026 3056 4076 καὶ
3107 4023 3242 4095 πρὸς
3281 4004 3374 4079 τδν
3421 4025 3703 4098 ἐνδότερον
3747 4028 3992 4081 οἰκίσκον

695 4110 969 4167 raturum,
1006 4109 1062 4154 et
1091 4102 1308 4158 veniant
1339 4120 1434 4159 reo
1488 4106 1919 4179 impcrtiturum,
1950 4115 1996 4169 si
2031 4131 2153 4186 qua:
2190 4134 2288 4187 po-

2398 4115 2618 4188 ὲχώρει,
2638 4117 2732 4168 τὸν
2757 4118 2877 4169 νέον
2901 4116 3129 4187 βασιλέα
3156 4119 3271 4181 τοῖς
3296 4118 3674 4189 ἀκροωμένοις
3696 4117 3814 4189 ἃμα
3838 4125 3992 4191 παρὶι

689 4190 944 4255 stularet,
974 4191 1191 4247 ellicere
1222 4192 1276 4247 in
1315 4196 1560 4250 animum
1608 4200 1853 4269 inducat,
1888 4219 2087 4276 nempe
2116 4207 2233 4263 hmc
2268 4228 2280 4264 :

2397 4209 2490 4262 τὸν
2522 4209 2631 4275 ἔξω
2662 4209 3004 4266 καταλιπών.
3042 4210 3147 4263 Τὸν
3187 4212 3364 4282 μέγαν
3416 4213 3473 4265 δὲ
3537 4190 3992 4285 μετακαλεσάμε-

694 4282 958 4349 primum,
1010 4293 1072 4337 ut
1115 4298 1464 4343 sacramento
1516 4290 1717 4356 lirmct,
1748 4308 1807 4348 se
1854 4293 2076 4351 Chrism
2124 4300 2284 4354 Iidem

2398 4319 2487 4366 νος
2542 4303 2839 4372 λογοθέτην
2892 4304 2987 4356 τὸν
3048 4305 3382 4375 Μετοχίτην,
3450 4307 3546 4361 καὶ
3595 4308 3696 4361 ὅσα
3738 4304 3807 4380 ἧν
3841 4282 3993 4379 αύτῷ

691 4389 910 4442 puram,
944 4383 1000 4430 et
1046 4387 1294 4432 sanctam
1339 4395 1585 4437 servare.
1620 4383 1735 4456 48
1767 4386 1930 4451 Tum,
1979 4390 2120 4445 nihil
2155 4393 2284 4447 mali

2399 4394 2719 4467 βουλομένῳ
2781 4395 3270 4467 δια>.εχθε“ις.οεῖτει
3305 4398 3373 4451 δι’
3426 4400 3594 4453 αὑτοῦ
3654 4401 3853 4472 μηνύει
3912 4405 3994 4472 τῷ

692 4470 747 4519 in
773 4481 937 4521 avum
972 4469 1314 4526 auditurum.
1348 4473 1571 4539 Adhzec,
1602 4494 1796 4532 eorum
1829 4483 2075 4551 nomina,
2100 4485 2194 4553 qui
2226 4501 2285 4540 se

2399 4488 2613 4558 ἐγγὸνῳ
2644 4491 2737 4541 καὶ
2798 4489 3052 4558 βασιλεῖ’
3110 4492 3181 4544 Σὺ
3242 4492 3363 4562 μὲν,
3404 4488 3486 4556 οἷς
3554 4469 3665 4564 περ
3693 4469 3847 4548 εἶπον
3894 4469 3994 4549 καί

692 4560 795 4628 ipSl
817 4559 1085 4615 satellites
1101 4576 1167 4616 ac
1192 4563 1475 4619 ministros
1494 4566 2070 4629 l‘acinorumvolentes
2115 4575 2291 4630 liben—
2325 4572 2359 4626 IJ

2325 4572 2369 4626 D
2404 4581 2653 4634 πλείοσιν
2681 4582 2846 4654 ἑνέχῃ
2903 4586 3117 4647 κακοῖς.
3170 4584 3313 4654 Ἐγὼ
3367 4587 3414 4639 δ’
3444 4591 3663 4641 ᾶπαντα
3719 4589 3991 4659 παριδὼν,

692 4661 886 4718 tesque
915 4653 1278 4720 praebuerint,
1306 4658 1372 4709 ad
1405 4658 1581 4726 ipsum
1610 4660 1948 4718 delaturum.
1975 4664 2286 4731 Postremo,

2399 4674 2623 4738 ἀξιώσω
2675 4679 3034 4749 συγγνώμης,
3100 4681 3166 4734 ἂν
3306 4681 3450 4750 λέγω
3507 4684 3742 4755 ποιήσῃς
3800 4653 3990 4747 αὑτός,

694 4756 807 4793 non
843 4757 901 4795 se
937 4742 1051 4797 ullo
1096 4745 1262 4801 modo
1310 4747 1635 4817 fugiturum.
1679 4754 1760 4807 Ad
1811 4756 1914 4809 ista
1945 4756 2136 4825 junior
2183 4760 2290 4815 hoc

2398 4767 2586 4822 Ταότα
2607 4766 2655 4821 δ’
2685 4768 2801 4821 ἔστι
2826 4786 2841 4802 ο
2883 4773 3102 4842 πρῶτον
3137 4775 3236 4842 μὲν
3295 4775 3445 4845 ὅρκῳ
3481 4776 3862 4830 πιστώσασθαι
3891 4778 3995 4846 τὴν

696 4850 1024 4903 responsum
1064 4836 1221 4893 dedit
1253 4857 1266 4893 :
1297 4840 1452 4906 Quod
1488 4845 1555 4898 de
1596 4844 1702 4900 ﬁde
1746 4847 1799 4901 in
1834 4851 2115 4905 Christum
2154 4868 2289 4907 con-

2401 4861 2587 4915 πὶστιν
2620 4862 2875 4933 καθαρὰν
2908 4864 2985 4935 τῷ
3040 4866 3264 4937 Χριστῷ
3318 4871 3526 4939 τηρεῖν·
3600 4869 3799 4924 ἔπειτα
3849 4874 3996 4924 κατά

694 4927 962 4983 lirmanda
1005 4934 1340 4987 sacramenti
1386 4949 1414 4987 a
1453 4951 1539 4991 me
1591 4940 1911 5010 religionem
1953 4945 2147 5015 exigis.
2184 4947 2291 5000 im-

2399 4953 2583 5017 τοῦτο,
2613 4955 2750 5025 μηδὲ
2774 4927 2917 5022 ’περὶ
2942 4927 3041 5026 ἐμὲ
3094 4927 3272 5013 ’κακέν
3300 4927 3641 5031 ὀφθήσεσθαι
3685 4965 3995 5035 γεγενημέ-

694 5032 917 5090 perator
952 5025 1183 5093 optime,
1218 5037 1581 5099 pra-terquam
1618 5034 1764 5102 quod
1814 5035 2018 5108 durum
2055 5040 2290 5108 videtur,

2402 5062 2512 5099 vov.
2542 5045 2741 5118 Τρίτον
2800 5051 2938 5118 μετά
2969 5025 3150 5117 τοῦτο,
3217 5025 3556 5124 καταδήλους
3594 5025 3721 5124 ἐμοὶ
3757 5025 3992 5125 ποιησαι

695 5126 1047 5185 mentemque
1099 5134 1275 5172 meam
1326 5122 1591 5192 majorem
1634 5126 1690 5177 in
1741 5129 1962 5182 modum
2015 5135 2289 5203 percellit,

2401 5137 2527 5200 τούς
2566 5154 2650 5192 σοι
2706 5143 3083 5211 συμπράττειν
3133 5147 3228 5199 καὶ
3276 5122 3641 5214 προσκεῖσθαι
3666 5122 3996 5218 προῃρημέο

691 5206 858 5256 etiam
890 5221 997 5259 non
1030 5207 1291 5273 colla-ret,
1324 5223 1379 5264 et
1414 5213 1468 5265 in
1504 5214 1744 5284 scipsum
1777 5220 2009 5273 corruit.
2043 5221 2099 5276 Si
2139 5227 2289 5280 enim

2399 5246 2543 5294 vou;.
2586 5206 2967 5305 Τέταρτονήδὲ,
3001 5238 3149 5308 ὅρκῳ
3184 5206 3567 5292 πιστώσασθαι
3602 5206 3834 5309 δρασμίῦ
3862 5206 4000 5310 χρή-

694 5309 780 5346 me
818 5311 913 5364 per
973 5314 1125 5353 sacra
1163 5300 1457 5372 Evangelia
1491 5317 1546 5360 et
1582 5310 1925 5366 venerandas
1971 5325 2289 5373 sanctorum

2405 5321 2597 5377 σεσθαι
2636 5325 2929 5395 μηδαμῶς.
2969 5328 3112 5399 Πρὸς
3151 5328 3324 5382 ταῦτα
3359 5329 3616 5398 βασςλεὺς
3645 5331 3674 5383 ὁ
3703 5331 3821 5393 νέος
3849 5333 3996 5383 ἀπε-

692 5388 963 5458 imagines
994 5391 1647 5468 lideliter'jurarejubes,
1677 5400 1782 5456 hoc
1811 5403 1931 5472 ipso
1958 5408 2150 5477 utique
2177 5411 2292 5467 Deo

2401 5416 2627 5486 κρίνατο
2649 5420 2878 5474 τοιαῦτα
2904 5436 2919 5452 ⁸
2956 5422 3235 5493 Κράτιστε
3273 5421 3521 5493 βασιλεῦ,
3574 5423 3635 5476 τὺ
3665 5424 3765 5495 τὴν
3805 5426 3998 5477 πίστιν

692 5479 911 5535 ﬁdelem
938 5497 1047 5551 me,
1069 5498 1125 5540 et
1145 5484 1427 5544 Christum
1450 5489 1701 5547 induisse
1724 5496 1986 5552 ostendis.
2018 5498 2112 5554 Sin
2139 5504 2290 5559 aliud

2403 5479 2587 5581 ὅρκοις
2647 5513 2901 5567 ἀπαιτεῖν
2957 5479 3237 5584 βειόαιοῦν,
3271 5479 3409 5586 πρῖς
3469 5514 3547 5585 τῷ
3581 5479 3819 5588 σκληρὸν
3865 5517 3999 5586 ἐμοὶ

1964 5611 2182 5674 Jacobi
2221 5616 2489 5682 Pontani
2527 5633 2714 5686 noue.

764 5697 876 5768 (l5)
927 5698 1154 5804 Dg‘obus
1203 5704 1386 5757 verbis
1427 5707 1602 5787 multa
1639 5711 2049 5804 eﬁpriutuutur,
2100 5717 2285 5804 oinnia
2398 5723 2477 5780 hil
2510 5729 2708 5797 possit.
2745 5729 2964 5801 Sarpius
3010 5730 3115 5788 hac
3160 5730 3340 5787 forma
3385 5729 3650 5804 loquendi
3698 5745 3859 5788 usum
3901 5744 3997 5788 re-

690 5784 891 5867 nempe
927 5771 1128 5867 diﬁcia:
1167 5788 1289 5842 quae
1331 5777 1547 5867 anticus.
1609 5771 1855 5867 polliceri
1903 5799 1965 5837 ac
2013 5771 2283 5867 praestare

690 5851 885 5912 queat,
920 5852 975 5898 et
1005 5844 1212 5912 quibus
1241 5848 1481 5918 amplius
1514 5844 1830 5909 desiderare
1867 5844 2163 5926 quisquam
2197 5860 2281 5914 ni-
