4222 6442
677 379 781 445 139

1850 386 2176 447 ΙΟΛΝΝΙΞ
2215 388 2748 450 CANTACUZENI

3841 393 3942 457 140

670 497 830 549 σθαι·
866 495 1073 566 ὄμνυμι
1108 497 1172 567 δή
1214 513 1297 551 σοι
1319 497 1411 550 τὸν
1441 496 1698 551 ἁπάντων
1734 496 1928 566 κύριον
1954 500 2051 551 καὶ
2085 498 2313 568 βασιλέα
2352 500 2509 568 Θεὸν,
2532 500 2607 565 ὡς
2631 503 2698 556 ἄν
2725 521 2779 555 τι
2813 506 3053 573 ςωράσω
3082 506 3211 576 περὶ
3245 507 3345 577 ἐμὲ
3371 507 3762 580 βουλευόμενον
3820 511 3939 563 κίν.

667 587 826 640 δυνον
856 586 1144 655 άπειλοῦν,
1174 587 1325 659 πάσῃ
1348 589 1578 658 δυνάμει
1633 588 1727 641 καὶ
1754 587 1862 658 ὅλῳ
1897 587 2021 641 ποδὶ
2053 590 2336 659 χρήσομαι
2368 593 2504 661 πρὸς
2526 596 2729 661 φυγήν.

2092 701 2319 757 CAPUT
2358 702 2503 757 XVI.

657 801 933 859 Invenitur
961 803 1018 855 in
1049 809 1288 871 nepotem
1333 816 1491 855 senex
1522 818 1639 854 cum
1681 802 1856 856 minis.
1897 801 2075 871 Nepos
2105 801 2315 853 veniam

726 872 1087 934 exosculatur,
1118 870 1184 924 ct
1213 872 1449 925 osculum
1485 871 1547 924 ab
1579 888 1638 925 eo
1679 873 1888 941 recipit.
1938 870 2093 924 Ficta
2137 871 2339 923 reronci

2347 800 2480 922 petit
2529 798 2741 882 delictis.
2777 802 2921 882 suis;
2967 801 3148 870 pedem
3179 801 3284 883 illi,
3334 819 3638 873 quanquam
3665 804 3939 884 renitenlf.

2368 881 2521 922 mtto.
2548 879 2595 922 et
2630 872 2691 922 ob
2723 871 2779 922 ul
2822 888 2983 922 triane
3031 876 3305 922 aaudtum.
3350 873 3572 922 Marinus
3621 874 3938 922 daniesticus

2368 871 2522 928 iatio.
2548 879 2595 942 et
2630 872 2691 923 ob
2723 871 2779 942 id
2822 872 2983 942 inane
3030 873 3305 941 gaudium.
3348 871 3572 942 Magnus
3621 872 3938 929 domesticus

726 946 783 998 in
815 944 1236 1014 PclOponnesum
1283 944 1362 995 ire
1390 942 1598 1009 jussus,
1637 952 1875 1012 nepotem
1905 952 1953 995 et
1984 948 2428 1011 protostratorem
2458 941 2706 993 certiores
2748 941 2900 1009 facit.
2934 941 3010 994 De
3047 958 3109 995 ea
3143 958 3197 995 re
3228 941 3555 997 consultant.

727 1061 856 1115 Haec
898 1058 1122 1128 juniore
1156 1056 1487 1123 disserente,
1533 1056 1638 1111 sub
1682 1058 1851 1127 janua
1902 1054 2234 1110 domuncula

2430 1051 2621 1107 Ταῦτα
2651 1052 2749 1107 τοῦ
2801 1054 2924 1108 νέου
2954 1054 3224 1124 βασιλέως
3274 1055 3590 1121 διεξιόντος,
3622 1059 3651 1110 6
3688 1061 3927 1130 πρεσϐύ-

655 1154 969 1209 consistens
999 1151 1185 1206 senior
1213 1152 1558 1206 auscultabat
1591 1154 1796 1205 omnia.
1834 1150 1903 1205 Et
1943 1153 2008 1203 ad
2040 1160 2235 1204 cmtera

653 1243 881 1313 quidem
933 1252 1141 1307 mutus,
1189 1242 1284 1296 ubi
1338 1242 1478 1311 fugae
1530 1243 1677 1296 illata
1721 1251 1806 1296 est
1854 1241 2103 1295 mentio:
2134 1240 2240 1302 Tu,

654 1334 854 1403 inquit,
880 1344 1008 1388 tunc
1033 1343 1092 1387 ut
1110 1334 1323 1402 fugias?
1344 1333 1507 1401 Atqui
1544 1334 1764 1403 jamjam
1787 1333 2241 1402 comprehensus,

652 1436 707 1479 et
740 1426 978 1479 vinculis
1009 1425 1346 1480 constrictus
1384 1423 1680 1483 abducere.
1715 1434 1772 1479 et
1798 1425 1863 1477 ad
1896 1425 2095 1493 captivi
2128 1425 2243 1479 for-

655 1530 841 1570 tunam
872 1516 1138 1584 redigere.
1168 1515 1280 1585 Ego
1308 1530 1437 1569 vero
1470 1531 1572 1570 nec
1603 1515 1777 1569 tribus
1808 1514 2006 1577 obolis,
2041 1517 2085 1568 si
2116 1530 2243 1584 pos-

651 1610 776 1673 sim,
830 1618 881 1663 te
916 1624 947 1660 c
997 1608 1264 1662 servitute
1314 1607 1637 1660 exemerim.
1697 1605 1907 1661 Dehinc
1956 1607 2240 1674 paululum

651 1714 977 1768 progressas
1025 1698 1327 1762 :Cernitis,
1363 1697 1540 1767 inquit
1570 1696 1637 1750 ad
1681 1710 1999 1766 prmscntes,
2040 1713 2240 1768 quem-

648 1790 948 1844 admodum
992 1790 1096 1845 iste
1150 1789 1335 1843 verbis
1380 1789 1515 1842 meis
1562 1789 1723 1843 tidem
1778 1789 2058 1854 conciliet,
2093 1805 2238 1844 con-

651 1893 835 1936 tumax
889 1882 1164 1945 videlicet,
1212 1897 1272 1935 se
1322 1880 1607 1951 magniﬁce
1656 1880 2128 1949 circumspiciens.
2183 1890 2241 1936 et.

651 1973 946 2027 immodice
997 1971 1302 2041 arrogans?
1346 1971 1492 2040 quod
1547 1987 1615 2025 ex
1667 1971 1843 2040 reipsa
1907 1971 2065 2025 vobis
2104 1971 2239 2027 licet

649 2068 882 2122 discere.
916 2066 1152 2136 Subjicit
1173 2065 1362 2135 junior
1388 2082 1401 2118 :
1433 2064 1699 2134 Equidem
1729 2079 1912 2135 neque
1942 2074 2237 2120 contumax

646 2176 791 2224 sum,
820 2176 999 2229 neque
1028 2159 1280 2213 mihimet
1314 2165 1598 2228 tantopere
1632 2157 1834 2227 plaudo
1866 2177 1878 2212 :
1907 2158 2003 2213 sed
2049 2158 2236 2212 multi-

649 2255 825 2309 tudini
860 2266 1214 2321 peccatorum
1250 2267 1497 2306 meorum
1529 2261 1816 2321 acceptum
1855 2252 2055 2316 refero,
2085 2252 2231 2321 quod

649 2347 773 2402 talis
810 2345 907 2401 tibi
953 2344 1164 2399 videar.
1198 2345 1393 2398 ’l'estor
1439 2343 1631 2407 Deum,
1675 2359 1838 2413 quem
1883 2343 2022 2397 nihil
2073 2344 2229 2406 latet,

650 2439 791 2495 Laud
827 2455 915 2494 me
950 2438 1116 2493 ullam
1165 2438 1383 2508 culpam
1416 2439 1493 2492 ira
1539 2447 1628 2491 tua
1666 2448 1773 2492 tam
1807 2439 1979 2493 atroci
2011 2439 2230 2508 dignam

645 2533 1068 2588 commeruisse.
1102 2531 1449 2602 Quapropter
1481 2531 1779 2601 potentiam
1807 2541 1952 2585 tnatn
1976 2532 2230 2597 obsecro,

646 2642 742 2681 seu
794 2625 1012 2691 noxius,
1064 2640 1158 2680 seu
1211 2623 1468 2678 innoxius
1502 2638 1646 2681 sum.
1676 2624 1809 2677 mihi
1843 2623 2094 2694 ignoscas
2126 2623 2232 2678 :ad

647 2728 773 2771 tuos
798 2715 946 2769 cnim
974 2713 1143 2783 pedes
1166 2712 1305 2766 mori
1331 2713 1495 2783 cupio
1520 2713 1834 2778 (insinuans
1860 2713 1962 2767 hac
1981 2713 2233 2785 ambage,

646 2806 868 2859 nonnisi
926 2815 1178 2860 coactura
1208 2805 1276 2858 ab
1302 2819 1368 2859 co
1399 2807 1789 2869 recessurum).
1823 2803 1888 2859 Et
1917 2806 2078 2859 simul
2108 2821 2232 2861 cum

647 2898 751 2952 hoc
774 2896 927 2951 dicto
956 2896 1024 2951 ad
1054 2906 1258 2951 terram
1288 2896 1708 2966 procumbebat,
1734 2897 1817 2951 avi
1846 2897 2042 2966 pedem
2071 2912 2234 2952 oscu-

645 2991 895 3055 laturus;
931 3004 1096 3058 quem
1136 2989 1227 3043 ille
1262 2987 1508 3043 humeris
1548 2989 1665 3059 ejus
1698 2988 1956 3043 obnitens
1990 2988 2234 3044 abstine-

644 3086 757 3147 bat,
784 3097 850 3138 ae
884 3098 1018 3137 voce
1067 3081 1197 3136 item
1235 3081 1588 3151 prohibebat,
1619 3083 1952 3152 tandemque
1994 3081 2233 3151 amplius

641 3176 942 3230 luctantem
993 3175 1207 3245 capillis
1244 3172 1537 3229 retinebat.
1565 3172 1703 3228 Cum
1736 3172 1903 3227 etiam
1956 3173 2058 3236 sic,
2089 3172 2229 3226 sibi-

642 3283 754 3327 met
779 3287 889 3326 non
920 3285 1173 3341 parcens,
1206 3268 1314 3338 50
1344 3268 1395 3321 vi
1436 3283 1652 3322 summa
1676 3278 1951 3338 pergeret,
1980 3276 2233 3323 metuens

640 3380 801 3430 avus,
834 3380 902 3418 ne
928 3363 1020 3417 illa
1049 3362 1316 3417 violentia
1340 3361 1522 3416 crines
1552 3376 1581 3414 a
1612 3360 1820 3415 vertice
1850 3360 2233 3414 abstraheret:-

641 3468 753 3521 tur,
785 3466 986 3510 terram
1018 3465 1228 3524 petere,
1254 3461 1309 3507 et
1333 3452 1459 3522 pedi
1482 3453 1732 3506 osculum
1768 3453 1934 3522 ﬁgere
1959 3453 2227 3522 permisit,

639 3556 1070 3619 surgentemque
1124 3544 1304 3615 capite
1360 3544 1815 3614 apprehendens,
1866 3544 2056 3598 oculos
2112 3544 2231 3613 ejus

638 3640 995 3696 deosculatus
1047 3647 1132 3693 cst
1184 3638 1323 3706 (I8).
1359 3638 1479 3703 Quo
1527 3646 1843 3706 conspecto,
1896 3637 2227 3704 patriarcha,

2351 1161 2510 1214 τερος
2535 1145 2640 1198 ὑπὸ
2690 1146 2785 1208 τὰς
2812 1146 2989 1216 θύρας
3022 1148 3315 1215 ἱστάμενος
3352 1148 3449 1201 τοῦ
3484 1149 3757 1217 οἰκίσκον,
3791 1155 3933 1207 πάν-

2350 1254 2463 1290 των
2502 1239 2839 1307 ἐπηκροᾶτο,
2891 1241 2988 1292 καὶ
3045 1239 3217 1293 τᾶλλα
3261 1241 3364 1309 μὲν
3430 1242 3633 1310 ἡνεγκε
3685 1246 3929 1306 σιωπῶν,

2349 1327 2450 1398 τὴν
2478 1328 2660 1400 φυγὴν
2718 1331 2775 1383 δὲ
2834 1332 3096 1396 ἀκούσας,
3134 1332 3206 1384 Σὺ
3235 1331 3302 1397 δ’,
3326 1332 3452 1404 ἔφη,
3509 1334 3685 1407 φεύξῃ
3718 1353 3781 1405 γε
3817 1337 3882 1391 σύ
3913 1356 3928 1404 ;

2363 1419 2508 1473 Ἀλλ’
2543 1422 2670 1474 ὅσον
2699 1422 2856 1475 οὔπω
2890 1423 2956 1476 σὺ
2992 1424 3091 1489 μὲν
3136 1425 3467 1494 συλληφθεὶς
3513 1428 3808 1499 ἀπαχθήσῃ
3841 1430 3933 1483 δε-

2346 1511 2598 1579 σμώτης,
2654 1513 2933 1581 καὶπρὸς
2999 1513 3337 1581 δοριαλώτου
3390 1518 3673 1582 καταστὰς
3728 1520 3928 1590 τύχην.

2359 1602 2502 1670 Ἐγὼ
2533 1603 2578 1655 δ’
2618 1603 2741 1656 οὐδὲ
2770 1604 2941 1672 τριῶν
2970 1604 3175 1657 ὀϐολῶν
3222 1606 3474 1675 ἐθελήσω
3519 1608 3791 1663 λύσασθαι
3828 1611 3931 1680 τῆς

2343 1695 2582 1757 δουλίας.
2637 1691 2768 1748 Εἶτα
2834 1696 3032 1765 μικρὸν
3087 1697 3319 1762 προϐάς,
3366 1698 3588 1767 Ὁρᾶτε,
3625 1701 3727 1772 ἔφη
3789 1701 3933 1768 πρὸς

2345 1787 2471 1850 τοὺς
2498 1788 2798 1855 παρόντας,
2830 1790 2979 1851 ὅπως
3008 1791 3123 1850 τοῖς
3156 1791 3310 1858 ἐμοῖς
3343 1789 3523 1856 λόγοις
3573 1785 3731 1854 οὗτος
3789 1809 3931 1861 συμ-

2350 1881 2647 1948 μαρτυρεῖ,
2694 1879 2934 1948 σκληρὸς
2966 1879 3041 1932 ὣν
3076 1882 3173 1933 καὶ
3209 1880 3479 1950 αὐθάδης,
3514 1883 3608 1935 καὶ
3643 1884 3785 1954 πέρα
3831 1883 3929 1937 τοῦ

2343 1973 2560 2033 δέοντος
2591 1972 2809 2036 ἀλαζών
2838 1974 2995 2043 ς’ήδη
3028 1976 3124 2027 καὶ
3158 1975 3290 2043 ὑμῖν
3346 1976 3463 2027 ἐστι
3493 1977 3685 2045 σαφῶς
3719 1981 3784 2030 ἐκ
3815 1978 3928 2030 τῶν

2341 2064 2691 2132 πραγμάτων
2723 2065 3170 2135 καταμαθεῖν.”0
3196 2065 3317 2129 νέος
3338 2066 3384 2119 δ’
3416 2067 3785 2137 Ἀνδρὸνικος,
3803 2067 3929 2123 Ἐπ’

2339 2156 2626 2225 ἀληθείας,
2657 2153 2834 2224 εἶπεν,
2884 2151 2929 2211 ὦ
2961 2156 3211 2227 βασιλεῦ,
3245 2157 3371 2211 οὔτε
3410 2160 3644 2230 σκληρός
3674 2162 3792 2230 εἰμί
3819 2180 3928 2227 τις,

2338 2247 2464 2303 οὔτε
2495 2249 2736 2319 αὐθάδης
2763 2267 2778 2280 ·
2821 2250 2958 2304 ἀλλά
2990 2251 3101 2303 τῶν
3152 2252 3305 2322 ὲμῶν
3362 2254 3654 2323 ἁμαρτιῶν
3690 2256 3717 2306 6
3747 2254 3925 2324 σωρὸς

2338 2343 2584 2397 τοιοῦτον
2611 2339 2751 2396 εἶναι
2782 2342 3075 2413 φαίνεσθαί
3107 2360 3192 2396 σοι
3225 2347 3410 2397 ποιεῖ’
3447 2344 3559 2412 ἐγὼ
3588 2346 3632 2399 δ’
3663 2347 3754 2398 ἐπὶ
3782 2349 3927 2416 μάρι

2338 2457 2462 2508 τυρι
2495 2439 2641 2507 λέγω
2673 2437 2752 2508 τῷ
2787 2438 2951 2491 εἰδότι
2979 2438 3159 2491 πάντα
3185 2438 3327 2508 Θεῷ,
3365 2441 3440 2502 ὡς
3495 2440 3645 2493 οἰδὲν
3677 2442 3924 2495 τοιοῦτον

2337 2532 2563 2603 ἐμαυτῷ
2619 2532 2839 2586 σύνοιδα
2866 2515 3214 2602 εἰργασμένῳ
3245 2533 3322 2596 ὼς
3355 2534 3505 2598 ἄξιον
3550 2530 3691 2588 εἶναι
3715 2536 3811 2607 τῆς
3835 2554 3927 2590 το·

2338 2625 2544 2695 σαύτης
2579 2625 2773 2694 ὀργῆς.
2798 2624 2890 2677 Διὸ
2914 2624 2979 2696 δὴ
3018 2626 3115 2677 καὶ
3152 2625 3346 2695 δέομαι
3384 2627 3478 2679 τοῦ
3527 2627 3624 2680 σοῦ
3681 2630 3924 2699 κράτους

2339 2717 2679 2788 συγγνώμης
2736 2718 2841 2770 κάν
2875 2733 2936 2769 τε
2994 2717 3247 2787 ἥμαρτον
3294 2721 3505 2787 τυχεῖν,
3564 2721 3666 2773 κάν
3700 2738 3760 2773 τε
3819 2723 3920 2791 μή.

2338 2810 2482 2878 Πρὸς
2515 2808 2639 2871 τοὺς
2677 2809 2845 2871 πόδας
2876 2808 2986 2880 γάρ
3015 2809 3239 2879 ἐφίεμαι
3269 2810 3396 2873 τοὺς
3433 2811 3561 2874 σοὺς
3625 2812 3923 2867 ἀποθανεῖν

2336 2901 2757 2972 (αἰνιττόμενος,
2807 2900 2885 2963 ὡς
2928 2902 3028 2955 οὐκ
3055 2902 3122 2954 ἂν
3174 2903 3340 2955 αὐτοῦ
3408 2903 3725 2975 βουλήσοιτο
3784 2907 3920 2958 ἀπο-

2337 2992 2534 3062 στῆναι
2569 2993 2740 3062 χωρὶς
2792 2993 3041 3062 ἀνάγκης
3069 2992 3112 3061 ).
3160 2992 3315 3062 ’Δμα
3353 2993 3408 3046 δὲ
3438 2993 3650 3057 τούτοις
3688 2997 3801 3057 τοῖς
3829 2995 3921 3048 λό-

2334 3100 2454 3151 γοις
2523 3083 2617 3136 καὶ
2657 3083 2793 3152 πρὸς
2847 3083 2953 3151 γῆν
2994 3082 3350 3137 κατεκλίνετο
3384 3086 3769 3155 ἀσπασόμενος
3824 3086 3919 3137 τδν

2337 3174 2477 3228 πόδα
2526 3174 2619 3226 τοῦ
2672 3173 2958 3243 βασιλέως.
3008 3174 3066 3227 '0
3120 3173 3167 3226 δ’
3219 3176 3404 3244 ἀνεῖχε
3469 3175 3771 3245 λαϐόμενος
3820 3176 3919 3229 τοῦ

2333 3268 2508 3338 ὤμου,
2542 3269 2657 3337 ἅμα
2692 3267 2786 3321 καὶ
2822 3267 3006 3335 λόγοις
3036 3269 3096 3321 τὸ
3128 3269 3292 3338 ἔργον
3323 3268 3709 3337 ἀπαγορεύων.
3755 3270 3845 3332 Ὠς
3870 3270 3918 3322 δ’

2336 3359 2485 3431 ἐώρα
2515 3361 2862 3429 βιαζόμενον,
2901 3362 3063 3427 ἀφεὶς
3092 3360 3183 3412 τὸν
3201 3353 3375 3429 ὦμον,
3402 3361 3625 3413 ἐλάϐετο
3655 3360 3764 3413 τῶν
3796 3378 3917 3431 τρι-

2333 3452 2470 3521 χῶν.
2521 3450 2611 3513 Ὠς
2636 3449 2693 3501 δὲ
2727 3451 2820 3502 καὶ
2873 3449 3051 3513 οὕτως
3090 3450 3368 3515 ἐϐιάζετο,
3406 3449 3643 3517 ἀφειδῶν
3689 3451 3915 3515 ἑαυτοῦ,

2332 3543 2516 3603 δείσας
2545 3544 2572 3593 6
2601 3542 2827 3603 πάππος
2859 3541 2934 3610 μὴ
2965 3544 3033 3612 τῇ
3079 3540 3171 3611 βίᾳ
3209 3544 3308 3610 τῆς
3339 3528 3586 3611 κεφαλῆς
3621 3543 3919 3594 διαστῶσιν

2335 3638 2390 3689 αἰ
2418 3634 2639 3705 τρίχες,⁶
2662 3633 2895 3685 ἐνέδωκε
2946 3634 3047 3702 τὴν
3087 3633 3412 3687 κατάκλισιν
3435 3650 3450 3665 ο
3484 3637 3512 3686 ὁ
3563 3636 3621 3689 δὲ
3652 3635 3920 3687 κατακλι-

636 3733 842 3803 quique
873 3731 1104 3785 aderant
1151 3745 1431 3800 proceres,
1476 3729 1583 3784 hoc
1617 3731 1843 3784 minime
1879 3730 2104 3783 dubium
2139 3747 2227 3785 re-

2335 3729 2449 3792 θεὶς
2477 3730 2767 3797 ἠσπάσατο
2797 3728 2886 3779 τὸν
2915 3727 3051 3780 πόδα
3070 3726 3160 3780 τοῦ
3185 3727 3473 3797 βασιλέως.
3507 3725 3621 3782 Εἶτ’
3646 3731 3921 3781 ἀναστάν-

636 3825 962 3894 ιΙίΙὶΙυςΓίηίῐέ
992 3822 1141 3875 inter
1171 3822 1534 3891 imperatores
1557 3822 1812 3876 amicitia:
1841 3836 2224 3891 argumentum

639 3916 762 3975 rati,
802 3914 1153 3984 ingeminatis
1195 3913 1446 3979 vocibus,
1483 3912 1596 3968 Deo
1628 3914 1779 3982 pacis
1815 3914 2058 3985 largitori
2100 3930 2228 3985 gra-

637 4007 741 4060 tias
775 4019 958 4075 agerc.
1004 4003 1147 4070 Quin
1192 4012 1248 4058 et
1288 4004 1479 4074 junior
1514 4004 1814 4073 imperator
1856 4019 1978 4058 cum
2029 4019 2226 4074 magno

635 4098 965 4157 domestico.
1000 4106 1053 4149 et
1088 4105 1492 4167 protostratore
1521 4110 1796 4149 seniorem
1829 4095 2103 4165 placatum
2139 4112 2227 4150 ar—

634 4183 847 4249 bitrati,
882 4184 1071 4239 lattitia
1123 4184 1424 4249 exsultare,
1458 4183 1715 4252 diemque
1753 4186 1906 4239 illum
1949 4187 2228 4241 candidis-

632 4279 834 4330 simum
884 4276 1158 4345 judicare.
1207 4275 1275 4329 Et
1324 4277 1545 4330 rediens
1595 4276 1842 4340 domum,
1896 4294 2089 4347 nepos,
2137 4280 2224 4333 itt-

633 4385 821 4439 quam.
854 4383 1140 4422 sermones
1172 4369 1226 4421 in
1255 4368 1464 4437 judicio
1492 4369 1709 4424 habitos
1741 4371 2068 4425 necessariis
2106 4371 2223 4425 suis

633 4458 1013 4521 memorabat;
1045 4459 1140 4529 qui
1187 4473 1381 4512 omnes
1414 4475 1521 4512 una
1554 4459 1699 4514 diem
1735 4459 1935 4515 festum
1964 4476 2221 4516 commu-

634 4554 805 4609 nibus
848 4551 1068 4623 gaudiis
1111 4551 1443 4622 exigebant;
1492 4551 1786 4623 Syrgianni
1832 4554 2058 4624 insuper
2102 4567 2222 4613 aeta

630 4645 1066 4716 perscribentes,
1101 4653 1161 4696 ut
1188 4653 1242 4696 ct
1279 4644 1397 4712 ipse
1424 4642 1689 4713 gauderet
1715 4660 1839 4697 eum
1864 4648 2057 4701 amicis
2091 4664 2222 4717 gau-

630 4739 913 4802 dentibus,
944 4753 1122 4807 neque
1167 4751 1226 4790 se
1257 4737 1365 4791 ulla
1399 4736 1452 4789 in
1500 4746 1781 4805 posterum
1809 4753 1942 4792 cura
1972 4754 2223 4795 macera.

633 4839 746 4893 ret;
799 4839 994 4900 utpote
1046 4830 1277 4898 abjectis
1320 4830 1432 4900 jam
1485 4829 1768 4899 prioribus
1832 4832 2115 4896 consiliis,
2165 4843 2221 4888 et

631 4922 815 4977 stabili
866 4922 1014 4977 inter
1050 4924 1415 4991 imperatores
1448 4921 1744 4976 concordia
1794 4933 2050 4979 revocata
2087 4941 2222 4980 cen-

629 5016 790 5071 fectis
822 5015 1082 5069 omnibus
1114 5030 1182 5070 ex
1231 5014 1525 5069 sententia.
1562 5013 1677 5069 Hoc
1722 5016 1869 5070 enim
1904 5028 2025 5072 erat
2069 5022 2217 5088 quod

2330 3839 2421 3885 τος
2460 3822 2560 3890 τῆς
2612 3820 2857 3890 κεφαλῆς
2906 3819 3209 3889 λαϐόμενος
3237 3823 3265 3872 6
3316 3820 3591 3890 βασιλεὺς,
3631 3821 3916 3890 κατεφίλει

2329 3912 2428 3973 τὰς
2457 3909 2633 3978 ὄψεις.
2660 3908 2834 3961 Τοῦτο
2857 3909 2921 3978 δὴ
2952 3911 2980 3961 6
3021 3911 3373 3980 πατριάρχης
3414 3911 3512 3963 καὶ
3541 3912 3592 3962 οἰ
3626 3910 3727 3981 τῆς
3782 3927 3916 3979 συγ-

2328 4002 2531 4073 κλήτου
2591 4002 2858 4071 παρόντες
2923 4002 3145 4065 ἰδόντες,
3181 4008 3277 4055 καί
3305 4003 3603 4072 διαλλαγῆς
3637 4004 3915 4069 ἀπόδειξιν

2329 4095 2654 4163 νομίσαντες
2686 4095 2790 4164 ήδη
2823 4093 3051 4163 βεϐαίας
3074 4094 3182 4151 τῶν
3205 4095 3492 4164 βασιλέων,
3530 4097 3729 4160 πολλὰς
3771 4099 3914 4167 ἁφή.

2328 4198 2432 4234 καν
2460 4182 2640 4249 φωνάς
2667 4183 3124 4252 εὐχαριστοῦντες
3143 4185 3264 4255 Θεῷ
3290 4184 3367 4253 τῷ
3395 4187 3617 4256 χορηγῷ
3634 4191 3733 4255 τῆς
3760 4189 3916 4256 εἰρή-

2327 4292 2447 4343 νης.
2485 4277 2595 4328 Καὶ
2624 4275 2790 4337 αὐτὸς
2828 4276 2884 4328 δὲ
2920 4275 3173 4345 βασιλεὺς
3203 4278 3231 4328 ὁ
3276 4277 3391 4339 νέος
3424 4279 3520 4329 καὶ
3552 4277 3603 4328 οἰ
3648 4280 3776 4347 περὶ
3810 4282 3913 4330 αὑ-

2326 4369 2441 4433 τὸν,
2477 4366 2800 4437 διηλλάχθαι
2835 4370 3161 4437 νομίσαντες
3190 4369 3268 4438 τῷ
3303 4370 3511 4439 έγγόνῳ
3540 4369 3632 4422 τὸν
3663 4368 3908 4440 βασιλέα,

2327 4460 2551 4531 ἔχαιρόν
2586 4477 2645 4513 τε
2673 4460 2856 4524 αὐτοὶ,
2894 4460 2987 4513 καὶ
3012 4460 3269 4531 εὐτυχίας
3306 4461 3484 4530 ἄκρας
3541 4461 3774 4532 ἡγοῦντο
3810 4463 3909 4533 τὴν

2326 4556 2544 4624 ἡμέραν
2585 4553 2830 4623 ἐκείνην.
2874 4554 2969 4606 Ἐκ
2998 4553 3108 4605 τῶν
3148 4553 3438 4624 βασιλείων
3489 4555 3674 4608 οἴκαδε
3729 4558 3757 4608 6
3787 4561 3909 4619 νέος

2327 4646 2585 4717 βασιλεὺς
2612 4643 2890 4711 ἀπελθὼν,
2915 4646 3153 4713 διηγεῖτὸ
3180 4663 3241 4697 τε
3271 4650 3382 4709 τοῖς
3407 4647 3580 4714 φίλοις
3611 4648 3737 4709 τοὺς
3766 4649 3910 4701 κατά

2322 4739 2424 4810 τὴν
2478 4738 2636 4807 δίκην
2684 4738 2900 4806 λόγους,
2935 4738 3295 4808 συνεόρταζόν
3333 4755 3396 4791 τε
3452 4742 3546 4792 καὶ
3584 4742 3908 4810 συνέχαιρον

2324 4828 2579 4897 ἀλλήλοις
2602 4846 2617 4860 ο
2649 4829 2923 4899 μηνύουσι
2945 4830 3010 4900 δὴ
3044 4829 3137 4881 καὶ
3166 4830 3480 4903 Συργιάννῃ
3513 4832 3583 4883 τά
3618 4833 3903 4900 γεγονότα,

2320 4920 2397 4982 ὡς
2438 4920 2506 4973 ἂν
2535 4921 2631 4972 καὶ
2687 4919 2853 4983 αὐτὸς
2890 4921 3172 4992 συγχαίρῃ
3228 4924 3342 4984 τοῖς
3402 4922 3582 4990 φίλοις
3621 4923 3903 4993 χαίρουσι,

2324 5013 2418 5065 καὶ
2453 5012 2729 5083 μηδεμίαν
2765 5011 2866 5083 ἔχῃ
2925 5014 3191 5081 φροντίδα
3250 5017 3530 5085 τήκουσαν
3562 5015 3658 5085 τὴν
3697 5014 3901 5085 ψυχὴν,

628 5106 774 5159 votis
800 5121 1183 5176 sazpenumero
1208 5104 1543 5175 petiverant,
1575 5116 1634 5159 ut
1655 5120 1791 5160 avus
1811 5106 1999 5161 odium
2025 5120 2218 5164 contra

2332 5106 2398 5169 ὡς
2437 5105 2546 5158 τῶν
2582 5106 2868 5174 προτέρων
2920 5105 3023 5177 ήδη
3073 5105 3464 5176 βουλευμάτων
3517 5106 3900 5169 διαλυθέντων,

629 5208 888 5267 nepotem
948 5197 1292 5267 deponeret,
1368 5195 1586 5266 ipsique
1648 5196 2022 5265 periculorum
2073 5210 2219 5255 metu

625 5289 791 5345 soluti
837 5305 900 5346 ac
948 5288 1128 5347 liberi.
1169 5288 1336 5342 vitam
1371 5287 1639 5359 placidam
1673 5298 1728 5343 et
1762 5289 2005 5358 quietam
2052 5288 2221 5359 dege-

2321 5197 2417 5248 καὶ
2470 5194 2698 5266 βεϐαίας
2752 5196 2982 5266 εἰρήνης
3014 5199 3395 5267 γεγενημένης
3451 5199 3567 5260 τοῖς
3597 5195 3901 5267 βασιλεῦσι,

2324 5290 2420 5342 καὶ
2455 5290 2577 5342 κατ’
2605 5289 2771 5361 εὐχὴν
2799 5291 2986 5351 αὐτοῖς
3037 5289 3145 5343 τῶν
3176 5289 3527 5361 πραγμάτων
3582 5292 3901 5361 κεχωρηκό·

1911 5404 2131 5467 Jacobi
2165 5406 2433 5469 Pontani
2466 5415 2656 5469 notae.

696 5512 811 5582 (l8)
853 5511 1038 5582 Monet
1091 5525 1178 5565 me
1237 5522 1506 5582 numerus
1557 5508 1970 5582 multitudinis.
2033 5519 2096 5565 ut
2128 5509 2208 5582 Ade

625 5580 803 5639 oculis
846 5580 1118 5651 accipiam
1154 5598 1167 5634 :
1199 5581 1420 5635 tametsi
1465 5581 1627 5648 paulo
1663 5580 1805 5635 infra
1850 5581 1987 5635 dicit
2032 5580 2205 5648 πρόσ-

622 5670 797 5717 ωπον,
824 5652 1021 5706 facictn
1054 5652 1364 5706 osculatum
1393 5666 1537 5715 esse,
1569 5667 1694 5705 nam
1721 5661 1776 5706 ct
1803 5651 1948 5706 oculi
1982 5660 2110 5704 sunt
2147 5652 2205 5704 in

622 5724 787 5778 facie.
854 5722 1044 5781 Labia,
1105 5738 1298 5792 genas.
1356 5723 1571 5783 oculos.
1639 5721 1898 5779 frontem.
1939 5723 2202 5792 icollum,

622 5794 865 5848 osculari
891 5809 1013 5848 mos
1037 5791 1163 5856 fuit,
1190 5795 1343 5848 vario
1388 5792 1518 5851 fine.
1541 5807 1636 5845 seu
1671 5794 1886 5846 diversa
1919 5791 1989 5843 de
2011 5808 2202 5847 causa.

629 5864 735 5920 Sed
787 5864 1001 5931 oculos,
1053 5865 1201 5935 quod
1251 5879 1379 5919 cum
1434 5864 1546 5917 sint
1580 5861 1790 5919 indices
1836 5863 2027 5930 animi,
2071 5863 2207 5933 ipsis

2312 5512 2637 5588 osculandis
2666 5512 2913 5588 animum
2944 5512 3125 5585 ipsum
3156 5516 3482 5588 contingere
3503 5517 3610 5573 sibi
3639 5515 3899 5588 videren-

2314 5593 2426 5636 tur.
2471 5582 2569 5659 D_e__
2596 5584 2921 5659 osculorum
2957 5582 3260 5655 generibus
3294 5582 3419 5643 vide
3472 5588 3721 5659 Lipsiqu
3760 5585 3904 5659 AEle-

2310 5667 2479 5779 101%.,
2646 5669 2684 5717 ι.
2733 5670 2859 5725 cap.
2891 5656 2946 5720 6,
2983 5665 3040 5709 et
3074 5659 3352 5729 symbolas
3392 5654 3615 5715 nostras
3658 5658 3715 5712 in
3758 5656 3899 5717 illud

2440 5742 2520 5779 net
2563 5763 2577 5777 ο
2601 5741 2621 5779 ἔ

2384 5817 2518 5872 (.‘um
2550 5819 2699 5873 dabit
2725 5821 3026 5891 amplexus,
3060 5833 3217 5894 atque
3237 5826 3420 5884 oscula
3446 5824 3625 5882 dulcia
3649 5827 3799 5897 ﬁget.
