4222 6442
307 416 407 480 Nl

1469 405 2006 476 HlSTORIARUM
2051 418 2279 476 LIBER
2331 419 2370 479 l.

3427 412 3524 479 1έὲ

300 552 433 588 των.
467 530 637 585 Τοῦτο
665 532 773 601 γὰρ
826 530 1073 601 ηὔχοντο,
1126 530 1219 583 τὸν
1252 548 1349 599 μιν
1386 528 1610 598 βασιλέα
1639 530 1737 597 τῆς
1778 530 1857 588 εἰς
1890 592 1891 595 η

1993 536 2099 580 ent.
2150 526 2280 591 Quae
2328 530 2489 593 igtur
2538 538 2684 595 gesta
2744 528 2978 590 fuerant,
3025 528 3170 581 hunc
3217 528 3269 581 in
3307 530 3527 584 modum

300 623 397 674 τδν
426 622 648 688 ἔγγονον
674 619 976 688 ἀπεχθείας
1011 617 1359 686 μεταϐαλεῖν,
1393 619 1574 680 αὐτοῖς
1600 618 1657 669 δὲ
1682 615 1863 669 κινδύ-

302 727 411 763 νων
464 709 571 775 ἐξω
616 708 1017 772 καταστάντας,
1065 708 1299 777 ἡσυχίαν
1355 707 1536 774 ἄγειν.
1571 707 1731 761 Οὕτω
1766 706 1864 776 μέν

303 795 400 851 οὖν
427 798 616 860 αὐτοῖς
645 798 792 867 ἔχειν
815 798 987 849 ἐδόκει
1022 795 1091 848 τὰ
1131 796 1476 864 γεγενημένα
1506 810 1521 824 ⁸
1556 794 1626 847 τὰ
1653 796 1698 848 δ’
1724 790 1865 865 ἦσαν

303 891 496 954 ἓτερον
517 889 741 959 τρόπον,
776 890 851 951 ὡς
876 888 1020 952 ἔδοξε
1075 890 1190 949 τοῖς
1221 886 1435 948 πολλοῖς
1477 888 1541 939 ἐκ
1564 887 1675 938 τῶν
1727 883 1867 954 μετά

302 981 525 1034 ταῦτα’
568 980 759 1052 ἐκρίθη
813 980 924 1049 γὰρ
986 980 1196 1049 διανοίᾳ
1248 977 1575 1046 γεγενῆσθαι
1626 976 1863 1047 τοιαύτῃ.

307 1074 470 1135 Ἐθος
514 1073 863 1141 ἐπεκράτησε
896 1070 1047 1140 παρά
1092 1072 1202 1133 τοῖς
1230 1068 1507 1139 βασιλεῦσι
1546 1068 1854 1135 Ῥωμαίων,

304 1164 528 1217 ἐπειόἀν
571 1180 656 1225 τις
711 1162 820 1216 τῶν
869 1160 991 1215 καθ’
1026 1155 1165 1229 αἷμα
1223 1160 1631 1231 προσηκόντων,
1686 1160 1721 1231 ἡ
1776 1160 1870 1210 καὶ

304 1254 479 1316 ἄλλως
493 1252 601 1305 τῶν
621 1254 678 1305 ἐν
701 1252 867 1317 τέλει,
886 1251 1165 1320 προσκυνὴ
1174 1267 1270 1312 σας
1289 1250 1604 1317 ἀσπάσηται
1619 1250 1709 1302 τὸν
1732 1249 1872 1303 πόδα

304 1344 403 1396 τοῦ
446 1342 727 1412 βασιλέως,
773 1340 1215 1403 ἀντασπάξεσθαι
1253 1342 1348 1393 καί⁵
1387 1340 1550 1393 αὐτὸν
1590 1340 1754 1393 αὐτὸν
1792 1342 1873 1404 εἰς

305 1435 411 1503 τὴν
431 1433 574 1502 ϐψιν.
600 1434 708 1486 Καὶ
723 1432 845 1485 τότε
863 1430 927 1499 δὴ
946 1430 1041 1483 τοῦ
1061 1430 1182 1482 νέου
1208 1429 1467 1499 βασιλέως
1485 1429 1872 1498 ἀσπασαμένου

314 1527 455 1594 πρὸς
481 1526 572 1577 τὸν
599 1525 734 1577 πόδα
760 1524 853 1576 τὸν
883 1524 1129 1585 πάππον,
1163 1521 1249 1574 ἴνα
1281 1520 1355 1591 μὴ
1400 1523 1479 1582 είς
1506 1522 1674 1589 ἄκρον
1700 1521 1872 1590 ἀπεχ-

308 1617 465 1678 θείας
495 1615 821 1685 ἐληλακέναι
883 1614 1037 1682 δοκῇ,
1066 1613 1186 1665 ούδέ
1213 1613 1354 1694 ,τῶν
1385 1612 1626 1673 ἰδιώταις
1672 1628 1877 1681 προση-

308 1708 517 1760 κόντων
547 1706 713 1771 ἀξιῶν
736 1705 829 1757 τὸν
859 1704 1088 1771 ἔγγονον
1138 1702 1236 1755 καὶ
1269 1702 1490 1772 βασιλέα
1521 1700 1877 1768 ἀντεφίλησεν

319 1798 404 1857 είς
428 1795 490 1847 τὸ
535 1794 825 1865 πρόσωπον
854 1792 947 1844 καὶ
965 1792 1150 1853 αὑτός.
1198 1790 1358 1843 ’Δλλὰ
1392 1793 1458 1843 τὰ
1487 1789 1588 1857 μὶν
1610 1792 1707 1860 τῆς
1737 1789 1877 1859 πρὸς

1966 618 2171 671 habere
2212 635 2269 671 se
2299 620 2407 671 illis
2441 619 2763 673 videbantur
2796 639 2807 671 :
2843 620 3002 672 aliter
3038 628 3214 673 tamen
3250 620 3525 681 habuisse.

1965 708 2120 760 multi
2154 723 2220 761 ex
2255 707 2325 761 iis
2362 724 2482 776 quae
2520 721 2703 777 postea
2739 718 3028 763 consecuta
3074 719 3222 772 sunt,
3262 711 3527 779 judicium

1966 791 2235 846 fecerunt.
2263 787 2374 847 Hac
2397 795 2541 847 enim
2574 803 2755 848 mente
2777 805 2928 863 gesta
2956 797 3145 860 fuisse,
3173 813 3333 865 quam
3361 799 3532 866 expli-

1967 880 2231 934 cabimus.
2281 882 2427 936 More
2476 884 2733 937 Romanis
2780 887 3201 953 imperatoribus
3250 898 3527 955 receptum

1968 978 2104 1035 erat,
2132 985 2256 1024 cum
2302 973 2572 1041 quispiam
2614 975 3167 1044 consanguineorum,
3199 988 3293 1030 aut
3324 979 3527 1047 alioqui

1969 1061 2142 1128 gratia
2168 1062 2310 1129 apud
2336 1078 2432 1116 eos
2455 1062 2786 1130 ﬂorentium,
2807 1068 3104 1120 secundum
3130 1068 3527 1134 adorationem,

1969 1150 2163 1217 pedem
2192 1151 2539 1220 imperatoris
2565 1157 2756 1209 osculo
2784 1160 3120 1226 contigisset,
3152 1172 3211 1214 ut
3236 1163 3535 1229 imperator

1970 1241 2212 1295 vicissim
2234 1244 2354 1312 ejus
2380 1243 2573 1297 faciem
2598 1246 3028 1301 deuscularetur.
3050 1249 3185 1303 Cum
3215 1251 3395 1319 itaque
3418 1263 3529 1306 tum

1973 1346 2145 1400 nepos
2173 1334 2257 1385 avi
2288 1334 2481 1402 pedem
2513 1338 2786 1390 osculatus
2814 1337 3024 1403 fuisset,
3056 1341 3167 1405 ille,
3201 1357 3267 1395 ne
3292 1343 3536 1410 inexpia—

1973 1421 2071 1475 bili
2095 1424 2223 1477 odio
2251 1422 2479 1492 ﬂagrare
2519 1426 2850 1491 crederetur,
2879 1429 2924 1482 si
2957 1444 3059 1483 ncc
3083 1432 3149 1483 iis
3176 1444 3452 1500 nepotem,
3482 1445 3535 1487 et

1974 1513 2364 1581 imperatorem
2391 1516 2728 1585 dignaretur,
2746 1535 2866 1587 qua:
2890 1522 3114 1588 privatis
3142 1524 3532 1585 tribuerentur.

1974 1600 2167 1654 faciem
2199 1603 2316 1671 ejus
2345 1614 2536 1658 contra
2573 1616 2626 1659 et
2664 1607 2781 1676 ipse
2804 1610 2995 1662 osculo
3019 1610 3228 1664 libavit.
3263 1615 3339 1666 Ac
3365 1614 3535 1682 impe-

1975 1700 2214 1744 ratorum
2242 1692 2460 1761 quidem
2486 1696 2576 1761 lis,
2609 1706 2665 1751 et
2690 1702 3063 1754 controversia
3088 1703 3139 1754 in
3157 1703 3365 1770 judicio
3390 1704 3535 1757 hunc

1978 1778 2137 1833 finem
2167 1781 2311 1836 tulit.
2338 1782 2522 1838 Tertio
2549 1796 2672 1854 post
2696 1788 2783 1843 die
2809 1791 2992 1843 senior
3018 1807 3210 1861 magno
3234 1793 3537 1849 domestico

310 1885 573 1954 ἀλλήλους
623 1882 910 1947 διαλέξεως
933 1881 1042 1935 τῶν
1092 1881 1358 1949 βασιλέων
1419 1882 1511 1933 ἐπὶ
1561 1882 1661 1952 τῆς
1715 1882 1872 1951 δίκης

1993 1885 2073 1923 )er
2094 1880 2303 1925 certum
2330 1873 2605 1929 hominem
2627 1883 2867 1943 mandat,
2897 1882 2974 1934 uti
2999 1882 3053 1934 in
3074 1881 3532 1951 Peloponnesum,

310 1976 547 2029 ἐνταῦθα
578 1976 923 2044 ἐτελεύτησε.
947 1976 1078 2026 Δυσὶ
1104 1974 1158 2026 δέ
1189 1973 1418 2043 ὕστερον
1452 1975 1686 2043 ἡμέραις
1736 1975 1874 2044 μετά

313 2068 497 2133 τοῦτο,
529 2070 558 2120 ὁ
589 2066 960 2139 πρεσϐύτερος
1023 2066 1132 2118 τῶν
1190 2065 1455 2135 βασιλέων
1506 2065 1586 2134 τῷ
1642 2066 1864 2135 μεγάλῳ

311 2157 404 2210 διά
482 2174 629 2218 τινος
685 2157 836 2224 δηλοῖ
904 2146 1210 2226 δομεστίκῳ
1278 2156 1415 2225 πρὸς
1468 2155 1875 2223 Πελοπόννησον

310 2249 566 2302 ἀπελθεῖν
632 2247 846 2316 ἐκείνης
920 2245 1405 2317 ἐπιτροπεύσοντα.
1486 2246 1559 2299 Tb
1606 2246 1653 2299 δ’
1712 2247 1874 2310 εὐθὺς

312 2340 493 2393 ὶδόκει
545 2340 643 2409 μὶν
677 2336 820 2392 εἶναι
884 2337 995 2391 τῶν
1038 2338 1347 2409 ἀριστερῶν
1398 2337 1629 2392 οἰωνῶν.
1681 2339 1875 2402 Ὅπως

311 2431 360 2485 δ’
410 2430 668 2501 ἀνακωχὴ
727 2431 954 2498 γένηται
1003 2435 1099 2483 καὶ
1147 2430 1362 2500 βασιλεῖ
1413 2428 1493 2499 τῷ
1544 2430 1652 2499 νέῳ
1679 2430 1750 2483 τά
1774 2430 1874 2499 τῆς

313 2523 580 2593 ἀγγελίας
627 2522 765 2590 δῆλα
802 2514 1090 2590 γενέσθαι,
1151 2522 1496 2591 ἀντεμὴνυσε
1558 2523 1653 2575 καί⁵
1711 2521 1875 2583 αὐτὸς

312 2613 544 2667 τοιαῦτα
567 2629 583 2645 ο
635 2613 747 2683 Τῆς
785 2615 865 2675 είς
898 2613 999 2681 ἐμὶ
1048 2612 1335 2682 εὐμενείας
1365 2613 1463 2664 καὶ
1503 2612 1874 2682 προμηθείας,

313 2700 363 2759 ὦ
396 2704 642 2773 βασιλεῦ,
699 2704 902 2767 πολλὰς
949 2704 1048 2772 μὲν
1086 2704 1181 2756 καὶ
1213 2704 1381 2767 ἄλλας
1405 2703 1513 2774 ἔχω
1541 2705 1639 2767 τὰς
1664 2704 1880 2756 ἀποδεί-

317 2797 469 2862 ξειςο
511 2797 746 2865 μάλιστα
798 2796 858 2848 δέ
880 2796 941 2847 τὸ
991 2795 1052 2860 ἐξ
1099 2795 1338 2865 ἡλικίας,
1385 2795 1462 2858 ὡς
1499 2796 1692 2860 εἰπεῖν,
1723 2794 1878 2867 πρώ-

314 2904 421 2957 της
470 2887 551 2951 είς
595 2888 769 2958 ἀρχὰς
815 2886 1135 2954 ἐκλέγεσθαι
1192 2887 1287 2938 καὶ⁵
1341 2887 1617 2956 διοκήσεις
1664 2887 1880 2956 ἐπιτρέ-

316 2995 442 3031 πειν
466 2978 676 3031 πόλεών
709 2994 770 3031 τε
798 2978 894 3032 καὶ
925 2977 1218 3048 στρατιῶν,
1244 2977 1460 3031 οἴκοθεν
1519 2978 1876 3048 ὡρμημένον.

315 3068 433 3125 Καὶ
485 3071 548 3123 τὸ
576 3068 668 3123 νῦν
696 3069 755 3122 δέ
807 3066 965 3123 τοῦτο
1004 3068 1204 3132 πολλὰς
1230 3068 1308 3139 τῷ
1358 3068 1436 3139 σῷ
1475 3070 1667 3139 κράτει
1702 3067 1880 3121 πείθει

317 3161 551 3229 χάριτας
579 3159 881 3228 ὁμολογεῖν,
932 3157 1175 3227 βασιλεῦ.
1221 3158 1423 3226 Δέομαι
1457 3157 1521 3227 δὴ
1549 3158 1645 3210 καὶ
1676 3156 1881 3225 ταύτην

1973 1962 2025 2015 ei
2050 1962 2377 2028 prtefuturus
2400 1967 2649 2021 discedat
2676 1987 2690 2022 :
2717 1969 2770 2024 id
2797 1972 2942 2039 quod
2970 1973 3154 2026 statim
3184 1989 3284 2044 pro
3311 1975 3536 2028 sinistro

1973 2052 2203 2122 augurio
2234 2053 2356 2107 fuit.
2394 2055 2499 2110 Sed
2541 2073 2648 2126 quo
2697 2075 2784 2114 res
2831 2062 3098 2131 tantisper
3139 2066 3533 2129 extraheretur,

1974 2144 2102 2195 dum
2138 2158 2306 2212 super
2344 2144 2451 2198 hoc
2491 2148 2746 2202 mandato
2789 2165 2959 2219 nepos
2985 2154 3186 2207 certior
3217 2154 3389 2220 fieret,
3421 2157 3536 2210 haec

1974 2233 2051 2287 illi
2076 2250 2171 2304 per
2197 2236 2598 2292 internuntium
2627 2244 2910 2311 respondit
2938 2262 2950 2298 :
2976 2243 3098 2313 ejus
3119 2260 3246 2315 erga
3271 2262 3329 2301 se
3368 2248 3535 2302 bene-

1974 2326 2225 2380 volentia:
2269 2341 2525 2397 curaeque
2567 2346 2690 2385 cum
2738 2333 2843 2386 alia
2888 2349 2995 2388 non
3046 2336 3185 2391 levia
3218 2348 3534 2407 argumenta

1977 2414 2227 2484 proferre
2256 2432 2441 2487 posse,
2473 2430 2586 2474 tum
2619 2422 2754 2476 illud
2783 2424 2839 2478 in
2879 2424 3091 2493 primis,
3118 2429 3260 2495 quod
3291 2429 3454 2494 ultro,
3483 2436 3538 2483 et

1974 2521 2075 2561 sua
2105 2519 2303 2577 sponte
2340 2510 2445 2564 sibi
2483 2526 2620 2581 pene
2664 2514 2844 2568 adhuc
2872 2531 3039 2584 puero
3067 2519 3421 2587 magistratus
3446 2520 3540 2574 de-

1975 2598 2168 2666 disset,
2194 2602 2469 2667 civitates,
2489 2614 2545 2659 et
2570 2608 2846 2664 exercitus
2870 2612 3132 2679 regendos
3153 2614 3536 2669 commisisset.

1977 2689 2078 2760 51
2110 2692 2178 2746 Et
2199 2693 2303 2748 hoc
2325 2695 2506 2764 ipsum
2531 2698 2677 2765 quod
2704 2701 2866 2756 modo
2901 2702 3212 2770 imperaret,
3248 2704 3314 2758 ad
3356 2705 3542 2775 singu-

1976 2782 2119 2838 lares
2143 2775 2315 2854 ipsius
2344 2788 2613 2857 maiestati
2640 2794 2842 2861 gratias
2867 2795 3103 2864 agendas
3128 2798 3407 2852 stimulum
3434 2800 3540 2854 sibi

1976 2874 2198 2929 addere.
2229 2875 2444 2945 Rogare
2469 2890 2672 2944 autem,
2705 2883 2847 2939 hanc
2876 2901 3036 2939 unam
3077 2888 3304 2957 gratiam
3336 2889 3543 2958 adjice-

1978 2972 2079 3025 ret,
2116 2977 2436 3032 praesentem
2481 2970 2625 3024 diem
2651 2972 2721 3026 ad
2754 2973 3167 3030 deliberandum
3210 2978 3316 3032 sibi
3346 2994 3543 3033 conce-

1978 3052 2172 3109 deret:
2200 3059 2440 3112 crastina
2485 3060 2627 3126 luce,
2664 3078 2785 3131 qua
2811 3066 3207 3132 occurrissent,
3248 3084 3543 3138 responsu-

1978 3158 2123 3198 rum.
2170 3142 2293 3201 Haec
2332 3149 2398 3202 ad
2441 3164 2623 3205 avum.
2656 3152 2737 3206 Ad
2780 3166 3030 3223 nepotem
3063 3172 3192 3212 vero
3233 3159 3350 3213 sine
3391 3176 3543 3216 mora

314 3252 583 3305 ἐπιθεῖναι
608 3251 708 3322 τὴν
746 3252 925 3321 χάριν,
971 3252 1072 3320 τὴν
1112 3249 1390 3320 παροῦσαν
1416 3249 1707 3318 ἐπιτρέψαι
1742 3248 1877 3319 πρὸς

1993 3235 2194 3301 abiens,
2223 3251 2488 3307 praesente
2517 3241 2683 3296 etiam
2718 3255 3135 3313 protostratore,
3157 3252 3286 3319 quid
3311 3255 3364 3306 in
3390 3269 3544 3307 man-

313 3342 599 3413 διάσκεψιν
619 3343 831 3414 ἡμέραν
857 3344 932 3407 ὼς
961 3342 1021 3405 ἐς
1048 3340 1149 3412 τὴν
1188 3341 1478 3411 ὑστεραίαν
1518 3341 1880 3407 ἐπιτέταγμαι

314 3437 417 3507 τὴν
448 3436 742 3503 ἀπολογίαν
754 3434 1111 3488 ἀποδώσοντι.
1142 3433 1283 3502 Πρὸς
1315 3432 1411 3500 μὲν
1441 3432 1506 3500 δὴ
1536 3433 1626 3484 τὸν
1650 3431 1886 3501 πρεσϐύ-

314 3543 477 3598 τερον
497 3526 604 3581 τῶν
627 3526 887 3596 βασιλέων
907 3524 1237 3594 ἀπεκρίνατο
1256 3521 1500 3577 τοιαῦτα.
1515 3514 1591 3593 ’ῌ
1616 3521 1674 3574 δέ
1702 3520 1886 3591 τάχος,

316 3616 570 3669 ἀπελθὼν
598 3616 733 3683 πρὸς
759 3618 853 3666 τὸν
901 3614 1040 3675 νέον,
1074 3613 1137 3666 τὸ
1189 3610 1285 3664 τοῦ
1317 3611 1580 3680 βασιλέως
1608 3610 1888 3678 ἐπίταγμα

316 3707 660 3787 ἀναγγέλλειι,
718 3708 811 3759 καὶ
851 3703 1154 3773 Συναδηνοῦ
1216 3702 1486 3771 παρόντος
1527 3702 1620 3778 τοῦ
1678 3716 1888 3770 πρωτο-

321 3802 641 3869 στράτορος.
665 3798 787 3860 Τοῖς
814 3797 860 3850 δ’
884 3796 1062 3850 ἐδόκει
1095 3795 1390 3866 βουλευτέα
1440 3793 1601 3846 πάλιν
1630 3793 1691 3857 ἐξ
1714 3792 1888 3861 ἀρχῆς

320 3886 463 3944 εἶναι
494 3891 623 3959 περὶ
653 3889 760 3942 τῶν
790 3890 926 3943 ὅλων
960 3888 1329 3959 πραγμάτωνο
1354 3884 1476 3939 οὐδὲ
1504 3884 1612 3954 γὰρ
1632 3884 1765 3953 πρὸς
1792 3882 1890 3936 ἕνα

321 3985 511 4054 φέρειν
539 3983 631 4035 τὸν
659 3982 920 4044 κίνδυνον,
952 3980 1088 4050 πρὸς
1132 3979 1340 4041 πάντας
1363 3977 1441 4030 δέ.
1459 3973 1637 4047 Ἦρχε
1664 3975 1722 4029 δέ
1745 3976 1772 4027 ὁ
1795 3975 1892 4046 βα-

323 4075 505 4137 σιλεὺς
526 4073 626 4142 τῆς
651 4073 843 4144 βουλῆς
860 4072 1004 4126 οὕτω
1031 4065 1373 4142 διαλεχθείς’τ
1405 4070 1578 4125 Αὐτοὶ
1616 4069 1891 4140 μάρτυρες

320 4168 482 4237 ἡμεῖς
522 4164 939 4234 καθεστήκαμεν
970 4164 1203 4224 ἐαυτοῖς,
1248 4161 1463 4231 έχοντες
1512 4163 1607 4214 καὶ
1649 4160 1781 4212 Θεὸν
1803 4162 1889 4228 ἐφ’

322 4248 407 4314 οἷς
436 4250 838 4321 βεϐουλεύμεθα
873 4250 1166 4315 συνειδότα,
1197 4250 1272 4312 ὡς
1297 4248 1412 4303 οὗθ’
1442 4248 1763 4318 ἡττηθέντες
1801 4248 1893 4300 λύ-

274 4332 275 4335 Ἲ
326 4354 430 4415 πῃ,
452 4342 564 4396 οὕτ’
596 4343 835 4408 εἴξαντες
866 4342 1081 4411 ἀκαίρῳ
1097 4340 1286 4411 θράσει
1307 4341 1403 4393 καὶ
1432 4341 1748 4411 παραϐόλῳ,
1780 4339 1891 4393 οὔτ’

327 4436 646 4506 ἐπράξαμεν
668 4432 780 4486 οὔτ’
822 4424 1262 4501 ἐϐουλευσάμεθά
1308 4450 1363 4484 τι
1389 4433 1497 4485 τῶν
1534 4433 1609 4502 μὴ
1643 4433 1889 4489 δεόντων.

1985 3326 2125 3382 datis
2151 3326 2441 3399 acceperit,
2474 3345 2677 3388 narrat.
2708 3335 2846 3389 Tum
2871 3353 2982 3391 rem
3007 3354 3035 3391 a
3061 3342 3239 3409 capite
3264 3358 3549 3399 arcessen-

1986 3416 2133 3484 dam,
2176 3428 2233 3473 et
2274 3420 2343 3474 de
2384 3422 2592 3492 integro
2637 3427 3055 3482 consultandum
3102 3431 3271 3485 videri
3322 3450 3335 3485 :
3371 3449 3548 3497 neque

1986 3511 2130 3566 enim
2157 3512 2223 3564 ad
2264 3528 2456 3575 unum,
2481 3514 2575 3568 sed
2606 3515 2673 3569 ad
2710 3531 2901 3573 omnes
2928 3522 3293 3576 communiter
3333 3524 3550 3592 pericu-

1985 3602 2099 3656 lum
2146 3604 2437 3670 pertinere.
2482 3606 2701 3660 Initium
2734 3610 2861 3662 fecit
2896 3611 3081 3679 junior
3112 3613 3425 3681 imperator,
3466 3616 3549 3669 lo-

1986 3708 2160 3762 quens
2182 3694 2344 3749 verba
2369 3695 2748 3763 hujuscemodi
2772 3717 2786 3752 :
2812 3699 3001 3757 Testes
3026 3703 3126 3769 ipsi
3153 3705 3313 3759 nobis
3333 3723 3546 3769 sumus,

1987 3795 2044 3839 et
2066 3784 2235 3837 Deum
2255 3784 2521 3839 habemus
2540 3789 2845 3853 conscium,
2870 3805 3058 3846 eorum
3083 3810 3204 3862 qua:
3227 3796 3280 3849 in
3304 3800 3549 3853 consiliis

1990 3876 2311 3945 agitavimus
2337 3895 2351 3930 :
2383 3880 2639 3948 quodque
2668 3897 2769 3935 nec
2799 3885 3155 3938 mmstitudini
3188 3890 3553 3941 succumben-

1990 3978 2092 4032 tes,
2138 3984 2243 4024 nec
2285 3970 2702 4041 intempestiva,
2748 3985 2803 4028 et
2849 3976 3266 4035 inconsiderata:
3309 3982 3553 4038 audacia:

1992 4060 2270 4126 cedentes,
2312 4064 2607 4134 quidquam
2637 4065 2897 4135 injustum
2934 4069 3015 4123 vel
3044 4074 3274 4140 egimus,
3300 4076 3384 4128 vel
3417 4091 3550 4129 con-

1993 4153 2264 4208 suluimus
2295 4170 2312 4209 :
2347 4156 2441 4209 sed
2477 4156 2598 4211 ideo
2624 4168 2824 4212 tantam
2850 4161 3154 4216 animorum
3184 4165 3549 4232 altitudinem,

1992 4259 2055 4298 ac
2082 4245 2426 4299 tolerantiam
2454 4261 2566 4315 pra:
2591 4248 2750 4303 nobis
2777 4250 3020 4317 tulimus,
3050 4268 3117 4307 ne
3145 4254 3458 4323 imperatori
3499 4260 3553 4317 in

1993 4349 2095 4388 nos
2140 4348 2302 4389 secus
2344 4337 2618 4392 statuendi
2670 4338 2953 4394 minimam
3000 4358 3221 4397 causam
3273 4346 3551 4402 daremus.
3662 4330 3665 4333 l

1995 4424 2149 4489 Quod
2193 4427 2298 4480 nisi
2332 4427 2474 4483 Deus
2500 4430 2735 4500 desuper
2767 4448 2983 4487 manum
3012 4450 3164 4488 suam
3197 4439 3554 4505 extendisset,

334 4524 500 4577 Ἀλλά
559 4522 828 4593 τοσαύτην
883 4521 1266 4590 ἐνεδειξάμεθα
1328 4521 1735 4593 μεγαλοψυχίαν
1794 4523 1890 4576 καὶ

1997 4514 2139 4570 haud
2186 4517 2346 4586 longe
2397 4519 2691 4575 admodum
2735 4537 2765 4576 a
2813 4533 2965 4591 porta
3018 4528 3210 4581 mortis
3256 4529 3549 4586 abluimus.

322 4616 622 4687 καρτερίαν
653 4615 787 4685 πρὸς
812 4615 879 4667 τὺ
907 4614 1265 4685 μηδηντινοῦν
1311 4615 1492 4667 αίτίαν
1520 4613 1605 4683 ἐφ’
1636 4609 1717 4675 οἷς
1744 4616 1771 4667 ό
1791 4613 1891 4684 βα-

325 4709 511 4771 σιλεὺς
540 4706 865 4776 βεϐούληται
899 4701 1022 4758 καθ’
1047 4706 1204 4774 ἡμῶν
1224 4704 1379 4757 αὐτοὶ
1415 4707 1742 4774 παρασχεῖν,
1763 4704 1893 4757 ὥστ’

324 4803 377 4854 εί
408 4800 484 4870 μὴ
510 4798 643 4860 Θεὸς
666 4797 872 4851 ἀνωθεν
889 4796 1158 4865 ὑπερέσχε
1184 4798 1361 4865 χεῖρα,
1392 4795 1513 4848 οὐδε
1542 4799 1681 4849 πάνυ
1710 4798 1896 4866 πορρω

324 4892 437 4945 τῶν
466 4892 697 4944 θανάτου
732 4890 1153 4958 κατηντήκαμεν
1199 4886 1406 4940 πυλῶν.
1461 4888 1624 4958 ΙἌχρι
1664 4888 1763 4955 μέν
1802 4886 1896 4940 οὖν

324 4983 487 5055 δεῦρο
512 4983 574 5035 τὸ
592 4984 701 5044 τοῖς
721 4980 910 5044 δεινοῖς
937 4980 1293 5049 ἐγκαρτερεῖν
1314 5019 1329 5044 ,
1354 4979 1516 5041 αὑτός
1554 4995 1612 5041 τε
1641 4978 1896 5048 ἐπῄνουν,

328 5077 425 5129 καὶ
453 5071 842 5127 συνεϐούλευον
888 5073 1016 5141 ὑμῖν
1044 5071 1149 5139 (ἐτι
1176 5070 1287 5140 γὰρ
1314 5069 1483 5123 ὄντων
1504 5070 1561 5121 έν
1593 5070 1774 5141 ἀδήλῳ
1791 5071 1900 5122 τῶν

327 5166 451 5220 καθ’
475 5167 643 5235 ἡμᾶς,
675 5165 811 5234 πρὸς
839 5163 939 5234 ἐμὲ
968 5162 1126 5233 μόνον
1161 5160 1300 5232 ᾧετο
1327 5163 1429 5230 τὴν
1458 5161 1725 5230 διαφορὰν
1755 5161 1899 5231 ἐχειν

327 5262 357 5314 ό
384 5257 659 5328 βασιλεὺς,
702 5257 798 5310 καὶ
845 5254 1233 5325 μαλακώτερον
1275 5254 1477 5324 ἥπτετο
1503 5252 1613 5305 τῶν
1645 5252 1901 5322 πραγμά-

328 5368 461 5413 των,
514 5347 750 5418 εὐχερῶς
801 5346 1038 5415 νομίζων
1094 5344 1227 5397 ὅταν
1259 5344 1494 5415 ἐθελήσῃ
1531 5343 1669 5413 πρὸς
1726 5344 1900 5414 πέρας

328 5441 555 5507 ἀγαγεῖν
582 5438 619 5492 ἀ
640 5437 919 5508 προῄρητο
956 5435 1136 5505 δρᾷν),
1170 5435 1288 5488 νυνὶ
1307 5434 1364 5487 δὲ
1398 5433 1635 5505 φανεροῦ
1674 5450 1900 5504 γεγενη-

331 5531 496 5602 μένου
524 5529 621 5582 τοῦ
656 5545 810 5591 τινας
853 5522 1144 5589 εἶναιτοὺς
1178 5524 1603 5595 συναιρομένους
1634 5525 1779 5592 ἐμοὶ.
1814 5524 1903 5577 οὒ-

1998 4606 2294 4677 Hucusque
2334 4609 2498 4692 igitur
2530 4612 2584 4664 in
2616 4612 2780 4668 rebus
2811 4615 3022 4670 afﬂictis
3056 4618 3349 4685 perdurare
3381 4638 3480 4692 ego
3502 4635 3558 4679 et

1995 4696 2235 4763 laudavi,
2258 4710 2311 4752 et
2330 4684 2506 4767 vobis,
2530 4711 2591 4756 ut
2613 4702 2667 4756 id
2695 4704 2975 4772 faceretis,
2999 4684 3190 4762 auctor
3217 4708 3316 4763 fui.
3347 4684 3558 4783 Quippe

1995 4791 2238 4845 nondum
2289 4804 2504 4861 patente
2553 4797 2992 4864 consociatione,
3041 4810 3098 4854 et
3146 4806 3558 4872 conspiratione

1996 4889 2201 4945 nostra,
2238 4897 2447 4937 mecum
2474 4886 2591 4939 solo
2616 4887 2846 4955 putabat
2874 4889 3172 4958 imperator
3191 4893 3295 4947 sibi
3322 4902 3558 4951 essene-

1998 4972 2225 5040 gotium,
2250 4982 2303 5026 et
2348 4974 2570 5044 segnius
2602 4978 2813 5047 agebat,
2850 4980 3109 5047 conlisus,
3143 4999 3313 5052 parvo
3351 4986 3561 5050 labore,

1998 5077 2123 5116 cum
2162 5063 2431 5130 libuisset,
2464 5067 2724 5124 meditata
2764 5085 2930 5140 opere
2964 5074 3354 5141 perfecturum.
3382 5078 3561 5143 Nunc,

1999 5155 2256 5222 quoniam
2291 5167 2523 5224 constat,
2552 5174 2677 5219 esse
2701 5162 2795 5230 qui
2828 5178 2915 5217 me
2941 5165 3222 5235 adjuvent,
3247 5167 3407 5223 aliter
3440 5184 3566 5223 sen-

2000 5244 2101 5300 tiet
2128 5262 2141 5298 :
2172 5257 2222 5300 et
2262 5258 2545 5317 postquam
2594 5266 2692 5307 vos
2734 5262 2994 5321 praetextu
3041 5255 3490 5322 prefecturarum
3533 5275 3564 5312 a

2002 5351 2091 5390 me
2122 5337 2414 5405 divellerit,
2463 5342 2779 5411 mutuisque
2820 5358 2921 5399 nos
2967 5346 3184 5400 auxiliis
3226 5348 3563 5415 spoliaverit.

2003 5428 2260 5484 omnibus
2322 5442 2546 5501 propter
2595 5436 3048 5505 disiunctionem,
3102 5430 3567 5512 solitudinemque

1999 5519 2111 5589 jam
2156 5521 2525 5579 imbecillimis
2558 5540 2773 5596 ptenam
2825 5544 2925 5597 pro
2973 5531 3236 5586 arbitratu
3283 5533 3566 5604 irrogabit.

327 5622 449 5674 κέτι
476 5618 589 5673 τῶν
612 5618 816 5689 ὁμοίων
858 5616 1043 5683 ἱξεται
1076 5614 1377 5684 λογισμῶν.
1445 5610 1606 5667 una
1641 5613 1891 5682 πρότεροι

2008 5612 2178 5669 Hodie
2212 5614 2334 5681 tibi,
2363 5616 2686 5683 domestice,
2715 5620 3000 5689 imperavit
3023 5623 3458 5692 Peloponnesum
3483 5642 3575 5681 ca-'

330 5714 476 5782 ὑμᾶς
522 5713 584 5766 ἐν
631 5709 820 5781 ἀρχῶν
874 5708 1229 5779 προσχήματι
1280 5704 1577 5774 διαστήσας
1621 5702 1778 5773 ἐμοῦ,
1810 5705 1891 5756 καλ

2008 5722 2227 5776 pessere
2265 5725 2279 5762 :
2307 5724 2436 5787 eras
2482 5720 2930 5781 protostratorem
2977 5715 3044 5769 ad
3088 5716 3247 5770 aliam
3283 5719 3575 5786 quamdam

330 5804 429 5874 τῆς
463 5802 597 5873 παρ’
629 5800 877 5871 ἀλλήλων
912 5800 1063 5869 ἡμᾶς
1117 5796 1449 5864 ’ἐπικουρίας
1497 5796 1901 5865 ἀποστερήσας,

2012 5801 2395 5868 provinciam,
2447 5803 2502 5857 in
2554 5804 2761 5861 ultimis
2814 5807 3047 5861 Romani
3094 5809 3307 5879 imperii
3375 5812 3581 5867 ﬁnibus
