4222 6442
235 426 337 492 “9

1413 426 1954 487 HISTORIARUM
1996 429 2227 488 LIBER
2272 430 2295 486 1

3366 428 3468 490 150

226 538 325 589 λὲα
354 534 431 598 ὥς
489 550 546 586 τε
585 531 661 602 μὴ
714 530 897 592 κακῶς
935 532 1127 586 παθεῖν
1185 531 1341 593 αὖθις
1380 533 1791 595 ἐπανελθόντες,
1824 539 1846 591 Α

1904 533 2148 586 nuntium
2191 535 2543 602 interponere
2602 550 2827 603 prorsus
2879 536 3149 598 abnuens,
3194 532 3468 588 discessit.

224 630 329 695 οὐκ
352 628 419 678 άν
445 627 550 679 οἴει
575 626 927 695 βουλήσεσθαι
953 629 1285 696 παρασχεῖν;
1326 626 1479 696 Ἐμοὶ
1504 627 1601 695 μὲν
1626 626 1793 679 δοκεῖ.

233 717 299 768 ⁸0
330 716 511 769 τοίνυν
559 718 617 767 ιν
649 716 819 784 ἑτέρῳ
849 716 1026 784 χρόνῳ
1059 717 1371 786 γενήσεται,
1417 717 1581 785 φαίης
1613 716 1701 780 ἂν,
1729 714 1795 768 δι’

228 808 477 877 ἀνάγκην
503 804 744 874 γενέσθω
775 807 877 858 κάν
904 806 981 874 τῷ
1005 805 1234 874 παρόντι
1282 806 1373 859 διὰ
1411 809 1478 860 τά
1522 805 1799 875 συμϐησό-

237 914 378 964 μενα
401 892 482 949 ἔχ’
501 894 691 948 τούτου
739 896 909 948 πολλά
939 895 1139 962 ἀγαθά.
1183 893 1306 948 Ἐπὶ
1350 894 1561 957 τούτοις
1588 894 1799 961 λογοϐἑο

227 1002 331 1053 της
371 987 400 1036 6
440 984 636 1053 μέγας,
666 983 792 1044 τούς
823 1001 881 1035 τε
910 984 1208 1053 προτέρους
1265 983 1455 1050 λόγους
1488 982 1800 1046 ἀναλαϐὼν,

229 1075 326 1124 καὶ
360 1072 612 1132 πλείονας
665 1071 883 1138 ἑτέρους
946 1074 1219 1139 συνείρας,
1283 1072 1377 1122 καὶ
1452 1071 1792 1141 πανταχόθεν

230 1165 518 1232 ἀλυσιτελῆ
548 1164 641 1215 καὶ
666 1162 929 1214 ἀδύνατον
963 1163 1061 1232 τὴν
1090 1164 1307 1231 αἴτησιν
1344 1162 1653 1226 ἀποδείξας,
1705 1161 1801 1216 καὶ

231 1254 368 1319 προς
408 1251 471 1302 τὸ
503 1250 757 1317 γενέσθαι
786 1250 1041 1303 τοιούτων
1078 1249 1306 1316 ἄγγελος
1347 1251 1630 1313 παντελῶς
1668 1254 1798 1304 ἁνα-

228 1342 451 1403 νεύσας,
508 1341 751 1409 ἀπῆλθεν
811 1340 1041 1410 (ἔφασκε
1096 1341 1143 1392 δ’
1191 1344 1248 1393 ἐν
1292 1341 1538 1410 ὐστέροίς
1588 1342 1802 1411 χρόνοις

232 1436 455 1499 εἰρήνης
494 1432 792 1499 γενομένης
821 1433 846 1483 ὁ
887 1431 1260 1500 πρεσϐύτερος
1304 1431 1583 1501 βασιλεὺς,
1620 1434 1695 1495 ὡς
1751 1436 1800 1485 εἰ

230 1530 361 1590 περ).
394 1522 504 1573 τῶν
560 1524 737 1588 ὅρκων
765 1522 912 1589 αὐτῷ
941 1522 1284 1591 ἀπηγγέλθη,
1319 1524 1601 1591 όμωμόκει
1624 1541 1683 1576 τε
1709 1524 1798 1585 άν,

233 1616 326 1661 καί
396 1611 551 1662 οὐδὲν
590 1611 864 1679 ἐτολμήθη
925 1610 1032 1662 τῶν
1090 1610 1545 1680 τετολμημένων,
1596 1613 1677 1664 διὸ
1710 1613 1806 1665 καὶ

230 1704 333 1771 τὴν
362 1702 540 1752 αἰτίαν
589 1700 807 1753 ἃπασαν
838 1700 933 1753 τοῦ
970 1701 1209 1771 πολέμου
1257 1705 1337 1759 είς
1360 1702 1652 1772 λογοθέτην
1681 1705 1805 1755 ἁνε-

234 1792 373 1843 τίθει
398 1790 487 1843 τὸν
526 1791 747 1861 μέγαν).
776 1792 901 1853 Τοῖς
950 1792 1127 1861 φίλοις
1159 1791 1205 1844 δ’
1239 1792 1401 1855 εὐθὺς
1434 1793 1579 1862 αὐτῷ
1626 1812 1805 1863 παρα-

1904 620 2075 674 lPace
2108 621 2451 689 postmodum
2507 624 2829 687 constituta,
2875 624 3260 689 imperatorem
3307 633 3470 672 avum
3518 632 3527 645 ·

1904 716 2216 760 autumasse
2243 706 2524 772 ferunt,'si
2558 707 2623 761 dc
2652 709 2963 777 iuramento
2983 707 3341 762 intellexisset
3373 703 3471 756 ali-

1902 799 2059 866 quid,
2082 800 2390 867 iuraturum
2440 799 2631 860 l‘uisse,
2656 810 2711 853 et
2742 800 2813 853 ita
2858 808 2966 853 tam
3007 798 3308 852 audacibus
3335 793 3462 852 faci-

1906 889 2136 957 noribus
2165 890 2513 957 supersederi
2573 892 2854 959 potuisse;
2888 892 3016 944 hinc
3048 898 3103 943 et
3144 899 3311 943 totam
3340 890 3470 945 belli

1908 980 2125 1047 culpam
2171 980 2226 1033 in
2261 995 2514 1050 magnum
2546 982 2876 1049 logothetam
2930 980 3273 1048 conjiciebat.
3304 989 3319 1042 ι
3351 979 3474 1033 Mox

1900 1071 2089 1140 junior
2117 1072 2307 1124 amicis
2345 1073 2885 1140 supervenientibus,
2939 1087 3060 1139 qua:
3096 1074 3210 1140 ipse
3245 1073 3471 1126 dixerit.

1904 1176 2028 1230 quae
2053 1162 2327 1230 logotheta
2368 1162 2715 1230 responderit
2745 1178 2867 1216 cum
2914 1172 3294 1223 memorasset,
3322 1171 3377 1214 et
3406 1164 3469 1214 ad

1904 1263 2210 1305 extremum
2258 1252 2543 1321 adjecisset
2584 1269 2597 1304 :
2637 1253 2729 1305 Dei
2793 1262 3030 1305 mentem
3071 1251 3473 1319 consiliumque

1907 1342 2030 1411 quis
2067 1343 2360 1411 cognovit?
2390 1346 2465 1396 uti
2498 1343 2676 1396 adhuc
2702 1345 2981 1410 paulisper
3017 1342 3301 1395 tolerando
3330 1342 3476 1393 viros

1908 1447 1965 1485 se
2014 1440 2355 1499 prastarent,
2418 1448 2512 1487 eos
2569 1445 2652 1486 est
2702 1434 3023 1486 cohortatus
3087 1448 3100 1482 :
3147 1432 3473 1485 hodiernum

1904 1524 2106 1592 quippe
2152 1524 2296 1577 diem
2360 1524 2672 1583 ducturum.
2734 1524 2877 1591 quo-l
2937 1525 3220 1591 hucusque
3282 1521 3476 1574 fuisset

1909 1615 2377 1684 ignoratumﬁam
2404 1631 2525 1667 cum
2543 1630 2770 1681 magnus
2792 1614 3129 1666 domesticus
3154 1614 3217 1666 ad
3244 1627 3475 1680 respon-

1909 1706 2145 1759 demlum
2181 1706 2519 1774 priestitutns
2553 1706 2642 1767 sit,
2671 1720 2794 1757 eum
2844 1705 2957 1772 ipsa
3018 1704 3372 1771 responsione
3424 1712 3479 1754 et

1911 1797 2145 1856 consilii,
2184 1804 2238 1847 et
2278 1796 2509 1850 actionis
2537 1796 2731 1849 ducem
2791 1796 2925 1849 fore.
2958 1796 3134 1862 Atque
3168 1796 3218 1844 hi
3257 1793 3475 1860 quidem

235 1883 572 1950 γενομένοις,
601 1881 637 1936 ἃ
684 1900 741 1935 τε
773 1883 963 1954 εἴρηκε
1003 1884 1113 1961 καὶ,
1153 1878 1229 1937 ῶν
1266 1884 1423 1954 ἔτυχε
1462 1885 1808 1954 ἀποκρίσεων
1840 1876 1846 1931 Ῑ

1912 1884 2127 1953 [nepos,
2163 1886 2405 1951 inquam,
2438 1893 2493 1937 et
2523 1881 2736 1953 amici],
2784 1883 2884 1936 hoc
2910 1882 3214 1935 deliberato
3240 1896 3269 1932 a
3296 1895 3352 1932 se
3377 1880 3482 1931 'in-

232 1975 633 2043 διηγησάμενος
654 1976 680 2027 ό
702 1977 816 2036 νέος
851 1975 1126 2042 βασιλεὺς,
1169 1977 1263 2029 καὶ
1292 1977 1444 2039 τέλος
1484 1977 1646 2030 τοῦτο
1676 1980 1802 2030 ἑπι-

235 2064 611 2135 φθεγξάμενος
630 2080 644 2094 ·
697 2065 832 2119 Θεοῦ
868 2067 924 2120 δὲ
965 2067 1048 2131 τίς
1071 2068 1212 2137 ἐγνω
1250 2067 1444 2137 Βουλήν
1481 2085 1540 2120 τε
1565 2070 1685 2121 νόον
1709 2069 1765 2121 τέ
1791 2085 1803 2131 ;

235 2156 320 2208 ἔτι
342 2155 504 2224 μέχρι
539 2155 683 2219 τινὸς
715 2156 934 2210 ἐκέλευε
959 2160 1027 2228 τῇ
1053 2157 1437 2228 μεγαλοψυχία
1464 2176 1807 2230 προσκαρτε-

239 2250 353 2316 ρεῖν
378 2263 393 2279 ο
442 2248 505 2300 Ἡ
534 2250 772 2319 σήμερον
821 2250 934 2321 γὰρ
967 2249 1236 2315 ὲκδιδάξει
1284 2267 1337 2303 τι
1366 2250 1475 2303 τῶν
1504 2251 1807 2319 ἀγνοουμέ-

238 2356 366 2392 νων.
403 2338 719 2408 Προθεσμία
757 2340 865 2409 γάρ
921 2340 1059 2395 οὖσα
1115 2344 1214 2412 τῆς
1270 2341 1406 2411 πρδς
1438 2342 1529 2394 τον
1581 2342 1808 2411 βασιλέα

238 2430 331 2483 τοῦ
366 2432 606 2500 μεγάλου
660 2431 979 2501 δομεστίκου
1015 2434 1328 2502 ἀπολογίας,
1380 2436 1449 2488 δι’
1490 2435 1658 2503 αὐτῆς
1707 2435 1810 2503 τῆς

240 2522 540 2589 ἀπολογίας
566 2523 702 2592 πρδς
720 2524 793 2575 ’τὸ
818 2523 869 2576 τί
900 2526 1005 2594 χρὴ
1032 2526 1382 2594 βουλεύεσθαι
1418 2528 1511 2579 καὶ
1534 2527 1667 2597 δρᾷν
1690 2526 1811 2596 όδη-

240 2615 422 2679 γήσει.
473 2606 632 2665 Οὗτοι
665 2614 761 2681 μὲν
794 2610 887 2667 οῦν
918 2614 1142 2669 τοιαῦτα
1179 2615 1603 2686 βουλευσάμενοι
1644 2616 1813 2668 διελέ-

241 2703 419 2755 λυντο.
455 2703 590 2771 Πρὸς
620 2703 675 2756 δὲ
699 2704 789 2756 τὸν
824 2706 997 2773 μέγαν
1026 2706 1343 2773 δομέστικον
1372 2709 1399 2759 6
1432 2708 1559 2776 χθὲς
1583 2707 1812 2775 ἄγγελος

243 2798 553 2863 ἀφικνεῖται
591 2800 727 2866 πρὸς
758 2796 1044 2865 βασιλέως,
1088 2798 1335 2851 ἀπαιτῶν
1360 2799 1459 2869 τὴν
1484 2800 1778 2866 ἀπολογίαν
1796 2814 1810 2828 '

244 2889 545 2956 ἐποιήσατο
582 2889 636 2941 δὲ
676 2890 967 2956 τοιαύτην·
1030 2889 1205 2957 Ἐμοὶ,
1264 2891 1523 2956 κράτιστε
1573 2888 1813 2961 βασιλεῦ,

244 2986 343 3051 τῆς
367 2984 653 3051 εὐμενείας
672 2982 767 3050 τῆς
797 2982 897 3049 σῆς
919 2980 1117 3043 πολλὰς
1155 2980 1331 3051 ἔχοντι
1356 2982 1453 3043 τάς
1490 2982 1814 3046 ἀποδείξεις,

158 3139 166 3147 _
246 3075 441 3145 ῶσπερ
469 3074 624 3143 ἔφην,
665 3074 745 3125 ἔτι
773 3073 867 3124 καὶ
910 3072 972 3125 τὸ
1016 3071 1109 3124 νῦν
1138 3072 1295 3124 τοῦτο
1334 3073 1551 3135 πλείους
1578 3074 1672 3126 καλ⁸
1704 3073 1818 3141 μεί-

247 3168 375 3231 ζους
409 3166 584 3219 πείθει
616 3165 713 3228 τάς
740 3166 972 3236 χάριτας
1014 3164 1328 3233 ὁμολογεῖν·
1361 3164 1453 3216 ἐπὶ
1502 3164 1707 3227 πάσαις
1754 3165 1815 3234 δὴ
1843 3200 1888 3263 C

246 3257 475 3323 ταύταις
507 3257 599 3309 καὶ
648 3260 852 3324 ταύτης
909 3255 1044 3307 αἰτῶ
1104 3256 1286 3324 τυχεῖν
1336 3256 1431 3324 τῆς
1478 3254 1816 3324 εὐεργεσίας,

248 3349 533 3409 ἐλάττονος
572 3346 821 3413 οὐδαμῶς
846 3345 971 3413 ἐμοὶ
1002 3345 1109 3398 τῶν
1140 3346 1313 3398 ἀλλων
1354 3346 1738 3414 νομιζομένης,
1760 3345 1819 3396 τὸ

252 3442 334 3510 μὴ
372 3440 508 3509 πρὸς
538 3439 943 3505 Πελοπόννησον
990 3439 1243 3491 ἀπελθεῖν
1269 3455 1284 3470 ·
1316 3439 1415 3490 οὐκ
1459 3437 1603 3507 ὄκνῳ
1635 3439 1817 3503 εἴκων,

251 3531 286 3602 ἢ
307 3528 406 3599 τὴν
434 3527 606 3599 ἀρχὴν
639 3529 787 3596 ἥττω
816 3529 915 3595 τῆς
959 3530 1097 3597 ὲμῆς
1124 3528 1279 3592 ἀξίας
1310 3528 1564 3598 νομίζων,
1601 3528 1714 3580 ἀλλ’
1748 3529 1818 3589 ὡς

250 3623 372 3673 ἐκεῖ
400 3619 495 3673 τοῦ
526 3620 660 3689 ἐμοῦ
685 3620 892 3689 πατρὸς
924 3620 1393 3688 τετελευτηκότος,
1426 3620 1524 3671 οὐκ
1561 3620 1627 3673 ἂν
1661 3621 1822 3671 οἴσων

250 3717 366 3775 τοῖς
394 3713 615 3781 χωρίοις
649 3710 878 3783 ᾅκείνοις
916 3711 1295 3782 ἐνδιατρίϐειν.
1332 3707 1500 3764 Οἶσθα
1528 3710 1636 3781 γὰρ
1662 3711 1823 3775 αὐτὸς

253 3803 393 3873 ἐμοῦ
427 3804 653 3869 βέλτιον,
682 3796 728 3855 ὦ
761 3801 1006 3870 βασιλεῦ,
1034 3802 1109 3864 ὡς
1152 3802 1270 3865 lto;
1302 3801 1359 3855 ἓν
1386 3803 1479 3855 ἐπὶ
1510 3805 1619 3865 τοῖς
1653 3802 1823 3855 εἴκοσι

253 3896 624 3964 γεγενημένος
644 3894 744 3961 τῆς
766 3894 984 3962 ἡλικίας
1014 3895 1179 3962 οὐμ³ις
1203 3894 1409 3963 πατὴρ,
1438 3894 1526 3946 ὅτε
1550 3894 1702 3964 παρά
1728 3892 1823 3946 σοῦ

255 3987 394 4055 πρὸς
422 3984 522 4053 τὴν
552 3984 723 4054 ἀρχὴν
752 3983 1066 4051 ἐξεπέμφθη
1088 3983 1514 4051 Πελοποννήσου,
1537 3982 1680 4035 όκτὼ
1700 3986 1827 4046 τοὺς

254 4074 457 4143 ἑφεξῆς
492 4077 584 4126 ὲπὶ
616 4072 827 4136 τούτοις
867 4073 1230 4143 ἐπιδιατρίψας,
1255 4073 1345 4125 τὸν
1386 4072 1500 4142 βίον
1538 4073 1824 4140 ἐτελεύτη-

256 4184 352 4218 σεν
384 4167 522 4219 ἐκεῖ.
556 4157 629 4219 υἷι
669 4164 736 4234 δὴ
772 4165 929 4234 χάριν
968 4165 1059 4217 καὶ
1089 4164 1221 4233 πρὸς
1263 4164 1360 4234 τὴν
1388 4166 1607 4234 μνήμην
1656 4164 1824 4232 μόνην

255 4260 439 4329 ἀηδῶς
467 4259 747 4326 διάκειμαι
772 4258 1181 4326 Πελοποννήσου
1208 4273 1221 4287 ·
1261 4255 1430 4308 πολλά
1465 4259 1558 4309 καὶ
1584 4257 1683 4325 τῆς
1727 4275 1829 4325 μη-

257 4351 388 4423 τρὸς
452 4350 715 4411 πολλάκις
755 4349 891 4418 πρὸς
935 4348 1036 4417 ἱμὶ
1089 4346 1485 4416 διειλεγμὲνης,
1520 4346 1592 4407 ὡς
1632 4348 1733 4397 οὐκ
1759 4345 1824 4397 ἂν

257 4448 399 4513 αὐτῇ
420 4444 630 4511 γένοιτο
657 4439 779 4493 καθ’
813 4441 1005 4510 ἡδονὴν
1042 4438 1143 4507 ἐμὲ
1181 4439 1280 4503 τῆς
1309 4437 1491 4506 χώρας
1531 4437 1766 4505 ἐκείνης,
1794 4439 1826 4507 ἢ

1908 1974 2080 2027 vicem
2110 1971 2338 2039 digressi
2387 1981 2533 2025 sunt.
2559 1970 2635 2023 Ad
2672 1985 2928 2038 magnum
2959 1967 3477 2045 verodomesticum

1910 2065 2200 2118 hesternus
2230 2062 2454 2116 nuntius
2485 2070 2789 2124 revertens,
2829 2074 3153 2129 responsum
3198 2058 3262 2111 ad
3313 2059 3484 2126 impc-

1909 2153 2111 2206 ratoris
2145 2154 2294 2222 jussa
2324 2152 2517 2220 exegit.
2548 2150 2851 2219 Respondit
2883 2150 2936 2202 in
2965 2150 3078 2202 haec
3116 2147 3281 2201 verba
3309 2164 3321 2199 :
3346 2147 3481 2200 Cum

1910 2245 2163 2313 propensi
2204 2244 2323 2313 ejus
2351 2243 2403 2296 in
2435 2257 2492 2295 se
2517 2242 2684 2295 animi
2718 2243 3045 2295 documenta
3086 2240 3368 2308 complura
3394 2239 3485 2291 ha-

1911 2338 2054 2397 beat,
2090 2345 2149 2390 ut
2175 2346 2300 2389 ante
2333 2334 2513 2389 fassus
2541 2335 2633 2398 sit,
2668 2335 2892 2401 insuper
2928 2334 3030 2385 ista
3066 2330 3362 2401 provinciae
3391 2330 3484 2383 de-

1911 2430 2113 2483 latione
2157 2431 2221 2483 ad
2270 2428 2472 2498 gratias
2522 2428 2805 2480 uberiores
2855 2424 3091 2493 agendas
3122 2438 3180 2476 se
3204 2420 3479 2489 compelli.

1912 2520 2079 2573 Orare
2115 2527 2317 2579 tamen,
2353 2528 2471 2586 post
2498 2517 2678 2569 omnia
2706 2517 2872 2568 etiam
2901 2516 3039 2566 istuc
3069 2516 3274 2565 sineret
3313 2511 3485 2575 impe-

1915 2612 2045 2664 trari
2110 2611 2177 2663 ab
2222 2626 2279 2664 se
2328 2609 2680 2671 beneﬁcium,
2713 2609 2855 2675 quod
2897 2605 3128 2674 reliquis
3158 2604 3478 2669 neutiquam

1915 2703 2146 2760 inferius
2199 2703 2446 2762 duceret,
2480 2712 2535 2755 ut
2584 2717 2648 2753 nc
2682 2699 2735 2751 iu
2770 2699 3208 2765 Peloiionncsum
3246 2695 3488 2747 mittere-

1919 2802 2006 2847 tur
2037 2813 2049 2847 :
2083 2796 2189 2847 ηὸη
2222 2794 2364 2862 quod
2390 2794 2619 2861 ignavia:
2650 2789 3053 2853 succumberet,
3078 2799 3173 2841 aut
3197 2784 3451 2855 przel‘ectu
3472 2812 3484 2821 ο

1918 2901 2033 2939 ram
2090 2889 2229 2940 hanc
2280 2884 2530 2953 dignitati
2588 2898 2698 2937 suae
2749 2885 3012 2949 imparem
3061 2886 3335 2940 censeret,
3392 2874 3486 2928 sed

1918 2970 2064 3039 quod
2094 2964 2281 3026 illis'in
2322 2972 2455 3023 locis
2485 2970 2693 3023 versari
2728 2977 2980 3036 nequeat,
3002 2966 3089 3020 ubi
3114 2974 3320 3035 patrem
3346 2962 3487 3016 ami-

1919 3059 2054 3113 serit
2082 3058 2216 3127 (⁸22).
2252 3057 2403 3112 Scire
2437 3059 2585 3111 enim
2618 3057 2815 3109 melius
2850 3058 3048 3124 ipsum,
3080 3068 3191 3122 quo
3222 3060 3377 3121 pacto
3397 3065 3487 3118 pa.

1921 3161 2046 3200 rens
2068 3146 2208 3213 ejus,
2240 3160 2408 3197 unum
2450 3154 2504 3197 ct
2544 3144 2738 3213 viginti
2763 3152 2924 3197 natus
2955 3156 3149 3204 annos,
3182 3141 3250 3193 ab
3292 3154 3359 3193 eo
3394 3139 3489 3192 Pe-

1921 3239 2222 3307 loponneso
2254 3237 2563 3305 ιιι-ιιξΐεοιυε,
2624 3247 2747 3291 octo
2797 3235 3075 3289 continuis
3128 3233 3332 3287 ibidem
3360 3245 3493 3285 con-

1921 3330 2172 3397 sumptis,
2224 3330 2389 3381 vitam
2438 3329 2743 3395 reliquerit.
2774 3329 2894 3390 Quo
2929 3326 3129 3380 factum
3176 3322 3393 3383 deinde,
3432 3333 3491 3373 ut

1922 3422 2279 3489 Peloponnesi
2311 3421 2626 3473 memoriam
2656 3435 2935 3486 nunquam
2960 3420 3076 3470 sine
3107 3418 3293 3469 dolore
3331 3428 3491 3466 usur-

1922 3524 2033 3582 pet.
2070 3513 2211 3578 Quin
2252 3522 2308 3566 et
2346 3522 2570 3564 matrem
2597 3526 2739 3580 sarpe
2768 3527 2830 3563 ac
2860 3510 3089 3563 multum
3126 3507 3229 3561 sibi
3263 3505 3491 3563 dixisse,

1923 3605 2248 3672 permoleste
2301 3602 2556 3665 laturam,
2597 3602 2639 3654 si
2673 3602 2724 3654 ei
2776 3599 2987 3667 regioni
3040 3606 3322 3667 praeesset,
3373 3609 3495 3663 qu.»

1925 3698 2099 3764 ipsum
2127 3694 2217 3748 tali
2248 3704 2397 3763 patre
2427 3694 2692 3747 orbasset.
2724 3692 2861 3747 lluic
2900 3692 3066 3761 igitur
3110 3687 3488 3743 detrectatinni

1924 3802 2035 3840 sua:
2051 3786 2262 3839 veniam
2282 3786 2455 3838 daret.
2478 3784 2745 3837 Scdenim
2782 3786 2886 3837 hoc
2923 3784 3285 3836 velamentum
3322 3780 3495 3848 quoil-

1924 3877 2047 3931 dam
2071 3883 2207 3937 erat,
2232 3890 2337 3926 non
2357 3888 2481 3927 vera
2499 3888 2660 3925 causa
2690 3871 3037 3940 repudiandae
3062 3869 3375 3938 provincias.
3397 3866 3493 3917 llis

1924 3971 2215 4026 intellectis
2238 3971 2534 4037 imperator
2553 3968 2790 4020 molliter
2810 3965 3081 4018 hominem
3120 3962 3371 4030 castigat,
3397 3960 3491 4028 qui

1926 4064 2303 4134 imprudenter
2320 4062 2532 4114 locutus
2546 4066 2690 4113 esset
2712 4076 2725 4111 :
2750 4057 2955 4127 quique
2969 4056 3221 4109 timorem
3237 4054 3360 4107 viro
3397 4053 3497 4105 mi-

1927 4154 2072 4207 nime
2090 4152 2346 4205 decorum
2364 4149 2728 4216 concepisset,
2756 4145 2885 4201 dum
2910 4153 3133 4213 propter
3152 4143 3323 4212 patris
3348 4154 3495 4194 mor-

1929 4250 2035 4294 tem
2054 4238 2167 4292 illic
2188 4237 2416 4300 obitam,
2438 4253 2467 4289 a
2496 4236 2715 4304 regione
2742 4232 3066 4286 abhorreret
3088 4245 3321 4299 :perque
3342 4244 3498 4283 eum-

1928 4336 2050 4386 dem
2075 4328 2326 4383 nuntium
2348 4328 2396 4381 ei
2436 4327 2726 4396 signiﬁcat,
2751 4325 2858 4395 56
2888 4324 3197 4378 consultius
3228 4324 3493 4376 facturum

1930 4423 2117 4485 fuisse,
2137 4423 2180 4475 si
2202 4437 2306 4475 non
2330 4431 2693 4488 repugnanter
2719 4418 2983 4470 mandatis
3001 4420 3181 4470 statim
3205 4416 3494 4479 paruisset.

258 4501 505 4588 τοιούτου
542 4533 747 4601 πατρὸς
767 4501 1045 4593 ἀπέδειξεν
1072 4501 1339 4599 όρφανὸν,
1360 4501 1543 4597 ἄρξαι.
1562 4529 1675 4579 -Διὰ
1699 4501 1826 4578 ταῦζ

1931 4512 2066 4576 Quia
2095 4525 2223 4561 vero
2240 4506 2641 4562 excusationem
2666 4507 2731 4559 de
2751 4505 3123 4572 Peloponneso
3147 4518 3252 4554 non
3274 4501 3492 4569 quidem

257 4642 330 4678 τα
352 4622 682 4689 συγγνώμης
701 4618 834 4672 αίτῶ
859 4620 1040 4688 τυχεῖν
1071 4620 1185 4669 ἐκεῖ
1219 4616 1297 4687 μὴ
1319 4616 1641 4687 βουλόμενος
1665 4616 1829 4668 ἀπελ-

259 4717 393 4768 θεῖν.
435 4710 606 4764 Τοῦτο
624 4712 668 4763 δ’
691 4705 760 4780 ἦν
782 4709 1000 4778 σκῆψις,
1021 4709 1123 4761 οὐκ
1160 4707 1364 4777 ἀληθὴς
1398 4706 1547 4759 αἰτία
1594 4706 1688 4759 τοῦ
1728 4705 1828 4775 τὴν

258 4805 438 4875 ἀρχὴν
464 4802 568 4871 τῆς
614 4801 852 4864 Πέλοπος
896 4800 1230 4855 διωθεῖσθαι.
1278 4800 1495 4852 Τούτων
1520 4798 1769 4862 ἀκούσαςς
1800 4799 1829 4851 6

262 4897 539 4964 βασιλεὺς,
569 4894 664 4946 καὶ
701 4892 891 4963 πράως
920 4894 1000 4953 είς
1043 4891 1207 4948 αὐτὸν
1250 4889 1584 4959 ἀποσκώψας
1622 4889 1697 4948 ὡς
1728 4888 1829 4942 οὐκ

262 4987 456 5055 ἀνδρὸς
516 4982 741 5037 συνετοῦ
793 4982 1135 5051 κεχρημένον
1195 4981 1392 5050 λόγοις,
1458 4981 1567 5033 οὐδ’
1606 4979 1829 5050 ἀνδράσι

220 5126 227 5131 ,
267 5077 551 5147 πρέποντα
588 5072 749 5143 φόὸον
802 5072 1198 5141 πεφοϐημένον,
1232 5072 1318 5124 διά
1365 5072 1464 5141 τὴν
1497 5070 1590 5124 τοῦ
1622 5071 1832 5139 πατρὸς

264 5167 527 5237 τελευτὴν
556 5167 614 5219 τὸ
637 5164 833 5236 χωρίον
858 5163 1221 5234 ὀρρωδοῦντα,
1246 5162 1334 5216 διὰ
1362 5161 1454 5216 τοῦ
1485 5161 1649 5215 αὐτοῦ
1670 5161 1834 5214 πάλιν

1932 4604 2292 4658 necessariam
2322 4606 2661 4667 praetexeret,
2677 4597 2772 4651 sed
2796 4607 2973 4649 tamen
2994 4603 3334 4663 pra-tereret,
3356 4607 3413 4645 se
3432 4592 3496 4644 il-

1932 4693 2045 4747 lum
2075 4706 2142 4745 eo
2174 4705 2399 4743 munere
2430 4689 2719 4741 liberatum
2748 4688 2883 4741 velle
2908 4703 2922 4738 :
2949 4687 3003 4739 in
3032 4684 3366 4737 Thessaliam
3396 4697 3498 4735 au-

1938 4793 2044 4839 tem
2063 4784 2255 4854 jubere
2290 4778 2583 4849 proﬁcisci.
2612 4791 2734 4847 quae
2766 4778 3071 4833 vicinorum
3111 4776 3496 4832 Catalanorum

1936 4873 2341 4932 incursionibus
2436 4870 2688 4926 aﬂlictata
2777 4870 2966 4937 (Ξό).
3055 4868 3377 4927 exercitati.
3438 4882 3499 4921 ac

1936 4964 2223 5034 prudentis
2263 4961 2495 5031 alicujus
2525 4960 2683 5014 ducis
2717 4961 2922 5013 auxilio
2954 4952 3218 5028 indigeat.
3250 4958 3495 5026 Suscepit

1938 5079 2167 5133 magnus
2216 5062 2552 5116 domesticus
2586 5059 2946 5129 provinciam,
2974 5076 3095 5114 cum
3128 5060 3275 5129 quod
3327 5073 3485 5127 Oppu-

1940 5164 2117 5219 neret,
2168 5170 2276 5209 non
2332 5153 2577 5207 haberet.
2618 5150 2890 5206 Ceterum
2920 5161 2978 5206 ut
3010 5150 3353 5220 inopinatum
3404 5150 3497 5203 alii

1540 5329 1758 5392 Jacobi
1784 5326 2049 5391 Pontani
2080 5335 2266 5388 notm.

344 5485 461 5557 (ΞΩ)
508 5483 707 5557 Mirum
761 5490 869 5537 tam
916 5484 1105 5557 levem
1144 5480 1530 5557 recusationis,
1561 5486 1617 5535 et
1652 5478 1839 5557 detre-

272 5547 760 5620 cua‘tc'provinciat
777 5568 993 5608 causam
1010 5554 1078 5606 ab
1095 5552 1316 5605 homine
1335 5549 1604 5620 prudente
1628 5547 1838 5620 aﬂ’erri.

273 5627 383 5682 Sed
433 5618 682 5679 idoneam
727 5622 908 5678 bonus
952 5624 1034 5678 vir
1081 5636 1192 5675 non
1247 5618 1578 5689 reperiebat.
1616 5618 1841 5672 Certum

278 5706 584 5750 esttamen
640 5707 741 5747 nos
795 5693 887 5747 illa
928 5694 1049 5748 loca
1088 5700 1283 5745 natura
1337 5692 1596 5752 horrere,
1631 5701 1844 5741 aversa-

280 5766 463 5834 rique,
508 5764 563 5834 in
612 5762 815 5825 quibus
860 5777 983 5826 nos,
1015 5761 1260 5834 nostrive
1289 5760 1489 5834 damno
1514 5758 1843 5834 aliquema-

285 5826 401 5905 3m
449 5826 661 5889 inuitati
706 5841 835 5889 sunt
891 5851 904 5886 :
956 5832 1130 5887 multo
1164 5831 1355 5901 magis,
1386 5830 1433 5886 si
1455 5826 1622 5883 etiam
1651 5826 1724 5884 ibi
1750 5837 1844 5882 aut

1934 5475 2235 5536 interfecti,
2265 5482 2360 5527 aut
2390 5473 2589 5527 morbo
2612 5468 2943 5538 consumpti.

2008 5544 2121 5627 (2.5)
2176 5544 2248 5627 De
2292 5544 2505 5627 origine
2559 5550 2617 5627 et
2670 5536 2905 5627 nomine
2936 5537 3346 5627 gatalanorlum,
3377 5536 3500 5617 vide

1977 5606 2068 5668 uid
2104 5606 2320 5669 scribat
2358 5606 2519 5667 initio
2559 5612 2685 5666 libri
2730 5611 2906 5680 quinti
2940 5608 3185 5680 Ηεειοτὸφ
3211 5606 3497 5680 Genuensis

1982 5694 2135 5739 etrus
2175 5684 2419 5738 Bizarns.
2467 5682 2605 5737 Malo
2638 5677 2822 5736 autem
2859 5696 2983 5734 cum
3014 5679 3201 5732 multis
3229 5677 3500 5736 Catalaui,

1942 5770 2104 5824 quam
2158 5769 2281 5808 cum
2324 5750 2513 5808 Caeco
2564 5752 2842 5808 Caietam:
2890 5750 3084 5819 prima,
3134 5748 3504 5817 inquam,vo-

1945 5825 2071 5891 cali,
2099 5839 2265 5895 quam
2297 5825 2558 5880 secunda.
