4222 6442
1370 413 1902 500 HlSTQRlAHUM
1944 424 2177 482 LIBER
2222 427 2270 486 Ι.

201 507 482 612 αἰθαλιαεὼν
500 511 712 579 ἑαυτὸν,
745 514 840 569 καὶ
870 517 932 568 οὐ
960 517 1104 586 μέγα
1128 521 1288 589 ἔργον
1321 525 1664 594 ἡγησάμενος
1693 532 1754 582 τὸ
1781 537 1824 589 Α
1855 544 1868 588 t

1781 537 1824 589 Α
1855 536 1941 600 tis;
1971 548 2028 591 et
2058 541 2421 608 imperatoriae
2456 542 2741 610 cujusdam
2793 546 3004 612 peritia:
3037 546 3275 602 facinora
3304 553 3423 604 edi-

198 596 290 689 τὶν
309 597 968 689 ἐγγυνψχειρώσασθαι,
999 608 1094 661 ατε
1125 613 1220 663 καὶ
1252 618 1509 680 στρατιᾶς
1537 622 1628 670 καὶ
1657 622 1756 689 τῆς

198 685 371 777 ἅξχῆς
410 688 629 756 ἁπάσης
658 692 749 745 ὑπ’
787 694 935 761 αὐτῷ
956 698 1145 768 οὔσης,
1192 702 1290 755 Eva
1328 705 1436 756 τῶν
1469 685 1758 777 συγκλητι-

198 776 307 869 xii-iv
336 777 591 846 Μανουὴλ
636 781 883 850 Τάγαριν
916 787 1007 838 τὸν
1040 791 1212 854 μέγαν
1245 776 1754 869 στρατοπεδάρχην,

200 866 387 928 γένους
419 869 869 941 μέαώρμημένον
904 877 965 928 ἐκ
998 879 1204 942 φαύλου
1238 884 1333 935 καὶ
1376 866 1757 952 aquaria,de

197 953 318 1023 δρία
351 955 409 1007 δέ
444 958 534 1008 καὶ
565 961 740 1032 τόλμῃ
771 967 838 1033 τῇ
868 968 995 1035 περὶ
1024 970 1122 1030 τὰς
1161 971 1337 1040 μάχας
1364 977 1456 1028 ἐπὶ
1504 979 1756 1036 πλεῖστον

198 1044 349 1136 δίξης
376 1047 541 1098 αὐτὴν
573 1051 667 1116 ἀφ’
694 1053 886 1108 ἑαυτοῦ
912 1059 1238 1124 προελθόντα
1268 1065 1345 1130 (ὲν
1369 1067 1475 1136 γὰρ
1499 1069 1753 1120 Φιλαδελ-

197 1135 323 1201 ῳεῐα
354 1139 420 1204 τῇ
455 1139 594 1190 κατὰ
617 1141 818 1193 Λυδίαν
855 1146 1029 1199 πολλὰ
1073 1150 1167 1200 καὶ
1197 1153 1380 1219 χειρὸς
1429 1135 1523 1207 καὶ
1551 1158 1756 1226 τόλμης

197 1226 283 1310 ita":
317 1229 687 1296 στρατηγικῆς
718 1233 1010 1302 ἐμπειρίας
1044 1239 1182 1290 κατὰ
1210 1242 1434 1310 Περσῶν
1457 1245 1756 1309 ἐνεδείξατο

195 1308 350 1377 ἔργα.
388 1312 462 1374 ὡς
495 1316 559 1365 ἐκ
587 1317 794 1368 τούτων
831 1321 1212 1388 θαυμασθέντα
1245 1308 1338 1378 καὶ
1369 1329 1549 1399 γάμου
1575 1308 1756 1400 τυγεῖν

195 1405 536 1467 ἐπιφανοῦς’
573 1409 638 1475 τῇ
693 1409 803 1478 γὰρ
860 1412 1058 1484 ἀνεψιᾷ
1114 1419 1442 1480 συνέζευκτο
1492 1423 1755 1492 βασιλέως

195 1492 448 1583 Beudi-pq
484 1501 546 1566 τῇ
593 1499 894 1572 Ἀσανίνῃ),
929 1506 1119 1558 τοῦτον
1146 1507 1210 1576 δὴ
1247 1515 1759 1583 μετακαλεσάμενος

195 1582 526 1647 δβασιλεῦς,
576 1590 635 1639 Ὀ
670 1590 800 1656 ἐμὸς
849 1591 1112 1660 εγγονος,
1163 1596 1290 1666 ἔφη,
1341 1600 1534 1664 νυκτὸς
1584 1582 1758 1672 ᾧχετο

194 1673 437 1742 incepi;
487 1676 584 1744 τῆς
619 1678 826 1743 πόλεως
859 1685 1142 1751 ταυτησίν.
1198 1688 1371 1739 Ὅπου
1420 1690 1521 1758 μὲν
1565 1690 1656 1744 οὖν
1691 1693 1755 1745 ἂν

193 1760 468 1834 διατρίὸῃ,
519 1765 620 1817 οὐκ
659 1767 806 1819 ἔστιν
857 1771 1053 1824 εἰδέναι
1089 1775 1298 1841 σαφῶς.
1357 1778 1528 1832 Τοῦτο
1558 1780 1614 1832 δὲ
1661 1783 1759 1834 πέ-

192 1868 423 1921 πεισμαι
455 1857 720 1925 ἀκριϐῶς,
765 1857 842 1922 ὥς
878 1863 1077 1930 ὀλίγων
1119 1866 1416 1935 ἀχθήσεται
1477 1869 1759 1941 δεσμώτης
1791 1850 1830 1902 Β

191 1945 417 2012 ἡμερῶν
447 1947 596 1999 εἴσω.
631 1949 780 2002 Τὸδέ
804 1950 898 2004 νῦν
925 1952 1047 2021 ἔχον
1078 1956 1240 2018 αὐτὸς
1276 1959 1561 2012 ἀναλαϐὼν
1593 1978 1730 2032 στρα

191 2033 317 2088 τιὰν
365 2036 500 2104 ὅσην
555 2037 656 2090 οῐει
709 2038 846 2107 πρὸς
890 2041 952 2093 τὸ
998 2041 1157 2112 ἔργον
1193 2047 1467 2114 ἀρκέσειν,
1503 2049 1759 2118 ἐπιστρά-

188 2140 382 2177 τευαον
430 2126 612 2189 αὐτοῖς
661 2130 976 2192 καταπόδας
1006 2146 1020 2161 ⁸
1079 2134 1188 2187 κᾶν
1253 2139 1415 2204 μόνον
1466 2141 1755 2210 ἐγγένηται

197 2221 506 2286 συντυχεῖν,
538 2220 691 2272 οὐδὲν
726 2221 910 2275 λοιπὸν
951 2225 984 2288 ἢ
1032 2225 1390 2295 δοριαλώτους
1416 2232 1755 2300 ὑποστρέψαι

189 2307 430 2361 λαδόντα
461 2312 690 2372 πάντας·
745 2314 975 2376 ἐκείνοις
1014 2318 1122 2385 γὰρ
1152 2320 1250 2388 οὐχ
1299 2323 1378 2374 ὅτι
1408 2322 1752 2391 ἀμύνασθαι,

193 2399 310 2452 ἀλλ’
335 2400 448 2453 οὐδ’
477 2402 793 2472 ἀντιϐλέψαι
813 2405 877 2459 ἄν
905 2422 1035 2460 ποτε
1070 2413 1408 2483 παρασταίη.
1426 2414 1485 2467 ’0
1511 2415 1754 2486 Τάγαρις

196 2491 383 2558 μέντοι
440 2495 660 2556 συνετὸς
690 2494 766 2547 ὢν
799 2500 891 2550 καὶ
940 2499 1077 2568 πρὸς
1136 2503 1314 2570 μάχας
1361 2505 1755 2577 ἐξησκημένος,

196 2585 286 2636 Σοὶ
319 2586 440 2654 μὲν,
466 2580 512 2640 ὦ
537 2589 798 2655 κράτιστε
829 2590 1075 2666 βασιλεῦ,
1099 2593 1225 2663 ἔφη,
1251 2596 1359 2649 τῶν
1383 2599 1564 2668 ὀλίγου
1594 2602 1754 2655 πόνου

192 2677 468 2744 δεομένων
524 2678 702 2747 εργων
755 2676 896 2734 εἶναι
933 2683 1084 2736 δοκεῖ
1132 2685 1192 2738 τὺ
1243 2688 1336 2740 τὸν
1389 2690 1480 2742 σὺν
1536 2691 1756 2759 ἔγγονον

194 2768 432 2837 ἀχθῆναι
465 2770 839 2840 συλληφθέντα
869 2774 1174 2846 δεσμώτην’
1203 2779 1326 2848 ἐμοὶ
1363 2781 1419 2834 δέ
1446 2784 1755 2839 τούναντίον

192 2862 365 2919 amv-
397 2861 660 2940 βούλομαι
687 2864 750 2935 δὴ
794 2866 892 2934 ἐμὲ
935 2866 1237 2936 ψεύσασθαι
1288 2875 1381 2925 καὶ
1433 2875 1506 2945 μὴ
1569 2877 1626 2928 σὲ
1656 2878 1756 2947 τῆς

191 2954 429 3018 ἐλπίδος,
465 2948 511 3007 ὧ
544 2956 787 3026 βασιλεῦ.
820 2959 992 3012 Τοῦτο
1024 2963 1123 3032 μὲν
1169 2963 1264 3017 οὖν
1302 2966 1483 3019 ὁποῖον
1528 2969 1594 3023 ἄν
1625 2987 1754 3023 ποτε

190 3046 459 3116 ἁποόαίη,
490 3047 621 3100 αὐτό
659 3066 791 3117 φασι
817 3050 1001 3117 δείξει.
1045 3055 1198 3108 Ἐπεὶ
1224 3057 1267 3109 δ’
1297 3058 1562 3123 ἐπέταξας
1592 3079 1756 3132 στραο

1857 630 2027 690 derat,
2065 642 2122 684 et
2168 631 2238 684 ob
2284 633 2697 688 admirationem
2750 636 2873 690 inde
2925 646 3161 704 partam,
3194 655 3418 694 uxorem

1856 716 2053 770 illustri
2101 720 2224 772 loco
2272 723 2610 788 progenitam
2645 722 2984 777 Theodoram
3012 725 3281 780 Asaninen
3315 729 3420 779 im-

1854 810 2120 874 peratoris
2168 810 2550 863 consobrinam
2603 815 2928 880 acceperat),
2973 817 3135 867 hunc.
3172 816 3416 882 inquam,

1852 897 2152 951 Manuelem
2209 915 2533 953 accersens:
2566 900 2718 954 Meus
2769 919 2956 969 nepos,
3003 905 3099 963 ait,
3147 908 3417 972 praeterita

1854 999 2017 1041 nocte
2068 989 2297 1058 aufugit.
2353 989 2452 1043 Ubi
2487 1002 2749 1052 moretur,
2797 1008 2895 1058 pro
2921 1005 3072 1046 certo
3103 995 3242 1046 haud
3280 997 3414 1047 scio.

1854 1078 1968 1132 Hoc
1998 1080 2217 1146 quidem
2242 1080 2372 1132 mihi
2398 1081 2894 1147 exploratissimum
2925 1093 3030 1144 est,
3053 1085 3200 1135 intra
3221 1101 3420 1150 paucos

1853 1168 1968 1220 dies
2027 1168 2082 1220 in
2145 1169 2373 1221 vinculis
2414 1169 2480 1220 ad
2529 1185 2613 1222 me
2663 1172 2953 1224 adductum
2998 1173 3063 1224 iri
3110 1175 3420 1242 (35).Nunc

1855 1256 2128 1324 adiunctis
2182 1256 2279 1309 tibi
2346 1258 2636 1322 militibus,
2695 1271 2824 1326 quot
2878 1262 3130 1315 sufﬁcere
3181 1265 3416 1329 putabis,

1854 1345 2115 1410 fugitores
2158 1360 2254 1413 per
2280 1347 2503 1415 vestigia
2557 1347 2864 1415 insequere.
2890 1348 2945 1400 in
2969 1365 3104 1416 quas
3143 1350 3305 1402 simul
3333 1351 3419 1402 in-

1856 1436 2080 1498 cideris,
2121 1436 2257 1488 nihil
2319 1439 2422 1490 erit
2475 1439 2617 1505 quod
2673 1454 2800 1506 agas
2851 1440 3107 1506 amplius,
3152 1455 3315 1507 quam
3362 1449 3421 1492 ut

1857 1528 2031 1594 captis
2057 1524 2313 1580 omnibus
2344 1531 2566 1581 domum
2621 1540 2898 1582 revertare
2935 1548 2947 1582 :
2983 1531 3181 1597 quippe
3217 1531 3421 1598 quibus

1859 1631 1967 1670 non
2001 1617 2173 1668 solum
2212 1633 2269 1671 se
2313 1618 2628 1680 defendere,
2676 1621 2769 1672 sed
2816 1633 2908 1672 vos
2953 1629 3141 1672 contra
3175 1621 3420 1687 aspicere

1857 1723 2136 1774 nunquam
2161 1707 2214 1759 in
2251 1719 2486 1761 mentem
2520 1709 2719 1762 veniet.
2740 1710 2808 1762 At
2829 1710 2972 1763 enim
3004 1710 3226 1778 Tagaris
3258 1711 3420 1762 homo

1858 1799 2120 1868 prudens,
2153 1809 2209 1853 et
2258 1800 2488 1852 bellator
2534 1801 2757 1853 minime
2795 1801 2986 1853 rudis:
3019 1802 3113 1853 tibi
3169 1800 3416 1868 quidem,

1861 1889 2157 1958 imperator
2206 1890 2431 1957 Optime,
2472 1890 2669 1957 inquit,
2700 1890 2922 1966 minime
2963 1891 3301 1958 negotiosum
3337 1888 3420 1939 \‘i-

1861 1979 2042 2045 detur,
2090 1991 2344 2049 nepotem
2400 1980 2884 2049 comprehendere,
2931 1982 3285 2050 vinctumque
3323 1982 3421 2034 ad-

1861 2071 2064 2126 ducere
2097 2089 2112 2128 :
2146 2087 2244 2142 ego
2278 2088 2407 2126 vero
2451 2073 2726 2126 diversum
2759 2074 2916 2141 plane
2947 2073 3127 2124 sentio
3159 2091 3171 2125 :
3208 2073 3419 2126 tametsi

1857 2166 2018 2234 cupio
2045 2180 2285 2223 sane.me
2305 2166 2559 2233 opinione
2588 2166 2765 2233 potius
2796 2166 3241 2232 aberrare,quam
3273 2179 3421 2232 spem

1858 2267 2008 2310 tuam
2058 2256 2255 2324 decipi.
2293 2254 2395 2308 Sed
2447 2257 2609 2325 hujus
2649 2255 2863 2308 consilii
2895 2266 3150 2308 eventum
3185 2270 3270 2307 res
3307 2256 3420 2323 ipsa

1860 2347 2081 2400 docebit
2106 2347 2238 2417 (54).
2267 2346 2534 2411 Quoniam
2564 2355 2746 2398 autem
2795 2345 3084 2409 mandasti,
3125 2356 3184 2399 ut
3214 2345 3421 2398 delecta

1857 2452 2020 2490 manu
2057 2451 2152 2490 COS
2199 2451 2601 2506 persequerer:
2633 2451 2755 2489 nam
2793 2436 2836 2488 εἰ
2872 2451 2966 2489 COS
3014 2449 3292 2502 assequar,
3323 2450 3423 2487 nec

1858 2529 2134 2589 resistere,
2156 2544 2260 2581 nec
2293 2544 2393 2581 nos
2429 2529 2672 2597 aspicere
2714 2542 2983 2588 ausuros;
3029 2527 3194 2578 etiam
3230 2527 3282 2577 in
3321 2526 3425 2578 huc

1855 2619 1985 2688 quid
2041 2618 2148 2672 mei
2191 2618 2386 2687 judicii
2446 2619 2537 2679 sit,
2588 2618 2835 2686 eloquar.
2883 2615 3110 2680 Quanta!
3147 2616 3234 2669 hic
3268 2615 3424 2669 nobis

1855 2711 2047 2779 copiae,
2080 2725 2240 2780 quam
2303 2711 2614 2763 exercitatae
2651 2720 2708 2763 et
2759 2710 3018 2760 animosa:
3065 2713 3194 2769 sint,
3255 2723 3423 2777 nepos

1858 2811 2006 2864 tuus,
2035 2786 2277 2853 et'amici
2333 2799 2454 2868 ejus
2501 2798 2811 2850 luculenter
2847 2797 3104 2860 scientes,
3138 2813 3244 2850 non
3279 2814 3336 2851 se
3370 2800 3423 2852 in

1855 2889 2035 2959 fugam
2064 2887 2439 2951 tradidissent,
2465 2887 2520 2939 ni
2575 2886 2727 2954 prius
2758 2885 2867 2938 vita
2900 2885 2953 2937 in
3000 2885 3276 2937 hastarum
3307 2899 3427 2936 mu-

1856 2980 2114 3035 cronibus
2147 2994 2410 3048 suspensa
2447 2978 2584 3047 (35),
2635 2977 2776 3030 adeo
2811 2978 3132 3042 semetipsos
3177 2975 3425 3029 exacuis-

1856 3081 1997 3136 sent,
2019 3083 2078 3125 ut
2102 3071 2360 3126 adversus
2406 3068 2776 3137 quorumlibet
2811 3068 3225 3136 impressionem
3255 3081 3426 3134 usque

189 3137 313 3190 τιὰν
345 3137 685 3194 ἀναλαϐόντα
735 3140 1094 3195 καταδιώκειν
1127 3146 1357 3212 αὐτοὺς,
1416 3149 1492 3213 ὡς
1557 3151 1624 3204 ἂν
1668 3155 1856 3238 ira

1756 3165 1922 3238 '(ﬁd
1956 3148 2183 3216 mortem
2227 3160 2522 3230 przeliaturi
2555 3159 2691 3212 sint.
2723 3159 2938 3212 Norunt
2981 3158 3128 3210 enim
3162 3156 3423 3225 perbene.

191 3231 416 3305 γένηται
450 3233 759 3300 συντυχεῖν,
787 3233 847 3286 οὐ
881 3235 1041 3302 μόνον
1077 3238 1176 3289 οὐκ
1199 3240 1613 3308 ἀμυνουμένων,
1641 3243 1756 3296 ἀλλ’

190 3322 300 3375 οὐδ’
334 3322 654 3391 ἀντιϐλέψαι
687 3325 1092 3395 τολμησόντων,
1116 3330 1191 3392 ὡς
1218 3330 1328 3400 ἔχω
1360 3335 1456 3386 καὶ
1481 3351 1542 3386 πε
1554 3337 1606 3401 ρὶ
1632 3335 1757 3388 τού-

191 3431 299 3465 των
342 3413 590 3482 γνώμης,
631 3414 903 3497 ἐρῶἸΤὸν
945 3418 1179 3487 ἀριθμὸν
1210 3405 1308 3490 τῆς
1345 3424 1628 3495 παρούσης
1674 3427 1758 3480 ἐν-

191 3505 382 3557 ταυθοῖ
415 3508 696 3574 στρατιᾶς,
731 3509 788 3560 οὗ
850 3509 956 3578 μὴν
1005 3510 1144 3562 ἀλλὰ
1183 3513 1280 3568 καὶ
1324 3513 1423 3577 τὴν
1464 3515 1757 3584 ἐμπειρίαν

190 3603 283 3647 καὶ
318 3596 524 3665 τολμαν
556 3600 583 3649 ὁ
618 3598 706 3658 σὸς
734 3598 961 3666 ἔγγονος
991 3601 1085 3652 καὶ
1116 3603 1163 3652 ot
1202 3603 1332 3671 περὶ
1371 3604 1534 3655 αὐτὸν
1571 3607 1755 3673 σαφῶς

191 3688 418 3750 ειδότες,
452 3687 552 3739 οὑκ
591 3687 660 3739 ἂν
689 3689 995 3758 ἐτόλμησαν
1025 3692 1333 3760 τραπέσθαι
1359 3678 1498 3762 ’πρὸς
1527 3696 1626 3766 τὴν
1657 3715 1755 3764 φυ-

189 3779 314 3849 γὴν,
351 3781 399 3831 εἰ
435 3779 508 3848 μὴ
541 3781 810 3849 πρότερον
842 3779 928 3832 ἐπ’
957 3782 1149 3851 ἄκροις
1172 3783 1392 3853 δόρασιν
1423 3785 1759 3857 ἐξαρτήσαν-

188 3887 282 3930 τες
314 3871 414 3939 τὴν
446 3869 611 3940 ζωὴν,
647 3871 791 3923 οὕτω
848 3873 1164 3942 παρέθηξαν
1207 3876 1454 3940 ἑαυτοὺς,
1485 3879 1559 3940 ὠς
1594 3881 1758 3933 πᾶσιν

185 3959 234 4011 οῖ
265 3960 333 4013 ἂν
365 3960 590 4012 ἐπίωσιν
621 3962 989 4031 ἀμυνούμενοι
1026 3962 1189 4032 μέχρι
1219 3965 1314 4017 τοῦ
1343 3969 1551 4020 πεσεῖν.
1579 3971 1757 4022 ἰσασι

185 4051 297 4117 γὰρ
337 4050 523 4117 σαφῶς
564 4050 640 4112 ώς
690 4051 757 4103 ἂν
801 4052 1024 4116 ἁλῶσιν,
1077 4053 1282 4122 ἥκιστα
1332 4053 1426 4106 τοῦ
1468 4057 1757 4110 ἀποθανεῖν

185 4144 470 4193 πείσονται
509 4142 879 4210 μετριώτερα.
914 4142 1116 4211 Διόπερ
1141 4144 1215 4215 ὡς
1245 4145 1624 4214 τεθνηξόμενοι
1658 4165 1759 4215 μα-

186 4233 409 4302 χοῦνται
471 4235 565 4285 καὶ
633 4235 772 4303 ὑπὲρ
834 4234 1066 4303 δύναμιν
1117 4236 1466 4301 ἀφειδοῦντες
1525 4239 1751 4291 ἑαυτῶν.

1857 3254 1903 3307 si
1955 3253 2008 3306 in
2042 3259 2368 3320 potestatem
2408 3252 2681 3310 venerint,
2734 3249 2842 3318 ϐο
2891 3247 3066 3300 nihilo
3110 3263 3168 3300 se
3209 3247 3426 3299 mitiora

1862 3343 1976 3412 ipsa
2031 3337 2206 3396 morte
2265 3355 2644 3410 perpessuros.
2701 3337 3064 3402 Quamobrem
3119 3335 3427 3387 animarum

1858 3449 2080 3489 suarum
2115 3432 2350 3500 prodigi,
2391 3440 2447 3484 et
2469 3441 2730 3497 tanquam
2781 3426 3058 3486 morituri,
3086 3441 3252 3492 supra
3283 3424 3429 3478 vires

1856 3525 2019 3578 etiam
2045 3521 2382 3591 pugnabunt.
2409 3520 2545 3574 Cum
2573 3516 2887 3571 hominibus
2916 3516 3078 3582 igitur
3107 3514 3231 3567 vita
3255 3515 3427 3567 aleam

1858 3613 2223 3669 subeuntibus
2249 3626 2403 3678 aequa
2439 3626 2599 3662 manu
2627 3623 2862 3677 pugnam
2891 3621 3205 3670 conserere,
3231 3621 3425 3674 parum

1858 3704 2027 3759 distat
2057 3702 2125 3756 ab
2153 3702 2402 3756 insania:
2434 3701 2604 3753 multo
2635 3697 2904 3766 siquidem
2939 3698 3144 3765 majore
3176 3713 3428 3758 numero.

1857 3796 2086 3866 parique
2143 3792 2427 3846 alacritate
2492 3794 2547 3843 in
2599 3805 2693 3843 eos
2745 3789 3096 3858 pugnandum
3132 3786 3431 3857 'est:quae

1857 3887 2016 3940 ambo
2074 3884 2230 3938 nobis
2290 3883 2343 3935 in
2393 3882 2598 3934 incerto
2646 3891 2795 3932 sunt.
2847 3878 2991 3933 Nam
3040 3888 3241 3946 quanta
3270 3893 3328 3932 se
3361 3878 3426 3931 ad

1859 3977 1981 4032 illos
2030 3972 2325 4028 multitudo
2377 3969 2772 4040 aggregaverit,
2806 3971 3162 4037 ignoramus:
3224 3980 3278 4022 et
3334 3982 3432 4021 no-

1858 4077 2098 4122 strorum
2141 4065 2375 4118 militum
2409 4062 2573 4114 animi
2620 4062 2673 4114 in
2705 4069 2775 4122 te,
2808 4076 2876 4113 an
2911 4061 2965 4113 in
3000 4059 3154 4113 illum
3189 4074 3430 4128 propen-

1859 4158 2043 4220 deant,
2097 4132 2499 4222 incompertum
2564 4151 2854 4203 habemus.
2887 4151 3160 4204 Praeterea
3195 4165 3319 4202 eum
3350 4149 3426 4201 illi

1860 4248 1962 4303 sub
1994 4243 2330 4316 gallicinium
2365 4257 2484 4296 sese
2527 4241 2826 4295 extulerint
2857 4240 2934 4310 (id
2972 4239 3116 4308 quod
3151 4251 3428 4307 portarum

187 4326 506 4380 Θανατῶσιν
530 4324 624 4378 οὖν
656 4325 970 4394 ἀνθρώποις
1003 4325 1062 4389 ἐξ
1095 4327 1210 4378 ἴσου
1239 4327 1332 4379 τοῦ
1358 4330 1594 4397 ἀριθμοῦ
1623 4349 1760 4400 συμ.

1857 4338 2112 4395 custodes
2153 4334 2507 4402 retulerunt),
2549 4348 2649 4386 nos
2679 4344 2859 4386 autem
2892 4329 3230 4399 insequendo
3258 4343 3429 4396 usque

187 4418 488 4470 πλέκεσθαί
517 4433 659 4479 τινα,
690 4418 811 4470 οὐδὲ
840 4419 1029 4488 πόρρω
1066 4419 1261 4487 μανίας
1291 4421 1498 4484 δόξειεν
1528 4423 1614 4479 ἂν.
1632 4426 1755 4479 Ἐπὶ

1857 4430 1924 4485 ad
1956 4428 2314 4484 conticinium
2345 4426 2602 4479 insistere
2632 4439 2740 4477 non
2777 4422 3076 4489 possimus,
3114 4421 3247 4489 ipsis
3272 4434 3429 4472 secu-

186 4507 295 4574 γὰρ
349 4506 459 4559 τῶν
504 4507 766 4558 τοιούτων
819 4507 945 4568 τοὺς
991 4509 1485 4577 ἀντιτεταγμένους
1526 4515 1631 4565 οιαὶ
1675 4493 1832 4585 τῷῙ)

1777 4493 1832 4553 D
1858 4522 1937 4577 ris
1985 4535 2086 4574 nos
2123 4517 2472 4588 captabimus
2521 4531 2643 4584 qua:
2677 4529 2906 4583 .capere
2957 4512 3347 4582 nequibimus;
3374 4502 3430 4588 εξ

185 4597 385 4668 πλήθει
428 4598 613 4665 πολλῷ
647 4597 725 4667 τῷ
756 4599 942 4668 μέτρῳ
967 4597 1142 4668 χρευν
1167 4602 1477 4672 ὑπερέχειν,
1513 4606 1608 4658 καὶ
1637 4609 1754 4669 ταῖς

103 4750 106 4753 _
186 4689 524 4760 προθυμίαις
573 4689 722 4750 ίσους
759 4685 925 4743 εῐναιο
963 4691 999 4745 ἃ
1044 4691 1109 4761 δὴ
1148 4692 1244 4744 καὶ
1282 4694 1569 4764 ἀμφότερα
1620 4699 1756 4765 ἡμῖν

183 4786 240 4835 ἐν
277 4781 575 4851 ἀμφιϐόλῳ
603 4785 804 4838 κεῖται.
850 4782 972 4836 Τῶν
1014 4800 1074 4835 τε
1111 4785 1222 4851 γὰρ
1269 4787 1538 4840 συνόντων
1571 4791 1753 4852 αὐτοῖς

181 4877 283 4930 οὐκ
314 4877 475 4948 ἴσμεν
501 4878 561 4928 τὸ
589 4876 812 4946 πλῆθος,
840 4877 935 4930 καὶ
969 4876 1077 4929 τῶν
1103 4877 1195 4947 ὑφ’
1225 4879 1356 4948 ἡμῖν
1381 4883 1753 4950 τεταγμένων,

1861 4613 2058 4666 borum
2111 4580 2345 4665 alterum
2372 4608 2674 4675 continget,
2708 4614 2766 4657 ut
2810 4613 2904 4657 aut
2933 4618 3026 4657 eos
3053 4618 3161 4655 non
3195 4580 3429 4655 assecuti

1860 4705 2084 4758 domum
2131 4700 2338 4754 frustra
2385 4697 2673 4751 redeamus
2735 4695 2904 4765 (quod
2947 4696 3123 4763 ipsum
3160 4699 3262 4747 nos
3291 4693 3432 4746 infe-

1860 4794 2034 4854 riores
2063 4789 2299 4858 arguet),
2328 4794 2425 4839 aut
2473 4785 2516 4838 si
2545 4799 2641 4838 eos
2673 4782 2854 4852 adepti
2879 4783 3215 4843 adoriamur,
3249 4789 3434 4834 certa-

1861 4885 2010 4938 mine
2033 4879 2164 4934 victi
2192 4876 2570 4932 concidamus.
2600 4875 2695 4929 His
2750 4889 2851 4944 ego
2903 4873 2970 4928 de
3003 4871 3183 4926 causis
3227 4886 3337 4924 non
3375 4870 3431 4924 in

1459 4999 1675 5060 Jacobi
1703 4998 1967 5061 Pontani
2000 5003 2165 5059 nota)

256 5111 375 5180 (55)
427 5111 697 5180 Gregoras
743 5111 1323 5182 tradit,iantefugam
1363 5113 1606 5167 voluisse
1635 5129 1760 5167 eum

182 5197 386 5252 capere
414 5222 449 5252 ,ί
482 5195 538 5236 et
592 5183 884 5237 consilium
933 5181 1222 5252 Gerasimo
1265 5184 1588 5252 patriarcha
1632 5197 1761 5252 ape-

184 5251 387 5305 ruisse.
420 5251 573 5317 Quod
611 5253 702 5306 ille
733 5253 800 5306 ad
843 5260 1097 5323 nepotem
1131 5251 1401 5316 deferens,
1436 5253 1575 5323 fugae
1605 5251 1759 5308 acce-

184 5323 430 5376 lerandze
462 5335 652 5377 auctor
679 5323 729 5375 ei
764 5323 948 5376 fuerit.

253 5392 370 5459 (34)
422 5393 702 5464 Proverhii
750 5393 984 5460 speciem
1020 5392 1203 5458 habet,
1244 5393 1375 5451 αὐτὸ
1401 5391 1583 5458 δείξει,
1614 5392 1759 5464 quod

186 5461 397 5514 indicat
421 5463 651 5515 verbum
682 5466 838 5529 φασὶ,
869 5464 1046 5517 aiunt.

253 5533 369 5601 (55)
406 5532 691 5587 Summum
737 5543 1014 5593 conatum,
1059 5542 1116 5586 et
1163 5531 1604 5601 desperationem
1659 5549 1761 5602 pu—

187 5603 474 5671 gnantium
532 5603 668 5667 hac,
725 5612 785 5672 ut
844 5604 1087 5665 videtur,
1151 5605 1416 5672 parmmia
1473 5603 1756 5669 declarat;

187 5673 411 5740 quando
441 5673 702 5726 nimirum
731 5671 840 5727 dici
877 5681 1058 5742 potest
1097 5691 1111 5727 :

354 5743 474 5798 Una
517 5741 665 5796 salus
698 5744 840 5796 victis
874 5741 1079 5795 nullam
1107 5760 1323 5812 sperare
1343 5745 1590 5798 salutem.

188 5809 323 5878 Quid
367 5814 518 5870 enim
546 5823 654 5870 tam
688 5814 845 5870 facile
878 5813 1036 5869 militi
1080 5809 1261 5884 potest
1294 5815 1567 5880 excidere,
1591 5829 1755 5902 quam

1873 5111 2052 5192 quod.
2077 5111 2146 5164 ιιι
2188 5119 2434 5192 ensem.
2459 5106 2613 5186 bam
2637 5098 3078 5192 έέξςηεξρετδερ
3105 5101 3277 5192 satis
3306 5115 3434 5192 ρςεο

1871 5171 2052 5251 ῥοιυὸ
2084 5195 2144 5234 se
2189 5182 2242 5251 in
2273 5177 2602 5251 discrimine
2634 5171 2832 5251 mortis
2855 5175 3080 5251 versari.
3112 5171 3281 5251 _Sa_ule
3310 5187 3433 5234 per-

1868 5243 2160 5321 sequente,
2187 5249 2496 5321 signilieare
2521 5245 2696 5321 voluit
2720 5244 3059 5321 illis__verbis.
3092 5243 3282 5297 Anima
3308 5256 3424 5319 mea

1866 5323 1922 5374 in
1950 5310 2198 5376 inanibus
2239 5310 2366 5370 nuis
2396 5330 2622 5385 semper.
2654 5314 2786 5368 Nam
2822 5312 3067 5385 Hebraeis
3091 5325 3295 5385 ponere
3318 5310 3437 5385 a_ni-

1866 5406 2011 5445 mam
2053 5390 2108 5442 in
2128 5375 2413 5458 manibus,
2443 5375 2525 5438 esi
2561 5397 2846 5458 exponere
2858 5397 2916 5436 se
2955 5375 3219 5450 periculo,
3245 5391 3305 5433 ut
3330 5375 3433 5458 lu.-

1866 5462 2048 5515 dicum
2102 5474 2178 5512 xu
2223 5466 2280 5510 et
2323 5456 2344 5509 ι
2399 5457 2508 5524 Reg
2567 5468 2754 5526 sunt.
2816 5453 3042 5526 Portare
3087 5459 3270 5526 autem
3319 5453 3438 5526 ani-

1865 5547 2007 5585 mam
2054 5531 2108 5583 in
2154 5527 2443 5588 manibus,
2487 5522 2582 5577 aut
2623 5523 2825 5577 habere
2873 5522 2927 5575 in
2973 5522 3245 5577 manibus.
3284 5522 3432 5571 acci-

1867 5604 2024 5671 piunt
2070 5615 2172 5669 pro
2199 5595 2465 5671 eo,__quod
2499 5602 2602 5671 est,
2637 5592 2928 5671 versari-in
2959 5588 3351 5671 afﬂictionibus
3378 5598 3436 5641 et

1866 5657 1935 5726 de
1979 5657 2089 5724 vita
2132 5657 2654 5738 periclitarisi’lu’ra
2704 5679 2819 5738 non
2860 5661 3118 5738 ignobilis
3147 5657 3441 5726 theologus

1862 5732 2157 5796 Jansenius
2182 5752 2346 5807 super
2380 5735 2673 5790 adductum
2707 5733 2901 5804 psalmi
2939 5732 3143 5789 locum.
