4222 6442
237 443 332 509 161
1399 441 1904 502 ΗΙΞΤΟΒΙΑΒῙΜ

1785 442 1933 501 ἨΙΜ
1968 444 2202 503 LIBER
2242 446 2292 503 Ι.
3348 447 3452 510 162

227 557 405 616 αὐτοῖς
436 552 471 606 ἃ.
501 553 674 606 ἐδόκει
722 553 906 605 δίκαια
934 550 1093 617 εἶναι,
1145 552 1323 605 πείθει
1369 553 1645 621 χωρισμὸν
1676 551 1782 603 ἀπὸ
1814 560 1855 612 Α
1886 567 1894 619 1

1814 560 1855 612 Α
1886 562 2013 619 pote
2053 555 2186 615 sint,
2239 551 2442 621 quipue
2480 559 2665 620 postea
2712 552 2885 606 futuri
2936 554 3066 608 sint.
3095 554 3198 608 Sed
3231 571 3353 609 cum
3387 574 3452 610 ne

226 645 363 697 Θεοῦ
400 647 714 712 ἐκφωνῆσαι
744 647 882 696 κατά
915 644 1110 706 παντὸς
1145 643 1430 713 ἀνθρώπου
1468 642 1561 693 τοῦ
1604 658 1663 693 τε
1691 642 1785 694 νῦν

221 738 302 805 τῷ
332 738 538 804 ἐγγόνῳ
586 737 857 797 συνόντος,
894 736 988 787 τοῦ
1019 737 1066 787 τ’
1098 737 1380 803 ἐσομένου.
1427 735 1516 794 Ὠς
1549 734 1604 784 δὲ
1648 733 1783 802 μηδὲ

225 826 370 878 τοῦτ’
395 829 637 893 ἐπισχεῖν
653 826 889 895 ἠδυνήθη
911 826 1007 886 τὰς
1030 828 1137 876 τῶν
1160 825 1552 893 ἀφισταμένων
1576 824 1775 890 ὁρμὰς,

225 916 405 977 δείσας
440 919 467 967 ό
518 915 888 985 πρεσϐύτερος
928 915 1181 984 βασιλεὺς
1220 916 1292 983 μὴ
1340 916 1435 967 καὶ
1482 915 1561 975 εἰς
1612 914 1783 981 πέρας

226 1006 493 1073 ἀφίκηται
526 1009 592 1058 τὰ
642 1007 943 1075 πράγματα
996 1005 1184 1067 κακὸν,
1227 1006 1396 1065 οὕτως
1443 1005 1698 1066 ἐναντίως
1746 1006 1779 1075 ἢ

227 1096 393 1158 αὐτὸς
461 1096 823 1163 προσεδόκησε
879 1095 1195 1165 χωροῦντα,
1258 1096 1345 1147 τὸν
1400 1082 1781 1161 Φιλαδελφείας

226 1186 557 1253 Θεόληπτον,
612 1187 705 1238 καὶ
758 1188 847 1237 τὸν
903 1186 995 1237 τοῦ
1062 1186 1314 1248 κοιτῶνος
1366 1186 1781 1255 προκαθήμενον

230 1273 689 1344 Καλλικρηνίτην,
724 1275 982 1342 πρέσϐεις
1008 1276 1142 1343 πρὸς
1173 1276 1262 1327 τὸν
1289 1276 1508 1342 ἔγγονον
1536 1277 1784 1327 ἀποστεί-

220 1365 338 1426 λας.
396 1366 535 1432 πρὸς
582 1366 876 1433 ξυμϐάσεις
924 1368 1142 1437 ἐχώρει,
1199 1367 1663 1433 ἐπαγγειλάμενος
1706 1367 1782 1426 ὡς

219 1456 357 1527 ὅπερ
390 1456 455 1508 ἂν
483 1460 509 1508 ό
534 1454 755 1524 ἔγγονος
786 1457 983 1524 ἐθέλοι,
1019 1458 1303 1525 γράμμασι
1331 1457 1596 1523 δηλώσας,
1620 1456 1782 1518 αὐτὸς

220 1548 288 1600 ἂν
342 1547 422 1608 εἰς
466 1548 641 1613 πέρας
690 1548 909 1614 ἀγάγοι.
971 1548 1034 1599 Οἱ
1097 1548 1195 1616 μιν
1244 1543 1336 1599 οὖν
1392 1546 1652 1616 πρέσϐεις
1702 1547 1783 1609 εἰς

233 1637 679 1705 ’Δδριανούπολιν
722 1637 992 1698 ἐλθόντες,
1032 1637 1153 1688 ἐπεὶ
1179 1637 1274 1687 καὶ
1313 1636 1569 1705 βασιλεὺς
1603 1638 1629 1687 ό
1665 1638 1783 1698 νέος

222 1729 382 1796 ἔτυχε
405 1728 510 1797 πρὸ
538 1728 635 1795 τῆς
665 1728 869 1790 πόλεως
892 1728 1351 1795 ἐπισκεπτόμενος
1377 1729 1475 1797 τὴν
1500 1729 1779 1797 στρατιὰν,

223 1818 532 1887 προσῄεσαν
551 1819 625 1880 ὡς
652 1820 1144 1889 προσκυνήσοντες,
1159 1819 1253 1870 καὶ⁹
1272 1820 1336 1870 τά
1354 1819 1449 1885 τῆς
1490 1819 1782 1885 πρεσϐείας

222 1908 685 1973 ἀπαγγελοῦντες.
722 1908 795 1959 Τὸ
840 1909 897 1959 δὲ
945 1907 1146 1976 πλῆθος
1176 1908 1531 1976 περιστάντες
1584 1909 1783 1970 αὐτοὺς

222 1981 452 2068 γυμνοῖς
507 2002 619 2061 τοῖς
676 2000 885 2067 ξίφεσιν
937 2000 1011 2060 ώς
1055 1999 1321 2051 ἐπύθοντο
1371 2000 1507 2068 ὑπὲρ
1562 2001 1783 2069 εἰρήνης

223 2091 603 2159 ἀφιγμένους,
643 2091 896 2142 ἐκέλευον
955 2089 1205 2157 ἀλλήλοις
1252 2090 1662 2143 ἀποκτιννύναι.
1724 2091 1784 2145 Ὀ

227 2185 331 2250 μὲν
376 2179 471 2235 οὖν
527 2177 961 2250 Καλλικρηνίτης
1011 2180 1086 2249 τῷ
1130 2180 1238 2232 δέει
1272 2180 1654 2245 κατασεισθεὶς
1686 2182 1783 2250 τὴν

222 2275 426 2341 ψυχὴν,
480 2272 572 2324 τοῦ
622 2273 789 2324 ἵππου
822 2289 883 2325 τε
916 2273 1257 2342 ἀπεπήδησε,
1312 2275 1406 2326 καὶ
1448 2274 1783 2342 ἀμφοτέραις

221 2364 505 2434 περισχὼν
537 2364 622 2416 τὸν
653 2364 915 2433 βασιλέως
950 2365 1104 2429 πόδα,
1143 2364 1326 2418 ἵστατο
1358 2365 1636 2434 περιδεὴς,
1658 2366 1783 2417 ὅσον

220 2457 376 2509 οὔπω
428 2456 664 2525 νομίζων
720 2457 1133 2511 ἀποθανεῖσθαι.
1174 2459 1233 2509 Ὀ
1285 2457 1670 2523 Φιλαδελφείας
1722 2455 1780 2508 δὲ

221 2546 413 2616 ὥσπερ
446 2547 514 2598 δι’
542 2547 764 2615 ἀψύχων
794 2547 956 2599 τινῶν
992 2547 1227 2617 παριὼν,
1270 2549 1362 2599 καὶ
1390 2549 1575 2616 ψόφων
1606 2547 1783 2599 κενῶν

225 2637 463 2699 ἀκούων,
487 2638 910 2704 ἀκατάπληκτος
940 2635 1006 2706 ἦν
1043 2638 1180 2705 πρὸς
1211 2640 1318 2690 πᾶν
1341 2638 1534 2691 ὁτιοῦν.
1556 2638 1698 2689 Ἰδὼν
1726 2639 1781 2690 δὲ

225 2727 316 2777 τὸν
355 2727 795 2796 Καλλικρηνίτην
837 2727 1025 2797 ὥσπερ
1069 2726 1474 2796 ἀποτεθνηκότα
1514 2728 1591 2794 τῷ
1639 2728 1779 2792 δέει,

227 2812 304 2866 Οὐ
336 2816 474 2880 δέον,
501 2812 672 2878 εἶπεν,
703 2811 747 2869 ὦ
769 2816 1058 2886 θαυμάσιε,
1096 2817 1152 2867 σὲ
1169 2816 1311 2868 οὕτω
1345 2819 1625 2885 κατάκρας
1649 2819 1783 2886 πρὸς

226 2909 322 2955 τὸν
349 2904 578 2958 θάνατον
606 2909 1021 2974 κατεπτηχέναι,
1044 2906 1320 2974 μέλλοντα,
1342 2909 1389 2958 εἰ
1425 2907 1500 2975 μὴ
1527 2908 1634 2970 νῦν,
1664 2907 1781 2958 ἀλλ’

225 2996 319 3046 οὖν
358 2995 583 3062 ὕστερόν
616 3006 743 3047 ποτε
775 2995 1185 3049 ἀποθανεῖσθαι.
1225 2997 1286 3047 Εἰ
1315 2995 1406 3049 οὖν
1437 2996 1594 3048 τοῦτο
1633 2999 1782 3049 πᾶσα

225 3086 464 3153 ἀνάγκη,
504 3087 709 3153 βέλτιον
736 3088 823 3138 ὅτε
855 3087 945 3137 καὶ
980 3085 1247 3155 πρόφασίς
1277 3104 1420 3147 τινος
1474 3086 1715 3155 κέρδους,
1748 3086 1779 3156 ἢ

1886 639 1966 693 sic
1996 640 2219 709 quidem
2272 640 2645 694 deficientium
2698 643 2931 710 impetus
2982 656 3353 710 coerceretur,
3388 652 3454 701 te.

1885 746 2059 791 mens,
2128 747 2216 794 ne,
2260 732 2516 800 quoniam
2548 740 2653 797 res;
2680 742 2783 785 tam
2834 745 3022 787 contra
3075 750 3449 804 exspectatum

1887 821 2265 889 procederent,
2310 832 2551 875 extrema
2587 825 2856 890 pernicies
2901 838 3244 894 sequeretur,
3273 830 3453 882 Phiia-

1884 911 2120 979 delphiie
2157 913 2474 980 episcopum
2525 912 2879 980 Theoleptum
2927 916 3059 984 (4|),
3103 928 3157 971 et
3194 918 3454 975 Callicre—

1884 1001 2036 1053 niten
2084 1002 2229 1054 sacri
2274 1002 2511 1053 cubiculi
2545 1003 2949 1069 procuhitorem
2988 1007 3099 1072 (4:2)
3150 1008 3356 1077 legatos
3384 1015 3449 1064 ad

1888 1100 2138 1157 nepotem
2172 1092 2359 1155 mittit,
2403 1092 2830 1158 pacificationem
2862 1094 3040 1159 oﬂ'ert,
3075 1100 3451 1167 factorumque

1884 1195 1962 1244 se,
2004 1181 2147 1247 quod
2201 1181 2245 1234 is
2276 1181 2476 1235 litteris
2510 1184 2730 1251 scriptis
2770 1199 2797 1235 a
2845 1201 2903 1238 se
2947 1198 3180 1254 optaret,
3230 1193 3456 1254 pollice-

1886 1281 1990 1323 tur.
2037 1270 2205 1338 lgitur
2252 1272 2407 1341 legati
2460 1274 2852 1341 Adrianopolin
2878 1279 3140 1331 veniunt:
3173 1282 3448 1348 juniorem

1886 1360 2268 1428 imperatorem
2351 1373 2477 1417 aute
2562 1365 2755 1417 urbem
2825 1369 3012 1435 copias
3074 1385 3450 1427 recensentcm

1883 1452 2169 1505 offendunt
2204 1472 2216 1505 :
2266 1469 2390 1507 eum
2448 1456 2751 1519 adoraturi,
2779 1468 2833 1510 et
2868 1459 3198 1527 legationem
3232 1467 3446 1531 exposi-

1887 1544 1994 1595 turi
2054 1545 2277 1598 adeunt.
2325 1538 2460 1598 Tum
2515 1548 2716 1600 milites
2762 1564 2951 1616 magna
3005 1566 3100 1605 eos
3147 1552 3450 1622 frequentia

1882 1632 2150 1686 districtis
2176 1635 2400 1688 ensibus
2433 1637 2908 1701 circumfundunt,
2935 1652 3096 1708 atque
3138 1654 3195 1695 ut
3229 1645 3297 1698 de
3321 1662 3451 1713 pace

1882 1723 2203 1778 adventasse
2242 1726 2498 1791 audiunt,
2535 1729 2599 1781 ad
2653 1730 2777 1784 illos
2809 1734 3271 1790 contrucidaudos
3308 1738 3454 1791 inter

1884 1828 1940 1865 se
1993 1814 2302 1868 hortantur.
2357 1818 2538 1885 Itaque
2592 1819 2972 1877 Callicrenites
3022 1838 3103 1897 exp
3138 1841 3279 1892 equo
3305 1828 3453 1881 desi-

1862 1902 2024 1959 liens
2070 1907 2355 1969 tremulus,
2403 1917 2459 1960 et
2508 1908 2859 1977 imperatoris
2901 1929 3077 1982 genua
3113 1908 3452 1986 complex'us,

1885 2007 2079 2061 magno
2108 2010 2229 2047 cum
2261 1997 2454 2051 timore
2508 1994 2670 2063 ast-at,
2709 2002 2929 2070 jamjam
2988 2020 3046 2058 se
3103 2007 3450 2062 interfectum

1886 2083 1951 2135 iri
1979 2085 2294 2139 arbitratus.
2323 2090 2391 2140 At
2436 2088 2954 2160 Philadelphiensis,
2988 2106 3047 2148 ut
3100 2098 3144 2150 si
3191 2114 3288 2166 per
3340 2103 3455 2152 ina-

1887 2173 2031 2226 nima
2096 2178 2370 2239 transiret,
2409 2188 2463 2232 et
2505 2196 2675 2235 vanos
2696 2184 2959 2250 quosdam
2985 2191 3252 2257 strepitus
3278 2206 3451 2243 exau-

1885 2264 2048 2325 diret,
2073 2274 2128 2318 ct
2147 2267 2212 2319 ad
2239 2269 2418 2321 omnia
2454 2268 2861 2337 imperterritus
2896 2286 3097 2340 manet,
3118 2279 3167 2332 el
3188 2280 3453 2335 Callicre-

1887 2356 2037 2410 niten
2084 2368 2229 2411 metu
2263 2373 2431 2428 prope
2470 2364 2837 2417 exanimatum
2869 2381 3098 2422 cernens
3133 2368 3319 2426 :Heus
3368 2383 3450 2441 tu,

1887 2447 2085 2515 inquit,
2118 2463 2225 2501 non
2277 2460 2328 2502 te
2357 2451 2587 2507 horrore
2618 2456 2809 2509 mortis
2872 2466 3155 2528 tantOpere
3196 2464 3453 2532 perfundi

1886 2537 2064 2596 decet.
2093 2553 2240 2603 cum,
2275 2540 2317 2592 si
2364 2556 2473 2593 non
2521 2544 2704 2605 modo,
2734 2547 3029 2614 aliquando
3061 2554 3278 2619 quidem
3302 2569 3452 2612 certe

1886 2626 2193 2680 moriturus
2241 2628 2336 2682 sis.
2364 2629 2418 2682 Si
2452 2645 2581 2700 ergo
2620 2650 2766 2689 mors
2811 2646 2894 2690 est
2936 2640 3289 2709 inevitabilis,
3314 2664 3451 2715 prae-

1893 2729 1999 2771 Stat
2042 2720 2228 2788 utique
2256 2722 2415 2786 mori,
2446 2738 2568 2776 cum
2605 2740 2662 2779 se
2705 2731 2974 2783 commodi
3002 2733 3235 2801 alicujus
3265 2750 3452 2792 osten-

1884 2810 1963 2863 dit
1999 2803 2238 2864 occasio.
2274 2813 2427 2877 Quod
2459 2831 2580 2868 cum
2621 2816 2692 2870 ita
2721 2820 2813 2876 sit.
2846 2836 2965 2888 quae
2996 2826 3212 2878 tandem
3247 2843 3447 2884 convev

1885 2902 2124 2954 nieutior
2155 2905 2388 2967 occasio,
2410 2921 2569 2972 quam
2596 2924 2693 2975 pro
2727 2924 2856 2977 pace
2887 2912 3211 2980 legationem
3241 2920 3452 2973 obeun-

1888 3001 1991 3046 tem
2042 2994 2178 3046 mori
2232 2996 2382 3064 (45)?
2427 2998 2737 3072 Dehiuc_ad
2774 3018 3036 3072 magnum
3068 3007 3450 3077 domesticum,

1888 3084 2265 3153 Syrgiannem,
2297 3097 2353 3139 et
2377 3099 2859 3155 prostostratorem
2885 3111 3183 3154 conversus
3204 3101 3278 3169 (hi
3302 3105 3449 3156 enim

224 3179 317 3231 ὅτε
367 3180 439 3248 μή
464 3196 476 3206 ο
533 3178 720 3232 τούτου
756 3178 800 3232 δ’
833 3178 1277 3249 οὖτωξὲχοντθς,
1324 3178 1477 3232 mia.
1512 3181 1779 3252 πρόφασις
1809 3204 1850 3262 C
1886 3193 1891 3246 1

1809 3204 1850 3262 ο
1886 3180 2131 3246 proxime
2160 3179 2620 3247 circumstabant,
2657 3200 2725 3238 ue
2749 3186 2880 3252 quid
2922 3189 2972 3242 ei
3007 3195 3321 3261 noceretur)
3354 3214 3366 3249 :
3396 3198 3450 3251 Si

228 3270 658 3339 εὐλογωτέρα,ἣ
711 3270 849 3337 ὑπὲρ
894 3271 1117 3339 εἰρήνης
1152 3271 1553 3338 πρεσϐεύοντας
1600 3273 1784 3323 τελευ-

224 3361 426 3430 τῆεαις
463 3359 572 3413 Εἶτ’
599 3363 956 3428 ἐπιστραφεὶς
982 3363 1117 3429 πρὸς
1138 3363 1231 3414 τὸν
1258 3364 1430 3432 μέγαν
1465 3366 1784 3433 δομέστικον

232 3452 322 3503 καὶ
355 3451 691 3519 Συργιάννην
723 3454 818 3504 καὶ
849 3454 1309 3521 πρωτοστράτορα
1352 3448 1518 3520 (οὗτοι
1552 3457 1658 3524 γὰρ
1688 3458 1785 3508 αὑ-

230 3544 320 3594 τὸν
351 3543 715 3612 περιέστησαν
749 3542 894 3603 ὅπως
926 3543 997 3612 μή
1036 3560 1085 3594 τι
1119 3545 1245 3611 περὶ
1276 3545 1439 3596 αὐτὸν
1488 3546 1779 3616 τολμηθῇ),

231 3635 291 3685 ΕΞ
323 3633 425 3700 μὲν
463 3634 666 3695 ἔξεστιν
707 3634 856 3700 ὑμῖν,
892 3633 1018 3701 ἔφη,
1068 3635 1191 3694 τοὺς
1228 3636 1489 3705 ἀνοήτους
1531 3642 1782 3690 τουτουσὶ

232 3725 322 3776 καὶ
353 3725 572 3792 θρασεῖς
603 3725 1008 3787 καταστέλλειν,
1044 3726 1315 3793 πράττετε
1341 3726 1376 3778 ἀ
1409 3728 1695 3796 προσήκει·
1736 3729 1783 3779 εί

226 3817 256 3869 δ
306 3816 422 3881 οὖν,
473 3809 616 3867 οὗτοι
645 3832 706 3881 γε
757 3814 1005 3883 δρώντων
1032 3814 1067 3867 ἀ
1100 3815 1529 3885 προθυμοῦνται·
1568 3818 1783 3878 πάντως

225 3907 378 3959 οὐδὲν
433 3907 498 3958 ἂν
551 3904 637 3972 εἴη
690 3904 797 3957 τῶν
828 3904 1137 3973 ἀϐουλήτων
1183 3905 1321 3975 Θεῷ.
1370 3905 1492 3958 Ἐπὶ
1522 3905 1731 3967 τούτοις
1760 3909 1788 3959 ό

225 4002 364 4069 ἀνὴρ
395 3999 733 4068 ἐθαυμάζετο
761 4000 857 4060 τῆς
893 3998 1296 4067 μεγαλοψυχίας
1332 3998 1494 4051 ἕνεκα.
1517 4002 1611 4051 καὶ
1652 4016 1786 4067 καρ-

225 4093 414 4159 τερίας
449 4091 583 4160 πρὸς
612 4091 680 4141 τὰ
705 4090 870 4143 δεινά.
905 4090 1080 4159 Μέχρι
1116 4091 1215 4158 μὲν
1263 4089 1355 4142 οὖν
1387 4107 1533 4153 τινος
1570 4090 1665 4159 βοή
1700 4108 1783 4152 τις

226 4182 537 4253 θορυϐώδης
561 4184 804 4252 ἐξηχείτο
825 4182 912 4235 διὰ
934 4181 1026 4235 τοῦ
1053 4182 1314 4253 πλήθους·
1337 4180 1456 4235 εἷτα
1485 4184 1780 4236 κατεσταλ-

1886 3269 2044 3324 vobis
2083 3270 2159 3323 fas
2189 3282 2294 3332 est.
2335 3275 2532 3343 inquit,
2584 3277 2810 3331 stolidos
2839 3280 2975 3333 istos
3030 3297 3094 3336 ac
3129 3289 3453 3343 temerarios

1885 3354 2207 3432 rwriiucre,
2235 3369 2401 3421 vestri
2426 3367 2586 3422 cilicii
2616 3385 2816 3425 munus
2857 3372 3110 3441 implete;
3139 3377 3221 3430 sin
3248 3380 3451 3439 minus,

1885 3456 2088 3509 faciant
2142 3459 2285 3526 quod
2339 3460 2516 3515 facere
2569 3462 2839 3529 geStiunt;
2910 3466 3082 3519 invito
3153 3470 3263 3523 Deo
3316 3474 3451 3528 nihil

1888 3546 1996 3601 ﬁet.
2060 3548 2190 3600 Tam
2244 3550 2518 3612 sublimis.
2582 3562 2635 3605 et
2696 3553 2761 3606 ad
2816 3570 3044 3623 qumque
3095 3560 3276 3626 gravia
3320 3546 3452 3614 ιἰιιυ-

1891 3638 2060 3690 randa
2094 3653 2378 3707 promptus
2410 3643 2513 3695 \‘iri
2545 3643 2761 3698 animus
2793 3645 3207 3703 admirationem
3242 3653 3449 3707 habuit.

1890 3730 2224 3798 Aliquandiu
2277 3732 2442 3801 igitur
2494 3736 2790 3789 multitudo
2836 3739 3073 3793 clamore
3131 3742 3448 3798 fremebat:

1889 3833 1999 3887 quo
2041 3821 2254 3884 sedato,
2294 3823 2498 3891 legatos
2520 3826 2788 3878 seducens
2817 3826 3129 3895 imperator,
3162 3832 3267 3900 62
3299 3837 3453 3901 cujus

1884 3926 2011 3979 ergo
2046 3912 2643 3983 venissentcuguoscit,
2703 3924 2757 3969 et
2816 3931 2914 3985 per
2967 3920 3185 3975 eosdem
3237 3939 3336 3977 avo
3397 3927 3448 3978 in

1884 4002 2023 4055 hanc
2064 4004 2387 4057 sententiam
2444 4006 3061 4073 respondet:Adversis
3110 4012 3328 4066 casibus
3361 4030 3451 4067 rc-

1882 4093 2033 4153 dcre,
2070 4104 2123 4147 et
2162 4094 2432 4148 illiberale
2470 4097 2759 4164 quidpiam
2798 4110 2891 4153 aut
2918 4115 3099 4169 agere,
3124 4113 3215 4156 aut
3244 4104 3450 4173 eloqui,

1881 4187 2216 4248 minutorum
2270 4202 2735 4257 angustorumque
2752 4191 3109 4261 quorumdam
3131 4194 3409 4248 hominum
3434 4212 3448 4247 :

1481 4300 1695 4363 Jacobi
1736 4301 1999 4364 Pontani
2038 4310 2219 4363 notua.

231 4429 523 4501 ἀνάθεμα,
584 4427 1509 4501 γεΙ-,ἀναθεματισμρν-ηοῃιὶηετε
1564 4428 1783 4501 gaudet.

231 4502 351 4553 Vult
378 4498 526 4551 enim
561 4497 977 4567 significantius,
1002 4509 1059 4549 et
1086 4497 1397 4551 evidentius
1437 4497 1609 4566 loqui.
1637 4498 1782 4565 quod

228 4568 400 4625 Gnaei
429 4568 618 4620 dicunt
650 4569 1110 4633 ἐμφατικώτερον,
1144 4569 1234 4617 καὶ
1266 4567 1675 4633 ἐναργέστερον.

297 4640 408 4703 (41)
448 4636 676 4703 Elegans
712 4635 874 4702 hujus
923 4634 1207 4701 Theolepti
1261 4634 1493 4703 hymnus
1518 4646 1696 4688 exstat
1728 4636 1783 4689 in

224 4708 535 4762 Graecorum
574 4704 884 4769 Horologio,
919 4718 1081 4772 quem
1113 4705 1165 4755 in
1189 4705 1545 4770 appendicem
1580 4705 1788 4758 Simeo-

228 4781 312 4831 nis
337 4774 574 4841 theologi
611 4789 639 4826 a
674 4774 832 4826 nobis
861 4772 1054 4825 Latine
1091 4786 1415 4825 conversum
1450 4774 1783 4827 addidimus.

228 4846 321 4899 Est
349 4854 532 4896 autem
573 4843 993 4904 κατανυκτικὺς,
1022 4842 1092 4893 ad
1136 4843 1581 4909 compunctiouem
1622 4845 1786 4911 perti-

228 4930 374 4973 nens,
398 4927 464 4965 ex
501 4912 938 4965 consideratione
979 4911 1153 4963 ultimi
1185 4911 1470 4980 judicii.—
1498 4913 1609 4963 Cur
1640 4914 1784 4980 lega-

229 4994 310 5038 tos
344 4983 807 5043 mitteret-senex,
841 4995 1057 5034 causam
1107 4983 1271 5034 refert
1318 4978 1585 5048 Gregoras
1619 4978 1787 5034 fuisse

230 5050 634 5105 multitudinem
714 5050 980 5117 peditum,
1035 5054 1305 5117 equitum,
1357 5052 1783 5118 sagittariorum,

230 5121 567 5174 funditorum
594 5135 727 5187 pene
762 5119 1235 5183 innumerabilem,
1263 5119 1573 5187 Byzantium
1597 5135 1787 5173 versus

233 5190 663 5257 proficiscentem
684 5196 705 5241 ‘.
731 5189 823 5253 qui
856 5189 1031 5256 primo
1063 5191 1266 5256 impetu
1295 5188 1481 5241 urbem
1515 5205 1789 5259 expugna-

232 5271 381 5313 turos
416 5273 473 5311 se
508 5260 783 5315 rebantur.
840 5259 1109 5328 seditione
1166 5260 1533 5320 laborantem,
1586 5261 1785 5328 populo

232 5334 374 5383 inter
403 5344 461 5381 se
488 5328 854 5396 discordante.
895 5327 968 5378 De
1000 5327 1298 5395 Theolepto
1321 5339 1503 5382 autem
1535 5327 1782 5396 principe

232 5399 520 5465 legationis
546 5396 658 5448 ait:
707 5394 794 5449 Vir
832 5413 933 5469 non
977 5406 1180 5469 tantum
1210 5394 1455 5469 omnibus
1511 5394 1785 5452 uirtutibus

231 5478 473 5529 ornatus,
524 5476 572 5519 et
624 5466 956 5537 reverendus,
984 5466 1074 5520 sed
1115 5476 1162 5519 et
1204 5466 1466 5537 singulari
1504 5470 1785 5536 prudentia

230 5538 501 5600 praeditus.
551 5537 720 5593 Porio
773 5536 1153 5602 Orestiadem,
1212 5536 1321 5590 non
1376 5540 1783 5605 Adnanopohm

230 5611 438 5673 legatos
464 5607 681 5667 missos,
710 5616 765 5660 et
802 5608 942 5660 inter
964 5623 1062 5660 eos
1091 5610 1259 5660 fuisse
1276 5609 1439 5661 etiam
1470 5608 1787 5676 Syrgiaunis

233 5686 483 5747 matrem,
515 5691 637 5747 qua;
668 5676 836 5728 lilium
862 5676 1207 5744 potissimum
1229 5678 1466 5745 placaret
1489 5677 1784 5747 tetatenim

234 5744 283 5795 in
318 5746 412 5797 illo
454 5745 721 5814 exercitu)
762 5747 923 5814 eique
958 5744 1333 5813 persuaderet,
1381 5764 1450 5803 ue
1482 5744 1547 5803 ad
1586 5750 1785 5803 mtenia

234 5814 382 5870 urbis
412 5818 717 5883 accederet,
748 5828 802 5869 et
823 5831 941 5884 qua:
967 5826 1295 5886 sequuntur.

1964 4429 2078 4500 (4'2)
2106 4431 2275 4507 _Alius
2302 4431 2391 4507 hi_c_
2418 4432 2633 4507 videtur
2666 4448 2695 4487 a
2737 4438 3236 4507 παρακοιμωμένῳ.
3273 4440 3449 4493 Vesti-

1815 4508 2006 4591 Dtum
2071 4502 2187 4569 ejus
2254 4501 2487 4568 explicat
2539 4500 2888 4571 Curopalata,
2949 4500 3268 4575 dignitatem
3331 4527 3448 4570 ,ιιυιι

1888 4568 2038 4621 item.

1962 4639 2075 4705 (45)
2134 4637 2268 4689 lliuc
2295 4646 2405 4691 tam
2441 4638 2641 4695 diserte
2700 4651 2754 4695 et
2800 4642 3083 4708 magnifice
3112 4645 3298 4700 laudat
3324 4647 3449 4699 Ser-

1889 4705 2035 4783 vium
2072 4708 2590 4783 SulpitiumCicero,
2623 4726 2674 4763 ix
2692 4705 2947 4780 Philipp"
2969 4716 3060 4781 qui
3095 4716 3146 4767 in
3180 4717 3449 4783 legatione

1889 4775 1955 4849 ad
1984 4777 2278 4849 Antonium
2320 4780 2593 4849 obeungla,
2634 4796 2693 4833 se
2730 4775 2842 4848 pro'
2870 4775 3157 4849 republica
3191 4775 3443 4841 aévm-n;

1889 4842 2038 4905 Quod
2066 4848 2109 4897 si
2146 4848 2388 4912 cuiquam
2411 4842 2587 4914 justus
2615 4842 2774 4902 honos
2804 4842 3008 4904 habitus
3053 4864 3127 4905 est
3181 4856 3233 4905 in
3284 4866 3449 4907 uici-le

1889 4914 2089 4991 legato,
2119 4915 2365 4991 iunrrullo
2386 4918 2601 4991 iustior,
2623 4935 2780 4986 quant
2813 4922 2865 4972 in
2898 4919 3078 4974 Servio
3105 4921 3332 4991 'Sulpitio
3368 4941 3446 4975 re-

1888 4985 2139 5057 perietur.
2179 4984 2365 5057 (ἐγάνει-ἱ
2395 4989 2484 5053 qui
2506 4988 2556 5057 in
2586 4984 2844 5057 legatione
2871 5000 3088 5044 mortem
3104 4984 3357 5053 obiérun‘t,
3379 4995 3447 5044 ad

1887 5054 2143 5129 iucertum
2176 5056 2292 5129 vitane
2322 5054 2776 5129 periculumfsiue
2804 5058 2913 5112 ullo
2949 5064 3128 5114 mortis
3152 5072 3293 5115 metu
3328 5078 3450 5129 pro-

1888 5122 2205 5199 [eeti_suut;
2241 5121 2449 5199 Servius
2480 5124 2733 5199 Sulpitius
2762 5144 2881 5181 cum
2906 5131 3083 5199 aliqua
3114 5121 3446 5196 perveniendi

1875 5191 1959 5241 °ad
1988 5192 2040 5243 Μ
2053 5233 2065 5244 .
2105 5194 2386 5246 Antonium
2420 5210 2509 5262 spe
2542 5191 2799 5263 profectus
2834 5208 2928 5263 est,
2962 5191 3444 5259 n'ulla'rererteudi.

1892 5263 1991 5322 Qui
2021 5279 2136 5338 cum
2164 5264 2238 5315 ita
2264 5266 2473 5333 u/fectus
2500 5277 2651 5327 esset,
2678 5278 2751 5329 ut,
2779 5271 2823 5319 si
2854 5273 2921 5320 ad
2956 5286 3161 5338 gravem
3195 5271 3450 5323 valetudi~

1890 5347 2004 5383 nem
2045 5332 2191 5408 [algor
2224 5332 2693 5408 vilwurcessisset,
2737 5338 2831 5389 sibi
2870 5332 2978 5405 ipse
3020 5341 3293 5408 difﬁderet,
3344 5358 3447 5392 non

1889 5403 2161 5462 recusavit,
2189 5405 2466 5477 quominus
2501 5408 2583 5456 vel
2608 5409 2662 5459 in
2693 5403 2922 5459 extremo
2948 5403 3160 5477 spiritu,
3203 5413 3248 5463 si
3286 5427 3445 5477 quam

1888 5486 2035 5546 opem
2062 5474 2355 5538 reipublicw
2386 5475 2521 5541 ferre
2554 5487 2743 5544 posset,
2778 5474 3117 5544 experiretur.
3137 5474 3319 5546 Itaque
3342 5497 3447 5534 non

1891 5544 2044 5592 illum
2083 5545 2154 5593 vis
2184 5547 2388 5617 hiemis,
2426 5562 2525 5595 non
2564 5552 2721 5609 nives,
2749 5562 2849 5599 non
2896 5549 3165 5617 longitudo
3220 5544 3444 5613 itineris,

1890 5627 1990 5662 non
2027 5612 2279 5676 asperitas
2314 5630 2538 5676 viarum,
2586 5633 2686 5667 non
2727 5618 2931 5670 morbus
2970 5612 3328 5687 thgrovesceus
3362 5612 3450 5671 re—

1888 5684 2146 5758 tardavit,
2188 5699 2405 5747 cumque
2427 5687 2545 5758 jam
2572 5689 2981 5755 adcougressum
3017 5684 3449 5758 -ὲοιιυᾳιηιιηιιμω

1887 5751 1999 5817 ejus
2021 5756 2352 5825 pervenisset,
2379 5756 2447 5804 ad
2463 5771 2615 5822 quem
2638 5751 2981 5817 erat'missus,
3003 5761 3055 5810 in
3074 5751 3190 5825 ipse
3218 5751 3371 5821 cura,
3398 5770 3446 5811 et

1892 5822 2223 5873 meditatione
2261 5824 2478 5875 obeundi
2511 5832 2739 5880 mumris
2771 5829 2849 5880 sui
2882 5822 3141 5884 excessit—4:
3170 5831 3306 5892 vita,
3337 5838 3447 5888 ctc.

3578 1156 3591 1179 Ι
