4222 6442
251 444 346 506 165
1440 445 1819 507 HISTORIA?

1926 448 1980 509 M
2026 447 2261 507 LIBER
2305 445 2358 509 Ι.

3410 443 3514 510 tes
3554 410 3556 413 ’

243 560 337 612 καὶ
362 558 558 611 τούτου
595 560 759 630 χάριν
822 562 972 630 ἡμᾶς
1024 562 1124 630 μέν
1167 562 1204 616 ἃ
1257 561 1589 633 βουλοίμεθα
1615 564 1812 628 αἰτεῖν,

1925 577 1949 618 e
1981 564 2258 632 republica
2282 560 2535 615 senserit.
2567 560 2664 616 llic
2699 576 2890 616 omnes
2921 561 3060 615 velut
3093 575 3155 615 ex
3182 565 3509 632 compositu,
3577 552 3584 559 ’

244 652 448 703 ἐκεῖνον
475 649 532 702 δὲ
568 651 738 720 ἡδέως
761 651 908 720 ἔχειν
930 654 1011 716 εἰς
1052 654 1224 724 πέρας
1255 655 1433 722 ἄγειν.
1468 653 1672 706 Λοιπὸν
1700 654 1813 706 τοί·

243 757 335 793 νυν
362 740 506 809 ὑμᾶς
532 739 763 793 ἕκαστον
782 741 819 794 ἃ.
848 742 914 794 ἂν
942 743 1123 812 οἴηται
1143 745 1416 796 συνοίσειν
1443 743 1646 810 λέγειν.
1673 743 1816 813 Πρὸς

241 832 396 886 ταῦθ’
423 834 666 895 ἅπαντες
700 832 896 902 ῶσπερ
920 833 1026 888 ἀπὸ
1064 835 1344 906 συνθήκης
1388 836 1489 904 μία
1529 837 1816 906 γενόμενοι

244 926 488 994 γλῶσσα,
530 927 605 996 μὴ
642 927 899 995 δέχεσθαι
952 928 1167 996 ἔφασαν
1216 931 1317 998 τὴν
1371 933 1626 1000 εἰρήνην,
1679 932 1817 1000 μηδέ

245 1017 531 1084 βούλεσθαι
561 1018 700 1080 ὅλως
728 1018 1082 1087 βουλεύεσθαι
1125 1022 1253 1088 περὶ
1283 1021 1507 1076 τούτου.
1527 1023 1657 1077 Ἰδοὺ
1684 1029 1815 1093 γὰρ,

239 1109 311 1172 ὡς
346 1111 643 1180 ἀκούομεν,
679 1113 925 1182 βασιλεῦ,
960 1117 1040 1177 εἰς
1090 1117 1322 1186 ἔσχατον
1350 1118 1654 1187 ἀφιγμένος
1703 1135 1818 1169 κιν-

241 1199 421 1265 δύνου,
454 1203 549 1254 καὶ
610 1205 773 1271 μόγις
805 1205 942 1258 Θευῦ
991 1210 1388 1278 συναιρομένου
1417 1209 1477 1261 τὸ
1517 1209 1816 1261 ἀποθανεῖν

241 1292 542 1360 διαφυγὼν,
583 1297 694 1357 τοῖς
720 1297 962 1366 αὐτοῖςῆ
995 1301 1091 1351 καὶ
1125 1302 1333 1369 χείροσι
1370 1303 1560 1363 κακοῖς
1589 1318 1819 1370 περιπε-

245 1386 356 1435 σεῖν
384 1385 735 1453 φίλιονεικείς.
777 1390 1024 1459 Δεὸμεθα
1056 1393 1117 1460 δή
1164 1411 1258 1445 σου
1289 1393 1385 1444 τοῦ
1419 1395 1644 1445 τοιαῦτα
1669 1393 1816 1459 λογί-

243 1473 433 1535 ζεσθαι
461 1477 878 1544 ἀποτρέπεσθαι
903 1496 915 1509 ⁸
955 1482 1106 1549 ὅμως
1136 1484 1389 1554 ἐπείπερ,
1420 1483 1494 1545 ὡς
1531 1487 1595 1536 σὺ
1632 1484 1760 1552 φὴς,
1788 1485 1816 1536 ὁ

245 1568 330 1629 σὸς
362 1570 591 1632 πάππος
624 1572 812 1641 εἴρηκε
846 1575 942 1624 καὶ
977 1573 1236 1640 βασιλεὺς
1280 1573 1356 1635 ὡς
1384 1574 1523 1642 ὅπερ
1564 1572 1629 1627 ἂν
1655 1575 1816 1637 αὐτὸς

242 1659 440 1730 ἐθέλῃς
483 1664 658 1713 αἰτεῖν
715 1666 926 1717 ἐκεῖνον
979 1665 1292 1734 ἐκπληροῦν
1343 1667 1813 1733 παρεσκευάσθαι,

241 1750 338 1818 τῆς
362 1751 646 1821 βασιλείας
668 1754 904 1823 λέγομεν
940 1756 1275 1817 ἀποστάντα,
1314 1756 1437 1809 καθ’
1470 1758 1663 1810 ἐαυτὸν
1691 1759 1816 1810 ὅποι

245 1844 488 1913 βούλοιτο
538 1846 788 1913 διιὶγειν⁸
836 1848 895 1899 σὲ
941 1847 987 1898 δ’
1024 1849 1120 1918 ὲᾷν
1173 1847 1273 1917 τὴν
1315 1849 1603 1917 Ῥωμαίων
1638 1849 1815 1920 ἀρχὴν

1925 667 1981 710 et
2041 671 2152 708 uno
2196 669 2291 707 ore
2347 653 2608 716 clamare,
2670 668 2851 721 neque
2902 654 3154 722 accipere
3205 670 3261 708 se
3294 670 3511 723 pacem,

1924 761 2107 815 neque
2143 761 2310 814 super
2345 745 2451 800 hoc
2499 747 2724 814 negotio
2757 747 2970 800 consuli
3001 747 3165 799 velle.
3191 745 3328 799 Ecce
3359 749 3509 800 enim

1925 847 2004 895 tu.
2029 838 2348 905 imperator,
2375 837 2430 889 in
2475 845 2807 897 extremum,
2837 845 2896 889 ut
2923 835 3062 888 fama
3094 845 3196 896 est,
3222 835 3515 890 devolutus

1925 929 2244 994 discrimen,
2294 939 2348 982 et
2407 928 2709 990 vixmorti,
2739 927 2848 981 Deo
2891 928 3221 996 opitulante,
3266 928 3511 996 elapsus,

1928 1019 1983 1073 in
2015 1019 2207 1074 eadem
2259 1029 2317 1075 et
2350 1019 2628 1074 deteriora
2656 1020 2803 1072 mala
2834 1031 2884 1073 te
2912 1021 3251 1088 praecipitare
3277 1031 3511 1072 conten-

1925 1114 2032 1166 tlis.
2061 1112 2242 1180 Quare
2293 1127 2569 1183 rogamus,
2615 1112 2695 1165 uti
2725 1111 3110 1181 cogitationem
3164 1113 3318 1163 istam
3355 1125 3386 1162 a
3418 1119 3512 1164 tua

1927 1215 2110 1258 mente
2155 1205 2431 1272 repudies.
2491 1201 2886 1256 Verumtamen
2935 1203 3194 1270 quoniam
3243 1217 3404 1264 avus,
3453 1210 3512 1252 nt

1925 1304 2204 1357 autumas,
2258 1305 2518 1364 pra-stare
2573 1303 2800 1362 paratus
2852 1303 2936 1347 est
2981 1295 3124 1362 quod
3183 1294 3281 1346 tibi
3320 1303 3513 1362 petere

1930 1387 2221 1454 placuerit,
2261 1401 2573 1450 censemus,
2609 1387 2684 1438 uti
2745 1400 2802 1438 se
2836 1384 3073 1443 abdicet.
3110 1393 3165 1438 et
3213 1384 3306 1436 ubi
3365 1385 3517 1436 loco-

1926 1493 2045 1529 rum
2075 1476 2338 1540 voluerit,
2387 1477 2489 1528 sibi
2544 1478 2688 1529 vivat
2718 1494 2731 1528 :
2765 1485 2822 1529 tu
2883 1477 3184 1528 Romanum
3221 1475 3516 1544 imperium

1923 1584 2194 1638 capessas.
2247 1568 2301 1623 Si
2373 1568 2791 1632 detrectaverit,
2845 1568 3170 1638 Byzantium
3245 1568 3520 1621 adversus

1926 1661 2080 1713 illum
2117 1661 2333 1714 infestis
2377 1662 2546 1730 signis
2581 1660 3014 1730 procedendum.
3062 1659 3129 1713 Et
3181 1659 3517 1713 arbitramur

1926 1754 2262 1823 Byzantinos
2312 1769 2485 1823 usque
2529 1754 2594 1808 ad
2659 1768 2849 1806 muros
2903 1753 3196 1807 adventum
3262 1761 3518 1805 nostrum

1927 1846 2070 1900 haud
2108 1858 2520 1916 exspecmturos
2552 1867 2563 1900 :
2609 1847 2701 1901 sed
2749 1847 2942 1916 procul
2967 1847 3145 1900 adhuc
3177 1844 3514 1899 distantibus

246 1937 490 1990 ἰθύνεινο
532 1939 599 1991 ἂν
641 1939 698 1992 δὲ
743 1940 818 2009 μὴ
851 1939 1118 2009 βούλοιτο,
1166 1940 1304 2012 πρὸς
1345 1941 1644 2004 Βυζάντιον
1681 1943 1819 1996 ίτὲον

1926 1953 2281 2001 occursuros,
2331 1940 2636 2007 urbemque
2686 1938 2988 1994 dedituros.
3017 1940 3072 1994 Si
3101 1939 3287 2007 itaque
3324 1949 3514 1992 nostro

243 2030 328 2082 ἐπ’
359 2031 548 2084 αὐτόν.
584 2031 825 2100 Οἰόμεθα
847 2032 956 2100 γὰρ
989 2033 1112 2085 οὐδὲ
1160 2033 1328 2103 μέχρι
1354 2033 1555 2102 τειχῶν
1584 2051 1820 2104 περιμε-

242 2125 356 2174 νεῖν
396 2123 544 2191 ήμᾶς
603 2123 729 2184 τοὺς
770 2121 1134 2187 Βυζαντίουςο
1181 2124 1300 2176 ἀλλ’
1349 2125 1428 2177 ἔτι
1478 2125 1822 2194 πορρωτέρω

243 2213 436 2276 ὅντων,
475 2215 554 2276 εἰς
585 2213 900 2283 ὐπάντησίν
929 2231 987 2265 τε
1021 2213 1120 2284 σὴν
1157 2213 1417 2280 ἐξελθεῖν,
1465 2214 1556 2264 καὶ
1589 2211 1689 2282 τὴν
1729 2211 1824 2264 πό·

243 2305 326 2359 λιν
358 2306 428 2360 ἂν
459 2305 822 2374 παραδοῦναι.
859 2307 920 2358 El
959 2307 1057 2375 μὲν
1080 2305 1173 2359 οὖν
1213 2302 1410 2377 οἷσπερ
1449 2304 1820 2375 βουλευόμεθα

245 2398 412 2469 πείθῃ
435 2401 530 2450 καὶ
569 2399 754 2459 αὐτὸς,
790 2391 834 2450 ὦ
861 2397 1104 2467 βασιλεῦ,
1140 2398 1338 2469 μηκέτι
1372 2397 1678 2466 μέλλωμεν,
1706 2395 1821 2448 ἀλλ’

243 2493 409 2560 ἔργου
444 2489 698 2561 ἐχώμεθα
723 2491 849 2561 ἥδη.
884 2491 946 2542 Ei
979 2493 1024 2544 δ’
1051 2491 1224 2552 ἄλλως
1253 2491 1414 2549 αὐτὸς
1442 2491 1821 2560 βεϐούλευσαι,

246 2585 361 2637 ἀλλ’
391 2586 525 2654 ἡμῖν
555 2601 617 2650 γε
660 2583 912 2652 φανερῶς
951 2585 1158 2654 φράσον
1188 2585 1336 2645 ὅπως
1366 2584 1597 2644 ἕκαστος
1643 2581 1718 2643 ὡς
1757 2582 1823 2634 ἂν

243 2670 358 2737 οἷός
389 2692 451 2726 τε
551 2673 791 2744 διασῶζῃ
846 2674 1059 2726 ἑαυτὸν,
1087 2673 1306 2726 Τούτων
1343 2672 1516 2732 οὕτως
1547 2673 1654 2725 ἀπὸ
1677 2673 1822 2725 πάν-

244 2783 353 2819 των
393 2766 584 2835 ὥσπερ
619 2765 727 2818 ἀπὸ
778 2767 906 2834 μιᾶς
946 2765 1257 2834 εἰρημένων
1314 2765 1582 2833 γλώττης,
1622 2767 1824 2834 πολλὴν

243 2859 392 2928 ὁρῶν
424 2860 686 2929 ἀκαιρίαν
719 2860 747 2911 ὁ
781 2857 1036 2928 βασιλεὺς
1074 2860 1156 2919 εἰς
1196 2859 1258 2909 τὸ
1311 2858 1665 2928 μεταπείθειν
1704 2859 1824 2909 ἐπι-

247 2954 462 3020 χειρεῖν
512 2951 567 3020 (ἦ
601 2967 659 3002 τε
702 2949 810 3020 γὰρ
855 2949 1091 3018 στρατιὰ
1123 2950 1418 3003 ἀκάθεκτοι
1454 2953 1574 3012 ταῖς
1622 2953 1821 3020 ὁρμαῖς

245 3040 410 3114 ἦσαν,
450 3045 545 3095 καὶ
581 3044 820 3112 μάλιστα
847 3045 980 3096 οίέκ
1010 3042 1308 3112 Γερμανῶν
1353 3043 1675 3113 μισθοφόροι
1710 3046 1822 3096 Λα-

245 3139 406 3200 τῖνοι,
443 3138 501 3188 ἐν
535 3131 616 3196 οἷς
657 3131 801 3205 ἦσαν
856 3135 949 3188 καί
984 3152 1127 3195 τινες
1173 3136 1284 3187 τῶν
1316 3135 1653 3204 εὐπατριδῶν
1693 3135 1820 3205 παρ’

245 3228 454 3290 αὐτοῖς,
486 3226 647 3289 αὑτός
666 3243 722 3278 τε
749 3227 930 3297 ἀήθως
958 3227 1040 3278 ἔτι
1071 3223 1184 3296 εἶχε
1215 3227 1352 3295 πρὸς
1379 3226 1650 3289 ἆπανταῖ,
1677 3228 1818 3296 πλὴν

244 3320 446 3389 ὀλίγων
468 3319 650 3381 τινῶν,
681 3319 775 3372 καὶ
809 3319 910 3370 οὐκ
938 3313 1006 3388 ἦν
1033 3320 1096 3371 ἐκ
1123 3320 1215 3370 τοῦ
1249 3320 1454 3388 ῥᾴστου
1482 3321 1616 3388 πρὸς
1645 3319 1821 3386 ἀγνῶ-

242 3432 340 3477 τας
374 3411 741 3478 διαλέγεσθαι,
777 3408 968 3478 ῶσπερ
1020 3406 1088 3478 ἦν
1143 3413 1418 3480 χρήσιμον
1460 3410 1538 3478 τῷ
1589 3409 1816 3480 καιρῷ),

243 3503 450 3566 πολλὰς
484 3503 580 3571 τῆς
614 3503 693 3564 είς
719 3501 883 3552 αὑτὸν
911 3501 1124 3562 εὐνοίας
1162 3501 1346 3564 αὐτοῖς
1374 3502 1603 3569 χάριτας
1633 3504 1822 3570 ὁμολο-

243 3601 444 3667 γήσας,
481 3597 576 3648 καὶ
609 3597 719 3647 δεῖν
768 3590 909 3647 εἶναι
936 3593 1106 3645 εἰπὼν
1138 3593 1346 3646 πλείονι
1382 3594 1666 3663 διασκέψει
1698 3595 1820 3646 δοῦ-

243 3707 332 3744 ναι
367 3689 432 3740 τὸ
483 3691 734 3758 πρᾶγμα,
770 3685 866 3738 καὶ
920 3688 994 3756 μὴ
1057 3684 1144 3754 ἐφ’
1197 3685 1340 3736 οὕτω
1375 3685 1618 3754 μεγάλην
1679 3687 1819 3754 πρᾶ-

242 3781 326 3846 ξιν
377 3781 808 3850 ἀπερισκέπτως
863 3781 1064 3848 χωρεῖν
1131 3777 1215 3847 (οὑ
1251 3781 1359 3846 γὰρ
1417 3779 1546 3847 περὶ
1608 3778 1819 3848 μικρῶν

239 3890 406 3926 τινων
480 3871 889 3941 βουλευόμεθα,
953 3871 1088 3923 ἀλλὰ
1154 3872 1284 3941 περὶ
1353 3871 1446 3923 τοῦ
1505 3871 1820 3940 σύμπαντος

244 3966 484 4036 σχεδὸν),
519 3965 734 4017 διέλυσε
795 3965 886 4017 τὸν
941 3964 1223 4032 σύλλογον,
1266 3968 1344 4027 εἰς
1377 3967 1475 4034 τὴν
1524 3967 1820 4034 ὑστεραίαν

239 4064 302 4114 τὸ
334 4062 512 4132 πέρας
543 4061 642 4130 τῆς
676 4059 873 4130 βουλῆς
905 4061 1236 4129 ἐξαρτήσας.
1287 4061 1507 4112 Τούτων
1536 4060 1593 4114 δὲ
1639 4061 1820 4114 διαλυ-

240 4155 471 4217 θέντων,
498 4156 616 4223 ᾶμα
647 4156 763 4216 τοῖς
791 4155 945 4223 τρισὶ
979 4153 1139 4206 πάλιν
1169 4154 1196 4204 ὁ
1228 4153 1478 4221 βασιλεὺς
1506 4153 1820 4206 ἐϐουλεύετο

241 4249 371 4317 περὶ
407 4246 519 4298 τῶν
549 4246 954 4316 προκειμένων,
987 4245 1022 4299 ἃ
1054 4248 1360 4316 συμφέρειν
1387 4245 1618 4310 ἕκαστος
1648 4248 1819 4301 οἴεται

238 4339 511 4400 κελεύσας
540 4339 738 4391 εἰπεῖν.
771 4335 938 4390 Εἶπεν
991 4334 1085 4392 οὖν
1121 4340 1340 4408 πρῶτος
1368 4342 1394 4392 ὁ
1437 4341 1779 4412 Συργιὰννης
1801 4357 1814 4372 ·

243 4431 447 4501 Ἡμεῖς
497 4430 534 4483 ὃ.
567 4433 662 4484 καὶ
721 4432 988 4502 πρότερον
1049 4431 1520 4502 ἐϐουλευσάμεθα,
1569 4433 1816 4503 βασιλεῦ,

232 4528 394 4588 ὄντες
420 4528 478 4578 ἐν
507 4525 812 4594 Βυζαντίῳ,
853 4526 951 4578 οὐκ
988 4525 1095 4596 ἰδία
1126 4543 1178 4578 τι
1206 4527 1585 4596 ἐχθραίνοντες
1619 4528 1818 4597 ἐφθεγ-

1927 2033 2156 2085 consilio
2202 2032 2459 2095 ﬂecteris,
2495 2048 2562 2086 ne
2609 2033 2952 2093 differamus,
2998 2033 3090 2086 sed
3125 2033 3190 2086 ad
3242 2049 3380 2097 opus
3427 2033 3513 2083 vel

1920 2124 2030 2208 ign
2066 2125 2472 2196 aggrediamur.
2503 2126 2598 2180 Sin
2641 2126 2744 2179 alia
2775 2127 2870 2180 tibi
2906 2142 3081 2191 mens,
3111 2137 3296 2194 aperte
3333 2141 3515 2180 enun-

1928 2214 2021 2275 tia,
2072 2227 2128 2268 ut
2173 2217 2406 2284 quisque
2461 2228 2709 2270 nostrum
2765 2219 3041 2286 quomodo
3091 2219 3295 2287 poterit
3348 2213 3513 2270 saluti

1927 2321 2038 2359 sua:
2093 2307 2396 2374 provideat.
2433 2307 2527 2362 llis
2576 2310 2649 2363 ita
2702 2309 2769 2362 ab
2804 2308 3063 2363 omnibus
3111 2320 3370 2378 tanquam
3406 2326 3512 2363 una

1928 2397 2113 2468 lingua
2155 2400 2336 2462 dictis,
2379 2401 2720 2470 perSpieiens
2773 2402 3093 2470 imperator,
3126 2400 3286 2455 valde
3319 2401 3516 2454 intem-

1926 2490 2197 2558 pcstivum
2236 2505 2377 2554 esse,
2419 2491 2681 2544 aliorsum
2715 2507 2808 2545 eos
2856 2491 3041 2547 conari
3087 2490 3364 2545 deducere
3397 2492 3512 2560 (co-

1928 2580 2104 2634 hiberi
2141 2582 2288 2634 enim
2343 2583 2581 2636 militum
2623 2583 2777 2636 furor
2828 2598 2937 2636 non
2972 2592 3206 2652 poterat,
3233 2583 3511 2652 praecipue

1927 2673 2392 2727 conductitiorum
2425 2674 2746 2728 Latinorum
2785 2689 2814 2728 e
2850 2674 3162 2738 Germania,
3200 2675 3252 2727 in
3313 2673 3514 2744 quibus

1925 2761 2325 2830 erantquidam
2357 2762 2504 2815 domi
2539 2763 2753 2816 nobiles
2790 2780 2804 2815 :
2840 2773 2896 2816 et
2927 2763 3064 2831 ipse,
3113 2761 3304 2830 paucis
3353 2777 3513 2814 exce-

1925 2852 2057 2919 ptis,
2108 2853 2354 2906 omnium
2409 2854 2590 2906 adhuc
2613 2863 2731 2909 erat
2789 2855 3048 2917 insolens,
3098 2869 3201 2908 nec
3259 2854 3510 2932 dabatur,

1927 2947 2389 3012 quemadmodum
2450 2958 2666 3016 tempus
2716 2948 3052 3016 postulabat,
3086 2946 3286 3002 Graece
3313 2949 3515 3018 lingum

1929 3040 2146 3108 ignaros
2180 3041 2406 3110 alloqui)
2440 3042 2632 3109 amplis
2663 3041 2729 3095 de
2763 3041 3026 3095 benevola
3066 3057 3195 3111 erga
3237 3056 3294 3095 se
3322 3055 3513 3094 eorum

1927 3131 2207 3184 voluntate
2246 3132 2436 3200 gratiis
2485 3133 2644 3194 actis.
2676 3141 2732 3186 et
2768 3149 2881 3186 rem
2909 3133 3227 3186 accuratius
3259 3132 3514 3186 conside~

1927 3223 2173 3286 randum,
2218 3239 2319 3276 nee
2365 3224 2432 3277 ad
2495 3223 2630 3277 tanti
2689 3227 2948 3277 momenti
2999 3223 3278 3294 negotium
3325 3224 3518 3277 incon—

1926 3313 2070 3367 sulto
2106 3315 2478 3368 accedendum
2530 3315 2823 3384 (siquidem
2873 3331 2980 3368 non
3017 3315 3083 3369 de
3109 3315 3287 3384 nugis,
3315 3315 3408 3369 sed
3445 3318 3514 3369 de

1923 3421 2138 3461 summa
2183 3422 2366 3462 rerum
2419 3411 2824 3478 propemodum
2871 3411 3082 3479 agatur)
3133 3408 3410 3477 prtﬁatus.
3457 3411 3515 3462 in

1923 3497 2066 3552 diem
2098 3499 2332 3552 alterum
2376 3503 2576 3569 rejecta
2625 3499 2901 3553 sententia
2953 3500 3246 3554 concilium
3280 3501 3509 3554 dimisit.

1923 3589 2042 3654 Quo
2089 3589 2338 3653 dimisso,
2391 3607 2514 3644 cum
2572 3594 2746 3644 tribus
2781 3592 2890 3646 illis
2927 3609 3144 3646 rursum
3175 3594 3387 3648 consilii
3421 3611 3516 3648 ca—

1923 3683 2105 3750 piendi
2160 3682 2461 3746 deliberat;
2513 3665 2568 3737 et
2619 3684 2890 3753 praecipit.
2935 3695 2994 3738 ut
3052 3686 3195 3748 quod
3249 3686 3519 3755 expedire

1923 3773 2194 3837 videatur,
2245 3791 2311 3829 ne
2361 3783 2602 3828 taceant.
2634 3776 2849 3828 Primus
2882 3775 3213 3846 Syrgiannes
3247 3778 3327 3830 sic
3359 3780 3515 3830 ince-

1924 3869 2001 3937 pit
2032 3867 2201 3932 :Qua:
2224 3868 2333 3938 jam
2366 3878 2495 3921 ante
2547 3867 2790 3938 Byzantii
2830 3870 2884 3921 itt
2917 3884 3212 3938 congressu
3247 3870 3513 3932 diximus,

1923 3976 2032 4013 non
2096 3961 2309 4030 privato
2362 3963 2547 4031 aliquo
2605 3963 2656 4014 itt
2711 3979 2871 4015 avum
2939 3973 3092 4016 tuum
3125 3964 3276 4026 odio,
3328 3979 3513 4031 neque

1922 4053 2067 4123 quod
2111 4054 2164 4108 itt
2216 4055 2456 4108 maximo
2513 4055 2667 4108 lucro
2722 4056 2841 4124 ejus
2874 4056 3242 4109 calamitatem
3273 4072 3512 4126 ponere-

1922 4161 2062 4211 mus,
2097 4147 2268 4201 locuti
2318 4163 2547 4210 sumus;
2577 4147 2670 4202 sed
2732 4148 2857 4217 quia
2894 4151 2960 4201 de
2993 4149 3187 4214 salute,
3218 4157 3273 4202 et
3300 4149 3512 4202 incolu-

1923 4238 2112 4292 mitate
2169 4248 2260 4291 tua
2297 4239 2514 4292 solliciti
2568 4255 2806 4294 eramus.
2837 4239 2947 4311 64
2975 4256 3041 4294 eo
3071 4242 3383 4294 necessario
3410 4242 3508 4296 de»

1923 4327 2329 4381 veniebamus:
2369 4328 2530 4382 unius
2597 4329 2740 4380 enim
2800 4329 3022 4382 claritas
3079 4338 3137 4381 et
3191 4329 3512 4396 illustratio,

1922 4426 2152 4482 alterius
2193 4428 2414 4481 videtur
2443 4428 2658 4480 eversio
2707 4427 2818 4497 (46)
2851 4443 2864 4479 :
2899 4427 3046 4497 quod
3094 4437 3148 4481 et
3185 4445 3333 4483 nunc
3373 4445 3509 4483 usu-

1925 4530 2098 4588 venit.
2144 4529 2299 4595 Quod
2356 4529 2507 4583 enim
2566 4529 2841 4584 exercitus
2891 4530 3186 4585 universus
3242 4531 3358 4602 ejus
3412 4549 3512 4600 op-

236 4615 457 4685 ξάμεθα
491 4615 570 4686 τῷ
602 4615 678 4684 σῷ
720 4617 932 4686 πάππῳ
963 4617 1058 4668 καὶ
1089 4615 1321 4686 βασιλεῖ,
1363 4619 1483 4670 οὐδὲ
1515 4621 1642 4687 περὶ
1671 4613 1819 4671 πλεί-

1930 4630 2208 4699 pugnandi
2254 4631 2531 4684 desiderio
2577 4629 2773 4689 fervet.
2812 4647 3029 4700 :cquum
3070 4633 3370 4697 desiderat,
3405 4651 3514 4688 rce

237 4729 370 4765 στου
407 4710 472 4763 τὸ
495 4709 684 4772 κακῶς
726 4711 897 4762 αὑτὸν
924 4711 1239 4780 ποιούμενοι
1279 4713 1492 4773 παθεῖν,
1537 4715 1675 4768 ἀλλὰ
1721 4715 1820 4782 τῆς

237 4805 342 4872 σῆς
399 4802 695 4872 κηδόμενοι
751 4806 1070 4874 σωτηρίας,
1136 4807 1450 4872 ἀναγκαίως
1513 4806 1820 4877 ἐφερόμεθα

239 4899 381 4964 πρὸς
407 4896 571 4950 τοῦτο
596 4909 610 4922 '
641 4896 674 4966 ἡ
705 4895 811 4968 γὰρ
835 4897 928 4948 τοῦ
961 4899 1077 4959 ἐνὸς
1101 4899 1485 4968 εὐδοκίμησις,
1510 4899 1603 4950 τοῦ
1629 4902 1818 4967 ἐτέρου

235 4985 381 5040 εἶναι
413 4988 669 5054 φαίνεται
706 4992 1064 5058 καταστροφή
1092 5005 1107 5018 ⁸
1146 4988 1174 5040 ὃ
1205 4989 1270 5059 δὴ
1301 4993 1397 5043 καὶ
1433 4994 1551 5042 νυνὶ
1583 4990 1818 5059 συμϐαί-

235 5098 339 5135 νει.
373 5081 494 5151 Τῆς
524 5083 631 5150 γὰρ
659 5084 916 5152 στρατιᾶς
945 5083 1165 5153 ἁπάσης
1199 5083 1285 5135 ἐπ’
1320 5086 1484 5137 αὐτὸν
1514 5086 1654 5138 ἱέναι
1684 5103 1818 5156 προ-

235 5176 617 5246 θυμουμένης,
653 5176 890 5247 (ἔχονται
935 5176 991 5228 δὲ
1025 5177 1204 5247 ὀρθῶν
1236 5177 1538 5246 λογισμῶν,
1582 5178 1678 5230 καὶ
1716 5178 1817 5230 οὐκ

236 5269 386 5322 ἔστιν
414 5268 609 5322 οὐδένα
634 5270 761 5322 νοῦν
794 5270 988 5339 ἔχοντα
1039 5269 1368 5336 ἀντειπεῖν,)
1395 5270 1447 5320 εί
1477 5287 1530 5322 τι
1563 5273 1655 5320 καὶ
1688 5271 1819 5340 περὶ

237 5365 454 5417 ἐκεῖνον
510 5364 760 5434 συμϐαίη
814 5368 926 5417 τῶν
985 5363 1290 5434 δυσχερῶν,
1357 5365 1454 5434 οὐχ
1492 5365 1652 5434 ἡμῶν
1708 5365 1817 5417 τῶν

236 5457 704 5528 ἠναγκασμένων,
734 5456 850 5512 ἀλλ’
900 5459 1127 5512 ἐκείνων
1183 5458 1248 5512 ἂν
1287 5460 1373 5530 εἴη
1421 5459 1532 5512 τῶν
1583 5463 1661 5522 είς
1715 5461 1821 5532 τὴν

1927 4742 2052 4780 eum
2097 4725 2395 4795 quisquam
2447 4726 2691 4794 prudens
2743 4729 3110 4795 reprehendet
3157 4739 3259 4782 :et
3295 4730 3340 4783 si
3374 4731 3510 4798 quid

1925 4821 2202 4883 odiosum,
2241 4831 2406 4889 atque
2437 4803 2605 4890 grave
2641 4822 2717 4875 illi
2747 4823 3060 4892 contigerit.
3100 4840 3205 4878 non
3239 4825 3292 4879 id
3319 4837 3512 4880 nostra

1927 4912 2020 4981 qui
2056 4912 2326 4979 cogimur,
2358 4911 2456 4966 sed
2493 4911 2714 4966 illorum
2747 4914 2841 4982 qui
2879 4923 3103 4982 cogunt,
3135 4916 3295 4985 culpa
3326 4917 3506 4970 conti-

1927 5003 2087 5072 gerit.
2119 5003 2356 5056 Proinde
2415 5003 2542 5071 quia
2589 5003 2960 5058 communiter
3007 5005 3266 5059 omnibus
3300 5022 3362 5059 ea
3391 5007 3510 5060 visa

1925 5104 2056 5148 sunt
2087 5095 2418 5159 conducere,
2445 5105 2500 5149 et
2525 5111 2626 5149 nos
2654 5110 2847 5150 eorum
2875 5090 3168 5151 corisilium
3190 5099 3511 5166 vituperare

1923 5186 2076 5241 nullo
2127 5188 2288 5241 modo
2333 5204 2666 5257 possumus;
2699 5205 2821 5258 quae
2873 5191 3148 5244 universis
3182 5192 3504 5258 probantur,

1923 5283 1990 5336 ad
2021 5298 2135 5336 rem
2174 5281 2504 5336 conferenda
2541 5295 2692 5337 sunt.
2727 5283 2785 5337 ln
2819 5283 2959 5339 hanc
2991 5286 3320 5338 sententiam
3353 5285 3508 5353 pedi-

1924 5369 2029 5424 bus
2087 5371 2187 5424 ivit
2227 5372 2392 5425 etiam
2462 5381 2849 5442 protostrator.
2907 5372 3158 5443 Cumque
3204 5375 3510 5429 addidisset

1922 5477 2149 5531 magnus
2208 5463 2566 5532 domesticus,
2623 5482 2729 5520 non
2779 5482 2838 5522 se
2901 5467 3264 5539 intelligentia
3310 5483 3512 5525 omnes

1516 5578 1735 5641 Jacobi
1764 5580 2033 5641 Pontani
2071 5589 2261 5643 notua.

305 5687 424 5757 (46)
449 5687 610 5754 Quod
639 5691 789 5744 senis
805 5689 1131 5757 potentiam,
1161 5699 1217 5745 et
1242 5692 1626 5748 auctoritatem
1649 5691 1824 5746 hostis

238 5759 318 5814 tui
353 5759 701 5825 videbamus,
729 5760 891 5815 saluti
945 5769 1050 5814 tua:
1099 5761 1448 5825 timebamus,
1495 5772 1550 5815 et
1611 5761 1818 5817 idcirco

239 5829 506 5900 dabamus
534 5829 681 5900 illius
708 5831 794 5885 vel
819 5832 1256 5900 conslringendi,
1278 5833 1361 5887 vel
1395 5832 1705 5897 occidendi,
1727 5833 1811 5886 vel

239 5899 404 5954 etiam
441 5899 685 5969 fugiendi
715 5901 966 5958 consilia.
1001 5901 1158 5958 Nunc
1182 5902 1422 5957 vicissim
1454 5914 1543 5956 ttta
1568 5907 1811 5974 potentia

1928 5693 1993 5774 fit
2027 5693 2176 5774 illius
2207 5694 2578 5774 imbecillitas,
2614 5706 2704 5774 tua
2739 5698 2913 5774 gloria
2947 5700 3093 5755 illius
3111 5713 3502 5771 comtemptus;

1926 5765 2240 5845 idquejurc
2301 5767 2532 5836 Optimo,
2593 5770 2721 5838 quia
2744 5765 2888 5845 _ipse
2921 5781 2973 5827 te
3026 5773 3094 5827 ad
3137 5774 3252 5845 bare
3301 5765 3502 5844 coegit;

1926 5833 2078 5912 l-lane
2106 5833 2361 5912 istorum}
2396 5847 2452 5912 et
2481 5833 2984 5910 tnox'seque'ntium
3035 5843 3334 5900 verborum
3371 5833 3502 5902 scn-

1926 5908 2150 5959 tentiam
2179 5921 2304 5962 esse
2337 5908 2541 5974 iudico.
