4250 6440
274 442 378 504 173

1432 440 1968 504 IIISTORIABUM
2010 441 2238 499 LIBER
2280 442 2320 503 Ι.

3368 450 3475 511 174

269 558 374 625 γάρ
408 556 632 610 δυνατὸν
688 559 765 620 εἰς
804 558 1072 611 ἀντίδοσιν
1128 558 1272 609 ποιεῖ
1333 556 1458 617 τοὺς
1509 554 1819 624 βαρϐάρους
1846 567 1947 625 Ae

1796 570 1819 615 ς
1846 567 1894 625 Α
1919 568 1985 607 eo
2019 555 2188 622 magis
2216 569 2275 609 se
2309 554 2383 607 illi
2414 556 2619 609 amicos
2654 571 2772 611 esse
2811 558 3055 615 student.
3103 558 3341 614 Subacto
3377 579 3474 617 au-

270 646 472 714 μᾶλλον
498 647 635 715 πρὸς
672 648 855 716 φιλίαν
879 648 1197 718 τρέπεσθαι.
1227 646 1599 713 Ποιησάμενοι
1633 644 1689 697 δὲ
1728 644 1815 711 ὑφ’

266 736 496 796 ἑαυτοὺς
526 736 626 804 τὴν
652 736 895 807 ἑσπέραν
944 736 1277 805 ἀντίρροπον
1315 730 1483 787 οὖσαν
1538 735 1671 802 ἡμῖν
1726 734 1819 785 καὶ

264 822 727 886 διπλασιάσαντες
764 826 862 895 τὴν
921 825 1175 893 δύναμιν,
1232 825 1486 891 ἀσφαλῶς
1527 824 1629 893 ήδη
1685 824 1819 893 πρὸς

269 910 567 973 Βυζάντιον
608 912 957 983 βαδιούμεθα.
1009 914 1126 967 Κᾶν
1184 914 1282 983 μὲν
1342 912 1714 982 προσχωροίη,
1758 908 1818 966 εὖ

263 998 468 1068 ἀνέχοι
495 1018 511 1031 ·
546 1004 596 1054 εί
629 1004 686 1055 δὲ
728 1004 826 1072 μὴ,
870 1004 1364 1073 περικαθεσθέντες
1389 1003 1820 1073 ἐκπολιορκήσοο

266 1107 363 1159 μεν
396 1091 475 1161 τῷ
516 1094 710 1163 χρόνῳ,
737 1094 950 1157 οὐδενὸς
971 1095 1121 1157 ὄντος
1140 1094 1234 1147 τοῦ
1262 1094 1667 1147 ἀπανίστασθαι
1691 1110 1823 1147 κατ-

262 1185 683 1248 αναγκάσῡντος.
727 1184 943 1237 Τούτων
980 1185 1044 1255 δὴ
1072 1186 1235 1237 ἑνεκα
1270 1186 1369 1254 τὴν
1399 1184 1665 1254 βασιλέως
1684 1184 1823 1253 γνώ-

264 1287 372 1340 μην
389 1271 687 1325 λυσιτελεῖν
701 1278 943 1345 οίόμενος
962 1278 1016 1339 ἑς
1034 1276 1101 1328 τά
1120 1276 1373 1345 μάλιστα,
1393 1278 1529 1346 αὐτῇ
1551 1279 1820 1329 συνεῖπον·

262 1359 355 1409 καὶ
373 1358 545 1411 πλείω
563 1362 606 1411 δ’
628 1360 791 1430 ἕτερα
816 1362 1017 1415 τούτων
1039 1364 1179 1432 ἔχων
1208 1365 1447 1434 παρίημι
1469 1368 1641 1419 εἰπεῖν
1661 1366 1822 1420 ἑκών.

260 1448 319 1499 Π
343 1449 442 1516 μὲν
463 1448 572 1517 γὰρ
586 1448 685 1502 οἷοί
708 1452 765 1501 τέ
789 1453 914 1505 ἑστε
936 1455 1036 1522 τὴν
1049 1453 1247 1524 βουλὴν
1281 1454 1629 1525 μεταὸαλείν,
1657 1456 1824 1526 ἀρκέ-

1920 652 2027 696 tom
2058 642 2377 707 Oceidenle,
2403 645 2495 713 qui
2525 647 2682 701 nobis
2713 664 2810 716 pro
2838 647 3061 703 Oriente
3092 652 3219 713 erit,
3259 656 3474 707 exerci-

1918 739 2087 799 tuque
2106 732 2404 801 duplicato,
2427 744 2539 788 tum
2564 751 2755 790 secure
2776 738 3089 806 Byzantium
3113 744 3471 796 movebimus.

1920 822 1987 876 Et
2024 824 2068 876 si
2105 826 2325 893 quidem
2374 842 2429 880 se
2461 827 2756 891 dediderit,
2791 830 2928 883 bene
2962 847 2977 886 :
3012 832 3095 883 sin
3137 832 3240 885 alia
3291 834 3473 886 omnia

1922 913 2207 979 maluerit,
2255 915 2675 971 circumsessum
2728 919 2843 987 ipsa
2898 919 3259 975 diuturnitate.
3306 937 3476 991 expu-

1922 1005 2233 1073 gnabimus,
2266 1024 2411 1072 cum,
2446 1009 2589 1078 quod
2627 1026 2726 1064 nos
2757 1012 3015 1078 depellat,
3051 1012 3187 1065 nihil
3218 1013 3339 1066 erit.
3380 1013 3474 1067 llis

1922 1093 1989 1147 de
2028 1096 2209 1149 causis
2252 1097 2600 1166 imperatoris
2650 1104 2974 1156 sententiam
3025 1112 3085 1156 ut
3128 1105 3474 1159 utilissimam

1924 1184 2300 1256 probo,eique
2335 1188 2625 1244 subscribo
2660 1209 2673 1244 :
2709 1200 2763 1245 et
2796 1206 2920 1245 cum
2949 1194 3099 1260 plura
3134 1194 3360 1249 habeam
3394 1195 3479 1248 di-

1923 1288 2074 1336 cere.
2131 1276 2312 1332 libens
2364 1280 2581 1335 omitto.
2639 1282 2774 1337 Nam
2820 1284 2863 1336 si
2918 1284 3205 1337 consilium
3266 1296 3479 1340 mutare

1928 1367 2183 1433 potestis,
2224 1369 2393 1421 etiam
2426 1370 2529 1424 ista
2573 1371 2846 1425 sumcient
2876 1392 2888 1425 :
2921 1374 2964 1428 si
3000 1390 3107 1428 non
3141 1375 3391 1443 potestis.
3425 1378 3479 1428 in

1924 1464 2148 1509 ventum
2180 1466 2237 1511 et
2288 1458 2376 1513 illa
2431 1462 2807 1530 loqueremur.
2855 1464 3011 1518 Hune
3055 1466 3107 1518 in
3154 1465 3373 1518 modum
3427 1476 3483 1518 et

261 1554 343 1589 σει
365 1541 461 1590 καὶ
479 1540 672 1593 ταῦτα.
703 1542 764 1592 Εί
782 1542 827 1595 δ’
852 1544 948 1613 οὐχ
981 1538 1086 1596 οἷοί
1108 1561 1187 1605 τε,
1215 1547 1336 1615 είκῆ
1363 1548 1592 1599 κάκεῖνα
1615 1547 1827 1614 λέγοιτο
1927 1545 1939 1598 i

1801 1565 1827 1601 ο
1927 1545 2228 1615 imperator
2277 1565 2469 1619 nepos,
2516 1562 2571 1605 et
2616 1569 2843 1622 magnus
2891 1555 3245 1620 domesticus,
3292 1568 3479 1609 contra

257 1627 343 1680 ἀν.
376 1629 613 1681 Τοιαῦτα
640 1630 740 1698 μὲν
770 1632 861 1683 καὶ
886 1632 1139 1700 βασιλεὺς
1158 1636 1185 1685 ὁ
1220 1635 1360 1697 νέος,
1385 1636 1479 1688 καὶ
1508 1636 1826 1705 δομέστικος
1927 1655 1935 1688 ι

1803 1655 1826 1701 ς
1927 1652 2090 1705 quam
2135 1640 2397 1708 expedire
2428 1642 2860 1709 arbitrabantur,
2890 1661 3011 1699 cum
3062 1647 3328 1700 militibus
3357 1661 3481 1714 age-

258 1719 285 1769 ὀ
331 1719 504 1785 μέγας
547 1720 663 1787 μετ’
699 1722 862 1773 αὑτὸν
913 1724 1292 1794 διειλέχθησαν
1330 1727 1465 1796 πρὸς
1513 1729 1610 1797 τὴν
1664 1744 1827 1795 στρα-

1929 1726 2062 1782 bant
2089 1745 2101 1783 :
2132 1731 2337 1797 Optime
2381 1733 2524 1785 enim
2558 1749 2678 1788 cum
2713 1750 2779 1789 ex
2811 1737 3125 1806 transfugis,
3165 1746 3277 1791 tum
3303 1754 3369 1791 ex
3390 1753 3484 1790 oc-

256 1810 400 1869 τιὶν,
434 1811 539 1878 οὐχ
590 1809 734 1863 οὕτω
762 1813 857 1865 καὶ
884 1813 1197 1867 λυσιτελεῖν
1223 1817 1555 1885 φρονοῦντες
1580 1836 1592 1848 ·
1626 1819 1827 1889 ᾔδεσαν
1930 1842 1934 1864 ι

1804 1839 1827 1872 ν
1930 1817 2094 1872 cultis
2130 1819 2517 1889 Byzantiorum
2556 1825 2757 1881 litteris
2783 1828 3112 1891 didicerant,
3139 1828 3297 1881 simul
3322 1839 3482 1897 atque

258 1900 363 1967 γὰρ
386 1901 629 1969 ἀκριϐῶς
659 1903 722 1956 ἑκ
764 1920 823 1956 τι
867 1906 975 1957 τῶν
1011 1906 1325 1977 αὐτομόλων
1348 1910 1447 1963 καὶ
1482 1912 1545 1963 ἑκ
1599 1912 1707 1963 τῶν
1765 1914 1830 1965 ἑκ
1860 1908 1906 1964 Β

1804 1930 1830 1965 ,ι
1860 1908 1906 1964 Β
1938 1906 2102 1973 εωριί
2165 1917 2348 1962 essent
2396 1914 2667 1981 conspici,
2718 1916 2976 1983 populum
3027 1928 3210 1986 portas
3262 1918 3328 1971 ad
3387 1923 3482 1973 eds

260 1990 558 2053 Βυζαντίου
608 1995 745 2063 πρὸς
798 1996 997 2059 αὐτοὺς
1047 2000 1232 2068 κρύφα
1286 1998 1710 2068 διαλεγομένων,
1745 2004 1822 2067 ὡς

261 2082 380 2151 ἅμα
442 2085 518 2153 τῷ
587 2086 822 2156 φανῆναι
883 2089 1080 2152 αὐτοὺς
1135 2092 1464 2155 εἰσδέξονται
1520 2088 1820 2161 Βυζάντιοι,

257 2171 549 2241 διάραντες
579 2177 675 2239 τάς
712 2179 910 2243 πύλας,
953 2179 1074 2250 ἃμα
1126 2182 1225 2250 μὲν
1252 2183 1701 2253 ἐκπεπληγμένοι
1730 2187 1823 2240 τὸν

258 2263 378 2317 νέον
412 2265 661 2334 βασιλέα,
695 2269 770 2331 ὡς
800 2271 857 2322 ἑν
884 2270 1050 2341 ὀλίγῳ
1086 2270 1183 2324 καὶ
1208 2272 1307 2341 τῆς
1333 2273 1446 2326 ἄνω
1477 2274 1698 2345 Θρᾴκης
1722 2277 1819 2329 καὶ

256 2355 355 2423 τῆς
384 2357 658 2425 παραλίου
686 2360 849 2430 μέχρι
879 2364 974 2415 καὶ
1004 2362 1173 2416 αὑτοῦ
1196 2362 1489 2428 Βυζαντίου
1520 2367 1710 2435 κύριον
1735 2385 1824 2436 γε-

258 2453 582 2518 γενημένον,
618 2455 713 2505 καὶ
745 2454 945 2523 πολλὴν
996 2456 1338 2527 ἐπαγόμενον
1388 2459 1674 2529 στρατιὰν,
1706 2460 1823 2531 ἅμα

259 2540 315 2592 δὲ
346 2543 443 2594 καὶ
475 2542 737 2607 εὐνοϊκῶς
757 2545 1099 2615 διακείμενοι
1130 2546 1267 2618 πρὸς
1298 2548 1481 2601 αὐτόν.
1514 2550 1824 2615 Δεδοικότες

258 2633 313 2685 δὲ
344 2633 423 2702 μὴ
452 2636 871 2707 δπρεσόύτερος
904 2637 1157 2707 βασιλεὺς
1192 2641 1272 2703 είς
1299 2640 1544 2694 κίνδυνον
1579 2646 1821 2715 καταστῇ

261 2727 498 2796 ἀλούσης
536 2729 635 2799 τῆς
676 2731 1117 2796 Κωνσταντίνου,
1168 2732 1501 2787 ἑπλάττοντο
1544 2735 1643 2805 τὴν
1689 2738 1825 2806 πρὸς

259 2821 501 2888 ἑσπέραν
553 2823 913 2890 ἐκστρατείαν
944 2822 1401 2896 λυσιτελεστέραν
1441 2828 1649 2879 οἴεσθαι
1671 2844 1686 2859 ο
1717 2845 1822 2897 φα-

259 2915 435 2981 νερῶς
493 2915 602 2984 γὰρ
651 2918 828 2969 εἰπεῖν
870 2918 967 2985 τὴν
1006 2918 1209 2984 αἰτίαν,
1245 2920 1312 2971 δι’
1344 2922 1409 2990 ἢν
1452 2922 1513 2973 ού
1549 2916 1824 2990 βούλοιντο

258 3002 381 3071 ἄρτι
414 3006 833 3073 ἐπιστρατεύειν
863 3006 1033 3074 αὐτῷ,
1068 3008 1167 3059 οὐκ
1195 3008 1434 3074 ἀσφαλὲς
1471 3006 1609 3063 εἶναι
1652 3011 1824 3065 ἐδόκει

255 3093 340 3146 διὰ
370 3095 430 3146 τὸ
468 3095 565 3165 τὴν
605 3099 866 3164 στρατιὰν
901 3097 979 3149 ἔτι
1008 3099 1142 3165 πρὸς
1167 3097 1392 3167 βασιλέα
1422 3101 1513 3152 τὸν
1544 3102 1665 3153 νέον
1689 3103 1819 3156 ἀϐέ-

256 3186 410 3236 6αιον
456 3182 618 3248 εἷναι,
655 3188 752 3239 καὶ
789 3188 1291 3260 διαλυθησομένην,
1354 3193 1405 3243 ει
1465 3208 1517 3243 τι
1564 3193 1818 3247 πύθοιντο

255 3275 524 3335 τοιοῦτον.
568 3277 712 3347 Πρὸς
764 3280 938 3331 ταῦτα
989 3279 1044 3333 οῖ
1075 3297 1133 3331 τε
1162 3280 1389 3347 λογάδες
1422 3282 1517 3333 καὶ
1551 3285 1817 3352 σύμπασα

261 3368 625 3446 στρατιὰηΕῦ
656 3371 755 3439 μὲν
786 3371 1039 3441 εἰρῆσθαι
1074 3374 1255 3425 πάντα
1287 3374 1381 3426 καὶ
1440 3376 1821 3446 στρατηγικῆς

256 3443 555 3530 ἐμπειρίας
587 3462 774 3527 ἀξίως,
798 3463 909 3515 οὐδ’
932 3463 1092 3516 αὐτοὶ
1123 3464 1500 3534 ἀρνηθείημεν
1528 3466 1613 3531 ἂν,
1644 3443 1819 3532 εἷπον,

255 3547 299 3606 ὦ
357 3553 620 3623 βασιλεῦ·
675 3555 710 3625 ἦ
746 3571 805 3607 τε
853 3556 962 3626 γὰρ
1027 3557 1241 3626 ἑσπέρα
1277 3557 1447 3628 πολλὴ
1480 3561 1575 3611 καὶ
1634 3561 1818 3624 πόλεις

255 3646 457 3715 ἔχουσα
513 3646 710 3709 πολλὰς
744 3646 838 3699 καὶ
873 3650 1217 3718 περιφανεῖς,
1254 3650 1348 3701 καὶ
1399 3652 1664 3720 στρατιὰν
1700 3655 1817 3721 ἅμα

257 3740 589 3806 στρατηγοῖς
637 3736 936 3805 βελτίστοις
994 3738 1095 3790 οὐκ
1149 3739 1658 3808 εὐκαταφρόνητον,
1724 3746 1818 3797 καὶ

254 3828 454 3897 ῥᾳδίως
493 3830 896 3898 προσχωρήσει,
956 3829 1211 3899 καθάπερ
1262 3829 1431 3899 ἔφητε
1496 3834 1587 3885 καὶ
1642 3836 1815 3889 αὐτοί.

262 3917 471 3969 Ἐκεῖνο
509 3918 691 3982 μέντοι
724 3916 1027 3986 θαυμάζειν
1058 3919 1191 3987 ἡμῖν
1221 3919 1425 3989 ἑπῆλθε
1456 3925 1551 3974 τοῦ
1580 3926 1817 3992 μεγάλου

254 4009 606 4078 δομεστίκου,
638 4012 786 4071 ὅπως
816 4009 875 4063 τὸ
909 4008 1009 4078 μὲν
1036 4010 1135 4077 τὴν
1167 4011 1412 4078 ἑσπέραν
1450 4013 1540 4080 ὑφ’
1591 4016 1817 4081 ἑαυτοὺς

256 4101 594 4171 ποιήσασθαι
618 4100 724 4154 τῶν
750 4100 890 4153 πάνυ
926 4100 1126 4170 ῥᾳδίων
1172 4102 1452 4172 ἀπέφηνεν
1484 4100 1642 4171 εἶναι,
1683 4106 1743 4159 τὸ
1772 4108 1818 4160 δ’

258 4192 531 4244 είσελθεῖν
563 4191 824 4244 δύσκολον
855 4192 1108 4254 ἐλθόντας
1140 4194 1219 4254 τίς
1248 4193 1347 4262 τὴν
1374 4196 1813 4253 Κωνσταντίνου.

264 4287 513 4339 Ἐκείνου
552 4287 661 4355 γὰρ
717 4287 870 4349 δντος
910 4287 1113 4357 ῥᾳδίου,
1254 4289 1444 4359 δήκαὶ
1490 4292 1651 4354 αὐτὸς
1686 4291 1814 4361 ἔφη,

253 4380 413 4432 τοῦτο
453 4379 638 4450 πολλῷ
688 4380 766 4449 τῷ
800 4382 984 4449 μέτρῳ
1014 4383 1081 4451 τῇ
1116 4382 1371 4452 ῥαστώνῃ
1416 4382 1691 4451 διαφέρειν
1717 4386 1815 4437 αύ-

1926 1991 2376 2052 intromittendos
2404 2001 2802 2068 patefacturum
2830 2021 2842 2056 :
2873 2006 3069 2073 partim
3104 2007 3248 2073 quod
3271 2008 3479 2074 juniori

1925 2080 2061 2135 bene
2092 2085 2315 2151 vellent,
2334 2091 2528 2157 partim
2563 2092 2708 2160 quod
2734 2110 2857 2149 eum
2881 2094 3362 2164 obstupescerent,
3387 2100 3481 2166 qui

1924 2171 2075 2227 brevi
2106 2185 2350 2244 tempore
2383 2190 2438 2234 et
2473 2184 2815 2253 superiorem
2846 2198 2901 2239 et
2951 2190 3280 2243 maritimum
3310 2191 3484 2244 Thra-

1924 2263 2063 2319 ciam
2103 2268 2207 2323 sibi
2241 2270 2604 2339 subdidisset,
2641 2286 2861 2347 tamque
2896 2278 3140 2348 ingentes
3178 2282 3362 2351 copias
3391 2283 3484 2336 ad-

1924 2354 2167 2414 duceret.
2200 2361 2691 2423 Verumenimvero
2722 2385 2844 2424 cum
2883 2372 3165 2434 timerent,
3204 2389 3272 2428 ne
3325 2384 3480 2444 capta

1926 2450 2063 2507 urbe
2106 2452 2164 2509 in
2210 2470 2397 2512 senem
2451 2459 2841 2529 imperatorem
2888 2465 3247 2520 inhumanius
3278 2468 3483 2536 aliquid

1925 2542 2325 2616 designaretur,
2362 2553 2769 2621 expeditionem
2796 2557 3194 2612 occidentalem
3230 2560 3335 2613 sibi
3368 2560 3483 2614 fru-

1927 2636 2263 2692 ctuosiorem
2289 2639 2465 2695 videri
2488 2646 2831 2700 comminisci
2864 2648 3177 2703 voluerunt.
3208 2650 3341 2702 Nam
3368 2652 3486 2705 sine

1928 2722 2310 2793 integumento
2343 2728 2563 2786 causam
2595 2736 2782 2801 edere,
2812 2737 2882 2791 ob
2920 2755 3083 2807 quam
3115 2756 3211 2809 per
3252 2742 3307 2794 id
3344 2752 3485 2798 tem-

1928 2830 2028 2882 pus
2056 2815 2581 2892 ConstantinOpolin
2624 2826 2826 2882 adoriri
2859 2831 3090 2894 nollent,
3137 2849 3329 2900 parum
3366 2835 3486 2890 fore

1930 2912 2105 2959 tutum
2138 2910 2466 2980 Credebant,
2512 2919 2733 2985 quando
2756 2920 2890 2976 (ich
2919 2926 3195 2980 exercitus
3228 2942 3355 2996 erga
3388 2930 3487 2981 im-

1927 3004 2234 3061 peratorem
2258 3001 2536 3068 iuniorem
2563 3007 2746 3062 adhuc
2782 3022 3020 3075 nutaret,
3058 3027 3112 3067 et
3142 3018 3185 3068 si
3216 3018 3350 3085 quid
3384 3020 3488 3072 tale

1927 3081 2167 3150 audiret,
2203 3088 2564 3146 dilaberetur.
2613 3096 2693 3150 Ad
2731 3098 2843 3154 haec
2891 3102 3103 3158 nobiles
3165 3107 3488 3165 universus-

1927 3189 2033 3242 que
2064 3180 2337 3236 oxercitus
2382 3187 2804 3254 responderunt,
2854 3208 2959 3246 non
3006 3209 3064 3247 se
3096 3211 3315 3265 negare,
3351 3216 3489 3255 con-

1924 3269 2209 3325 venienter
2238 3282 2293 3327 et
2319 3289 2385 3328 ex
2433 3292 2534 3332 usu
2584 3282 2720 3336 artis
2766 3285 3131 3354 imperatorii:
3182 3293 3324 3347 dicta
3366 3310 3486 3351 esse

1925 3361 2148 3415 omnia:
2186 3365 2294 3419 late
2324 3368 2470 3421 enim
2508 3382 2693 3438 patere
2726 3378 3067 3433 occidentem
3099 3382 3312 3448 orbem,
3343 3389 3489 3441 mul—

1926 3458 2006 3504 tas
2049 3462 2103 3506 ct
2155 3454 2385 3527 inclytas
2435 3462 2709 3518 sustinere
2769 3469 2971 3533 urbes,
3037 3475 3225 3541 copias
3278 3477 3484 3533 habere

1920 3543 2032 3613 68
2061 3545 2203 3600 baud
2256 3554 2647 3619 aspernabiles,
2703 3574 2827 3612 cum
2871 3562 3196 3620 ductoribus
3245 3568 3486 3624 fortissi-

1924 3638 2045 3701 mis,
2087 3638 2304 3709 levique
2355 3658 2653 3711 momento.
2693 3661 2753 3704 ut
2802 3656 2961 3709 ambo
2996 3657 3375 3728 aﬂirmassent,
3427 3682 3485 3721 se

1921 3738 2262 3796 dediturum.
2290 3744 2473 3800 Mirari
2512 3758 2712 3813 tamen.
2741 3757 3015 3822 quomodo
3046 3776 3271 3829 magnus
3300 3763 3490 3820 dome-

1921 3828 2092 3884 sticus
2123 3830 2481 3913 Occidentem
2516 3840 2617 3893 sub
2663 3841 2927 3898 ditionem
2965 3828 3161 3917 subjici
3196 3853 3353 3909 facile
3388 3857 3486 3910 ad-

1921 3922 2140 3976 modum
2164 3940 2345 3994 posse,
2372 3927 2883 4002 Constantinopolin
2913 3949 3097 3993 aulem
3134 3944 3339 4003 intrare
3359 3964 3486 4003 cum

1920 4016 2162 4068 exercitu
2221 4032 2346 4071 esse
2390 4020 2610 4075 diﬂicile
2665 4032 3083 4083 asseveraverit.
3140 4035 3279 4099 Quia
3338 4039 3488 4092 enim

1921 4104 2054 4160 illud
2079 4108 2252 4175 prius.
2282 4110 2400 4179 ejus
2426 4115 2726 4181 sententia,
2755 4116 2973 4175 diﬂicile
2998 4138 3108 4176 non
3137 4126 3228 4191 sit,
3258 4128 3362 4184 hoc
3387 4145 3488 4183 suo

1912 4195 2126 4265 judicio
2171 4202 2362 4257 multis
2395 4206 2643 4273 partibus
2690 4224 2811 4264 esse
2843 4212 3081 4275 facilius.
3127 4216 3196 4271 Et
3230 4221 3488 4286 quoniam

1916 4289 2315 4347 occidentalem
2346 4298 2753 4365 expeditionem
2787 4304 2929 4372 apud
2965 4307 3209 4363 animum
3244 4311 3482 4380 impera-

1915 4382 2054 4435 toris
2104 4385 2257 4437 velut
2302 4388 2561 4445 omnibus
2606 4391 2883 4463 suﬂ‘ragiis
2934 4398 3245 4455 obtinuisse
3292 4420 3487 4460 cerne-

253 4474 336 4525 τοί
357 4470 616 4539 οἰόμεθα.
653 4472 807 4524 Ἐπεὶ
836 4471 880 4523 δ’
909 4473 1154 4535 ἀπάσαις
1196 4474 1315 4536 ταῖς
1350 4473 1553 4542 ψήφοις
1582 4474 1640 4526 τὸ
1675 4475 1813 4543 πρὸς
1914 4490 1931 4527 1

1811 4495 1813 4502 ·
1914 4484 2059 4540 rent,
2110 4477 2283 4533 ituros
2331 4483 2635 4536 secundum
2689 4488 2942 4542 mandata
2974 4502 3246 4567 quotquot
3292 4498 3489 4555 velint.

253 4564 351 4633 τὴν
382 4564 626 4633 ἑσπέραν
668 4563 1061 4633 ἐκστρατεύειν
1108 4562 1260 4632 παρά
1291 4565 1397 4629 σοὶ,
1451 4563 1699 4634 βασιλεῦ,
1731 4582 1821 4617 κε·
1845 4571 1897 4629 D
1925 4581 1931 4617 l

1809 4595 1821 4605 -
1845 4571 1897 4629 D
1925 4579 2030 4619 non
2069 4575 2244 4621 tamen
2277 4584 2430 4638 aeque
2463 4573 2738 4636 alacriter,
2769 4578 2864 4630 sed
2915 4562 3165 4649 ingratis.
3219 4584 3303 4649 Si,
3340 4580 3487 4658 quod

256 4656 540 4726 κρατηκὸς
573 4656 816 4725 ὁρῶμεν,
868 4654 1333 4726 συστρατεύσουσι
1381 4657 1480 4725 μὲν
1518 4658 1610 4709 καὶ
1637 4657 1814 4726 ἡμῶν,

256 4749 543 4815 ἐπίταγμα
602 4746 1166 4817 σδν’ἑκπληροῦντες,
1195 4748 1311 4800 ὅσοι
1361 4746 1428 4817 δὴ
1474 4748 1570 4800 καὶ
1627 4747 1824 4818 βουλή-

256 4855 437 4891 σονται
459 4855 473 4869 ·
509 4838 646 4903 πλὴν
686 4838 746 4889 ού
776 4838 917 4906 μετὰ
952 4838 1051 4906 τῆς
1086 4838 1207 4906 ίσης
1262 4838 1597 4907 προθυμίας,
1656 4840 1825 4908 ἡναγ-

258 4932 548 5000 κασμένως
569 4930 647 4983 δέ.
685 4931 783 4981 Ἀν
812 4930 859 4981 δ’
906 4929 1099 5000 ὥσπερ
1130 4929 1390 4997 ἀξιοῦμεν
1430 4930 1585 4982 αὐτοὶ
1632 4930 1729 5000 τὴν
1767 4934 1824 4992 ἑς

258 5003 555 5087 Βύζάντιον
581 5022 772 5091 ἴωμεν,
806 5021 1004 5083 πάντες
1044 5038 1102 5075 τε
1135 5020 1253 5090 ἅμα
1281 5019 1526 5089 ἑψόμεθα
1566 5022 1659 5073 καὶ
1690 5037 1825 5092 προσ

259 5118 431 5185 θυμία
477 5116 577 5167 σὺν
600 5115 791 5184 πολλῇ.
847 5114 942 5166 Διὸ
994 5113 1058 5183 δή
1094 5130 1186 5165 σου
1241 5112 1498 5182 δεόμεθα,
1552 5114 1684 5182 πρὸς
1710 5114 1812 5183 τὴν

1924 4667 2213 4725 cuperent,
2270 4661 2590 4730 Byzantium
2655 4676 2961 4735 peteretur,
3018 4673 3154 4727 mira
3209 4677 3489 4747 voluptate

1928 4748 2203 4803 neminem
2256 4768 2368 4806 non
2410 4764 2757 4811 secuturum.
2812 4759 2990 4824 Quare
3029 4777 3086 4817 se
3127 4764 3278 4819 illum
3324 4784 3488 4823 orare

1929 4840 2191 4909 majorem
2240 4842 2296 4894 in
2350 4845 2596 4912 modum’,
2639 4848 2798 4916 insue
2835 4850 3080 4921 ipsorum
3124 4859 3488 4929 praesentique

1927 4927 2095 4982 statui
2157 4933 2641 4998 opportunissima:
2718 4942 3077 5007 postulationi
3159 4927 3489 5017 obsequere-

1928 5026 2017 5071 tur
2046 5018 2179 5089 (54).
2224 5020 2372 5076 Idem
2419 5025 2594 5081 duces
2641 5028 2885 5085 aiebant.
2936 5034 3237 5103 Imperator
3293 5041 3490 5097 videns

1918 5124 2111 5164 eorum
2151 5112 2654 5186 Constantinopolis
2699 5121 3024 5179 invadenda:
3072 5128 3356 5185 libidinem
3397 5136 3486 5187 ni-

153 5650 157 5652 γ
232 5574 544 5646 ’βιάζεσθαί
578 5590 638 5626 τε
689 5573 790 5627 οὐκ
840 5572 998 5642 έχων,
1025 5572 1124 5641 τῆς
1171 5570 1388 5633 εὐνοίας
1420 5570 1540 5653 ἀμα
1588 5571 1818 5641 καὶτῆς

257 5209 483 5272 ἀξίωσιν
513 5207 670 5275 ἡμῶν
701 5205 939 5270 ὑπεῖξαι,
969 5204 1189 5257 δικαίαν
1226 5221 1285 5257 τε
1309 5203 1497 5263 οὖσαν.
1534 5205 1630 5257 καὶ
1662 5206 1716 5265 ἑς
1753 5205 1820 5257 τὰ
1926 5198 1935 5253 l

1800 5205 1820 5257 ι
1926 5198 2003 5253 bil
2040 5216 2270 5268 prorsus
2314 5205 2693 5275 languescere.
2735 5227 2861 5265 cum
2896 5229 3095 5285 cogere
3123 5235 3230 5273 non
3272 5236 3478 5290 posset,

259 5301 509 5368 παρόντα
562 5298 1049 5367 λυσιτελεστάτην.
1087 5296 1327 5349 Τοιαῦτα
1376 5295 1475 5364 μὲν
1505 5297 1599 5348 καὶ
1631 5297 1679 5349 οί
1721 5296 1820 5365 τῆς
1925 5308 1937 5345 1

1802 5314 1820 5357 ;
1925 5291 1993 5346 de
2028 5293 2410 5351 benevolentia
2445 5298 2867 5372 obedientiaque
2897 5311 3330 5377 commendatos,
3388 5317 3480 5384 qui

261 5392 524 5462 στρατιᾶς
557 5392 822 5460 ἡγεμόνες
860 5385 1036 5443 εἷπον.
1079 5388 1256 5460 Ὁρῶν
1295 5388 1353 5477 δὲ
1386 5388 1415 5439 ὁ
1442 5387 1694 5458 βασιλεὺς
1723 5388 1819 5458 τὴν
1922 5399 1939 5439 4

1806 5405 1819 5437 ι
1922 5385 2092 5439 etiam
2130 5401 2163 5440 a
2199 5388 2818 5462 quibus‘abhorrerent,
2851 5400 3035 5454 studio
3062 5403 3166 5456 sibi
3198 5405 3484 5477 obtempeg

260 5486 349 5538 ἐπὶ
376 5485 438 5536 τὸ
471 5482 772 5546 Βυζάντιον
810 5480 998 5544 αὐτοῖς
1026 5480 1204 5550 ὁρμὴν
1232 5474 1338 5532 οὐκ
1374 5479 1817 5549 ἀμῦλυνομένην,
1922 5492 1938 5530 l

1802 5521 1817 5545 ,
1922 5476 2081 5530 randi
2112 5476 2292 5533 facere
2319 5481 2664 5548 annuissent,
2694 5485 3211 5563 ConstantinOpolin
3246 5498 3327 5552 ire
3356 5474 3480 5568 ρὲξτέ

1921 5569 2093 5623 misit.
2139 5569 2340 5626 Vocem
2375 5572 2494 5642 ejus
2526 5576 2732 5634 milites
2762 5583 3148 5650 gratulabundi
3176 5591 3479 5663 excipiunt,

1519 5700 1731 5762 Jacobi
1769 5700 2032 5762 Pontani
2068 5707 2254 5762 notae.

330 5809 442 5878 (54)
484 5807 845 5865 Scribendum
881 5808 937 5864 in
960 5806 1146 5863 Grmco
1174 5781 1409 5871 ὑπεῖξαι,
1441 5806 1622 5860 cedere
1651 5823 1669 5859 :
1703 5816 1896 5877 rogant
1927 5806 2074 5860 enim
2108 5814 2167 5862 ut
2201 5807 2304 5863 sibi
2326 5809 2468 5877 iusta
2508 5814 2825 5880 petentibus
2858 5833 2977 5873 mos
2999 5831 3237 5889 geratur.
