4250 6440
703 396 806 461 179

1900 412 2148 474 JOANN
2162 414 2227 473 IS
2268 412 2762 477 CANTACUZEN
2779 418 2812 484 Ι,

3833 420 3939 484 18θ

701 526 789 566 me
822 511 1081 581 periculis
1108 514 1356 583 sejunxi;
1407 524 1462 570 et
1505 532 1601 571 vos
1633 520 1998 587 conﬂuxistis,
2036 532 2095 576 ut
2125 523 2266 593 inju-
2296 527 2339 582 Δ
2371 523 2379 575 1

2260 552 2266 561 ·
2296 527 2339 582 Δ
2371 523 2614 592 λογάδων
2642 527 2741 596 τῆς
2772 526 3032 596 στρατιᾶς
3070 526 3148 589 είς
3183 525 3239 578 ἓν
3272 525 3619 597 γενομένων,
3654 529 3938 599 παρελθων

695 604 899 659 rinsius
925 612 1157 677 tractato
1182 606 1552 674 opitulemiiti.
1589 609 1747 665 Modo
1779 624 1986 678 autem,
2017 615 2266 683 quando-

693 694 916 762 quidem
956 694 1091 747 mihi
1116 695 1221 764 iam
1253 696 1305 749 in
1346 713 1508 752 manu
1535 711 1638 765 est,
1665 703 1811 770 quod
1839 704 1908 759 ab
1943 705 2101 760 initio
2135 722 2265 761 con-

634 778 643 779 ί
694 785 870 850 stitui,
905 796 961 850 et
987 786 1166 849 vobis,
1194 788 1343 855 quali
1369 804 1508 858 opus
1539 801 1681 851 erat.
1718 795 1978 849 auxilium
2012 797 2263 861 acceSsit,

692 876 737 929 si
766 875 899 944 quid
932 876 1071 930 ultra
1100 876 1511 945 desideramus,
1547 880 1600 933 id
1628 882 1756 944 erit,
1789 890 1850 936 ut
1873 899 1975 956 ego
1999 901 2261 956 reponam

695 964 948 1032 injurias,
981 980 1079 1019 vos
1105 978 1461 1036 reponentem
1485 970 1776 1041 adjuvetis.
1802 973 2077 1030 Constitui
2103 992 2266 1046 porro

693 1054 822 1110 inde
853 1068 881 1109 a
912 1056 1187 1127 principio
1214 1074 1377 1114 avum
1414 1076 1514 1116 nec
1539 1064 1648 1118 vita
1692 1080 1918 1132 exuere,
1948 1070 2165 1125 etiamsi
2194 1070 2264 1125 li-

688 1155 860 1209 ceret,
916 1161 1018 1201 nec
1064 1148 1298 1217 imperio
1342 1152 1577 1206 multare
1612 1170 1625 1205 :
1660 1170 1853 1208 verum
1895 1166 2097 1213 memet
2128 1174 2265 1214 con-

688 1250 934 1302 scrvare,
988 1237 1200 1308 ipsique
1237 1240 1305 1293 de
1355 1243 1665 1312 principatu
1713 1246 1925 1301 nttllum
1979 1250 2263 1319 negotium

690 1328 984 1383 facessere:
1039 1331 1378 1398 Periculum,
1413 1334 1525 1389 Deo
1575 1336 1715 1391 bene
1752 1340 2019 1408 propitio,
2071 1345 2262 1399 evasi:

688 1420 1042 1474 securitatem
1072 1431 1257 1476 autem
1310 1433 1367 1477 et
1397 1439 1589 1492 pacem
1618 1429 1671 1481 in
1697 1428 1969 1490 futurum,
1991 1432 2060 1486 ab
2089 1433 2263 1502 impe-

691 1519 870 1563 ratore
899 1512 1162 1577 oblatam,
1191 1514 1333 1567 male
1355 1517 1681 1583 repulimus.
1712 1518 1936 1575 Tenetis
1970 1524 2116 1578 enim
2154 1539 2267 1577 me-

689 1600 885 1663 moria,
916 1605 1195 1671 quomodo
1219 1605 1578 1675 AdrianOpoli
1605 1609 1809 1675 legatos
1838 1613 1906 1665 ab
1934 1627 2000 1666 eo
2028 1613 2095 1667 de
2115 1629 2266 1669 com-

688 1693 962 1761 positione
1004 1696 1223 1761 missos,
1274 1698 1545 1753 seditione
1601 1701 2116 1787 concitatanrebu's
2161 1707 2265 1760 im-

689 1783 971 1857 perfectis,
1002 1802 1193 1841 necem
1227 1787 1334 1841 illis
1362 1789 1701 1844 intentantes
1736 1783 2090 1849 remiseritis.‘
2106 1795 2263 1861 Quod

689 1891 815 1930 eum
858 1878 1007 1933 illico
1048 1880 1261 1934 facinus
1307 1883 1653 1935 teterrimum
1685 1878 2046 1955 judicasse‘m,
2095 1888 2262 1942 altera

690 1969 812 2022 luce
856 1969 909 2023 in
938 1972 1207 2027 concione
1234 1974 1401 2026 multa
1423 1975 1590 2027 verba
1615 1975 1740 2042 feci,
1771 1977 2263 2048 confusioucmque

685 2068 744 2113 et
797 2060 1119 2117 effrenatam
1194 2065 1472 2119 licentiam
1531 2078 1812 2133 vestram,
1880 2082 1942 2125 ut
1994 2071 2263 2124 malorum

693 2151 925 2234 istorum
960 2170 1156 2209 causas
1183 2158 1443 2227 castigavi
1477 2175 1489 2212 :
1516 2168 1571 2212 et
1598 2174 1664 2214 ne
1688 2161 1817 2229 quid
1855 2162 2091 2231 amplius
2121 2164 2266 2234 ejus—

689 2226 905 2298 cemodi
938 2246 1236 2311 auderetis,
1270 2264 1464 2303 severe
1498 2251 1783 2320 imperavi.
1824 2252 1980 2307 Nunc
2015 2269 2142 2309 cum
2174 2270 2270 2309 su-

688 2352 786 2404 per
830 2337 1028 2392 eodem
1072 2350 1362 2410 cognatam
1401 2342 1515 2411 (60)
1548 2358 1723 2399 meam
1757 2345 2041 2416 legaverit,
2079 2346 2265 2404 delicti

596 2451 602 2456 -
686 2428 918 2498 gratiam
968 2430 1184 2496 fecerit,
1241 2434 1604 2505 redintegrari
1655 2438 2008 2492 concordiam
2055 2439 2267 2508 petive-

689 2523 792 2583 rit,
854 2536 1033 2593 neque
1096 2523 1419 2592 justorum,
1477 2540 1656 2595 neque
1727 2528 2087 2597 prudentium
2134 2537 2262 2593 est.

688 2627 876 2681 pacem
947 2616 1257 2683 aspernari.
1335 2616 1462 2671 Tria
1527 2619 1675 2673 enim
1733 2634 1859 2672 cum
1931 2621 2085 2683 sint,
2146 2635 2269 2691 qua:

687 2706 848 2761 hellis
906 2708 1166 2763 omnibus
1228 2707 1392 2763 linem
1454 2709 1746 2779 imponunt
1798 2712 1942 2781 (Gl)
1992 2728 2144 2767 :sua
2210 2713 2265 2767 in

688 2806 808 2851 tuto
868 2799 1169 2862 statuisse,
1231 2800 1478 2854 hostium
1552 2816 1688 2872 opes
1751 2803 1859 2859 sibi
1920 2805 2265 2876 subjecisse,

687 2887 789 2957 71
820 2888 1002 2944 hostes
1037 2890 1183 2959 ipsos
1220 2892 1549 2961 perdidisse.
1593 2894 1705 2948 duo
1738 2895 1933 2951 hormn
1987 2914 2095 2952 non
2148 2899 2268 2956 sine

685 2980 856 3048 gloria
910 2980 1072 3035 nobis
1118 2984 1522 3051 contigerunt:
1574 2987 1795 3041 tertium
1850 2989 1994 3044 absit
2042 3002 2102 3045 ut
2165 3009 2270 3047 un-

684 3084 849 3133 quam
880 3070 1038 3125 nobis
1080 3072 1335 3148 adipisci,
1384 3076 1667 3129 autetiam
1707 3087 1898 3146 optare
1943 3082 2265 3154 contingat!

2371 616 2450 677 είς
2493 616 2735 683 μέσους,
2790 614 2938 679 ἔλεξε
2996 616 3214 669 τοιάδε*
3276 615 3485 671 Οὐδένα
3542 618 3698 687 ὑμῶν
3754 619 3941 687 οίομαι

2369 703 2588 771 ἀγνοεῖν
2642 702 2716 768 ὡς
2769 704 3040 773 διαφορᾶς
3092 704 3217 773 ἐμοὶ
3254 703 3392 775 πρὸς
3445 704 3536 758 τὸν
3569 704 3796 775 βασιλέα
3843 707 3941 760 καὶ

2368 793 2597 846 πάππον
2630 795 3030 865 γεγενημένης,
3065 795 3238 848 πολλά
3263 797 3330 849 τά
3354 796 3455 864 μὲν
3483 797 3761 867 ἐπράχθη,
3793 798 3863 851 τὰ
3886 799 3942 851 δὲ

2370 884 2465 937 καὶ
2502 886 2559 937 ὲν
2602 885 2804 955 μελέτῃ
2840 886 2922 939 έτι
2963 881 3132 955 ἦσαν,
3177 887 3280 957 ἐμὲ
3322 888 3461 956 πρὸς
3497 888 3731 957 ἔσχατον
3762 889 3945 942 κινδύ-

2369 992 2461 1029 νου
2513 976 2881 1031 καθιστῶντα.
2943 978 3021 1030 Δι’
3055 977 3200 1051 ἀπερ
3252 979 3419 1041 αὐτός
3482 996 3542 1031 τε
3598 980 3842 1048 ἀπέστην
3882 981 3945 1033 οὐ

2373 1067 2574 1137 μᾶλλον
2621 1068 2714 1121 τοῦ
2775 1068 3043 1137 βασιλέως
3101 1068 3133 1138 ἢ
3194 1068 3290 1121 τοῦ
3337 1069 3585 1121 κινδύνου
3615 1084 3629 1098 ο
3664 1069 3759 1121 καὶ⁵
3785 1069 3948 1136 ὑμεῖς

2369 1158 2609 1227 πάρεστε
2656 1158 3025 1229 βοηθήσοντες
3057 1159 3427 1230 ἀδικουμένῳ.
3461 1160 3601 1212 Νυνὶ
3634 1158 3691 1212 δὲ
3721 1159 3845 1228 ιμοί
3888 1176 3946 1210 τε

2368 1250 2659 1319 παρόντες,
2707 1249 2736 1301 δ
2795 1250 3119 1321 προύθέμην
3171 1250 3228 1317 ἐξ
3291 1250 3488 1319 ἀρχῆς,
3527 1250 3627 1303 καὶ
3664 1252 3795 1319 ὑμῖν
3845 1249 3950 1318 τῆς

2370 1343 2627 1412 βοηθείας
2659 1342 2854 1405 ὁποίας
2888 1343 3056 1411 ἐχρῆν
3106 1343 3509 1412 γεγενημένης,
3542 1344 3607 1396 ἄν
3651 1358 3705 1394 τι
3754 1358 3951 1410 περαι-

2365 1433 2516 1503 τέρω
2555 1433 2765 1486 τούτων
2818 1432 3099 1503 ζητῶμεν,
3154 1433 3281 1500 ἐμοὶ
3330 1432 3433 1502 μὲν
3480 1434 3541 1484 τὸ
3600 1432 3830 1493 ἀδικεῖν,
3881 1430 3942 1483 τδ

2369 1526 2646 1580 ἀδικοῦντι
2705 1525 2764 1579 δὲ
2823 1526 3207 1595 συμπράττειν
3282 1525 3412 1592 ὑμῖν
3472 1523 3539 1577 ἂν
3600 1524 3947 1592 περισταίη⁹

2370 1618 2691 1689 προύθέμην
2724 1618 2781 1670 δὲ
2820 1616 2880 1680 ἐξ
2932 1617 3132 1686 ἀρχῆς,
3178 1615 3293 1668 οὔτ’
3342 1618 3399 1668 ὲν
3454 1615 3719 1685 πολεμίου
3782 1614 3952 1685 μοίρᾳ

2368 1710 2460 1761 τὸν
2499 1710 2712 1777 πατέρα
2762 1709 3194 1778 κατασφάττειν,
3246 1708 3315 1762 ἄν
3356 1724 3462 1777 περ
3510 1708 3643 1777 ἐξῇ,
3675 1707 3799 1760 οὔτε
3850 1709 3949 1776 τὴν

2370 1794 2547 1865 ἀρχὴν
2599 1795 2978 1863 ἀφαιρεῖσθαι,
3032 1794 3150 1848 ἀλλ’
3196 1796 3433 1864 ἐμαυτὸν
3479 1796 3816 1860 διασώζοντα
3850 1796 3949 1848 τοῦ

2369 1885 2645 1945 κινδύνου,
2673 1885 2849 1954 μηδεν
2882 1886 3078 1953 ἐκείνῳ
3128 1885 3229 1955 τῆς
3279 1885 3454 1955 ἀρχῆς
3503 1884 3669 1937 ἕνεκα
3710 1900 3946 1951 παρενο-

2369 1976 2542 2046 χλεῖν.
2604 1966 2677 2027 Τδ
2729 1975 2830 2045 μὲν
2872 1972 2970 2027 οὖν
3022 1973 3115 2027 τὸν
3169 1975 3416 2027 κίνδυνον
3459 1975 3769 2042 διαφυγεῖν,
3813 1975 3951 2036 θεὸς

2370 2068 2535 2130 αὐτὸς
2575 2067 2957 2138 συναράμενος
3014 2067 3281 2137 παρέσχν
3334 2068 3434 2135 τὴν
3471 2067 3515 2118 δ’
3565 2069 3647 2130 είς
3705 2066 3765 2119 τὸ
3816 2065 3947 2134 ἑξῆς

2367 2159 2677 2228 ἀσφάλειαν
2758 2160 2854 2211 καὶ
2920 2160 3145 2229 εἰρήνην
3204 2158 3470 2228 βασιλέως
3528 2160 3948 2228 παρεχομένου,

2366 2248 2748 2317 ἀπεωσάμεθα
2789 2250 2943 2301 αὐτοὶ
2978 2248 3192 2312 κακῶς.
3231 2249 3534 2319 Μέμνησθε
3576 2249 3687 2317 γὰρ
3732 2249 3797 2319 δή
3846 2265 3952 2305 που

2373 2342 2449 2404 ὡς
2514 2343 2572 2393 ὲν
2621 2338 2908 2409 ’Δδριανοῦ
2949 2340 3076 2403 τοὺς
3134 2339 3393 2403 ἐλθόντας
3443 2340 3508 2392 ὲκ
3546 2339 3816 2410 βασιλέως
3855 2337 3956 2392 ἐπὶ

2365 2435 2431 2504 τῇ
2497 2433 2694 2504 εἰρήνῃ
2757 2433 3055 2502 πρέσϐεις,
3117 2432 3518 2494 στασιάσαντες
3581 2432 3953 2503 ἀπεπέμψατε

2367 2526 2686 2594 ἀπράκτους
2726 2525 2825 2577 καὶ
2877 2524 2969 2575 τὸν
3011 2524 3142 2593 περὶ
3172 2524 3268 2577 τοῦ
3316 2523 3417 2593 ζῇν
3449 2524 3696 2577 κίνδυνον
3725 2526 3954 2594 ἐπικρε-

2371 2617 2645 2688 μάσαντες
2697 2617 2902 2679 αὐτοῖς.
2937 2615 2965 2668 δ
2997 2617 3122 2687 ἐμοὶ
3154 2615 3318 2680 εὐθύς
3362 2633 3424 2670 τε
3457 2617 3634 2670 ἐδόκει
3684 2618 3797 2671 τῶν
3830 2618 3947 2671 δει-

2366 2713 2623 2773 νοτάτων,
2654 2711 2749 2764 καὶ
2799 2711 2856 2772 ἐς
2889 2709 3006 2780 ετὴν
3044 2709 3338 2779 ὑστεραίαν
3382 2711 3442 2762 ὲν
3476 2710 3759 2782 ἐκκλησίᾳ
3795 2728 3955 2779 γενο-

2369 2803 2520 2874 μένῳ
2559 2803 2715 2873 λόγος
2744 2803 2961 2871 ἐγένετο
2992 2802 3178 2869 πολὺς,
3199 2803 3296 2873 τήν
3312 2821 3368 2855 τε
3401 2803 3632 2867 ἀταξίαν
3660 2806 3753 2857 καὶ
3784 2807 3958 2874 ἀναρ-

2369 2896 2492 2964 χίαν
2520 2894 2593 2957 ὡς
2622 2894 2811 2947 κακῶν
2846 2893 3027 2946 αἰτίαν
3053 2895 3392 2965 αίτιωμένῳ,
3438 2897 3535 2948 καὶ
3575 2898 3704 2965 περὶ
3733 2895 3823 2948 τοῦ
3855 2913 3958 2965 μη-

2368 2989 2491 3040 κέτι
2531 2987 2738 3056 τολμᾷν
2767 2984 2999 3039 τοιαῦτα
3054 2966 3495 3055 παραγγέλλοντι
3541 2987 3735 3040 πολλά.
3783 2983 3955 3049 Αὖθις

2368 3080 2425 3133 δὲ
2472 3079 2568 3131 ἐπὶ
2596 3080 2710 3141 τοῖς
2737 3078 2924 3141 αὐτοῖς
2967 3078 3069 3147 τὴν
3117 3078 3258 3150 ἐμὴν
3292 3078 3390 3132 νῦν
3423 3079 3744 3149 πέμψαντος
3777 3079 3955 3142 θείαν,

689 3159 873 3215 Οιίιιιιι
916 3171 971 3216 et
1004 3165 1356 3219 securitatem
1386 3166 1531 3222 Deus
1560 3170 1855 3235 concessit,
1883 3180 1936 3227 et
1976 3172 2272 3243 imperator
2299 3194 2342 3253 ο

2299 3194 2342 3253 c
2377 3167 2711 3238 συγγνώμην
2745 3183 2803 3221 τε
2849 3169 2936 3237 ἐφ’
2964 3163 3046 3231 οἷς
3085 3169 3425 3245 ἡμάρτομεν,
3445 3169 3826 3245 παρεχομένου
3858 3171 3959 3222 καί¹

686 3254 1045 3323 jurejurando
1096 3271 1215 3309 eam
1259 3258 1648 3324 confirmabit;
1682 3276 1806 3331 qua:
1858 3263 1904 3316 si
1951 3264 2104 3332 prius
2137 3264 2263 3321 data

693 3343 911 3408 fuisset,
946 3347 1116 3401 armis
1155 3362 1385 3417 prorsus
1416 3349 1907 3410 abstinuissemus.
1958 3356 2264 3412 Romanum

686 3436 1055 3506 principatum
1089 3438 1252 3493 simul
1287 3455 1350 3494 ac
1382 3441 1434 3495 in
1462 3442 1643 3497 lucem
1669 3456 1964 3515 susceptus
1992 3463 2139 3512 sum,
2166 3451 2268 3504 im-

687 3539 911 3598 perator
947 3546 1148 3600 parens
1183 3546 1338 3587 meus
1371 3533 1528 3600 mihi,
1561 3534 1898 3604 imperatore
1944 3554 2031 3593 me
2058 3549 2268 3604 creato,

686 3623 1027 3682 destinavit:
1064 3638 1229 3691 quem
1262 3639 1409 3679 nunc
1444 3634 1563 3680 tuto
1602 3627 1807 3683 habere
1850 3630 2269 3693 licet.‘h:eredi-

692 3716 834 3770 taria
871 3716 1228 3770 successione
1256 3714 1323 3769 ad
1351 3716 1518 3771 alium
1549 3721 1775 3774 omnino
1801 3721 2103 3785 neminem,
2130 3738 2267 3793 prae-

698 3819 782 3861 ter
824 3822 913 3862 me
963 3816 1384 3889 perventurum.
1431 3810 1488 3863 In
1544 3809 1800 3867 hostibus
1852 3824 2038 3868 autem
2092 3830 2273 3885 neque

685 3902 818 3958 duxi
875 3900 1173 3971 aliquando
1215 3915 1377 3955 avum
1422 3918 1629 3965 niueum.
1672 3920 1850 3975 neque
1887 3907 2027 3963 adeo
2070 3908 2274 3965 insani-

685 3995 884 4058 verim,
918 4003 979 4048 ut
1009 3994 1291 4064 quidpiam
1331 3995 1385 4050 in
1419 3995 1675 4050 eumdem
1708 4007 1914 4052 tetrum
1960 4015 2025 4054 ac
2079 4005 2272 4057 nefan-

686 4087 817 4139 dum
845 4085 930 4139 vel
980 4085 1240 4156 cogitem,
1274 4087 1360 4141 vel
1414 4086 1739 4141 deliberem.
1790 4089 1895 4145 Sed
1942 4106 2128 4160 neque
2174 4110 2273 4151 vos

685 4179 895 4233 amicos
944 4192 1097 4232 meos
1146 4194 1305 4248 :cquo
1352 4179 1539 4231 animo
1588 4180 1797 4235 laturos
1843 4181 2066 4251 opinor,
2120 4193 2272 4240 tanta

682 4286 811 4325 cum
851 4270 1162 4325 calamitate
1197 4270 1619 4337 circumveniri,
1666 4282 1726 4325 ut
1753 4287 1856 4343 ego
1908 4274 1979 4328 ab
2014 4277 2273 4333 omnibus

684 4375 825 4431 quos
879 4361 959 4416 sol
1018 4360 1165 4415 videt
1224 4361 1574 4425 mortalibus,
1628 4377 1729 4431 pro
1789 4365 2165 4421 conscelerato
2218 4377 2274 4424 et

687 4452 962 4517 parricida
993 4452 1354 4507 condemner.
1383 4452 1612 4518 Quando
1640 4454 1808 4524 igitur
1838 4471 1960 4525 qua:
2003 4456 2149 4513 bello
2182 4475 2275 4514 so-

2376 3259 2673 3329 διαλλαγάς
2719 3260 3037 3323 αἰτοῦντος,
3103 3259 3218 3313 οὗθ’
3271 3262 3418 3315 ὅσιον
3473 3261 3588 3314 οὔτ’
3647 3260 3959 3324 ἀνθρώπων

2376 3356 2613 3427 ἐχόντων
2654 3354 2782 3408 νοῦν
2827 3353 2929 3422 τὴν
2976 3353 3203 3424 είρήνην
3237 3353 3603 3408 ἀπωθεῖσθαι.
3632 3352 3814 3424 Τριῶν
3847 3353 3960 3425 γὰρ

2372 3448 2541 3501 όντων
2582 3445 2756 3501 ἀπασι
2790 3443 2849 3518 [ἃ
2883 3442 3044 3520 πᾷσι]
3094 3443 3355 3515 πολέμοις
3403 3445 3578 3511 πέρας
3616 3445 3833 3511 ἐπάγει,
3861 3442 3959 3496 τοῦ

2372 3558 2431 3595 τε
2470 3540 2541 3593 τά
2586 3539 2768 3592 οίκεῖα
2794 3538 2852 3589 ἑν
2896 3536 3168 3606 ἀσφαλείᾳ
3191 3535 3383 3589 θέσθαι
3413 3535 3559 3599 τινὰ,
3592 3536 3689 3588 καὶ
3733 3533 3827 3587 τοῦ
3859 3535 3960 3604 τὴν

2374 3633 2485 3687 τῶν
2520 3629 2904 3701 πολεμούντων
2936 3628 3111 3700 ἀρχὴν
3140 3629 3231 3697 ὑφ’
3263 3629 3455 3684 ἑαυτὸν
3486 3629 3839 3697 ποιήσασθαι,
3864 3630 3962 3680 καὶ

2375 3725 2565 3794 τρίτου
2585 3723 2682 3776 τοῦ
2706 3723 2908 3783 αὐτοὺς
2936 3722 3065 3784 τοὺς
3096 3720 3473 3790 πολεμοῦντας
3508 3721 3855 3783 ἀποκτεῖναι,
3889 3720 3961 3773 τὰ

2372 3817 2469 3871 δύο
2519 3818 2617 3887 μὲν
2649 3818 2781 3886 ἡμῖν
2832 3816 3069 3887 πάρεστι
3123 3817 3264 3885 μετὰ
3312 3815 3588 3877 εὐκλείας·
3621 3814 3717 3866 τοῦ
3767 3814 3960 3885 τρίτου

2372 3910 2437 3982 δὴ
2471 3911 2609 3981 μήτε
2655 3909 2839 3978 τυχεῖν
2876 3906 3111 3974 γένοιτο,
3150 3908 3281 3978 μήτ’
3310 3906 3651 3977 ἐπιθυμῆσαί
3686 3923 3842 3961 ποτε.
3882 3908 3961 3958 Τὸ

2378 4002 2478 4073 μὲν
2505 4004 2619 4072 γὰρ
2663 4004 2721 4057 ἑν
2772 4001 3048 4072 ἀσφαλείᾳ
3081 3998 3244 4064 εἶναι,
3274 4000 3304 4053 ὁ
3344 3999 3477 4062 Θεός
3515 4015 3576 4051 τε
3610 4000 3957 4068 παρέσχετο,

2374 4095 2471 4147 καὶ
2499 4094 2664 4157 αὐτὸς
2692 4095 2881 4163 ὅρκοις
2923 4090 3261 4146 πιστώσεται
3290 4090 3569 4161 βασιλεύςο
3603 4091 3743 4159 ὅπερ
3772 4093 3822 4144 εί
3856 4092 3957 4145 καὶ

2374 4186 2648 4257 πρότερον
2676 4186 2813 4254 ἡμῖν
2854 4184 3005 4254 ἐξῆν,
3054 4184 3165 4237 οὐδ’
3194 4183 3262 4237 ἀν
3299 4184 3399 4255 τὴν
3453 4182 3634 4255 ἀρχὴν
3664 4184 3810 4236 ὅπλα
3845 4185 3963 4236 ἐκι-

2374 4278 2598 4347 νοῦμεν.
2641 4278 2751 4347 Τὴν
2789 4278 3081 4349 Ῥωμαίων
3125 4275 3183 4329 δὲ
3222 4275 3523 4345 ἠγεμονίαν
3581 4276 3677 4328 καὶ
3710 4275 3827 4345 ἅμα
3857 4274 3963 4344 μὲν

2374 4368 2452 4438 τῷ
2478 4367 2761 4438 προελθεῖν
2798 4367 2880 4431 είς
2923 4366 3041 4437 φῶς
3073 4368 3102 4421 ό
3152 4366 3343 4437 πατὴρ
3378 4365 3687 4437 παρέσχετο
3734 4367 3827 4418 καὶ
3864 4366 3963 4436 βα-

2379 4463 2581 4530 σιλεὺς,
2625 4463 2851 4533 βασιλέα
2890 4463 3303 4533 χειροτονήσας,
3340 4463 3435 4514 καὶ
3466 4461 3562 4514 νῦν
3613 4462 3671 4515 δὲ
3698 4462 3962 4530 ἀσφαλῶς

688 4545 894 4614 piendo
923 4545 1157 4609 faciunt,
1190 4560 1361 4614 penes
1394 4561 1494 4600 nos
1523 4555 1651 4600 sunt
1687 4547 1798 4617 (cui
1829 4552 1939 4602 n‘on
1976 4549 2266 4618 interesse,
2301 4539 2346 4596 υ

2301 4539 2346 4596 D
2377 4557 2526 4611 ἐστιν
2555 4557 2724 4627 ἔχειν,
2764 4557 2903 4627 πρὸς
2928 4555 3121 4610 οὐδένα
3154 4555 3366 4625 ἓτερον,
3399 4554 3431 4626 ἢ
3463 4555 3565 4623 ἐμὲ
3605 4557 3669 4607 ὲκ
3702 4555 3959 4625 διαδοχῆς

685 4641 923 4695 maxima
963 4652 1051 4713 est
1094 4638 1374 4709 felicitas).
1412 4649 1574 4706 atque
1624 4639 1730 4695 hoc
1780 4639 1985 4709 ipsum,
2040 4644 2268 4717 bellum,

2382 4651 2606 4713 πάντως
2679 4650 3068 4718 ἐλευσομένην.
3126 4647 3397 4717 Πολέμιον
3453 4648 3512 4701 δι
3572 4646 3689 4701 οὗθ’
3733 4648 3961 4719 ἥγημαι

1770 4881 1773 4884 ν
1847 4824 1877 4839 κ
1959 4787 2177 4850 Jacobi
2210 4791 2482 4855 Pontaoi
2525 4799 2714 4856 notas.

759 4935 871 5008 (σο)
902 4934 1019 4990 Non
1084 4933 1182 4990 fuit
1228 4938 1454 5008 proprie
1507 4938 1626 4991 θεία
1652 4979 1666 4999 .
1705 4938 1756 4993 id
1787 4948 1873 4994 est
1898 4980 1911 5003 ,
1956 4940 2128 5008 patris
2161 4953 2268 4998 aut

685 5006 880 5080 matris
910 5016 1176 5080 sororLet
1206 5007 1622 5063 Cantaeuzenus
1655 5010 1807 5064 verbi
1844 5006 2008 5080 hujus
2039 5011 2260 5067 licentia

686 5076 911 5149 liberior
941 5077 1330 5149 cst._F_orsitan
1358 5121 1372 5140 .
1424 5095 1547 5135 cum
1579 5080 1799 5149 proprio
1828 5076 2123 5144 uti'vellct,
2161 5099 2261 5137 nec

687 5147 982 5221 inveniret,
1021 5147 1263 5221 vicinum
1284 5152 1528 5221 accepit.
1560 5147 1616 5203 et
1650 5151 1701 5203 id
1733 5150 1913 5221 cidem
1947 5150 2000 5204 in
2034 5151 2257 5221 ἀνεψιὸν

684 5217 1007 5283 contingere
1042 5219 1237 5285 potuit.
1281 5219 1391 5273 Nec.
1419 5262 1433 5284 ,
1467 5229 1526 5273 ut
1556 5236 1747 5273 verum
1777 5220 1972 5281 fatear.
2001 5217 2255 5276 Latinium

687 5290 973 5360 proprium
1012 5288 1143 5360 mihi
1179 5292 1440 5355 occurrit,
1470 5305 1602 5359 quo.
1628 5292 1875 5360 inquam,
1903 5292 2068 5345 tiliam
2098 5307 2260 5347 soro-

685 5360 760 5413 ris
778 5359 979 5430 _proavi
1012 5358 1118 5430 mei
1155 5361 1424 5429 appellem
1449 5401 1463 5423 ,
1490 5358 1602 5413 nisi
1654 5358 1921 5430 majorem
1974 5363 2256 5418 amitinam

684 5428 822 5505 velis
865 5428 1127 5505 appellari
1156 5470 1170 5491 ,
1196 5428 1342 5499 quia
1380 5433 1493 5498 ipsa
1522 5428 1938 5505 _soror_pro;tvi
1970 5442 2052 5487 est
2086 5434 2259 5505 major

683 5500 872 5571 amita.
906 5499 1033 5571 Ideo
1063 5509 1348 5571 cognatam
1386 5501 1689 5562 noniinavi.
1720 5499 1772 5555 iu
1798 5518 1907 5571 quo
1928 5519 2115 5557 errare
2148 5499 2256 5558 non

686 5570 860 5643 potui:
941 5570 1135 5643 Possis
1194 5572 1360 5624 etiam
1417 5570 1825 5643 consobrinam
1867 5573 2256 5643 interpretari;

683 5656 808 5695 naut
846 5639 1011 5694 hodie
1044 5641 1210 5694 latius
1240 5651 1389 5711 patet
1420 5642 1536 5696 hiet:
1559 5656 1690 5709 vox,
1720 5657 1820 5698 nec
1852 5639 2062 5698 tantum
2093 5639 2258 5700 modo

686 5726 739 5765 in
771 5727 1023 5782 sororum
1076 5721 1171 5782 aut
1202 5713 1456 5775 fratrum,
1483 5728 1845 5782 sororumque
1872 5716 1998 5770 filiis
2026 5715 2259 5771 domici-

686 5781 1034 5855 limn_ha_bet.
1078 5780 1221 5855 Infra
1251 5784 1616 5852 appellabitur
1642 5780 1859 5855 ἀνεψιά.

756 5853 869 5922 (ιιι)
912 5852 1153 5907 l’rimnm
1186 5853 1380 5908 horum
1409 5897 1421 5917 ,
1456 5870 1553 5909 sua
1613 5852 1873 5911 nimirum
1908 5855 1961 5911 in
2000 5862 2115 5913 tutu
2146 5865 2255 5914 sta—

2376 4953 2555 5011 tuere,
2589 4959 2735 5013 smpe
2772 4944 2890 4998 sine
2939 4942 3063 4998 aliis
3111 4942 3330 4998 duobus
3354 4978 3369 5001 .
3405 4948 3500 4994 aut
3526 4939 3703 4993 altero
3752 4939 3952 4998 saltent

2373 5030 2482 5070 non
2510 5015 2795 5085 contingit,
2848 5013 2964 5068 Non
3016 5023 3194 5084 potest
3224 5027 3369 5085 φερε
3402 5027 3520 5085 τετε
3547 5019 3693 5085 _aut_
3722 5013 3950 5085 respub.

2370 5100 2492 5140 esse
2527 5095 2663 5150 tuta,
2695 5080 2800 5139 nisi
2829 5080 3031 5138 hostes
3045 5086 3130 5139 vel
3159 5080 3417 5152 subjiciat
3456 5080 3583 5152 sibi,
3611 5080 3697 5134 vel
3731 5081 3955 5149 perdat.

2368 5155 2729 5224 Suscipicnda
2784 5155 2951 5233 bella_
2986 5156 3061 5233 ait
3091 5169 3129 5233 _l
3186 5151 3286 5233 ΩῙΪ.
3327 5153 3396 5206 Μ.
3433 5151 3667 5233 Tullius,
3703 5155 3773 5203 ob
3824 5168 3948 5208 eam

2367 5240 2629 5304 causam,
2672 5236 2731 5279 ut
2765 5228 2892 5304 _sine
2939 5225 3138 5295 injuria
3186 5228 3241 5304 _in
3296 5240 3428 5304 pace
3486 5225 3744 5304 vivatur;
3783 5232 3946 5304 parta

2368 5307 2550 5350 autem
2582 5297 2813 5350 vietoria
2857 5293 3307 5361 conservandos,
3338 5296 3431 5364 qtti
3466 5308 3579 5364 non
3608 5293 3861 5346 crudeles
3892 5293 3947 5347 in

2370 5367 2535 5442 bello,
2590 5382 2690 5442 nec
2737 5369 3003 5442 immanes
3055 5366 3317 5442 [uer-_unt:
3356 5365 3420 5420 Ut
3443 5363 3705 5442 _majorcs
3743 5364 3948 5442 nostri,

2369 5438 2566 5506 inquit,
2599 5435 2822 5503 qunos,
2863 5434 3071 5490 Volscos
3095 5477 3112 5501 ,
3151 5436 3397 5495 Sabinos.
3437 5434 3693 5489 Hernicos
3717 5434 3789 5506 Δξπ
3822 5434 3952 5486 civi-

2366 5500 2526 5561 tatem
2555 5500 2721 5561 etiam
2753 5500 3176 5576 acccperant,iat
3206 5506 3600 5576 Carthaginem
3629 5514 3677 5557 et
3708 5500 3953 5556 Numan-

2366 5578 2497 5631 tiam
2529 5577 2766 5647 fundilns
2795 5578 3141 5632 sustulerunt.
3193 5575 3408 5630 Nollem
3433 5575 3777 5647 iCorinlhum
3803 5616 3819 5640 ,
3855 5576 3951 5628 sed

2363 5646 2667 5723 credo'illo‘s
2700 5658 2900 5723 secutos
2933 5650 3395 5723 opportunitatem
3435 5646 3537 5723 laci
3592 5648 3849 5723 maxime,
3882 5661 3951 5699 nc

2364 5729 2534 5790 posset
2585 5719 2878 5791 aliquando
2928 5716 3013 5774 ad
3042 5718 3237 5773 bellum
3293 5718 3597 5788 faciendum
3645 5716 3787 5772 locus
3837 5718 3952 5785 ipse

2364 5791 2663 5845 adhortari.
