4250 6440
268 425 354 490 181
1447 434 1946 495 ΙΗΞἹῸΒΙᾹΗΗΞ

1447 434 1986 495 ΙΗΞἹῸΒΙᾹΒΗΜ
2028 442 2255 499 LIBER
2298 442 2343 500 ί.

3379 442 3478 503 13!

261 550 394 584 ποτε
451 536 542 585 τὸν
586 534 716 602 ἐμὸν
766 536 989 587 πάππον
1048 535 1141 588 καὶ
1211 536 1433 604 βασιλέα
1461 575 1476 598 ,
1528 538 1654 607 μήθ’
1680 537 1820 591 οὕτω
1853 544 1937 598 Αἱ

1801 558 1820 591 u
1853 545 1892 598 A
1920 544 2167 612 inquam,
2210 560 2432 613 ponere,
2483 561 2605 600 cum
2662 547 2860 601 illustri
2906 550 3069 603 laude
3127 551 3479 618 coniunctum

265 624 497 693 μανείην
536 624 678 678 ὥστε
734 626 765 694 ἦ
817 627 1033 695 νομίσαι
1077 629 1108 693 ἢ
1158 626 1547 696 βουλεύσασθαί
1604 645 1658 681 τι
1710 629 1819 680 τῶν
1923 648 1943 687 ε

1805 645 1819 680 ο
1923 643 2029 699 est,
2048 635 2117 688 ab
2146 634 2313 688 armis
2338 636 2591 689 recedere
2615 651 2714 689 nos
2743 639 3021 692 convenit.
3041 639 3197 704 Quod
3228 640 3271 693 si
3297 641 3483 692 nolue-

262 712 583 781 ἀνηκέστων
642 716 759 767 κατ’
814 715 1003 789 αὑτοῦ.
1071 716 1145 768 Οὐ
1184 716 1292 786 μὴν
1345 717 1459 769 ἀλλ’
1501 718 1621 770 οὐδὲ
1675 718 1818 787 ὑμᾶς

265 803 450 872 οἴομαι
506 803 792 868 φιλοῦντας
850 805 1077 875 τοιαύτῃ
1131 807 1384 877 συμφορᾷ
1431 806 1693 874 περιϊδεῖν
1752 806 1819 858 ἂν

268 892 445 960 ἡδέως
498 895 866 963 περιπεσόντα
909 894 1038 945 ὥστ’
1066 896 1369 963 ἀλάστορος
1417 896 1512 947 καὶ
1547 895 1822 962 πατροφό-

266 999 360 1034 νου
397 983 555 1044 δίκας
588 984 723 1034 πᾶσι
755 986 866 1045 τοῖς
898 982 990 1049 ὑφ’
1014 983 1165 1051 ἥλιον
1187 984 1443 1051 ὀφείλειν.
1482 984 1610 1037 Ὅτε
1644 973 1821 1038 τοίνυν

264 1071 376 1124 τῶν
408 1073 789 1139 καταλυόντων
821 1076 945 1137 τοὺς
993 1075 1262 1143 πολέμους
1320 1075 1387 1127 τὰ
1435 1076 1536 1145 μέν
1565 1077 1695 1145 ἡμῖν
1727 1094 1824 1128 πε-

270 1162 467 1230 ρίεστι,
496 1163 556 1213 τὸ
583 1161 628 1214 δ’
662 1164 720 1214 ἐν
749 1162 1001 1232 εὐτυχίας
1044 1165 1286 1234 μεγίστῳ
1323 1164 1482 1235 μέρει
1519 1167 1593 1235 μὴ
1624 1168 1827 1237 παρεῖ-

268 1268 379 1313 ναι,
420 1253 515 1304 καὶ
547 1251 777 1322 προσέτι
828 1255 1119 1323 πρόσεστιν
1169 1253 1392 1308 εὔκλεια
1438 1258 1551 1316 τοῖς
1593 1272 1827 1324 πραττο-

275 1340 481 1406 μένοις,
513 1340 847 1394 καταθέσθαι
886 1343 976 1395 τὸν
1037 1343 1271 1411 πόλεμον
1323 1346 1613 1415 προσήκει,
1647 1346 1727 1397 ἔτι
1771 1345 1827 1397 δὲ

268 1428 380 1480 οὐδ’
436 1430 505 1482 ἀν
556 1430 961 1499 εύφρονούντων
1003 1432 1303 1501 ἀνθρώπων
1355 1433 1514 1502 ἔργον
1548 1433 1829 1503 πράξομεν

273 1517 349 1587 μὴ
393 1518 706 1587 βουλόμενοι
736 1521 827 1572 τὸν
882 1522 1116 1591 πόλεμον
1154 1523 1463 1577 καταλύειν.
1498 1525 1560 1577 Εἰ
1594 1524 1691 1593 μὲν
1720 1523 1830 1594 γὰρ

272 1607 370 1658 νῦν
422 1608 741 1672 ἐπελθόντες
792 1612 1233 1681 παραληψόμεθα
1288 1612 1389 1682 τὴν
1448 1613 1622 1674 πόλιν.
1670 1615 1830 1666 πλέον

276 1696 379 1764 μὲν
419 1697 572 1750 ούδέν
602 1693 676 1749 ὧν
707 1699 801 1750 νῦν
828 1699 1021 1769 ἔχομεν
1054 1701 1194 1771 ἔχειν
1220 1699 1464 1766 ἐξέσταιο
1487 1699 1525 1755 ἃ
1560 1702 1606 1755 δ’
1632 1702 1831 1772 ἔχομεν

278 1788 399 1854 μετ’
443 1789 694 1851 εὐκλείας
735 1790 851 1858 ἅμα
899 1791 993 1843 καὶ
1040 1791 1389 1862 δικαιοσύνης
1431 1792 1528 1845 καὶ
1556 1796 1833 1864 πατρικῆς

273 1880 464 1949 εὐχῆς,
524 1880 797 1950 ἁρπάζειν
852 1884 946 1935 καὶ
984 1884 1209 1948 ἀδικεῖν,
1265 1885 1360 1937 καὶ
1415 1888 1702 1955 μονονουχὶ
1729 1873 1907 1939 παιΒ

273 1973 587 2039 τροκτονεῖν
651 1971 874 2041 ἔχοντας
930 1974 1137 2038 δοκεῖν,
1189 1976 1217 2028 ὃ
1263 1978 1760 2047 παραφρονούντων
1802 1978 1836 2047 ἢ

276 2061 620 2129 φρονούντων
665 2063 779 2134 (62)
817 2065 885 2118 ἂν
929 2065 1035 2134 εἴη.
1091 2066 1261 2135 Είπερ
1312 2067 1368 2118 δὲ
1400 2067 1460 2120 οὐ
1496 2068 1840 2136 δυνησόμεθα

279 2152 638 2221 παραλαϐεῖν,
670 2155 807 2223 πρὸς
836 2155 914 2225 τῷ
942 2146 1109 2210 πᾶσιν
1137 2156 1445 2227 ἀνθρώποις
1472 2158 1747 2228 μισεῖσθαι
1780 2176 1838 2213 τε

278 2246 375 2295 καὶ
424 2244 812 2300 διαϐάλλεσθαι
849 2247 1075 2311 δικαίως
1118 2248 1220 2318 (ὅτι
1277 2250 1415 2317 πρὸς
1456 2250 1682 2321 εἰρήνην
1711 2266 1843 2321 προ-

277 2334 646 2403 καλούμενοι,
716 2339 900 2409 ἀδικίᾳ
961 2342 1056 2393 καὶ
1121 2339 1406 2411 πλεονεξίᾳ
1464 2340 1688 2412 γνώμης
1745 2343 1843 2411 οὐχ

278 2426 694 2497 ὑπηκούσαμεν)
754 2430 849 2483 καὶ
902 2432 1041 2501 πρὸς
1067 2432 1345 2493 κινδύνους
1385 2434 1673 2501 ἀνονήτους
1718 2435 1846 2487 ἐαυ-

283 2518 413 2580 τοὺς
479 2517 877 2591 δποϐαλοῦμεν,
917 2524 1010 2576 καὶ
1044 2525 1269 2588 πολλαῖς
1298 2525 1484 2579 πόλεσι
1515 2525 1611 2577 καὶ⁵
1635 2524 1845 2596 χώραις

280 2609 450 2663 αίτιοι
508 2613 965 2683 καταστησόμεθα
1004 2614 1193 2669 κακῶν
1248 2616 1585 2685 ἀνηκέστων.
1627 2616 1846 2670 Τούτων

280 2700 468 2760 ἓνεκα,
498 2702 659 2765 αὐτός
688 2720 746 2754 τε
778 2704 1101 2774 ἀσπάζομαι
1128 2708 1227 2775 τὴν
1259 2708 1395 2776 πρὸς
1424 2706 1651 2775 βασιλέα
1690 2708 1844 2777 εἰρή-

284 2807 407 2858 νην,
436 2792 530 2843 καὶ
579 2793 708 2862 ύμῖν
748 2793 1053 2874 λυσιτελεῖν
1092 2796 1333 2865 νομίζων
1366 2797 1844 2867 συμϐεϐούλευκα.

289 2882 521 2936 Ἐσεσθε
562 2885 670 2956 γὰρ
726 2888 1091 2959 ἀπειληφότες
1147 2888 1304 2953 δόξαν
1353 2889 1576 2966 ἀνδρίας
1609 2891 1725 2959 ἅμα
1753 2890 1849 2945 καὶ

284 2974 633 3045 δικαιοσύνης
662 2979 758 3032 καὶ
790 2981 1167 3051 σωφροσύνης,
1200 2981 1385 3045 ὅπλοις
1410 2981 1507 3051 μέν
1534 2982 1851 3052 κρατήσανο

284 3083 379 3129 τες
405 3069 511 3120 τῶν
536 3068 1034 3141 ἀντιτεταγμένων,
1058 3074 1152 3127 καὶ
1179 3073 1277 3135 τὰς
1306 3076 1535 3144 γνώμας
1568 3091 1851 3144 παραστη-

1926 724 2120 787 rimus,
2175 723 2556 791 imprudenter
2594 739 2657 777 ac
2704 724 2868 780 stulte
2926 726 3178 779 facimus.
3226 726 3280 779 Si
3335 726 3481 776 enim

1927 830 2075 868 nunc
2134 815 2323 868 urbem
2381 815 2698 867 adoriamur
2774 824 2830 868 et
2886 830 3250 884 occupemus,
3311 815 3484 865 nihilo

1927 905 2048 974 plus
2074 904 2399 957 habebimus
2419 943 2432 965 ,
2464 920 2626 973 quam
2654 920 2799 958 nunc
2834 905 3124 958 habemus.
3157 906 3286 970 Qum
3304 916 3483 958 autem

1928 996 2181 1065 gloriose,
2212 994 2377 1061 iuste,
2424 1009 2548 1047 cum
2584 996 2832 1063 paternis
2877 995 3024 1048 votis
3077 996 3365 1057 habemus,
3422 1011 3483 1048 ea

1929 1100 2029 1154 per
2075 1084 2313 1152 rapinas.
2370 1084 2621 1153 injurias,
2671 1096 2724 1137 et
2775 1094 3098 1137 tantumnon
3133 1100 3230 1153 per
3257 1087 3486 1151 parrici-

1930 1172 2081 1227 dium
2117 1173 2319 1226 habere
2351 1173 2651 1227 existimari
2678 1176 2837 1238 velle,
2863 1176 2963 1229 hoc
2992 1192 3122 1229 vero
3153 1176 3401 1243 desipere
3424 1190 3486 1228 ac

1932 1263 2164 1317 delirare
2203 1272 2308 1317 est.
2350 1263 2405 1317 Si
2442 1279 2708 1333 occupare
2752 1281 2859 1318 non
2904 1266 3226 1334 poterimus,
3265 1276 3490 1333 praeter-

1933 1370 2097 1424 quam
2136 1354 2281 1422 quod
2311 1354 2364 1406 in
2388 1354 2647 1408 omnium
2679 1356 2801 1408 odia
2860 1357 3272 1424 calumniasque
3305 1356 3490 1409 incur-

1935 1460 2119 1497 remus
2157 1444 2306 1511 (quia
2357 1444 2422 1497 ad
2468 1460 2657 1512 pacem
2725 1445 2963 1508 invitati,
3020 1447 3370 1513 improbitate
3431 1455 3487 1497 et

1936 1534 2193 1600 cupidine
2233 1534 2431 1587 irretiti
2477 1536 2959 1602 recusaverimus),
2994 1537 3157 1590 etiam
3210 1536 3265 1588 in
3298 1537 3493 1588 discri-

1938 1621 2082 1673 mina
2129 1621 2249 1674 sine
2281 1622 2390 1675 ullo
2424 1621 2604 1675 fructu
2652 1639 2751 1677 nos
2785 1625 3161 1694 conjiciemus,
3201 1624 3496 1692 multisque

1939 1712 2170 1765 urbibus
2225 1721 2280 1766 et
2334 1713 2650 1782 regionibus
2686 1715 2894 1767 cladem
2937 1726 3250 1785 pestemque
3285 1716 3493 1769 creabi-

1941 1817 2081 1856 mus.
2111 1801 2207 1857 His
2230 1804 2536 1858 rationibus
2568 1820 2667 1873 ego
2696 1804 2987 1873 impulsus,
3020 1822 3207 1873 pacem
3238 1821 3359 1859 cum
3395 1822 3500 1859 avo

1938 1892 2293 1961 complector,
2315 1908 2543 1960 eamque
2572 1893 2729 1968 vobis
2758 1902 3012 1961 tanquam
3048 1893 3233 1946 utilem
3259 1878 3496 1945 suadeo:

1942 1982 2067 2037 inde
2102 1982 2247 2036 enim
2278 1997 2308 2035 a
2366 1982 2711 2046 fortitudine,
2744 1984 2953 2055 iustitia
3008 1993 3064 2037 et
3124 1983 3501 2037 moderatione

1940 2073 2482 2139 commendahimini,
2517 2076 2585 2137 si,
2620 2090 2743 2128 cum
2775 2073 3117 2128 adversarios
3149 2074 3317 2126 armis
3368 2075 3501 2126 sub-

1940 2165 2311 2235 egeritis(65),
2340 2182 2487 2220 nunc
2522 2165 2622 2234 ipsi
2658 2168 2871 2220 animos
2897 2176 3108 2220 vestros
3139 2166 3425 2231 subigatis,
3449 2175 3504 2218 et

1942 2272 2043 2326 pro
2069 2258 2192 2328 jure
2222 2257 2599 2327 propugnetis,
2625 2273 2730 2311 non
2759 2258 2861 2326 ipsi
2904 2257 3163 2325 injuriam
3206 2256 3455 2310 inleratis
3488 2274 3498 2307 :

1942 2359 2233 2416 vesuoque
2270 2364 2365 2401 vos
2394 2348 2530 2416 pede
2566 2349 2857 2403 metientes
2897 2350 3053 2419 (64),
3101 2365 3201 2402 nec
3229 2349 3501 2403 successi-

1944 2439 2047 2493 bus
2078 2438 2524 2505 intumescentes,
2576 2439 2822 2494 modeste
2856 2454 2921 2494 ac
2964 2440 3237 2494 submisse
3282 2454 3381 2491 vos
3412 2452 3504 2505 ge-

1946 2530 2100 2584 ratis.
2137 2528 2236 2584 Ubi
2275 2529 2391 2584 ha:c
2434 2544 2533 2598 pro
2564 2546 2696 2600 pace
2728 2531 3028 2600 disputavit
3054 2533 3377 2599 imperator,
3410 2544 3506 2581 ex-

1946 2620 2154 2688 cipiens
2186 2635 2414 2689 magnus
2445 2621 2804 2686 domesticus,
2860 2622 2927 2675 Et
2967 2637 3116 2691 aequa
3146 2661 3160 2685 ,
3216 2620 3413 2689 inquit,
3452 2629 3510 2672 et

1949 2706 2345 2777 conducibilia,
2404 2717 2460 2761 et
2515 2708 2746 2777 gloriam
2798 2724 2906 2763 non
2954 2709 3287 2763 mediocrem
3351 2708 3509 2761 nobis

1950 2775 2308 2853 conciliatura
2341 2775 2554 2860 dixisti,
2593 2799 2911 2867 imperator.
2946 2798 3127 2860 Quare
3164 2809 3213 2850 te
3251 2796 3323 2849 ita
3353 2798 3509 2850 locu-

1951 2897 2065 2942 tum
2104 2896 2161 2941 ut
2190 2887 2395 2949 decuit,
2436 2886 2580 2941 haud
2611 2902 2943 2957 quemquam
2984 2885 3354 2940 inliciaturum
3388 2884 3506 2952 opi-

1953 2994 2076 3033 nor.
2108 2978 2376 3048 Equidem
2403 2980 2518 3048 ipse
2544 2993 2667 3048 ego,
2693 2979 2735 3031 si
2760 2977 2891 3046 quid
2916 2977 3077 3032 aliter
3106 2978 3308 3031 dictum
3344 2977 3511 3030 senti-

1954 3086 2092 3133 rem,
2126 3070 2180 3123 id
2221 3068 2553 3123 rel‘ellerem.
2584 3068 2692 3137 ⁸12
2724 3067 2830 3122 Sed
2858 3068 3120 3137 quoniam
3176 3068 3338 3130 bene,
3369 3067 3514 3135 juste

288 3161 539 3258 cape-von
580 3163 916 3258 ἀμυνόμενοί
962 3182 1021 3218 τε
1063 3166 1205 3237 ὑπὲρ
1246 3164 1342 3219 τοῦ
1384 3166 1593 3221 δικαίου
1624 3168 1720 3220 καὶ
1751 3168 1852 3221 οὐκ
1878 3199 1921 3258 c
1954 3176 1966 3215 ε

1836 3186 1852 3221 ι
1878 3199 1921 3258 c
1954 3176 2018 3216 ac
2042 3175 2141 3230 pro
2168 3160 2399 3216 scientia
2423 3158 2770 3231 imperatoria
2799 3160 3007 3228 prolata
3035 3168 3163 3211 sunt
3189 3157 3395 3221 omnia,
3423 3172 3514 3210 su-

287 3252 447 3305 αὺτοὶ
470 3253 798 3317 ἀδικοῦντες·
832 3257 925 3311 καὶ
956 3256 1034 3327 τῷ
1083 3258 1156 3330 μὴ
1191 3259 1333 3328 ὑπὲρ
1381 3259 1452 3312 τὰ
1484 3258 1679 3329 μέτρια
1717 3277 1849 3330 φρο-

286 3346 400 3396 νεῖν
434 3345 571 3414 μηδέ
599 3349 722 3410 ταῖς
774 3348 1052 3420 εὐτυχίαις
1100 3344 1399 3419 φυσᾶσθαι,
1436 3351 1536 3422 τὴν
1564 3350 1846 3419 σωφροσύ-

287 3452 392 3503 νην
448 3436 910 3508 ἐπιδεικνύμενοι.
959 3440 1202 3494 Τοιαῦτα
1256 3440 1351 3494 τοῦ
1400 3440 1524 3495 νέου
1584 3439 1851 3511 βασιλέως

289 3526 433 3595 ὑπὲρ
484 3543 585 3596 της
635 3530 717 3592 εἰς
783 3529 1010 3599 βασιλέα
1064 3532 1289 3602 εἰρήνης
1347 3532 1721 3602 διαλεχθέντος
1754 3572 1770 3597 ,
1826 3532 1855 3585 ό

294 3618 468 3684 μέγας
504 3617 821 3688 δομέστικος
864 3622 980 3690 μετ’
1013 3623 1204 3688 αὑτὸν,
1239 3624 1347 3677 Καὶ
1376 3618 1560 3677 δίκαια
1592 3624 1690 3675 καὶ
1719 3640 1858 3692 συμ-

292 3708 549 3774 φέροντα,
603 3705 762 3773 εἷπε,
809 3712 906 3764 καλ⁵
938 3712 1143 3783 πολλῆς
1180 3714 1333 3767 αῐτια
1393 3714 1550 3783 δόξης
1615 3714 1857 3783 ἐσόμενα

292 3798 427 3864 ἡμῖν
469 3797 718 3869 εἴρηκας,
751 3794 797 3854 ὧ
834 3800 1080 3870 βασιλεῦ.
1132 3804 1227 3857 Διὸ
1254 3804 1375 3857 οὐδὲ
1427 3805 1734 3873 ἀντιλέγειν
1767 3804 1858 3857 ού-

290 3886 421 3938 δένα
458 3888 566 3940 τῶν
595 3890 813 3945 πάντων
852 3893 927 3956 ὡς
970 3894 1069 3964 οὐχ
1209 3896 1484 3965 προσῆκεν
1518 3894 1733 3966 εἴρηται
1771 3894 1860 3947 δυ-

292 3982 556 4049 νήσεσθαι
582 3985 812 4053 νομίζω.
874 3987 1021 4055 Ἐγὼ
1056 3988 1165 4059 γάρ
1198 3988 1364 4050 αὐτὸς
1391 3989 1443 4041 εί
1486 4006 1537 4041 τι
1568 3988 1859 4059 συνεώρων

294 4074 590 4141 εἰρημένον
634 4076 745 4129 τῶν
796 4079 872 4148 μὴ
936 4081 1204 4145 δεόντων,
1255 4082 1511 4135 ἀντεῖπον
1568 4081 1657 4135 ἄν.
1706 4082 1860 4134 Ἐπεὶ

292 4164 337 4215 δ’
366 4165 582 4219 ἅπαντα
616 4167 837 4240 εῖρηται
880 4171 1060 4233 καλῶς
1107 4174 1201 4225 καὶ
1247 4171 1594 4241 δικαιοσύνης
1621 4172 1861 4242 ἐχόμενα

294 4257 391 4308 καὶ
434 4258 736 4328 ἐμπειρίας
787 4265 1181 4333 στρατηγικῆς,
1228 4265 1382 4318 οὐδὲν
1427 4265 1506 4318 ἔτι
1541 4265 1602 4317 τὸ
1650 4265 1857 4330 λεῖπον,

297 4347 327 4415 ἢ
361 4348 442 4410 εἰς
476 4351 649 4416 πέρας
699 4354 858 4420 ἄγειν
907 4355 980 4407 τὰ
1015 4355 1439 4426 βεϐουλευμένα.
1491 4358 1617 4409 Ἐπὶ
1648 4356 1861 4421 τούτοις

1954 3259 2140 3324 perest
2172 3250 2277 3306 hoc.
2322 3266 2518 3313 unum,
2553 3260 2612 3304 ut
2640 3265 2761 3319 qua:
2796 3249 3074 3305 mentibus
3102 3248 3325 3319 probata
3362 3258 3513 3314 sunt,

1954 3330 2134 3416 opere
2172 3346 2293 3414 ipso
2338 3344 2814 3399 administrentur.
2875 3342 3126 3397 Posthaec
3160 3341 3414 3397 nonnulli
3447 3342 3515 3396 de

1954 3433 2278 3505 proceribus
2326 3448 2395 3489 ex
2447 3432 2716 3497 exercitu,
2771 3432 2837 3486 ad
2892 3432 2997 3487 hoc
3031 3432 3208 3502 ipsum
3255 3434 3411 3502 prius
3445 3432 3513 3487 ab

1955 3527 2287 3597 imperatore
2350 3532 2407 3578 et
2456 3537 2653 3592 magno
2705 3521 3009 3577 domestico
3065 3523 3351 3577 subornati
3423 3522 3516 3576 in-

1956 3616 2283 3686 structique,
2322 3625 2383 3669 ut
2409 3629 2637 3669 assensu
2674 3612 2955 3667 firmarent
2989 3615 3199 3679 audita,
3226 3614 3517 3669 consilium

1958 3708 2143 3765 verbis
2171 3706 2505 3769 extulerunt,
2536 3719 2834 3775 pacemque
2869 3714 2930 3759 ut
2959 3706 3260 3758 multarum
3280 3720 3523 3760 commo-

1958 3803 2191 3858 ditatum
2222 3797 2672 3863 eonciliatricem,
2693 3797 3100 3867 suscipiendam
3125 3796 3514 3865 praadiearunt.

1960 3897 2083 3951 Mox
2130 3892 2431 3965 Syrgiaune
2481 3899 2538 3945 et
2594 3898 2994 3960 protostratore
3046 3889 3350 3943 sententias
3398 3901 3530 3943 suas

1960 3988 2154 4044 eodem
2186 3983 2632 4057 aggregantibus,
2666 3992 2779 4037 tota
2818 3983 3032 4052 agmina
3066 3993 3254 4035 secuta
3288 3990 3437 4047 sunt,
3469 3991 3527 4034 et

1962 4096 2065 4153 pax
2087 4077 2439 4134 constabilita
2478 4085 2582 4130 est.
2624 4075 2741 4129 Etsi
2772 4075 2921 4129 enim
2969 4091 3077 4128 non
3112 4075 3390 4137 deessent,
3428 4074 3522 4143 qui

1961 4174 2026 4229 ad
2054 4169 2283 4225 exitium
2311 4166 2913 4241 seniorisimperatoris
2942 4167 3180 4220 militare
3206 4165 3524 4235 elegissent,

1965 4273 2147 4321 tamen
2176 4277 2300 4318 cum
2332 4258 2688 4316 multitudine
2725 4259 2876 4315 velut
2915 4259 3123 4329 impetu
3156 4259 3394 4329 quodam
3423 4258 3526 4311 llu-

1914 4366 1921 4373 '
1965 4356 2132 4412 minis
2154 4354 2595 4425 abripiebantur.

293 4442 405 4492 τῶν
442 4444 499 4495 ἐν
524 4445 667 4498 τέλει
693 4448 836 4510 τινὲς
869 4458 963 4502 και
1000 4450 1098 4518 τῆς
1131 4452 1398 4520 στρατιᾶς
1432 4450 1521 4505 ἐπ’
1550 4450 1687 4505 αὐτὸ
1707 4450 1867 4505 τοῦτο
1905 4451 2169 4524 πρότερον
2204 4449 2310 4503 ὑπό
2356 4466 2415 4501 τε
2476 4448 2741 4519 βασιλέως
2822 4448 2915 4502 καὶ
2961 4449 3055 4501 τοῦ
3086 4448 3329 4518 μεγάλου
3360 4464 3531 4517 παρε-

297 4539 661 4607 σκευασμένοι
694 4540 1014 4609 δομεστίκου
1072 4540 1216 4596 ὥστε
1255 4546 1535 4598 συνειπεῖν
1569 4539 1679 4606 τοῖς
1717 4544 2119 4615 εἰρησομένοις,
2180 4543 2281 4613 τὴν
2322 4540 2519 4612 βουλήν
2581 4559 2642 4595 τε
2696 4543 2990 4614 ἐπῄνεσαν,
3021 4542 3118 4593 καὶ
3182 4540 3279 4609 τὴν
3309 4540 3533 4610 εἰρήνην

295 4630 371 4690 ὡς
420 4633 601 4683 αἰτίαν
641 4633 909 4711 ἐσομένην
956 4635 1171 4688 πολλῶν
1218 4636 1442 4705 ἀγαθῶν
1501 4637 1715 4707 ἔφασαν
1789 4637 1903 4691 δεῖν
1940 4637 2238 4707 αἱρεῖσθαι.
2295 4636 2406 4690 Καὶ
2460 4634 2797 4707 Συργιάννου
2853 4636 2898 4690 δ’
2974 4636 3134 4698 εὐθὺς
3173 4635 3269 4688 καὶ
3324 4649 3537 4704 πρωτο-

299 4723 597 4794 πράτορος
652 4729 765 4789 τοῖς
815 4727 1133 4794 λεγομένοις
1155 4729 1552 4801 προσθεμένων
1580 4771 1595 4796 ,
1636 4730 1733 4784 καὶ
1786 4731 1847 4783 τὸ
1886 4731 2093 4802 πλῆθος
2129 4731 2275 4786 ἅπαν
2337 4729 2768 4800 ἐπηκολούθησε,
2830 4728 2923 4782 καὶ
2964 4727 3274 4798 ἐκεκύρωτο
3308 4729 3342 4796 ἡ
3381 4726 3533 4797 εἰρή-

296 4835 387 4886 νη.
427 4816 488 4869 Εἰ
535 4818 644 4888 γὰρ
713 4818 806 4872 καί
840 4836 989 4883 τινες
1043 4815 1187 4890 ἦσαν
1229 4821 1370 4893 ὑπὲρ
1434 4823 1529 4876 τοῦ
1601 4824 1694 4877 τδν
1733 4823 2110 4895 πρεσϐύτερον
2142 4823 2369 4895 βασιλέα
2401 4816 2769 4894 διαφθαρῆναι
2823 4821 2921 4875 τὸν
2963 4821 3202 4892 πόλεμον
3270 4818 3534 4891 αἱρούμε-

298 4927 406 4971 νοι,
441 4911 557 4963 ἀλλ’
589 4911 778 4981 ὥσπερ
829 4912 933 4966 ὑπὸ
996 4915 1270 4985 ῥεύματος
1318 4917 1412 4969 καὶ
1442 4916 1597 4970 αὐτοὶ
1628 4917 2063 4989 συναπήχθησαν
2106 4916 2202 4971 τοῦ
2260 4916 2524 4988 πλήθους.

1565 5031 1781 5092 Jacobi
1814 5031 2077 5092 Pontani
2118 5038 2303 5093 notua.

374 5128 801 5204 (62)_Fortasse,
833 5130 969 5204 ὅλως
996 5130 1393 5204 ἀφρονούντων,
1426 5136 1509 5188 vel
1541 5132 1723 5203 potius
1744 5143 1871 5188 ante
1896 5135 1950 5195 D
1981 5134 2052 5204 μέλ

1860 5135 1950 5195 :D
1981 5134 2176 5204 μέτρια
2207 5136 2446 5204 φρονεῖν.
2478 5133 2572 5188 Est
2620 5133 2749 5188 item
2799 5132 2853 5204 in
2890 5132 3014 5204 illos
3041 5130 3138 5204 qui
3165 5129 3422 5204 secundis
3448 5146 3538 5186 re-

374 5152 488 5198 ψει
527 5152 801 5194 rurtasse,
833 5152 969 5194 οΑως
996 5152 1393 5201 αφρονουντων,
1426 5152 1509 5188 vet
1541 5152 1723 5203 pouus
1744 5152 1871 5188 ante
1896 5152 1950 5195 υ
2022 5152 2176 5201 ετρια
2207 5152 2446 5204 φρονειν.
2478 5152 2572 5188 κλει
2620 5152 2749 5188 Item
2800 5152 2853 5186 In
2890 5152 3014 5187 Illos
3042 5152 3138 5200 qui
3165 5152 3422 5186 secundis
3448 5152 3539 5186 re-

301 5200 559 5274 ﬁpotuit
574 5213 696 5274 esse
732 5201 927 5274 vocula
967 5202 1189 5270 μᾶλλον.
1978 5152 2079 5259 Eus
2134 5206 2524 5274 prosperisque
2561 5202 2934 5274 successibus
2972 5202 3233 5256 inﬂantur
3294 5209 3350 5255 et
3393 5201 3539 5274 intu-

376 5271 492 5345 (ϐό)
528 5270 920 5345 Pulcherrima
956 5282 1010 5324 cl
1032 5273 1397 5345 _gravissima,
1431 5291 1669 5345 vereque
1701 5278 1873 5345 impe-

306 5342 510 5416 ratoria
542 5340 760 5416 γνώμη,
798 5342 987 5416 quales
1031 5340 1083 5394 in
1132 5345 1230 5416 hac
1263 5345 1487 5399 historia
1539 5340 1870 5416 complures.

312 5410 507 5488 Melior
539 5413 747 5488 est‘qui
778 5412 1083 5488 dominatur
1126 5414 1304 5488 animo
1336 5431 1461 5477 suo,
1512 5410 1874 5488 expuénatore

307 5481 533 5551 urbium.
574 5476 753 5547 (Prov.
784 5482 917 5549 xvn.)
950 5480 1113 5535 Poeta
1142 5484 1363 5551 quidam
1396 5504 1409 5538 :

412 5548 631 5623 Fortior
656 5561 728 5604 est
754 5553 841 5622 qui
871 5548 945 5614 se,
981 5568 1140 5621 quam
1159 5548 1261 5622 'qui
1295 5555 1582 5623 fortissima
1614 5558 1796 5611 uincit.

310 5618 515 5674 Seneca
582 5618 834 5675 Natural.
897 5618 1085 5691 qud-st.
1141 5618 1236 5676 lib.
1295 5618 1870 5682 'mz‘lnnumerabiles

309 5699 463 5767 sunt,
491 5694 580 5775 qui
606 5696 780 5773 urbes,
835 5696 924 5762 qui
963 5692 1181 5764 populos
1231 5697 1458 5750 habuere
1499 5699 1553 5751 in
1595 5707 1871 5769 potestate,

312 5777 624 5828 paucissnni
637 5780 724 5833 qm
750 5780 823 5816 se.

386 5834 497 5901 (64)
548 5834 639 5887 Sic
695 5835 904 5904 reddo,
954 5835 1099 5905 quod
1134 5834 1315 5893 Graece
1342 5847 1426 5892 est
1455 5880 1467 5904 ,
1518 5839 1588 5895 μὴ
1644 5839 1781 5891 uaso
1810 5839 1876 5893 tit

1978 5265 2283 5336 mescunt:
2312 5265 2458 5327 aliud
2506 5265 2795 5343 adagium,
2826 5273 3077 5343 umbram
3126 5286 3280 5343 suam
3333 5271 3535 5343 metiri.

1978 5345 2111 5399 Nam
2164 5360 2288 5400 eum
2329 5340 2876 5413 Philippus—Macedo
2927 5343 3087 5413 victis
3134 5340 3276 5409 apud
3320 5340 3544 5413 Chaero-

1978 5360 2111 5399 tvam
2164 5360 2288 5400 eum
2329 5360 2506 5413 rnmp
2550 5360 2612 5398 us
2656 5360 2876 5398 maeeuo
2927 5360 3087 5397 VICllS
3134 5360 3276 5409 apuu
3320 5360 3538 5396 umero-

1978 5428 2138 5467 neam
2183 5360 2611 5469 Atheniensigus
2660 5412 3233 5485 arrogantiusideuse
3284 5412 3538 5485 sentiret,

1980 5485 2301 5554 litterasque
2332 5487 2399 5540 ad
2428 5482 2819 5541 Archidamum
2846 5482 3079 5553 Agesilai
3102 5482 3542 5554 liliumnsuperlie

1977 5564 2033 5609 et
2089 5552 2283 5625 aspere
2340 5556 2572 5625 scriptas
2625 5552 3229 5625 dedisset,’respnndit
3270 5552 3361 5606 ille
3414 5569 3432 5625 :_
3479 5552 3544 5625 Et

1985 5622 2280 5694 perpﬂostc
2305 5626 2407 5694 τὴν
2438 5622 2636 5678 σαυτοῦ
2672 5624 2831 5677 σκιάν
2851 5666 2865 5690 ,
2913 5626 3013 5677 οὐκ
3041 5627 3107 5678 ἂν
3149 5623 3334 5692 εὕροις
3375 5622 3547 5694 αὐτὴν

1986 5692 2211 5765 μείζονα
2260 5692 2636 5766 γεγενημένην
2662 5734 2677 5759 ,
2730 5695 2762 5765 ἢ
2797 5695 2925 5765 πρὶν
2959 5697 3139 5766 νικᾷν.
3196 5694 3255 5748 Si
3290 5692 3549 5766 umbram

1988 5761 2136 5827 tuam
2162 5761 2393 5821 metieris
2417 5761 2568 5830 {non
2592 5761 2982 5835 'reper'ies'eam
3012 5761 3090 5819 vel
3124 5763 3330 5821 tantulo
3381 5761 3553 5831 παύου

1988 5852 2097 5919 τεηι
2126 5852 2254 5903 esse,
2291 5853 2451 5893 quam
2489 5839 2643 5891 fuerit
2672 5846 2794 5891 ante
2816 5837 3107 5890 victoriam.
