  <div class='ocr_page' id='page_1' title='image "/cluster/home/n/w/nwhite01/storage/ocr_20150623/153/nnc1.0046981039/101.png"; bbox 0 0 4250 6440; ppageno 0'>
   <div class='ocr_carea' id='block_1_1' title="bbox 778 379 2854 512">
    <p class='ocr_par' dir='ltr' id='par_1_1' title="bbox 778 379 2854 512">
     <span class='ocr_line' id='line_1_1' title="bbox 778 379 2854 512; baseline 0.013 -49"><span class='ocrx_word' id='word_1_1' title='bbox 778 401 874 466; x_wconf 78' lang='grc'><strong>183</strong></span> <span class='ocrx_word' id='word_1_2' title='bbox 1954 421 2274 482; x_wconf 62' lang='lat' dir='ltr'><strong>JOAVNIS</strong></span> <span class='ocrx_word' id='word_1_3' title='bbox 2313 379 2854 512; x_wconf 51' lang='lat' dir='ltr'><strong>C:\i‘lT.\CUZENI_</strong></span> 
     </span>
    </p>
   </div>
   <div class='ocr_carea' id='block_1_2' title="bbox 2146 554 2601 617">
    <p class='ocr_par' dir='ltr' id='par_1_2' title="bbox 2146 554 2601 617">
     <span class='ocr_line' id='line_1_2' title="bbox 2146 554 2601 617; baseline 0.02 -9"><span class='ocrx_word' id='word_1_4' title='bbox 2146 554 2369 614; x_wconf 68' lang='lat' dir='ltr'><strong>CAPUT</strong></span> <span class='ocrx_word' id='word_1_5' title='bbox 2415 559 2601 617; x_wconf 82' lang='lat' dir='ltr'><strong>XXIII.</strong></span> 
     </span>
    </p>
   </div>
   <div class='ocr_carea' id='block_1_3' title="bbox 763 650 3979 752">
    <p class='ocr_par' dir='ltr' id='par_1_3' title="bbox 763 650 3979 752">
     <span class='ocr_line' id='line_1_3' title="bbox 763 650 3979 752; baseline 0.009 -39"><span class='ocrx_word' id='word_1_6' title='bbox 1119 661 1340 752; x_wconf 42' lang='lat' dir='ltr'><strong>&quot;inriti-su</strong></span> <span class='ocrx_word' id='word_1_7' title='bbox 1352 663 1606 752; x_wconf 45' lang='lat' dir='ltr'><strong>adnuunt</strong></span> <span class='ocrx_word' id='word_1_8' title='bbox 1620 665 1840 752; x_wconf 46' lang='lat' dir='ltr'><strong>plenum</strong></span> <span class='ocrx_word' id='word_1_9' title='bbox 2047 669 2258 752; x_wconf 47' lang='lat' dir='ltr'><strong>fortem</strong></span> <span class='ocrx_word' id='word_1_10' title='bbox 2287 675 2495 752; x_wconf 70' lang='lat' dir='ltr'><strong>imperii</strong></span> <span class='ocrx_word' id='word_1_11' title='bbox 2521 678 2585 730; x_wconf 84' lang='lat' dir='ltr'><strong>ab</strong></span> <span class='ocrx_word' id='word_1_12' title='bbox 2607 695 2665 732; x_wconf 89' lang='lat' dir='ltr'><strong>eo</strong></span> <span class='ocrx_word' id='word_1_13' title='bbox 2691 683 2834 752; x_wconf 72' lang='lat' dir='ltr'><strong>petit.</strong></span> <span class='ocrx_word' id='word_1_14' title='bbox 2855 693 2904 734; x_wconf 83' lang='lat' dir='ltr'><strong>et</strong></span> <span class='ocrx_word' id='word_1_15' title='bbox 2909 684 3297 752; x_wconf 83' lang='lat' dir='ltr'><strong>juramentum.</strong></span> <span class='ocrx_word' id='word_1_16' title='bbox 3318 683 3667 747; x_wconf 71' lang='lat' dir='ltr'><strong>Juratsenex,</strong></span> <span class='ocrx_word' id='word_1_17' title='bbox 3695 689 3979 741; x_wconf 77' lang='lat' dir='ltr'><strong>anathema</strong></span> 
     </span>
    </p>
   </div>
   <div class='ocr_carea' id='block_1_4' title="bbox 834 729 3979 823">
    <p class='ocr_par' dir='ltr' id='par_1_4' title="bbox 834 729 3979 823">
     <span class='ocr_line' id='line_1_4' title="bbox 834 729 3979 823; baseline 0.01 -47"><span class='ocrx_word' id='word_1_18' title='bbox 834 729 1353 823; x_wconf 44' lang='lat' dir='ltr'><strong>nomen.</strong></span> <span class='ocrx_word' id='word_1_19' title='bbox 1382 729 1716 823; x_wconf 41' lang='lat' dir='ltr'><strong>imperatoris</strong></span> <span class='ocrx_word' id='word_1_20' title='bbox 1764 736 1810 786; x_wconf 81' lang='lat' dir='ltr'><strong>ei</strong></span> <span class='ocrx_word' id='word_1_21' title='bbox 1857 729 2131 823; x_wconf 44' lang='lat' dir='ltr'><strong>renituit...</strong></span> <span class='ocrx_word' id='word_1_22' title='bbox 2157 741 2270 823; x_wconf 55' lang='lat' dir='ltr'><strong>eius</strong></span> <span class='ocrx_word' id='word_1_23' title='bbox 2312 729 2569 823; x_wconf 10' lang='lat' dir='ltr'><strong>virtutem?</strong></span> 
     </span>
    </p>
   </div>
   <div class='ocr_carea' id='block_1_5' title="bbox 3882 441 3983 504">
    <p class='ocr_par' dir='ltr' id='par_1_5' title="bbox 3882 441 3983 504">
     <span class='ocr_line' id='line_1_5' title="bbox 3882 441 3983 504; baseline 0.01 -1"><span class='ocrx_word' id='word_1_24' title='bbox 3882 441 3983 504; x_wconf 75' lang='grc'><strong>184</strong></span> 
     </span>
    </p>
   </div>
   <div class='ocr_carea' id='block_1_6' title="bbox 823 793 2021 866">
    <p class='ocr_par' dir='ltr' id='par_1_6' title="bbox 823 793 2021 866">
     <span class='ocr_line' id='line_1_6' title="bbox 823 793 2021 866; baseline 0.011 -24"><span class='ocrx_word' id='word_1_25' title='bbox 823 793 1190 866; x_wconf 53' lang='lat' dir='ltr'><strong>interueniunt</strong></span> <span class='ocrx_word' id='word_1_26' title='bbox 1236 793 1547 865; x_wconf 70' lang='lat' dir='ltr'><strong>exigendam</strong></span> <span class='ocrx_word' id='word_1_27' title='bbox 1595 807 1664 853; x_wconf 87' lang='lat' dir='ltr'><strong>ad</strong></span> <span class='ocrx_word' id='word_1_28' title='bbox 1709 819 1762 854; x_wconf 82' lang='lat' dir='ltr'><strong>se</strong></span> <span class='ocrx_word' id='word_1_29' title='bbox 1801 805 2021 866; x_wconf 78' lang='lat' dir='ltr'><strong>miserit,</strong></span> 
     </span>
    </p>
   </div>
   <div class='ocr_carea' id='block_1_7' title="bbox 837 860 1940 942">
    <p class='ocr_par' dir='ltr' id='par_1_7' title="bbox 837 860 1940 942">
     <span class='ocr_line' id='line_1_7' title="bbox 837 860 1940 942; baseline 0.015 -32"><span class='ocrx_word' id='word_1_30' title='bbox 837 860 1235 942; x_wconf 56' lang='lat' dir='ltr'><strong>I’alteologina;</strong></span> <span class='ocrx_word' id='word_1_31' title='bbox 1290 860 1504 920; x_wconf 57' lang='lat' dir='ltr'><strong>cicuta:</strong></span> <span class='ocrx_word' id='word_1_32' title='bbox 1549 871 1708 924; x_wconf 84' lang='lat' dir='ltr'><strong>etiam</strong></span> <span class='ocrx_word' id='word_1_33' title='bbox 1762 887 1940 942; x_wconf 78' lang='lat' dir='ltr'><strong>nepos,</strong></span> 
     </span>
    </p>
   </div>
   <div class='ocr_carea' id='block_1_8' title="bbox 829 935 1340 1001">
    <p class='ocr_par' dir='ltr' id='par_1_8' title="bbox 829 935 1340 1001">
     <span class='ocr_line' id='line_1_8' title="bbox 829 935 1340 1001; baseline 0.016 -21"><span class='ocrx_word' id='word_1_34' title='bbox 829 935 1028 984; x_wconf 77' lang='lat' dir='ltr'><strong>misisse</strong></span> <span class='ocrx_word' id='word_1_35' title='bbox 1055 935 1340 1001; x_wconf 71' lang='lat' dir='ltr'><strong>affirmans.</strong></span> 
     </span>
    </p>
   </div>
   <div class='ocr_carea' id='block_1_9' title="bbox 2077 808 3976 890">
    <p class='ocr_par' dir='ltr' id='par_1_9' title="bbox 2077 808 3976 890">
     <span class='ocr_line' id='line_1_9' title="bbox 2077 808 3976 890; baseline 0 -15"><span class='ocrx_word' id='word_1_36' title='bbox 2077 808 2131 890; x_wconf 52' lang='lat' dir='ltr'><strong>id</strong></span> <span class='ocrx_word' id='word_1_37' title='bbox 2176 809 2278 890; x_wconf 71' lang='grc' dir='ltr'>ίςνε</span> <span class='ocrx_word' id='word_1_38' title='bbox 2319 816 2529 890; x_wconf 61' lang='grc' dir='ltr'>α’θρςζυε,</span> <span class='ocrx_word' id='word_1_39' title='bbox 2570 826 2624 890; x_wconf 65' lang='grc' dir='ltr'><strong>ειΔ</strong></span> <span class='ocrx_word' id='word_1_40' title='bbox 2663 808 2922 872; x_wconf 61' lang='lat' dir='ltr'><strong>hominem</strong></span> <span class='ocrx_word' id='word_1_41' title='bbox 2956 821 3107 873; x_wconf 80' lang='lat' dir='ltr'><strong>illum</strong></span> <span class='ocrx_word' id='word_1_42' title='bbox 3157 808 3435 890; x_wconf 64' lang='grc' dir='ltr'>υἱιυρρῖαι.</span> <span class='ocrx_word' id='word_1_43' title='bbox 3491 808 3726 877; x_wconf 68' lang='grc' dir='ltr'>Εέειιεαι</span> <span class='ocrx_word' id='word_1_44' title='bbox 3755 808 3976 890; x_wconf 13' lang='grc' dir='ltr'>ίνῙαειιιὴι</span> 
     </span>
    </p>
   </div>
   <div class='ocr_carea' id='block_1_10' title="bbox 1990 876 3976 962">
    <p class='ocr_par' dir='ltr' id='par_1_10' title="bbox 1990 876 3976 962">
     <span class='ocr_line' id='line_1_10' title="bbox 1990 876 3976 962; baseline 0.01 -36"><span class='ocrx_word' id='word_1_45' title='bbox 1990 891 2046 927; x_wconf 80' lang='lat' dir='ltr'><strong>se</strong></span> <span class='ocrx_word' id='word_1_46' title='bbox 2079 876 2337 932; x_wconf 80' lang='lat' dir='ltr'><strong>hominem</strong></span> <span class='ocrx_word' id='word_1_47' title='bbox 2366 876 2542 937; x_wconf 53' lang='lat' dir='ltr'><strong>&#39;illum</strong></span> <span class='ocrx_word' id='word_1_48' title='bbox 2575 886 2848 941; x_wconf 72' lang='lat' dir='ltr'><strong>obscurum</strong></span> <span class='ocrx_word' id='word_1_49' title='bbox 2902 907 3005 944; x_wconf 85' lang='lat' dir='ltr'><strong>non</strong></span> <span class='ocrx_word' id='word_1_50' title='bbox 3047 906 3141 957; x_wconf 87' lang='lat' dir='ltr'><strong>pro</strong></span> <span class='ocrx_word' id='word_1_51' title='bbox 3187 876 3381 962; x_wconf 63' lang='lat' dir='ltr'><strong>legato,</strong></span> <span class='ocrx_word' id='word_1_52' title='bbox 3430 876 3522 945; x_wconf 74' lang='lat' dir='ltr'><strong>sed</strong></span> <span class='ocrx_word' id='word_1_53' title='bbox 3553 909 3649 962; x_wconf 83' lang='lat' dir='ltr'><strong>pro</strong></span> <span class='ocrx_word' id='word_1_54' title='bbox 3694 876 3976 947; x_wconf 53' lang='lat' dir='ltr'><strong>tab&#39;ellario</strong></span> 
     </span>
    </p>
   </div>
   <div class='ocr_carea' id='block_1_11' title="bbox 827 1041 2505 1148">
    <p class='ocr_par' dir='ltr' id='par_1_11' title="bbox 827 1041 2505 1126">
     <span class='ocr_line' id='line_1_11' title="bbox 827 1041 2505 1126; baseline 0.013 -32"><span class='ocrx_word' id='word_1_55' title='bbox 827 1041 924 1095; x_wconf 76' lang='lat' dir='ltr'><strong>llis</strong></span> <span class='ocrx_word' id='word_1_56' title='bbox 953 1045 1025 1097; x_wconf 90' lang='lat' dir='ltr'><strong>ita</strong></span> <span class='ocrx_word' id='word_1_57' title='bbox 1054 1047 1246 1114; x_wconf 85' lang='lat' dir='ltr'><strong>gestis,</strong></span> <span class='ocrx_word' id='word_1_58' title='bbox 1287 1049 1674 1105; x_wconf 84' lang='lat' dir='ltr'><strong>consobrinam</strong></span> <span class='ocrx_word' id='word_1_59' title='bbox 1702 1068 1854 1108; x_wconf 88' lang='lat' dir='ltr'><strong>suam</strong></span> <span class='ocrx_word' id='word_1_60' title='bbox 1888 1055 2158 1126; x_wconf 84' lang='lat' dir='ltr'><strong>legatione</strong></span> <span class='ocrx_word' id='word_1_61' title='bbox 2189 1071 2314 1126; x_wconf 86' lang='lat' dir='ltr'><strong>per-</strong></span> <span class='ocrx_word' id='word_1_62' title='bbox 2344 1066 2388 1122; x_wconf 77' lang='grc' dir='ltr'>Α</span> <span class='ocrx_word' id='word_1_63' title='bbox 2486 1064 2505 1115; x_wconf 82' lang='grc'><strong>⁸]</strong></span> 
     </span>
    </p>
   </div>
   <div class='ocr_carea' id='block_1_12' title="bbox 2295 1041 3973 1148">
    <p class='ocr_par' dir='ltr' id='par_1_12' title="bbox 2295 1045 3973 1148">
     <span class='ocr_line' id='line_1_12' title="bbox 2295 1045 3973 1148; baseline 0.008 -32"><span class='ocrx_word' id='word_1_64' title='bbox 2295 1088 2314 1098; x_wconf 93' lang='grc'><strong>-</strong></span> <span class='ocrx_word' id='word_1_65' title='bbox 2344 1066 2388 1122; x_wconf 78' lang='grc' dir='ltr'>Α</span> <span class='ocrx_word' id='word_1_66' title='bbox 2486 1064 2704 1120; x_wconf 86' lang='grc' dir='ltr'><strong>Τούτων</strong></span> <span class='ocrx_word' id='word_1_67' title='bbox 2753 1069 2895 1123; x_wconf 78' lang='grc' dir='ltr'>οὕτω</span> <span class='ocrx_word' id='word_1_68' title='bbox 2948 1074 3351 1146; x_wconf 73' lang='grc' dir='ltr'>γεγενημένων,</span> <span class='ocrx_word' id='word_1_69' title='bbox 3401 1077 3501 1147; x_wconf 74' lang='grc' dir='ltr'>τὴν</span> <span class='ocrx_word' id='word_1_70' title='bbox 3543 1077 3678 1146; x_wconf 74' lang='grc' dir='ltr'>πρὸς</span> <span class='ocrx_word' id='word_1_71' title='bbox 3707 1045 3810 1146; x_wconf 73' lang='grc' dir='ltr'>τὴν</span> <span class='ocrx_word' id='word_1_72' title='bbox 3835 1094 3973 1148; x_wconf 87' lang='grc' dir='ltr'>πρε-</span> 
     </span>
    </p>
   </div>
   <div class='ocr_carea' id='block_1_13' title="bbox 756 1135 2311 1208">
    <p class='ocr_par' dir='ltr' id='par_1_13' title="bbox 756 1135 2311 1208">
     <span class='ocr_line' id='line_1_13' title="bbox 756 1135 2311 1208; baseline 0.012 -24"><span class='ocrx_word' id='word_1_73' title='bbox 756 1135 998 1190; x_wconf 76' lang='lat' dir='ltr'><strong>functam</strong></span> <span class='ocrx_word' id='word_1_74' title='bbox 1027 1135 1538 1206; x_wconf 79' lang='lat' dir='ltr'><strong>Constantinopolin</strong></span> <span class='ocrx_word' id='word_1_75' title='bbox 1563 1142 1802 1200; x_wconf 78' lang='lat' dir='ltr'><strong>dimisit.</strong></span> <span class='ocrx_word' id='word_1_76' title='bbox 1824 1149 1954 1208; x_wconf 69' lang='lat' dir='ltr'><strong>Qua:</strong></span> <span class='ocrx_word' id='word_1_77' title='bbox 1985 1153 2166 1201; x_wconf 90' lang='lat' dir='ltr'><strong>autem</strong></span> <span class='ocrx_word' id='word_1_78' title='bbox 2209 1162 2311 1202; x_wconf 88' lang='lat' dir='ltr'><strong>avo</strong></span> 
     </span>
    </p>
   </div>
   <div class='ocr_carea' id='block_1_14' title="bbox 756 1225 2316 1305">
    <p class='ocr_par' dir='ltr' id='par_1_14' title="bbox 756 1225 2316 1305">
     <span class='ocr_line' id='line_1_14' title="bbox 756 1225 2316 1305; baseline 0.01 -30"><span class='ocrx_word' id='word_1_79' title='bbox 756 1225 1120 1279; x_wconf 86' lang='lat' dir='ltr'><strong>renuntianda</strong></span> <span class='ocrx_word' id='word_1_80' title='bbox 1139 1227 1310 1288; x_wconf 88' lang='lat' dir='ltr'><strong>dedit,</strong></span> <span class='ocrx_word' id='word_1_81' title='bbox 1345 1229 1460 1284; x_wconf 79' lang='lat' dir='ltr'><strong>haec</strong></span> <span class='ocrx_word' id='word_1_82' title='bbox 1492 1230 1715 1286; x_wconf 84' lang='lat' dir='ltr'><strong>fuerunt</strong></span> <span class='ocrx_word' id='word_1_83' title='bbox 1749 1230 2103 1300; x_wconf 88' lang='lat' dir='ltr'><strong>:Oportebat,</strong></span> <span class='ocrx_word' id='word_1_84' title='bbox 2141 1236 2316 1305; x_wconf 87' lang='lat' dir='ltr'><strong>impe-</strong></span> 
     </span>
    </p>
   </div>
   <div class='ocr_carea' id='block_1_15' title="bbox 754 1316 2312 1392">
    <p class='ocr_par' dir='ltr' id='par_1_15' title="bbox 754 1316 2312 1392">
     <span class='ocr_line' id='line_1_15' title="bbox 754 1316 2312 1392; baseline 0.01 -29"><span class='ocrx_word' id='word_1_85' title='bbox 754 1323 903 1366; x_wconf 85' lang='lat' dir='ltr'><strong>rator</strong></span> <span class='ocrx_word' id='word_1_86' title='bbox 931 1316 1156 1382; x_wconf 80' lang='lat' dir='ltr'><strong>optime,</strong></span> <span class='ocrx_word' id='word_1_87' title='bbox 1198 1317 1329 1369; x_wconf 87' lang='lat' dir='ltr'><strong>nihil</strong></span> <span class='ocrx_word' id='word_1_88' title='bbox 1361 1333 1584 1386; x_wconf 84' lang='lat' dir='ltr'><strong>prorsus</strong></span> <span class='ocrx_word' id='word_1_89' title='bbox 1640 1335 1832 1373; x_wconf 90' lang='lat' dir='ltr'><strong>eorum</strong></span> <span class='ocrx_word' id='word_1_90' title='bbox 1891 1321 2133 1391; x_wconf 86' lang='lat' dir='ltr'><strong>incipere</strong></span> <span class='ocrx_word' id='word_1_91' title='bbox 2190 1338 2312 1392; x_wconf 64' lang='lat' dir='ltr'><strong>quae</strong></span> 
     </span>
    </p>
   </div>
   <div class='ocr_carea' id='block_1_16' title="bbox 750 1402 2306 1482">
    <p class='ocr_par' dir='ltr' id='par_1_16' title="bbox 750 1402 2306 1482">
     <span class='ocr_line' id='line_1_16' title="bbox 750 1402 2306 1482; baseline 0.009 -28"><span class='ocrx_word' id='word_1_92' title='bbox 750 1402 964 1471; x_wconf 85' lang='lat' dir='ltr'><strong>incepta</strong></span> <span class='ocrx_word' id='word_1_93' title='bbox 995 1413 1142 1458; x_wconf 86' lang='lat' dir='ltr'><strong>sunt.</strong></span> <span class='ocrx_word' id='word_1_94' title='bbox 1191 1407 1304 1475; x_wconf 87' lang='lat' dir='ltr'><strong>Ego</strong></span> <span class='ocrx_word' id='word_1_95' title='bbox 1333 1408 1625 1476; x_wconf 75' lang='lat' dir='ltr'><strong>siquidem,</strong></span> <span class='ocrx_word' id='word_1_96' title='bbox 1666 1411 1813 1479; x_wconf 88' lang='lat' dir='ltr'><strong>quod</strong></span> <span class='ocrx_word' id='word_1_97' title='bbox 1843 1426 1986 1480; x_wconf 65' lang='lat' dir='ltr'><strong>sape</strong></span> <span class='ocrx_word' id='word_1_98' title='bbox 2020 1413 2130 1482; x_wconf 86' lang='lat' dir='ltr'><strong>jam</strong></span> <span class='ocrx_word' id='word_1_99' title='bbox 2155 1415 2306 1480; x_wconf 82' lang='lat' dir='ltr'><strong>dixi,</strong></span> 
     </span>
    </p>
   </div>
   <div class='ocr_carea' id='block_1_17' title="bbox 755 1494 2308 1567">
    <p class='ocr_par' dir='ltr' id='par_1_17' title="bbox 755 1494 2308 1567">
     <span class='ocr_line' id='line_1_17' title="bbox 755 1494 2308 1567; baseline 0.011 -26"><span class='ocrx_word' id='word_1_100' title='bbox 755 1499 952 1547; x_wconf 78' lang='lat' dir='ltr'><strong>testem</strong></span> <span class='ocrx_word' id='word_1_101' title='bbox 990 1494 1129 1549; x_wconf 81' lang='lat' dir='ltr'><strong>facio</strong></span> <span class='ocrx_word' id='word_1_102' title='bbox 1167 1496 1320 1549; x_wconf 90' lang='lat' dir='ltr'><strong>illum</strong></span> <span class='ocrx_word' id='word_1_103' title='bbox 1369 1500 1590 1552; x_wconf 91' lang='lat' dir='ltr'><strong>oculum</strong></span> <span class='ocrx_word' id='word_1_104' title='bbox 1631 1500 1936 1554; x_wconf 90' lang='lat' dir='ltr'><strong>intuentem</strong></span> <span class='ocrx_word' id='word_1_105' title='bbox 1969 1504 2172 1567; x_wconf 88' lang='lat' dir='ltr'><strong>omnia,</strong></span> <span class='ocrx_word' id='word_1_106' title='bbox 2222 1519 2308 1558; x_wconf 90' lang='lat' dir='ltr'><strong>me</strong></span> 
     </span>
    </p>
   </div>
   <div class='ocr_carea' id='block_1_18' title="bbox 749 1585 2310 1663">
    <p class='ocr_par' dir='ltr' id='par_1_18' title="bbox 749 1585 2310 1663">
     <span class='ocr_line' id='line_1_18' title="bbox 749 1585 2310 1663; baseline 0.009 -27"><span class='ocrx_word' id='word_1_107' title='bbox 749 1585 955 1640; x_wconf 80' lang='lat' dir='ltr'><strong>nullius</strong></span> <span class='ocrx_word' id='word_1_108' title='bbox 988 1588 1237 1651; x_wconf 89' lang='lat' dir='ltr'><strong>sceleris,</strong></span> <span class='ocrx_word' id='word_1_109' title='bbox 1292 1591 1389 1644; x_wconf 90' lang='lat' dir='ltr'><strong>sed</strong></span> <span class='ocrx_word' id='word_1_110' title='bbox 1441 1591 1644 1644; x_wconf 78' lang='lat' dir='ltr'><strong>levium</strong></span> <span class='ocrx_word' id='word_1_111' title='bbox 1693 1592 1957 1648; x_wconf 82' lang='lat' dir='ltr'><strong>duntaxat</strong></span> <span class='ocrx_word' id='word_1_112' title='bbox 1987 1596 2310 1663; x_wconf 83' lang='lat' dir='ltr'><strong>puerilium-</strong></span> 
     </span>
    </p>
   </div>
   <div class='ocr_carea' id='block_1_19' title="bbox 745 1677 2307 1750">
    <p class='ocr_par' dir='ltr' id='par_1_19' title="bbox 745 1677 2307 1750">
     <span class='ocr_line' id='line_1_19' title="bbox 745 1677 2307 1750; baseline 0.009 -22"><span class='ocrx_word' id='word_1_113' title='bbox 745 1691 853 1744; x_wconf 87' lang='lat' dir='ltr'><strong>que</strong></span> <span class='ocrx_word' id='word_1_114' title='bbox 902 1677 1230 1733; x_wconf 88' lang='lat' dir='ltr'><strong>delictorum</strong></span> <span class='ocrx_word' id='word_1_115' title='bbox 1271 1680 1405 1734; x_wconf 90' lang='lat' dir='ltr'><strong>mihi</strong></span> <span class='ocrx_word' id='word_1_116' title='bbox 1462 1697 1583 1736; x_wconf 90' lang='lat' dir='ltr'><strong>esse</strong></span> <span class='ocrx_word' id='word_1_117' title='bbox 1634 1683 1938 1737; x_wconf 89' lang='lat' dir='ltr'><strong>conscium.</strong></span> <span class='ocrx_word' id='word_1_118' title='bbox 1991 1684 2128 1750; x_wconf 87' lang='lat' dir='ltr'><strong>Quia</strong></span> <span class='ocrx_word' id='word_1_119' title='bbox 2178 1703 2307 1742; x_wconf 85' lang='lat' dir='ltr'><strong>vero</strong></span> 
     </span>
    </p>
   </div>
   <div class='ocr_carea' id='block_1_20' title="bbox 746 1769 2303 1847">
    <p class='ocr_par' dir='ltr' id='par_1_20' title="bbox 746 1769 2303 1847">
     <span class='ocr_line' id='line_1_20' title="bbox 746 1769 2303 1847; baseline 0.008 -28"><span class='ocrx_word' id='word_1_120' title='bbox 746 1775 972 1835; x_wconf 83' lang='lat' dir='ltr'><strong>prepter</strong></span> <span class='ocrx_word' id='word_1_121' title='bbox 1002 1769 1417 1826; x_wconf 85' lang='lat' dir='ltr'><strong>innumerabilia</strong></span> <span class='ocrx_word' id='word_1_122' title='bbox 1458 1783 1676 1841; x_wconf 86' lang='lat' dir='ltr'><strong>peccata</strong></span> <span class='ocrx_word' id='word_1_123' title='bbox 1709 1790 1842 1829; x_wconf 73' lang='lat' dir='ltr'><strong>mea-</strong></span> <span class='ocrx_word' id='word_1_124' title='bbox 1863 1776 2004 1831; x_wconf 87' lang='lat' dir='ltr'><strong>Deus</strong></span> <span class='ocrx_word' id='word_1_125' title='bbox 2036 1777 2141 1831; x_wconf 88' lang='lat' dir='ltr'><strong>hoc</strong></span> <span class='ocrx_word' id='word_1_126' title='bbox 2171 1793 2303 1847; x_wconf 79' lang='lat' dir='ltr'><strong>per-</strong></span> 
     </span>
    </p>
   </div>
   <div class='ocr_carea' id='block_1_21' title="bbox 745 1855 2304 1939">
    <p class='ocr_par' dir='ltr' id='par_1_21' title="bbox 745 1855 2304 1939">
     <span class='ocr_line' id='line_1_21' title="bbox 745 1855 2304 1939; baseline 0.01 -31"><span class='ocrx_word' id='word_1_127' title='bbox 745 1855 918 1920; x_wconf 88' lang='lat' dir='ltr'><strong>misit,</strong></span> <span class='ocrx_word' id='word_1_128' title='bbox 952 1873 1171 1913; x_wconf 84' lang='lat' dir='ltr'><strong>rursum</strong></span> <span class='ocrx_word' id='word_1_129' title='bbox 1207 1861 1256 1914; x_wconf 87' lang='lat' dir='ltr'><strong>ei</strong></span> <span class='ocrx_word' id='word_1_130' title='bbox 1286 1862 1454 1916; x_wconf 90' lang='lat' dir='ltr'><strong>etiam</strong></span> <span class='ocrx_word' id='word_1_131' title='bbox 1505 1875 1668 1933; x_wconf 83' lang='lat' dir='ltr'><strong>atque</strong></span> <span class='ocrx_word' id='word_1_132' title='bbox 1723 1866 1886 1920; x_wconf 88' lang='lat' dir='ltr'><strong>etiam</strong></span> <span class='ocrx_word' id='word_1_133' title='bbox 1935 1868 2135 1935; x_wconf 76' lang='lat' dir='ltr'><strong>gratias</strong></span> <span class='ocrx_word' id='word_1_134' title='bbox 2179 1884 2304 1939; x_wconf 87' lang='lat' dir='ltr'><strong>ago,</strong></span> 
     </span>
    </p>
   </div>
   <div class='ocr_carea' id='block_1_22' title="bbox 743 1949 2305 2027">
    <p class='ocr_par' dir='ltr' id='par_1_22' title="bbox 743 1949 2305 2027">
     <span class='ocr_line' id='line_1_22' title="bbox 743 1949 2305 2027; baseline 0.012 -28"><span class='ocrx_word' id='word_1_135' title='bbox 743 1949 887 2015; x_wconf 88' lang='lat' dir='ltr'><strong>quod</strong></span> <span class='ocrx_word' id='word_1_136' title='bbox 928 1964 1037 2003; x_wconf 89' lang='lat' dir='ltr'><strong>non</strong></span> <span class='ocrx_word' id='word_1_137' title='bbox 1073 1961 1200 2006; x_wconf 89' lang='lat' dir='ltr'><strong>ante</strong></span> <span class='ocrx_word' id='word_1_138' title='bbox 1225 1954 1392 2007; x_wconf 81' lang='lat' dir='ltr'><strong>vitam</strong></span> <span class='ocrx_word' id='word_1_139' title='bbox 1425 1953 1597 2021; x_wconf 80' lang='lat' dir='ltr'><strong>ﬁnivi,</strong></span> <span class='ocrx_word' id='word_1_140' title='bbox 1628 1949 2023 2027; x_wconf 80' lang='lat' dir='ltr'><strong>quamtempus</strong></span> <span class='ocrx_word' id='word_1_141' title='bbox 2047 1961 2305 2016; x_wconf 79' lang='lat' dir='ltr'><strong>Idoneum</strong></span> 
     </span>
    </p>
   </div>
   <div class='ocr_carea' id='block_1_23' title="bbox 743 2039 2306 2110">
    <p class='ocr_par' dir='ltr' id='par_1_23' title="bbox 743 2039 2306 2110">
     <span class='ocr_line' id='line_1_23' title="bbox 743 2039 2306 2110; baseline 0.01 -20"><span class='ocrx_word' id='word_1_142' title='bbox 743 2039 1117 2103; x_wconf 87' lang='lat' dir='ltr'><strong>nanciscercr,</strong></span> <span class='ocrx_word' id='word_1_143' title='bbox 1155 2057 1262 2110; x_wconf 89' lang='lat' dir='ltr'><strong>quo</strong></span> <span class='ocrx_word' id='word_1_144' title='bbox 1299 2051 1355 2096; x_wconf 90' lang='lat' dir='ltr'><strong>et</strong></span> <span class='ocrx_word' id='word_1_145' title='bbox 1386 2043 1679 2098; x_wconf 76' lang='lat' dir='ltr'><strong>candorem</strong></span> <span class='ocrx_word' id='word_1_146' title='bbox 1710 2045 1876 2098; x_wconf 90' lang='lat' dir='ltr'><strong>animi</strong></span> <span class='ocrx_word' id='word_1_147' title='bbox 1907 2046 2036 2109; x_wconf 88' lang='lat' dir='ltr'><strong>mei.</strong></span> <span class='ocrx_word' id='word_1_148' title='bbox 2081 2056 2138 2101; x_wconf 90' lang='lat' dir='ltr'><strong>et</strong></span> <span class='ocrx_word' id='word_1_149' title='bbox 2182 2050 2306 2104; x_wconf 82' lang='lat' dir='ltr'><strong>obe-</strong></span> 
     </span>
    </p>
   </div>
   <div class='ocr_carea' id='block_1_24' title="bbox 742 2129 2306 2202">
    <p class='ocr_par' dir='ltr' id='par_1_24' title="bbox 742 2129 2306 2202">
     <span class='ocr_line' id='line_1_24' title="bbox 742 2129 2306 2202; baseline 0.009 -22"><span class='ocrx_word' id='word_1_150' title='bbox 742 2129 925 2182; x_wconf 84' lang='lat' dir='ltr'><strong>diendi</strong></span> <span class='ocrx_word' id='word_1_151' title='bbox 957 2131 1198 2184; x_wconf 88' lang='lat' dir='ltr'><strong>studium</strong></span> <span class='ocrx_word' id='word_1_152' title='bbox 1231 2148 1292 2186; x_wconf 90' lang='lat' dir='ltr'><strong>ac</strong></span> <span class='ocrx_word' id='word_1_153' title='bbox 1328 2133 1724 2202; x_wconf 86' lang='lat' dir='ltr'><strong>subjectionem</strong></span> <span class='ocrx_word' id='word_1_154' title='bbox 1769 2152 1942 2190; x_wconf 89' lang='lat' dir='ltr'><strong>meam</strong></span> <span class='ocrx_word' id='word_1_155' title='bbox 1999 2139 2096 2192; x_wconf 89' lang='lat' dir='ltr'><strong>tibi</strong></span> <span class='ocrx_word' id='word_1_156' title='bbox 2128 2139 2306 2194; x_wconf 89' lang='lat' dir='ltr'><strong>decla-</strong></span> 
     </span>
    </p>
   </div>
   <div class='ocr_carea' id='block_1_25' title="bbox 744 2210 2304 2295">
    <p class='ocr_par' dir='ltr' id='par_1_25' title="bbox 744 2210 2304 2295">
     <span class='ocr_line' id='line_1_25' title="bbox 744 2210 2304 2295; baseline 0.012 -27"><span class='ocrx_word' id='word_1_157' title='bbox 744 2234 864 2272; x_wconf 89' lang='lat' dir='ltr'><strong>rare</strong></span> <span class='ocrx_word' id='word_1_158' title='bbox 899 2235 1137 2288; x_wconf 89' lang='lat' dir='ltr'><strong>possem.</strong></span> <span class='ocrx_word' id='word_1_159' title='bbox 1175 2210 1278 2276; x_wconf 76' lang='lat' dir='ltr'><strong>Tu&#39;</strong></span> <span class='ocrx_word' id='word_1_160' title='bbox 1305 2224 1471 2294; x_wconf 91' lang='lat' dir='ltr'><strong>igitur</strong></span> <span class='ocrx_word' id='word_1_161' title='bbox 1499 2226 1673 2295; x_wconf 78' lang='lat' dir='ltr'><strong>legata</strong></span> <span class='ocrx_word' id='word_1_162' title='bbox 1709 2227 1776 2281; x_wconf 87' lang='lat' dir='ltr'><strong>ad</strong></span> <span class='ocrx_word' id='word_1_163' title='bbox 1811 2242 1897 2281; x_wconf 90' lang='lat' dir='ltr'><strong>me</strong></span> <span class='ocrx_word' id='word_1_164' title='bbox 1926 2229 2154 2284; x_wconf 86' lang='lat' dir='ltr'><strong>amitina</strong></span> <span class='ocrx_word' id='word_1_165' title='bbox 2211 2240 2304 2286; x_wconf 91' lang='lat' dir='ltr'><strong>tua</strong></span> 
     </span>
    </p>
   </div>
   <div class='ocr_carea' id='block_1_26' title="bbox 739 2310 2300 2390">
    <p class='ocr_par' dir='ltr' id='par_1_26' title="bbox 739 2310 2300 2390">
     <span class='ocr_line' id='line_1_26' title="bbox 739 2310 2300 2390; baseline 0.009 -27"><span class='ocrx_word' id='word_1_166' title='bbox 739 2310 1040 2380; x_wconf 83' lang='lat' dir='ltr'><strong>eademque</strong></span> <span class='ocrx_word' id='word_1_167' title='bbox 1080 2326 1310 2383; x_wconf 85' lang='lat' dir='ltr'><strong>cognata</strong></span> <span class='ocrx_word' id='word_1_168' title='bbox 1344 2330 1464 2370; x_wconf 88' lang='lat' dir='ltr'><strong>mea</strong></span> <span class='ocrx_word' id='word_1_169' title='bbox 1506 2317 1649 2385; x_wconf 83' lang='lat'><strong>(65),</strong></span> <span class='ocrx_word' id='word_1_170' title='bbox 1683 2319 2092 2390; x_wconf 71' lang='lat' dir='ltr'><strong>petivisti,quze</strong></span> <span class='ocrx_word' id='word_1_171' title='bbox 2133 2324 2300 2377; x_wconf 91' lang='lat' dir='ltr'><strong>nosti.</strong></span> 
     </span>
    </p>
   </div>
   <div class='ocr_carea' id='block_1_27' title="bbox 2423 1157 3969 1236">
    <p class='ocr_par' dir='ltr' id='par_1_27' title="bbox 2423 1157 3969 1236">
     <span class='ocr_line' id='line_1_27' title="bbox 2423 1157 3969 1236; baseline 0.009 -30"><span class='ocrx_word' id='word_1_172' title='bbox 2423 1157 2624 1210; x_wconf 74' lang='grc' dir='ltr'>σὸείανο</span> <span class='ocrx_word' id='word_1_173' title='bbox 2647 1159 3066 1232; x_wconf 68' lang='grc' dir='ltr'><strong>ἀπεσταλμένην</strong></span> <span class='ocrx_word' id='word_1_174' title='bbox 3104 1165 3255 1219; x_wconf 79' lang='grc' dir='ltr'>θείαν</span> <span class='ocrx_word' id='word_1_175' title='bbox 3295 1165 3457 1218; x_wconf 82' lang='grc' dir='ltr'>αὐτοῦ</span> <span class='ocrx_word' id='word_1_176' title='bbox 3501 1167 3638 1236; x_wconf 82' lang='grc' dir='ltr'>πρὸς</span> <span class='ocrx_word' id='word_1_177' title='bbox 3669 1167 3969 1229; x_wconf 74' lang='grc' dir='ltr'>Βυζάντιον</span> 
     </span>
    </p>
   </div>
   <div class='ocr_carea' id='block_1_28' title="bbox 2415 1247 3971 1326">
    <p class='ocr_par' dir='ltr' id='par_1_28' title="bbox 2415 1247 3971 1326">
     <span class='ocr_line' id='line_1_28' title="bbox 2415 1247 3971 1326; baseline 0.006 -27"><span class='ocrx_word' id='word_1_178' title='bbox 2415 1247 2695 1318; x_wconf 74' lang='grc' dir='ltr'>ἐξέπεμψε</span> <span class='ocrx_word' id='word_1_179' title='bbox 2769 1251 3068 1321; x_wconf 81' lang='grc' dir='ltr'>βασιλεὺς,</span> <span class='ocrx_word' id='word_1_180' title='bbox 3131 1256 3379 1326; x_wconf 79' lang='grc' dir='ltr'><strong>μηνύσας</strong></span> <span class='ocrx_word' id='word_1_181' title='bbox 3449 1255 3526 1326; x_wconf 85' lang='grc' dir='ltr'>τῷ</span> <span class='ocrx_word' id='word_1_182' title='bbox 3588 1257 3804 1325; x_wconf 79' lang='grc' dir='ltr'>βασιλεῖ</span> <span class='ocrx_word' id='word_1_183' title='bbox 3873 1258 3971 1310; x_wconf 81' lang='grc' dir='ltr'>καὶ</span> 
     </span>
    </p>
   </div>
   <div class='ocr_carea' id='block_1_29' title="bbox 2416 1339 3966 1416">
    <p class='ocr_par' dir='ltr' id='par_1_29' title="bbox 2416 1339 3966 1416">
     <span class='ocr_line' id='line_1_29' title="bbox 2416 1339 3966 1416; baseline 0.005 -26"><span class='ocrx_word' id='word_1_184' title='bbox 2416 1339 2627 1410; x_wconf 80' lang='grc' dir='ltr'>πάππῳ</span> <span class='ocrx_word' id='word_1_185' title='bbox 2678 1343 2901 1394; x_wconf 79' lang='grc' dir='ltr'>τοιαῦτα</span> <span class='ocrx_word' id='word_1_186' title='bbox 2924 1360 2937 1374; x_wconf 79' lang='grc' dir='ltr'><strong>ο</strong></span> <span class='ocrx_word' id='word_1_187' title='bbox 2989 1345 3139 1398; x_wconf 79' lang='grc' dir='ltr'>Ἔδει</span> <span class='ocrx_word' id='word_1_188' title='bbox 3191 1347 3311 1416; x_wconf 73' lang='grc' dir='ltr'>μὶν,</span> <span class='ocrx_word' id='word_1_189' title='bbox 3347 1341 3392 1400; x_wconf 81' lang='grc' dir='ltr'>ὦ</span> <span class='ocrx_word' id='word_1_190' title='bbox 3431 1346 3687 1415; x_wconf 76' lang='grc' dir='ltr'><strong>κράτιστε</strong></span> <span class='ocrx_word' id='word_1_191' title='bbox 3721 1347 3966 1415; x_wconf 81' lang='grc' dir='ltr'>βασιλεῦ,</span> 
     </span>
    </p>
   </div>
   <div class='ocr_carea' id='block_1_30' title="bbox 2418 1427 3969 1506">
    <p class='ocr_par' dir='ltr' id='par_1_30' title="bbox 2418 1427 3969 1506">
     <span class='ocr_line' id='line_1_30' title="bbox 2418 1427 3969 1506; baseline 0.006 -27"><span class='ocrx_word' id='word_1_192' title='bbox 2418 1427 2583 1496; x_wconf 76' lang='grc' dir='ltr'>μηδὲν</span> <span class='ocrx_word' id='word_1_193' title='bbox 2612 1430 2721 1481; x_wconf 91' lang='grc' dir='ltr'><strong>τῶν</strong></span> <span class='ocrx_word' id='word_1_194' title='bbox 2747 1435 3134 1501; x_wconf 75' lang='grc' dir='ltr'><strong>γεγενημένων</strong></span> <span class='ocrx_word' id='word_1_195' title='bbox 3158 1435 3294 1505; x_wconf 69' lang='grc' dir='ltr'>μηδὲ</span> <span class='ocrx_word' id='word_1_196' title='bbox 3321 1436 3422 1506; x_wconf 81' lang='grc' dir='ltr'>τὴν</span> <span class='ocrx_word' id='word_1_197' title='bbox 3454 1438 3628 1505; x_wconf 85' lang='grc' dir='ltr'>ἀρχὴν</span> <span class='ocrx_word' id='word_1_198' title='bbox 3655 1436 3969 1503; x_wconf 83' lang='grc' dir='ltr'>κινηθῆναι.</span> 
     </span>
    </p>
   </div>
   <div class='ocr_carea' id='block_1_31' title="bbox 2426 1515 3970 1590">
    <p class='ocr_par' dir='ltr' id='par_1_31' title="bbox 2426 1515 3970 1590">
     <span class='ocr_line' id='line_1_31' title="bbox 2426 1515 3970 1590; baseline 0.003 -21"><span class='ocrx_word' id='word_1_199' title='bbox 2426 1515 2569 1583; x_wconf 87' lang='grc' dir='ltr'><strong>Ἐγὼ</strong></span> <span class='ocrx_word' id='word_1_200' title='bbox 2599 1517 2730 1587; x_wconf 81' lang='grc' dir='ltr'>γὰρ,</span> <span class='ocrx_word' id='word_1_201' title='bbox 2755 1519 2890 1589; x_wconf 81' lang='grc' dir='ltr'>ὅπερ</span> <span class='ocrx_word' id='word_1_202' title='bbox 2913 1521 3174 1586; x_wconf 80' lang='grc' dir='ltr'><strong>πολλάκις</strong></span> <span class='ocrx_word' id='word_1_203' title='bbox 3197 1519 3370 1585; x_wconf 76' lang='grc' dir='ltr'>εἷπον,</span> <span class='ocrx_word' id='word_1_204' title='bbox 3401 1524 3491 1575; x_wconf 82' lang='grc' dir='ltr'>τὸν</span> <span class='ocrx_word' id='word_1_205' title='bbox 3512 1523 3668 1576; x_wconf 87' lang='grc' dir='ltr'>πάντ’</span> <span class='ocrx_word' id='word_1_206' title='bbox 3689 1523 3970 1590; x_wconf 63' lang='grc' dir='ltr'>ἐφορῶντα</span> 
     </span>
    </p>
   </div>
   <div class='ocr_carea' id='block_1_32' title="bbox 2417 1607 3967 1683">
    <p class='ocr_par' dir='ltr' id='par_1_32' title="bbox 2417 1607 3967 1683">
     <span class='ocr_line' id='line_1_32' title="bbox 2417 1607 3967 1683; baseline 0.005 -25"><span class='ocrx_word' id='word_1_207' title='bbox 2417 1607 2772 1677; x_wconf 88' lang='grc' dir='ltr'>μαρτύρομαι</span> <span class='ocrx_word' id='word_1_208' title='bbox 2800 1609 3098 1681; x_wconf 80' lang='grc' dir='ltr'>ὀφθαλμὸν,</span> <span class='ocrx_word' id='word_1_209' title='bbox 3151 1614 3226 1676; x_wconf 88' lang='grc' dir='ltr'><strong>ῶς</strong></span> <span class='ocrx_word' id='word_1_210' title='bbox 3271 1614 3422 1668; x_wconf 77' lang='grc' dir='ltr'>οὐδὲν</span> <span class='ocrx_word' id='word_1_211' title='bbox 3473 1614 3696 1683; x_wconf 66' lang='grc' dir='ltr'>ἐμαυτῷ</span> <span class='ocrx_word' id='word_1_212' title='bbox 3728 1613 3967 1675; x_wconf 83' lang='grc' dir='ltr'>σύνοιδα,</span> 
     </span>
    </p>
   </div>
   <div class='ocr_carea' id='block_1_33' title="bbox 2413 1697 3966 1775">
    <p class='ocr_par' dir='ltr' id='par_1_33' title="bbox 2413 1697 3966 1775">
     <span class='ocr_line' id='line_1_33' title="bbox 2413 1697 3966 1775; baseline -0.003 -16"><span class='ocrx_word' id='word_1_213' title='bbox 2413 1697 2559 1767; x_wconf 79' lang='grc' dir='ltr'>πλὴν</span> <span class='ocrx_word' id='word_1_214' title='bbox 2597 1701 2647 1751; x_wconf 78' lang='grc' dir='ltr'><strong>εἰ</strong></span> <span class='ocrx_word' id='word_1_215' title='bbox 2697 1702 2772 1771; x_wconf 83' lang='grc' dir='ltr'>μὴ</span> <span class='ocrx_word' id='word_1_216' title='bbox 2844 1704 3016 1775; x_wconf 88' lang='grc' dir='ltr'>μικρά</span> <span class='ocrx_word' id='word_1_217' title='bbox 3061 1722 3185 1758; x_wconf 90' lang='grc' dir='ltr'>τινα</span> <span class='ocrx_word' id='word_1_218' title='bbox 3241 1708 3336 1759; x_wconf 77' lang='grc' dir='ltr'>καὶ</span> <span class='ocrx_word' id='word_1_219' title='bbox 3399 1706 3632 1768; x_wconf 79' lang='grc' dir='ltr'>παιδίοις</span> <span class='ocrx_word' id='word_1_220' title='bbox 3683 1707 3966 1774; x_wconf 79' lang='grc' dir='ltr'>πρέποντα</span> 
     </span>
    </p>
   </div>
   <div class='ocr_carea' id='block_1_34' title="bbox 2411 1790 3968 1868">
    <p class='ocr_par' dir='ltr' id='par_1_34' title="bbox 2411 1790 3968 1868">
     <span class='ocr_line' id='line_1_34' title="bbox 2411 1790 3968 1868; baseline 0 -22"><span class='ocrx_word' id='word_1_221' title='bbox 2411 1790 2776 1861; x_wconf 78' lang='grc' dir='ltr'>ἡμαρτηκότι.</span> <span class='ocrx_word' id='word_1_222' title='bbox 2823 1795 2980 1850; x_wconf 74' lang='grc' dir='ltr'>Ἐπεὶ</span> <span class='ocrx_word' id='word_1_223' title='bbox 3025 1796 3072 1850; x_wconf 84' lang='grc' dir='ltr'>δ’</span> <span class='ocrx_word' id='word_1_224' title='bbox 3133 1797 3276 1850; x_wconf 81' lang='grc' dir='ltr'>οὕτω</span> <span class='ocrx_word' id='word_1_225' title='bbox 3322 1797 3705 1868; x_wconf 68' lang='grc' dir='ltr'><strong>συνεχώρησεν</strong></span> <span class='ocrx_word' id='word_1_226' title='bbox 3745 1799 3774 1850; x_wconf 83' lang='grc' dir='ltr'>ὁ</span> <span class='ocrx_word' id='word_1_227' title='bbox 3833 1795 3968 1857; x_wconf 71' lang='grc' dir='ltr'>Θεὸς</span> 
     </span>
    </p>
   </div>
   <div class='ocr_carea' id='block_1_35' title="bbox 2411 1881 3969 1958">
    <p class='ocr_par' dir='ltr' id='par_1_35' title="bbox 2411 1881 3969 1958">
     <span class='ocr_line' id='line_1_35' title="bbox 2411 1881 3969 1958; baseline 0.003 -27"><span class='ocrx_word' id='word_1_228' title='bbox 2411 1881 2561 1950; x_wconf 78' lang='grc' dir='ltr'>ἐμῶν</span> <span class='ocrx_word' id='word_1_229' title='bbox 2589 1883 2753 1937; x_wconf 71' lang='grc' dir='ltr'>ἕνεκα</span> <span class='ocrx_word' id='word_1_230' title='bbox 2795 1887 3011 1950; x_wconf 87' lang='grc' dir='ltr'>πάντως</span> <span class='ocrx_word' id='word_1_231' title='bbox 3058 1887 3303 1958; x_wconf 75' lang='grc' dir='ltr'>ἀπείρων</span> <span class='ocrx_word' id='word_1_232' title='bbox 3333 1888 3768 1956; x_wconf 71' lang='grc' dir='ltr'><strong>ἁμαρτημάτων,</strong></span> <span class='ocrx_word' id='word_1_233' title='bbox 3801 1885 3969 1937; x_wconf 83' lang='grc' dir='ltr'>πάλιν</span> 
     </span>
    </p>
   </div>
   <div class='ocr_carea' id='block_1_36' title="bbox 2409 1974 3970 2047">
    <p class='ocr_par' dir='ltr' id='par_1_36' title="bbox 2409 1974 3970 2047">
     <span class='ocr_line' id='line_1_36' title="bbox 2409 1974 3970 2047; baseline 0.003 -23"><span class='ocrx_word' id='word_1_234' title='bbox 2409 1974 2558 2042; x_wconf 86' lang='grc' dir='ltr'>αὐτῷ</span> <span class='ocrx_word' id='word_1_235' title='bbox 2607 1977 2838 2045; x_wconf 77' lang='grc' dir='ltr'>χάριτας</span> <span class='ocrx_word' id='word_1_236' title='bbox 2888 1979 3138 2046; x_wconf 80' lang='grc' dir='ltr'>ὁμολογῶ</span> <span class='ocrx_word' id='word_1_237' title='bbox 3186 1979 3406 2043; x_wconf 79' lang='grc' dir='ltr'>πολλάς,</span> <span class='ocrx_word' id='word_1_238' title='bbox 3459 1979 3542 2032; x_wconf 86' lang='grc' dir='ltr'>ὅτι</span> <span class='ocrx_word' id='word_1_239' title='bbox 3599 1977 3673 2047; x_wconf 75' lang='grc' dir='ltr'>μὴ</span> <span class='ocrx_word' id='word_1_240' title='bbox 3704 1977 3970 2046; x_wconf 84' lang='grc' dir='ltr'>πρότερον</span> 
     </span>
    </p>
   </div>
   <div class='ocr_carea' id='block_1_37' title="bbox 2409 2065 3964 2139">
    <p class='ocr_par' dir='ltr' id='par_1_37' title="bbox 2409 2065 3964 2139">
     <span class='ocr_line' id='line_1_37' title="bbox 2409 2065 3964 2139; baseline 0.001 -23"><span class='ocrx_word' id='word_1_241' title='bbox 2409 2065 2681 2119; x_wconf 82' lang='grc' dir='ltr'>κατέλυσα</span> <span class='ocrx_word' id='word_1_242' title='bbox 2706 2067 2804 2136; x_wconf 87' lang='grc' dir='ltr'>τὴν</span> <span class='ocrx_word' id='word_1_243' title='bbox 2839 2069 3005 2136; x_wconf 80' lang='grc' dir='ltr'>ζωὴν.</span> <span class='ocrx_word' id='word_1_244' title='bbox 3034 2069 3164 2139; x_wconf 78' lang='grc' dir='ltr'>πρὶν</span> <span class='ocrx_word' id='word_1_245' title='bbox 3197 2069 3505 2138; x_wconf 67' lang='grc' dir='ltr'>ἐπιτηδείου</span> <span class='ocrx_word' id='word_1_246' title='bbox 3543 2067 3738 2136; x_wconf 81' lang='grc' dir='ltr'>καιροῦ</span> <span class='ocrx_word' id='word_1_247' title='bbox 3779 2069 3964 2135; x_wconf 82' lang='grc' dir='ltr'>τυχεῖν</span> 
     </span>
    </p>
   </div>
   <div class='ocr_carea' id='block_1_38' title="bbox 2405 2154 3968 2228">
    <p class='ocr_par' dir='ltr' id='par_1_38' title="bbox 2405 2154 3968 2228">
     <span class='ocr_line' id='line_1_38' title="bbox 2405 2154 3968 2228; baseline 0.001 -21"><span class='ocrx_word' id='word_1_248' title='bbox 2405 2154 2603 2221; x_wconf 78' lang='grc' dir='ltr'>οὕτως,</span> <span class='ocrx_word' id='word_1_249' title='bbox 2636 2157 2776 2209; x_wconf 82' lang='grc' dir='ltr'>ὣστε</span> <span class='ocrx_word' id='word_1_250' title='bbox 2813 2159 3105 2228; x_wconf 83' lang='grc' dir='ltr'>δυνηθῆναι</span> <span class='ocrx_word' id='word_1_251' title='bbox 3133 2159 3240 2216; x_wconf 80' lang='grc' dir='ltr'>,καὶ</span> <span class='ocrx_word' id='word_1_252' title='bbox 3279 2160 3339 2212; x_wconf 77' lang='grc' dir='ltr'>τὸ</span> <span class='ocrx_word' id='word_1_253' title='bbox 3379 2159 3564 2213; x_wconf 79' lang='grc' dir='ltr'>ἄδολον</span> <span class='ocrx_word' id='word_1_254' title='bbox 3615 2159 3713 2228; x_wconf 84' lang='grc' dir='ltr'>τῆς</span> <span class='ocrx_word' id='word_1_255' title='bbox 3739 2159 3968 2226; x_wconf 80' lang='grc' dir='ltr'>γνώμης</span> 
     </span>
    </p>
   </div>
   <div class='ocr_carea' id='block_1_39' title="bbox 2407 2249 3967 2321">
    <p class='ocr_par' dir='ltr' id='par_1_39' title="bbox 2407 2249 3967 2321">
     <span class='ocr_line' id='line_1_39' title="bbox 2407 2249 3967 2321; baseline -0.001 -21"><span class='ocrx_word' id='word_1_256' title='bbox 2407 2249 2502 2301; x_wconf 77' lang='grc' dir='ltr'>καὶ</span> <span class='ocrx_word' id='word_1_257' title='bbox 2533 2249 2630 2318; x_wconf 83' lang='grc' dir='ltr'>τὴν</span> <span class='ocrx_word' id='word_1_258' title='bbox 2677 2260 2756 2314; x_wconf 84' lang='grc' dir='ltr'><strong>εις</strong></span> <span class='ocrx_word' id='word_1_259' title='bbox 2811 2251 2870 2302; x_wconf 74' lang='grc' dir='ltr'>σὲ</span> <span class='ocrx_word' id='word_1_260' title='bbox 2907 2251 3218 2306; x_wconf 82' lang='grc' dir='ltr'>εὐπείθειαν</span> <span class='ocrx_word' id='word_1_261' title='bbox 3255 2251 3354 2304; x_wconf 75' lang='grc' dir='ltr'>καὶ</span> <span class='ocrx_word' id='word_1_262' title='bbox 3405 2250 3697 2321; x_wconf 84' lang='grc' dir='ltr'>δουλότητα</span> <span class='ocrx_word' id='word_1_263' title='bbox 3723 2249 3967 2317; x_wconf 79' lang='grc' dir='ltr'>φανερὰν</span> 
     </span>
    </p>
   </div>
   <div class='ocr_carea' id='block_1_40' title="bbox 2408 2337 3968 2413">
    <p class='ocr_par' dir='ltr' id='par_1_40' title="bbox 2408 2337 3968 2413">
     <span class='ocr_line' id='line_1_40' title="bbox 2408 2337 3968 2413; baseline -0.001 -22"><span class='ocrx_word' id='word_1_264' title='bbox 2408 2341 2775 2410; x_wconf 84' lang='grc' dir='ltr'>καταστῆσαι.</span> <span class='ocrx_word' id='word_1_265' title='bbox 2819 2343 2891 2396; x_wconf 84' lang='grc' dir='ltr'><strong>Σὺ</strong></span> <span class='ocrx_word' id='word_1_266' title='bbox 2925 2343 3025 2411; x_wconf 72' lang='grc' dir='ltr'>μὲν</span> <span class='ocrx_word' id='word_1_267' title='bbox 3078 2339 3193 2406; x_wconf 78' lang='grc' dir='ltr'>οὖν,</span> <span class='ocrx_word' id='word_1_268' title='bbox 3224 2337 3268 2396; x_wconf 79' lang='grc' dir='ltr'>ὦ</span> <span class='ocrx_word' id='word_1_269' title='bbox 3299 2342 3545 2413; x_wconf 78' lang='grc' dir='ltr'>βασιλεῦ,</span> <span class='ocrx_word' id='word_1_270' title='bbox 3590 2344 3689 2411; x_wconf 76' lang='grc' dir='ltr'>τῆς</span> <span class='ocrx_word' id='word_1_271' title='bbox 3731 2341 3830 2409; x_wconf 82' lang='grc' dir='ltr'>σῆς</span> <span class='ocrx_word' id='word_1_272' title='bbox 3865 2339 3968 2409; x_wconf 81' lang='grc' dir='ltr'>μὲν</span> 
     </span>
    </p>
   </div>
   <div class='ocr_carea' id='block_1_41' title="bbox 741 2385 2419 2504">
    <p class='ocr_par' dir='ltr' id='par_1_41' title="bbox 741 2385 2419 2486">
     <span class='ocr_line' id='line_1_41' title="bbox 741 2385 2419 2486; baseline 0.01 -33"><span class='ocrx_word' id='word_1_273' title='bbox 741 2403 916 2470; x_wconf 76' lang='lat' dir='ltr'><strong>Atqui</strong></span> <span class='ocrx_word' id='word_1_274' title='bbox 945 2417 1048 2473; x_wconf 84' lang='lat' dir='ltr'><strong>ego</strong></span> <span class='ocrx_word' id='word_1_275' title='bbox 1094 2419 1124 2458; x_wconf 93' lang='lat' dir='ltr'><strong>a</strong></span> <span class='ocrx_word' id='word_1_276' title='bbox 1179 2419 1377 2474; x_wconf 90' lang='lat' dir='ltr'><strong>magno</strong></span> <span class='ocrx_word' id='word_1_277' title='bbox 1426 2385 1759 2476; x_wconf 78' lang='lat' dir='ltr'><strong>imperatore</strong></span> <span class='ocrx_word' id='word_1_278' title='bbox 1820 2409 1932 2465; x_wconf 92' lang='lat' dir='ltr'><strong>Deo</strong></span> <span class='ocrx_word' id='word_1_279' title='bbox 1983 2385 2419 2486; x_wconf 41' lang='lat' dir='ltr'><strong>suppliciterBi</strong></span> 
     </span>
    </p>
   </div>
   <div class='ocr_carea' id='block_1_42' title="bbox 2289 2385 3967 2504">
    <p class='ocr_par' dir='ltr' id='par_1_42' title="bbox 2289 2385 3967 2504">
     <span class='ocr_line' id='line_1_42' title="bbox 2289 2385 3967 2504; baseline -0.001 -19"><span class='ocrx_word' id='word_1_280' title='bbox 2289 2429 2305 2465; x_wconf 71' lang='grc' dir='ltr'><strong>Γ</strong></span> <span class='ocrx_word' id='word_1_281' title='bbox 2331 2385 2378 2444; x_wconf 75' lang='grc' dir='ltr'><strong>Β</strong></span> <span class='ocrx_word' id='word_1_282' title='bbox 2406 2385 2657 2501; x_wconf 41' lang='lat' dir='ltr'><strong>ivstitia.</strong></span> <span class='ocrx_word' id='word_1_283' title='bbox 2685 2385 2826 2504; x_wconf 57' lang='lat' dir='ltr'><strong>sui];</strong></span> <span class='ocrx_word' id='word_1_284' title='bbox 2864 2385 3137 2498; x_wconf 47' lang='grc' dir='ltr'>δὲΓ-θείαςῖ</span> <span class='ocrx_word' id='word_1_285' title='bbox 3152 2385 3702 2504; x_wconf 50' lang='grc' dir='ltr'><strong>’ἑιξπὲξξσευοξιινῆξ</strong></span> <span class='ocrx_word' id='word_1_286' title='bbox 3755 2385 3967 2501; x_wconf 53' lang='grc' dir='ltr'>ᾔζηζας</span> 
     </span>
    </p>
   </div>
   <div class='ocr_carea' id='block_1_43' title="bbox 739 2495 2332 2566">
    <p class='ocr_par' dir='ltr' id='par_1_43' title="bbox 739 2495 2332 2566">
     <span class='ocr_line' id='line_1_43' title="bbox 739 2495 2332 2566; baseline 0.01 -24"><span class='ocrx_word' id='word_1_287' title='bbox 739 2497 1034 2558; x_wconf 70' lang='lat' dir='ltr'><strong>contendo,</strong></span> <span class='ocrx_word' id='word_1_288' title='bbox 1063 2504 1123 2550; x_wconf 87' lang='lat' dir='ltr'><strong>ut</strong></span> <span class='ocrx_word' id='word_1_289' title='bbox 1151 2495 1206 2550; x_wconf 91' lang='lat' dir='ltr'><strong>in</strong></span> <span class='ocrx_word' id='word_1_290' title='bbox 1246 2497 1438 2566; x_wconf 89' lang='lat' dir='ltr'><strong>longos</strong></span> <span class='ocrx_word' id='word_1_291' title='bbox 1465 2515 1638 2554; x_wconf 89' lang='lat' dir='ltr'><strong>annos</strong></span> <span class='ocrx_word' id='word_1_292' title='bbox 1666 2500 1832 2555; x_wconf 86' lang='lat' dir='ltr'><strong>vitam</strong></span> <span class='ocrx_word' id='word_1_293' title='bbox 1866 2502 2159 2566; x_wconf 80' lang='lat' dir='ltr'><strong>extendas.</strong></span> <span class='ocrx_word' id='word_1_294' title='bbox 2194 2503 2298 2558; x_wconf 81' lang='lat' dir='ltr'><strong>itn-</strong></span> <span class='ocrx_word' id='word_1_295' title='bbox 2324 2524 2332 2532; x_wconf 92' lang='grc'><strong>·</strong></span> 
     </span>
    </p>
   </div>
   <div class='ocr_carea' id='block_1_44' title="bbox 738 2593 2301 2668">
    <p class='ocr_par' dir='ltr' id='par_1_44' title="bbox 738 2593 2301 2668">
     <span class='ocr_line' id='line_1_44' title="bbox 738 2593 2301 2668; baseline 0.007 -24"><span class='ocrx_word' id='word_1_296' title='bbox 738 2594 950 2660; x_wconf 90' lang='lat' dir='ltr'><strong>perium</strong></span> <span class='ocrx_word' id='word_1_297' title='bbox 980 2593 1284 2649; x_wconf 81' lang='lat' dir='ltr'><strong>Romanum</strong></span> <span class='ocrx_word' id='word_1_298' title='bbox 1320 2597 1615 2665; x_wconf 84' lang='lat' dir='ltr'><strong>gubernes,</strong></span> <span class='ocrx_word' id='word_1_299' title='bbox 1635 2607 1693 2652; x_wconf 92' lang='lat' dir='ltr'><strong>et</strong></span> <span class='ocrx_word' id='word_1_300' title='bbox 1719 2614 1821 2668; x_wconf 83' lang='lat' dir='ltr'><strong>ego</strong></span> <span class='ocrx_word' id='word_1_301' title='bbox 1849 2599 2022 2652; x_wconf 87' lang='lat' dir='ltr'><strong>instar</strong></span> <span class='ocrx_word' id='word_1_302' title='bbox 2050 2599 2196 2654; x_wconf 87' lang='lat' dir='ltr'><strong>servi</strong></span> <span class='ocrx_word' id='word_1_303' title='bbox 2244 2607 2301 2655; x_wconf 87' lang='lat' dir='ltr'><strong>et</strong></span> 
     </span>
    </p>
   </div>
   <div class='ocr_carea' id='block_1_45' title="bbox 739 2684 2299 2757">
    <p class='ocr_par' dir='ltr' id='par_1_45' title="bbox 739 2684 2299 2757">
     <span class='ocr_line' id='line_1_45' title="bbox 739 2684 2299 2757; baseline 0.004 -21"><span class='ocrx_word' id='word_1_304' title='bbox 739 2684 836 2738; x_wconf 83' lang='lat' dir='ltr'><strong>lilii</strong></span> <span class='ocrx_word' id='word_1_305' title='bbox 896 2685 1161 2754; x_wconf 85' lang='lat' dir='ltr'><strong>imperata</strong></span> <span class='ocrx_word' id='word_1_306' title='bbox 1216 2695 1306 2740; x_wconf 88' lang='lat' dir='ltr'><strong>tua</strong></span> <span class='ocrx_word' id='word_1_307' title='bbox 1365 2703 1669 2757; x_wconf 76' lang='lat' dir='ltr'><strong>exsequar;</strong></span> <span class='ocrx_word' id='word_1_308' title='bbox 1731 2690 2064 2757; x_wconf 77' lang='lat' dir='ltr'><strong>precedente</strong></span> <span class='ocrx_word' id='word_1_309' title='bbox 2115 2700 2299 2745; x_wconf 89' lang='lat' dir='ltr'><strong>autem</strong></span> 
     </span>
    </p>
   </div>
   <div class='ocr_carea' id='block_1_46' title="bbox 740 2777 2295 2849">
    <p class='ocr_par' dir='ltr' id='par_1_46' title="bbox 740 2777 2295 2849">
     <span class='ocr_line' id='line_1_46' title="bbox 740 2777 2295 2849; baseline 0.005 -20"><span class='ocrx_word' id='word_1_310' title='bbox 740 2785 1005 2847; x_wconf 88' lang='lat' dir='ltr'><strong>tempore,</strong></span> <span class='ocrx_word' id='word_1_311' title='bbox 1037 2793 1159 2846; x_wconf 64' lang='lat' dir='ltr'><strong>quas</strong></span> <span class='ocrx_word' id='word_1_312' title='bbox 1176 2777 1252 2832; x_wconf 91' lang='lat' dir='ltr'><strong>illi</strong></span> <span class='ocrx_word' id='word_1_313' title='bbox 1282 2779 1613 2849; x_wconf 88' lang='lat' dir='ltr'><strong>placuerint,</strong></span> <span class='ocrx_word' id='word_1_314' title='bbox 1651 2780 1717 2834; x_wconf 90' lang='lat' dir='ltr'><strong>de</strong></span> <span class='ocrx_word' id='word_1_315' title='bbox 1751 2779 1910 2835; x_wconf 91' lang='lat' dir='ltr'><strong>nobis</strong></span> <span class='ocrx_word' id='word_1_316' title='bbox 1941 2781 2246 2835; x_wconf 85' lang='lat' dir='ltr'><strong>constituat</strong></span> <span class='ocrx_word' id='word_1_317' title='bbox 2281 2799 2295 2836; x_wconf 89' lang='lat'><strong>:</strong></span> 
     </span>
    </p>
   </div>
   <div class='ocr_carea' id='block_1_47' title="bbox 735 2869 2302 2941">
    <p class='ocr_par' dir='ltr' id='par_1_47' title="bbox 735 2869 2302 2941">
     <span class='ocr_line' id='line_1_47' title="bbox 735 2869 2302 2941; baseline 0.003 -19"><span class='ocrx_word' id='word_1_318' title='bbox 735 2879 809 2933; x_wconf 90' lang='lat' dir='ltr'><strong>et,</strong></span> <span class='ocrx_word' id='word_1_319' title='bbox 842 2869 888 2923; x_wconf 89' lang='lat' dir='ltr'><strong>si</strong></span> <span class='ocrx_word' id='word_1_320' title='bbox 921 2869 1072 2939; x_wconf 88' lang='lat' dir='ltr'><strong>prius</strong></span> <span class='ocrx_word' id='word_1_321' title='bbox 1107 2869 1324 2935; x_wconf 89' lang='lat' dir='ltr'><strong>obeam,</strong></span> <span class='ocrx_word' id='word_1_322' title='bbox 1350 2880 1409 2925; x_wconf 89' lang='lat' dir='ltr'><strong>ut</strong></span> <span class='ocrx_word' id='word_1_323' title='bbox 1440 2873 1494 2925; x_wconf 91' lang='lat' dir='ltr'><strong>in</strong></span> <span class='ocrx_word' id='word_1_324' title='bbox 1525 2881 1578 2925; x_wconf 93' lang='lat' dir='ltr'><strong>te</strong></span> <span class='ocrx_word' id='word_1_325' title='bbox 1612 2880 1784 2926; x_wconf 90' lang='lat' dir='ltr'><strong>totum</strong></span> <span class='ocrx_word' id='word_1_326' title='bbox 1814 2873 2102 2927; x_wconf 84' lang='lat' dir='ltr'><strong>recumbat</strong></span> <span class='ocrx_word' id='word_1_327' title='bbox 2131 2874 2302 2941; x_wconf 90' lang='lat' dir='ltr'><strong>impe-</strong></span> 
     </span>
    </p>
   </div>
   <div class='ocr_carea' id='block_1_48' title="bbox 739 2959 2295 3032">
    <p class='ocr_par' dir='ltr' id='par_1_48' title="bbox 739 2959 2295 3032">
     <span class='ocr_line' id='line_1_48' title="bbox 739 2959 2295 3032; baseline 0.005 -22"><span class='ocrx_word' id='word_1_328' title='bbox 739 2959 902 3022; x_wconf 91' lang='lat' dir='ltr'><strong>rium,</strong></span> <span class='ocrx_word' id='word_1_329' title='bbox 949 2973 1079 3027; x_wconf 88' lang='lat' dir='ltr'><strong>quo,</strong></span> <span class='ocrx_word' id='word_1_330' title='bbox 1107 2975 1229 3028; x_wconf 60' lang='lat' dir='ltr'><strong>quas</strong></span> <span class='ocrx_word' id='word_1_331' title='bbox 1259 2960 1402 3014; x_wconf 82' lang='lat' dir='ltr'><strong>factu</strong></span> <span class='ocrx_word' id='word_1_332' title='bbox 1447 2961 1600 3014; x_wconf 83' lang='lat' dir='ltr'><strong>utilia</strong></span> <span class='ocrx_word' id='word_1_333' title='bbox 1626 2963 1928 3025; x_wconf 88' lang='lat' dir='ltr'><strong>censueris,</strong></span> <span class='ocrx_word' id='word_1_334' title='bbox 1960 2977 2024 3016; x_wconf 88' lang='lat' dir='ltr'><strong>ea</strong></span> <span class='ocrx_word' id='word_1_335' title='bbox 2051 2973 2295 3032; x_wconf 67' lang='lat' dir='ltr'><strong>praestes.</strong></span> 
     </span>
    </p>
   </div>
   <div class='ocr_carea' id='block_1_49' title="bbox 735 3049 2297 3127">
    <p class='ocr_par' dir='ltr' id='par_1_49' title="bbox 735 3049 2297 3127">
     <span class='ocr_line' id='line_1_49' title="bbox 735 3049 2297 3127; baseline 0.003 -22"><span class='ocrx_word' id='word_1_336' title='bbox 735 3050 831 3105; x_wconf 86' lang='lat' dir='ltr'><strong>Sin</strong></span> <span class='ocrx_word' id='word_1_337' title='bbox 865 3058 921 3104; x_wconf 92' lang='lat' dir='ltr'><strong>tu</strong></span> <span class='ocrx_word' id='word_1_338' title='bbox 957 3049 1025 3104; x_wconf 88' lang='lat' dir='ltr'><strong>ad</strong></span> <span class='ocrx_word' id='word_1_339' title='bbox 1054 3053 1368 3107; x_wconf 87' lang='lat' dir='ltr'><strong>mansiones</strong></span> <span class='ocrx_word' id='word_1_340' title='bbox 1414 3053 1536 3107; x_wconf 87' lang='lat' dir='ltr'><strong>illas</strong></span> <span class='ocrx_word' id='word_1_341' title='bbox 1569 3054 1937 3127; x_wconf 79' lang='lat' dir='ltr'><strong>sempiternas</strong></span> <span class='ocrx_word' id='word_1_342' title='bbox 1962 3054 2133 3109; x_wconf 77' lang='lat' dir='ltr'><strong>[ueris</strong></span> <span class='ocrx_word' id='word_1_343' title='bbox 2167 3069 2297 3109; x_wconf 82' lang='lat' dir='ltr'><strong>evo-</strong></span> 
     </span>
    </p>
   </div>
   <div class='ocr_carea' id='block_1_50' title="bbox 734 3143 2294 3215">
    <p class='ocr_par' dir='ltr' id='par_1_50' title="bbox 734 3143 2294 3215">
     <span class='ocr_line' id='line_1_50' title="bbox 734 3143 2294 3215; baseline 0.001 -17"><span class='ocrx_word' id='word_1_344' title='bbox 734 3152 911 3209; x_wconf 85' lang='lat' dir='ltr'><strong>catus,</strong></span> <span class='ocrx_word' id='word_1_345' title='bbox 947 3155 1007 3198; x_wconf 92' lang='lat' dir='ltr'><strong>ut</strong></span> <span class='ocrx_word' id='word_1_346' title='bbox 1034 3143 1165 3197; x_wconf 90' lang='lat' dir='ltr'><strong>mihi</strong></span> <span class='ocrx_word' id='word_1_347' title='bbox 1191 3143 1374 3198; x_wconf 89' lang='lat' dir='ltr'><strong>denuo</strong></span> <span class='ocrx_word' id='word_1_348' title='bbox 1421 3145 1767 3215; x_wconf 86' lang='lat' dir='ltr'><strong>principatus</strong></span> <span class='ocrx_word' id='word_1_349' title='bbox 1798 3144 2077 3201; x_wconf 80' lang='lat' dir='ltr'><strong>Romanus</strong></span> <span class='ocrx_word' id='word_1_350' title='bbox 2120 3147 2294 3202; x_wconf 90' lang='lat' dir='ltr'><strong>relin-</strong></span> 
     </span>
    </p>
   </div>
   <div class='ocr_carea' id='block_1_51' title="bbox 733 3235 2297 3308">
    <p class='ocr_par' dir='ltr' id='par_1_51' title="bbox 733 3235 2297 3308">
     <span class='ocr_line' id='line_1_51' title="bbox 733 3235 2297 3308; baseline 0.003 -19"><span class='ocrx_word' id='word_1_351' title='bbox 733 3244 954 3304; x_wconf 80' lang='lat' dir='ltr'><strong>quatur.</strong></span> <span class='ocrx_word' id='word_1_352' title='bbox 984 3236 1090 3307; x_wconf 80' lang='lat'><strong>73</strong></span> <span class='ocrx_word' id='word_1_353' title='bbox 1122 3235 1229 3292; x_wconf 86' lang='lat' dir='ltr'><strong>Sed</strong></span> <span class='ocrx_word' id='word_1_354' title='bbox 1260 3237 1362 3291; x_wconf 91' lang='lat' dir='ltr'><strong>ista</strong></span> <span class='ocrx_word' id='word_1_355' title='bbox 1391 3238 1642 3306; x_wconf 88' lang='lat' dir='ltr'><strong>quidem,</strong></span> <span class='ocrx_word' id='word_1_356' title='bbox 1675 3247 1736 3292; x_wconf 91' lang='lat' dir='ltr'><strong>ut</strong></span> <span class='ocrx_word' id='word_1_357' title='bbox 1769 3238 1884 3292; x_wconf 91' lang='lat' dir='ltr'><strong>Deo</strong></span> <span class='ocrx_word' id='word_1_358' title='bbox 1909 3237 2168 3308; x_wconf 88' lang='lat' dir='ltr'><strong>placitum</strong></span> <span class='ocrx_word' id='word_1_359' title='bbox 2189 3238 2297 3294; x_wconf 92' lang='lat' dir='ltr'><strong>erit</strong></span> 
     </span>
    </p>
   </div>
   <div class='ocr_carea' id='block_1_52' title="bbox 733 3329 2298 3400">
    <p class='ocr_par' dir='ltr' id='par_1_52' title="bbox 733 3329 2298 3400">
     <span class='ocr_line' id='line_1_52' title="bbox 733 3329 2298 3400; baseline 0.002 -19"><span class='ocrx_word' id='word_1_360' title='bbox 733 3330 873 3400; x_wconf 83' lang='lat'><strong>(66),</strong></span> <span class='ocrx_word' id='word_1_361' title='bbox 905 3329 976 3382; x_wconf 86' lang='lat' dir='ltr'><strong>ita</strong></span> <span class='ocrx_word' id='word_1_362' title='bbox 1016 3345 1075 3383; x_wconf 86' lang='lat' dir='ltr'><strong>se</strong></span> <span class='ocrx_word' id='word_1_363' title='bbox 1101 3329 1357 3384; x_wconf 84' lang='lat' dir='ltr'><strong>habeant.</strong></span> <span class='ocrx_word' id='word_1_364' title='bbox 1389 3329 1546 3385; x_wconf 87' lang='lat' dir='ltr'><strong>Nunc</strong></span> <span class='ocrx_word' id='word_1_365' title='bbox 1579 3331 1904 3386; x_wconf 85' lang='lat' dir='ltr'><strong>necessitate</strong></span> <span class='ocrx_word' id='word_1_366' title='bbox 1963 3332 2298 3386; x_wconf 86' lang='lat' dir='ltr'><strong>reverentia-</strong></span> 
     </span>
    </p>
   </div>
   <div class='ocr_carea' id='block_1_53' title="bbox 733 3419 2295 3489">
    <p class='ocr_par' dir='ltr' id='par_1_53' title="bbox 733 3419 2295 3489">
     <span class='ocr_line' id='line_1_53' title="bbox 733 3419 2295 3489; baseline 0.003 -17"><span class='ocrx_word' id='word_1_367' title='bbox 733 3433 847 3489; x_wconf 79' lang='lat' dir='ltr'><strong>que</strong></span> <span class='ocrx_word' id='word_1_368' title='bbox 902 3419 1321 3483; x_wconf 90' lang='lat' dir='ltr'><strong>dissidentibus,</strong></span> <span class='ocrx_word' id='word_1_369' title='bbox 1371 3421 1673 3475; x_wconf 84' lang='lat' dir='ltr'><strong>necessitas</strong></span> <span class='ocrx_word' id='word_1_370' title='bbox 1717 3420 1872 3484; x_wconf 81' lang='lat' dir='ltr'><strong>vicit,</strong></span> <span class='ocrx_word' id='word_1_371' title='bbox 1925 3429 1983 3474; x_wconf 92' lang='lat' dir='ltr'><strong>et</strong></span> <span class='ocrx_word' id='word_1_372' title='bbox 2035 3421 2295 3476; x_wconf 88' lang='lat' dir='ltr'><strong>indecore</strong></span> 
     </span>
    </p>
   </div>
   <div class='ocr_carea' id='block_1_54' title="bbox 731 3512 2295 3583">
    <p class='ocr_par' dir='ltr' id='par_1_54' title="bbox 731 3512 2295 3583">
     <span class='ocr_line' id='line_1_54' title="bbox 731 3512 2295 3583; baseline 0.001 -18"><span class='ocrx_word' id='word_1_373' title='bbox 731 3513 1092 3582; x_wconf 87' lang='lat' dir='ltr'><strong>imperiteque</strong></span> <span class='ocrx_word' id='word_1_374' title='bbox 1121 3513 1304 3568; x_wconf 87' lang='lat' dir='ltr'><strong>dicere</strong></span> <span class='ocrx_word' id='word_1_375' title='bbox 1364 3515 1656 3583; x_wconf 79' lang='lat' dir='ltr'><strong>facereque</strong></span> <span class='ocrx_word' id='word_1_376' title='bbox 1674 3514 1957 3583; x_wconf 89' lang='lat' dir='ltr'><strong>compulit.</strong></span> <span class='ocrx_word' id='word_1_377' title='bbox 1975 3512 2112 3568; x_wconf 90' lang='lat' dir='ltr'><strong>Cum</strong></span> <span class='ocrx_word' id='word_1_378' title='bbox 2141 3528 2295 3567; x_wconf 88' lang='lat' dir='ltr'><strong>nam-</strong></span> 
     </span>
    </p>
   </div>
   <div class='ocr_carea' id='block_1_55' title="bbox 728 3605 2289 3676">
    <p class='ocr_par' dir='ltr' id='par_1_55' title="bbox 728 3605 2289 3676">
     <span class='ocr_line' id='line_1_55' title="bbox 728 3605 2289 3676; baseline 0.001 -19"><span class='ocrx_word' id='word_1_379' title='bbox 728 3621 834 3674; x_wconf 87' lang='lat' dir='ltr'><strong>que</strong></span> <span class='ocrx_word' id='word_1_380' title='bbox 859 3605 1216 3675; x_wconf 15' lang='lat' dir='ltr'><strong>et‘nosipsos,</strong></span> <span class='ocrx_word' id='word_1_381' title='bbox 1247 3616 1304 3660; x_wconf 90' lang='lat' dir='ltr'><strong>et</strong></span> <span class='ocrx_word' id='word_1_382' title='bbox 1327 3606 1603 3670; x_wconf 83' lang='lat' dir='ltr'><strong>civitates,</strong></span> <span class='ocrx_word' id='word_1_383' title='bbox 1634 3614 1690 3661; x_wconf 92' lang='lat' dir='ltr'><strong>et</strong></span> <span class='ocrx_word' id='word_1_384' title='bbox 1722 3607 2007 3676; x_wconf 82' lang='lat' dir='ltr'><strong>pecunias,</strong></span> <span class='ocrx_word' id='word_1_385' title='bbox 2043 3617 2100 3661; x_wconf 88' lang='lat' dir='ltr'><strong>et</strong></span> <span class='ocrx_word' id='word_1_386' title='bbox 2127 3608 2289 3661; x_wconf 87' lang='lat' dir='ltr'><strong>simul</strong></span> 
     </span>
    </p>
   </div>
   <div class='ocr_carea' id='block_1_56' title="bbox 2402 2520 3962 2595">
    <p class='ocr_par' dir='ltr' id='par_1_56' title="bbox 2402 2520 3962 2595">
     <span class='ocr_line' id='line_1_56' title="bbox 2402 2520 3962 2595; baseline -0.002 -19"><span class='ocrx_word' id='word_1_387' title='bbox 2402 2525 2503 2577; x_wconf 85' lang='grc' dir='ltr'>ὅσα</span> <span class='ocrx_word' id='word_1_388' title='bbox 2531 2520 2700 2588; x_wconf 77' lang='grc' dir='ltr'>οἶδας.</span> <span class='ocrx_word' id='word_1_389' title='bbox 2743 2525 2886 2593; x_wconf 87' lang='grc' dir='ltr'><strong>Ἐγὼ</strong></span> <span class='ocrx_word' id='word_1_390' title='bbox 2925 2525 2971 2578; x_wconf 77' lang='grc' dir='ltr'>δ’</span> <span class='ocrx_word' id='word_1_391' title='bbox 2996 2527 3055 2577; x_wconf 68' lang='grc' dir='ltr'>ιν</span> <span class='ocrx_word' id='word_1_392' title='bbox 3097 2525 3307 2588; x_wconf 72' lang='grc' dir='ltr'>ἱκεσίας</span> <span class='ocrx_word' id='word_1_393' title='bbox 3354 2527 3511 2595; x_wconf 79' lang='grc' dir='ltr'>μέρει</span> <span class='ocrx_word' id='word_1_394' title='bbox 3541 2523 3694 2595; x_wconf 85' lang='grc' dir='ltr'>παρά</span> <span class='ocrx_word' id='word_1_395' title='bbox 3737 2521 3830 2576; x_wconf 81' lang='grc' dir='ltr'>τοῦ</span> <span class='ocrx_word' id='word_1_396' title='bbox 3858 2539 3962 2591; x_wconf 83' lang='grc' dir='ltr'>με-</span> 
     </span>
    </p>
   </div>
   <div class='ocr_carea' id='block_1_57' title="bbox 2404 2603 3966 2688">
    <p class='ocr_par' dir='ltr' id='par_1_57' title="bbox 2404 2603 3966 2688">
     <span class='ocr_line' id='line_1_57' title="bbox 2404 2603 3966 2688; baseline -0.005 -17"><span class='ocrx_word' id='word_1_397' title='bbox 2404 2619 2573 2686; x_wconf 91' lang='grc' dir='ltr'>γάλου</span> <span class='ocrx_word' id='word_1_398' title='bbox 2605 2618 2868 2688; x_wconf 81' lang='grc' dir='ltr'>βασιλέως</span> <span class='ocrx_word' id='word_1_399' title='bbox 2899 2618 3036 2672; x_wconf 84' lang='grc' dir='ltr'>αίτῶ</span> <span class='ocrx_word' id='word_1_400' title='bbox 3066 2603 3174 2672; x_wconf 49' lang='grc' dir='ltr'>’καὶ</span> <span class='ocrx_word' id='word_1_401' title='bbox 3204 2619 3360 2682; x_wconf 85' lang='grc' dir='ltr'>Θεοῦ,</span> <span class='ocrx_word' id='word_1_402' title='bbox 3403 2618 3462 2671; x_wconf 77' lang='grc' dir='ltr'>σὲ</span> <span class='ocrx_word' id='word_1_403' title='bbox 3496 2618 3596 2686; x_wconf 81' lang='grc' dir='ltr'>μὲν</span> <span class='ocrx_word' id='word_1_404' title='bbox 3626 2619 3719 2670; x_wconf 73' lang='grc' dir='ltr'><strong>ἐπὶ</strong></span> <span class='ocrx_word' id='word_1_405' title='bbox 3747 2614 3966 2676; x_wconf 77' lang='grc' dir='ltr'>πολλοῖς</span> 
     </span>
    </p>
   </div>
   <div class='ocr_carea' id='block_1_58' title="bbox 2403 2707 3966 2780">
    <p class='ocr_par' dir='ltr' id='par_1_58' title="bbox 2403 2707 3966 2780">
     <span class='ocr_line' id='line_1_58' title="bbox 2403 2707 3966 2780; baseline -0.003 -20"><span class='ocrx_word' id='word_1_406' title='bbox 2403 2708 2579 2761; x_wconf 76' lang='grc' dir='ltr'>ἔτεσιν</span> <span class='ocrx_word' id='word_1_407' title='bbox 2622 2710 2682 2762; x_wconf 82' lang='grc' dir='ltr'>ὲν</span> <span class='ocrx_word' id='word_1_408' title='bbox 2722 2708 2889 2773; x_wconf 77' lang='grc' dir='ltr'>ζῶσιν</span> <span class='ocrx_word' id='word_1_409' title='bbox 2939 2708 3101 2772; x_wconf 71' lang='grc' dir='ltr'>εἶναι,</span> <span class='ocrx_word' id='word_1_410' title='bbox 3160 2711 3252 2763; x_wconf 76' lang='grc' dir='ltr'>καὶ</span> <span class='ocrx_word' id='word_1_411' title='bbox 3300 2709 3400 2780; x_wconf 81' lang='grc' dir='ltr'><strong>τὴν</strong></span> <span class='ocrx_word' id='word_1_412' title='bbox 3460 2709 3749 2773; x_wconf 84' lang='grc' dir='ltr'>Ῥωμαίων</span> <span class='ocrx_word' id='word_1_413' title='bbox 3789 2707 3966 2777; x_wconf 76' lang='grc' dir='ltr'>ἀρχὴν</span> 
     </span>
    </p>
   </div>
   <div class='ocr_carea' id='block_1_59' title="bbox 2405 2792 3964 2870">
    <p class='ocr_par' dir='ltr' id='par_1_59' title="bbox 2405 2792 3964 2870">
     <span class='ocr_line' id='line_1_59' title="bbox 2405 2792 3964 2870; baseline -0.003 -18"><span class='ocrx_word' id='word_1_414' title='bbox 2405 2799 2637 2852; x_wconf 68' lang='grc' dir='ltr'>ἰθύνειν·</span> <span class='ocrx_word' id='word_1_415' title='bbox 2671 2799 2772 2870; x_wconf 67' lang='grc' dir='ltr'>ἔμε</span> <span class='ocrx_word' id='word_1_416' title='bbox 2798 2800 2874 2866; x_wconf 62' lang='grc' dir='ltr'><strong>,δὲ</strong></span> <span class='ocrx_word' id='word_1_417' title='bbox 2904 2795 2992 2854; x_wconf 76' lang='grc' dir='ltr'>οἷα</span> <span class='ocrx_word' id='word_1_418' title='bbox 3034 2799 3219 2853; x_wconf 78' lang='grc' dir='ltr'>δοῦλον</span> <span class='ocrx_word' id='word_1_419' title='bbox 3250 2799 3340 2852; x_wconf 82' lang='grc' dir='ltr'><strong>σδν</strong></span> <span class='ocrx_word' id='word_1_420' title='bbox 3387 2799 3481 2852; x_wconf 78' lang='grc' dir='ltr'>καὶ</span> <span class='ocrx_word' id='word_1_421' title='bbox 3506 2799 3621 2851; x_wconf 82' lang='grc' dir='ltr'>υίδν</span> <span class='ocrx_word' id='word_1_422' title='bbox 3655 2792 3686 2868; x_wconf 77' lang='grc' dir='ltr'>ᾖ</span> <span class='ocrx_word' id='word_1_423' title='bbox 3719 2797 3964 2858; x_wconf 84' lang='grc' dir='ltr'>κελεύεις</span> 
     </span>
    </p>
   </div>
   <div class='ocr_carea' id='block_1_60' title="bbox 2401 2888 3950 2963">
    <p class='ocr_par' dir='ltr' id='par_1_60' title="bbox 2401 2888 3950 2963">
     <span class='ocr_line' id='line_1_60' title="bbox 2401 2888 3950 2963; baseline -0.003 -19"><span class='ocrx_word' id='word_1_424' title='bbox 2401 2891 2564 2954; x_wconf 77' lang='grc' dir='ltr'>αὐτὸς</span> <span class='ocrx_word' id='word_1_425' title='bbox 2610 2891 2670 2944; x_wconf 74' lang='grc' dir='ltr'><strong>τὸ</strong></span> <span class='ocrx_word' id='word_1_426' title='bbox 2709 2891 3182 2963; x_wconf 84' lang='grc' dir='ltr'>προσταττόμενον</span> <span class='ocrx_word' id='word_1_427' title='bbox 3240 2890 3576 2962; x_wconf 74' lang='grc' dir='ltr'>ἐκπληροῦν,</span> <span class='ocrx_word' id='word_1_428' title='bbox 3609 2888 3704 2944; x_wconf 78' lang='grc' dir='ltr'><strong>τού</strong></span> <span class='ocrx_word' id='word_1_429' title='bbox 3752 2889 3950 2959; x_wconf 91' lang='grc' dir='ltr'>χρόνου</span> 
     </span>
    </p>
   </div>
   <div class='ocr_carea' id='block_1_61' title="bbox 2397 2980 3962 3053">
    <p class='ocr_par' dir='ltr' id='par_1_61' title="bbox 2397 2980 3962 3053">
     <span class='ocr_line' id='line_1_61' title="bbox 2397 2980 3962 3053; baseline 0.001 -21"><span class='ocrx_word' id='word_1_430' title='bbox 2397 2980 2462 3050; x_wconf 82' lang='grc' dir='ltr'>δὴ</span> <span class='ocrx_word' id='word_1_431' title='bbox 2493 2983 2795 3050; x_wconf 79' lang='grc' dir='ltr'>προϊόντος,</span> <span class='ocrx_word' id='word_1_432' title='bbox 2827 2982 2864 3038; x_wconf 74' lang='grc' dir='ltr'><strong>ἀ</strong></span> <span class='ocrx_word' id='word_1_433' title='bbox 2902 2983 3053 3050; x_wconf 82' lang='grc' dir='ltr'>φίλον</span> <span class='ocrx_word' id='word_1_434' title='bbox 3099 2984 3217 3038; x_wconf 65' lang='grc' dir='ltr'>ἐστὶ</span> <span class='ocrx_word' id='word_1_435' title='bbox 3265 2983 3385 3053; x_wconf 87' lang='grc' dir='ltr'>Θεῷ</span> <span class='ocrx_word' id='word_1_436' title='bbox 3439 2981 3644 3036; x_wconf 81' lang='grc' dir='ltr'>τοιαῦτ’</span> <span class='ocrx_word' id='word_1_437' title='bbox 3669 2982 3962 3048; x_wconf 72' lang='grc' dir='ltr'>οἰκονομη-</span> 
     </span>
    </p>
   </div>
   <div class='ocr_carea' id='block_1_62' title="bbox 2401 3073 3964 3146">
    <p class='ocr_par' dir='ltr' id='par_1_62' title="bbox 2401 3073 3964 3146">
     <span class='ocr_line' id='line_1_62' title="bbox 2401 3073 3964 3146; baseline -0.001 -21"><span class='ocrx_word' id='word_1_438' title='bbox 2401 3073 2560 3142; x_wconf 79' lang='grc' dir='ltr'>θῆναι</span> <span class='ocrx_word' id='word_1_439' title='bbox 2598 3073 2726 3144; x_wconf 81' lang='grc' dir='ltr'>περὶ</span> <span class='ocrx_word' id='word_1_440' title='bbox 2773 3075 2941 3144; x_wconf 74' lang='grc' dir='ltr'>ἡμᾶς.</span> <span class='ocrx_word' id='word_1_441' title='bbox 2990 3073 3053 3127; x_wconf 70' lang='lat' dir='ltr'><strong>Et</strong></span> <span class='ocrx_word' id='word_1_442' title='bbox 3083 3074 3184 3146; x_wconf 78' lang='grc' dir='ltr'>μὲν</span> <span class='ocrx_word' id='word_1_443' title='bbox 3216 3074 3309 3129; x_wconf 80' lang='grc' dir='ltr'>οὖν</span> <span class='ocrx_word' id='word_1_444' title='bbox 3340 3076 3604 3146; x_wconf 87' lang='grc' dir='ltr'>πρότερος</span> <span class='ocrx_word' id='word_1_445' title='bbox 3634 3073 3794 3133; x_wconf 73' lang='grc' dir='ltr'>αὐτὸς</span> <span class='ocrx_word' id='word_1_446' title='bbox 3822 3074 3964 3126; x_wconf 83' lang='grc' dir='ltr'>άπο·</span> 
     </span>
    </p>
   </div>
   <div class='ocr_carea' id='block_1_63' title="bbox 2400 3163 3959 3237">
    <p class='ocr_par' dir='ltr' id='par_1_63' title="bbox 2400 3163 3959 3237">
     <span class='ocr_line' id='line_1_63' title="bbox 2400 3163 3959 3237; baseline -0.003 -19"><span class='ocrx_word' id='word_1_447' title='bbox 2400 3164 2510 3218; x_wconf 87' lang='grc' dir='ltr'><strong>στῶ</strong></span> <span class='ocrx_word' id='word_1_448' title='bbox 2555 3164 2650 3218; x_wconf 81' lang='grc' dir='ltr'><strong>τοῦ</strong></span> <span class='ocrx_word' id='word_1_449' title='bbox 2689 3167 2809 3235; x_wconf 76' lang='grc' dir='ltr'>ζῇν,</span> <span class='ocrx_word' id='word_1_450' title='bbox 2868 3165 2962 3218; x_wconf 73' lang='grc' dir='ltr'>επὶ</span> <span class='ocrx_word' id='word_1_451' title='bbox 2996 3166 3079 3219; x_wconf 77' lang='grc' dir='ltr'>σοὶ</span> <span class='ocrx_word' id='word_1_452' title='bbox 3122 3167 3221 3236; x_wconf 76' lang='grc' dir='ltr'>τὴν</span> <span class='ocrx_word' id='word_1_453' title='bbox 3267 3167 3443 3237; x_wconf 76' lang='grc' dir='ltr'>ἀρχὴν</span> <span class='ocrx_word' id='word_1_454' title='bbox 3491 3163 3705 3219; x_wconf 83' lang='grc' dir='ltr'>κεῖσθαι</span> <span class='ocrx_word' id='word_1_455' title='bbox 3753 3164 3959 3223; x_wconf 79' lang='grc' dir='ltr'>πᾶσαν,</span> 
     </span>
    </p>
   </div>
   <div class='ocr_carea' id='block_1_64' title="bbox 2396 3251 3960 3326">
    <p class='ocr_par' dir='ltr' id='par_1_64' title="bbox 2396 3251 3960 3326">
     <span class='ocr_line' id='line_1_64' title="bbox 2396 3251 3960 3326; baseline -0.002 -19"><span class='ocrx_word' id='word_1_456' title='bbox 2396 3253 2526 3308; x_wconf 82' lang='grc' dir='ltr'>ὥσθ’</span> <span class='ocrx_word' id='word_1_457' title='bbox 2578 3255 2614 3308; x_wconf 71' lang='grc' dir='ltr'><strong>ἃ.</strong></span> <span class='ocrx_word' id='word_1_458' title='bbox 2665 3272 2747 3309; x_wconf 90' lang='grc' dir='ltr'><strong>σοι</strong></span> <span class='ocrx_word' id='word_1_459' title='bbox 2793 3256 2940 3310; x_wconf 88' lang='grc' dir='ltr'>δοκει</span> <span class='ocrx_word' id='word_1_460' title='bbox 2985 3257 3315 3326; x_wconf 63' lang='grc' dir='ltr'>συμφέρειν,</span> <span class='ocrx_word' id='word_1_461' title='bbox 3364 3257 3558 3309; x_wconf 77' lang='grc' dir='ltr'>ποιεῖν.</span> <span class='ocrx_word' id='word_1_462' title='bbox 3591 3252 3723 3310; x_wconf 79' lang='grc' dir='ltr'>Είδ⁹</span> <span class='ocrx_word' id='word_1_463' title='bbox 3754 3252 3864 3324; x_wconf 79' lang='grc' dir='ltr'><strong>ἀρα</strong></span> <span class='ocrx_word' id='word_1_464' title='bbox 3893 3251 3960 3304; x_wconf 87' lang='grc' dir='ltr'><strong>σύ</strong></span> 
     </span>
    </p>
   </div>
   <div class='ocr_carea' id='block_1_65' title="bbox 2397 3340 3963 3416">
    <p class='ocr_par' dir='ltr' id='par_1_65' title="bbox 2397 3340 3963 3416">
     <span class='ocr_line' id='line_1_65' title="bbox 2397 3340 3963 3416; baseline -0.004 -18"><span class='ocrx_word' id='word_1_465' title='bbox 2397 3362 2461 3415; x_wconf 85' lang='grc' dir='ltr'><strong>γε</strong></span> <span class='ocrx_word' id='word_1_466' title='bbox 2515 3347 2649 3416; x_wconf 80' lang='grc' dir='ltr'>πρὸς</span> <span class='ocrx_word' id='word_1_467' title='bbox 2706 3347 2806 3410; x_wconf 84' lang='grc' dir='ltr'><strong>τάς</strong></span> <span class='ocrx_word' id='word_1_468' title='bbox 2850 3347 3103 3410; x_wconf 87' lang='grc' dir='ltr'>αίωνίους</span> <span class='ocrx_word' id='word_1_469' title='bbox 3154 3346 3541 3416; x_wconf 78' lang='grc' dir='ltr'>μετακληθήσῃ</span> <span class='ocrx_word' id='word_1_470' title='bbox 3596 3344 3785 3414; x_wconf 76' lang='grc' dir='ltr'>μονάς.</span> <span class='ocrx_word' id='word_1_471' title='bbox 3835 3340 3963 3411; x_wconf 72' lang='grc' dir='ltr'>ἐμοὶ</span> 
     </span>
    </p>
   </div>
   <div class='ocr_carea' id='block_1_66' title="bbox 2396 3433 3956 3518">
    <p class='ocr_par' dir='ltr' id='par_1_66' title="bbox 2396 3433 3956 3518">
     <span class='ocr_line' id='line_1_66' title="bbox 2396 3433 3956 3518; baseline -0.003 -26"><span class='ocrx_word' id='word_1_472' title='bbox 2396 3439 2561 3492; x_wconf 86' lang='grc' dir='ltr'>πάλιν</span> <span class='ocrx_word' id='word_1_473' title='bbox 2616 3439 2716 3509; x_wconf 82' lang='grc' dir='ltr'><strong>τὴν</strong></span> <span class='ocrx_word' id='word_1_474' title='bbox 2785 3440 3089 3518; x_wconf 73' lang='grc' dir='ltr'>ἠγεμονίαν</span> <span class='ocrx_word' id='word_1_475' title='bbox 3151 3439 3443 3507; x_wconf 81' lang='grc' dir='ltr'>Ῥωμαίων</span> <span class='ocrx_word' id='word_1_476' title='bbox 3506 3433 3956 3503; x_wconf 79' lang='grc' dir='ltr'>καταλειφθῆναι.</span> 
     </span>
    </p>
   </div>
   <div class='ocr_carea' id='block_1_67' title="bbox 2394 3525 3964 3602">
    <p class='ocr_par' dir='ltr' id='par_1_67' title="bbox 2394 3525 3964 3602">
     <span class='ocr_line' id='line_1_67' title="bbox 2394 3525 3964 3602; baseline -0.006 -18"><span class='ocrx_word' id='word_1_477' title='bbox 2394 3532 2580 3585; x_wconf 81' lang='grc' dir='ltr'>Ταῦτα</span> <span class='ocrx_word' id='word_1_478' title='bbox 2619 3533 2720 3599; x_wconf 77' lang='grc' dir='ltr'>μὲν</span> <span class='ocrx_word' id='word_1_479' title='bbox 2766 3532 2859 3586; x_wconf 80' lang='grc' dir='ltr'>οὖν</span> <span class='ocrx_word' id='word_1_480' title='bbox 2899 3534 3022 3587; x_wconf 81' lang='grc' dir='ltr'>ὅποι</span> <span class='ocrx_word' id='word_1_481' title='bbox 3064 3532 3140 3602; x_wconf 85' lang='grc' dir='ltr'><strong>τῷ</strong></span> <span class='ocrx_word' id='word_1_482' title='bbox 3169 3532 3292 3601; x_wconf 85' lang='grc' dir='ltr'><strong>Θεῷ</strong></span> <span class='ocrx_word' id='word_1_483' title='bbox 3343 3531 3517 3600; x_wconf 82' lang='grc' dir='ltr'>φίλον,</span> <span class='ocrx_word' id='word_1_484' title='bbox 3559 3526 3796 3592; x_wconf 79' lang='grc' dir='ltr'>ἀγέσθω.</span> <span class='ocrx_word' id='word_1_485' title='bbox 3823 3525 3964 3577; x_wconf 83' lang='grc' dir='ltr'>Νυνὶ</span> 
     </span>
    </p>
   </div>
   <div class='ocr_carea' id='block_1_68' title="bbox 2393 3613 3958 3692">
    <p class='ocr_par' dir='ltr' id='par_1_68' title="bbox 2393 3613 3958 3692">
     <span class='ocr_line' id='line_1_68' title="bbox 2393 3613 3958 3692; baseline 0.004 -18"><span class='ocrx_word' id='word_1_486' title='bbox 2393 3622 2449 3674; x_wconf 76' lang='grc' dir='ltr'>δὲ</span> <span class='ocrx_word' id='word_1_487' title='bbox 2481 3624 2726 3692; x_wconf 82' lang='grc' dir='ltr'>ἀνάγκης</span> <span class='ocrx_word' id='word_1_488' title='bbox 2774 3638 2833 3676; x_wconf 87' lang='grc' dir='ltr'><strong>τε</strong></span> <span class='ocrx_word' id='word_1_489' title='bbox 2883 3623 2978 3675; x_wconf 74' lang='grc' dir='ltr'>καὶ</span> <span class='ocrx_word' id='word_1_490' title='bbox 3021 3622 3203 3684; x_wconf 85' lang='grc' dir='ltr'>αίδοῦς</span> <span class='ocrx_word' id='word_1_491' title='bbox 3249 3618 3632 3690; x_wconf 59' lang='grc' dir='ltr'>μεριζομίνης.</span> <span class='ocrx_word' id='word_1_492' title='bbox 3673 3616 3892 3684; x_wconf 77' lang='grc' dir='ltr'>ῐσχυσεν</span> <span class='ocrx_word' id='word_1_493' title='bbox 3922 3613 3958 3680; x_wconf 64' lang='grc' dir='ltr'><strong>ἡ</strong></span> 
     </span>
    </p>
   </div>
   <div class='ocr_carea' id='block_1_69' title="bbox 726 3695 2404 3783">
    <p class='ocr_par' dir='ltr' id='par_1_69' title="bbox 726 3695 2404 3770">
     <span class='ocr_line' id='line_1_69' title="bbox 726 3695 2404 3770; baseline 0.003 -22"><span class='ocrx_word' id='word_1_494' title='bbox 726 3695 910 3749; x_wconf 87' lang='lat' dir='ltr'><strong>omnia</strong></span> <span class='ocrx_word' id='word_1_495' title='bbox 945 3695 998 3749; x_wconf 91' lang='lat' dir='ltr'><strong>in</strong></span> <span class='ocrx_word' id='word_1_496' title='bbox 1035 3711 1229 3750; x_wconf 89' lang='lat' dir='ltr'><strong>manus</strong></span> <span class='ocrx_word' id='word_1_497' title='bbox 1258 3706 1380 3750; x_wconf 85' lang='lat' dir='ltr'><strong>tuas</strong></span> <span class='ocrx_word' id='word_1_498' title='bbox 1416 3697 1632 3752; x_wconf 90' lang='lat' dir='ltr'><strong>tradere</strong></span> <span class='ocrx_word' id='word_1_499' title='bbox 1657 3698 1955 3762; x_wconf 86' lang='lat' dir='ltr'><strong>decuisset,</strong></span> <span class='ocrx_word' id='word_1_500' title='bbox 1979 3698 2198 3753; x_wconf 90' lang='lat' dir='ltr'><strong>duabus</strong></span> <span class='ocrx_word' id='word_1_501' title='bbox 2219 3698 2287 3753; x_wconf 93' lang='lat' dir='ltr'><strong>de</strong></span> <span class='ocrx_word' id='word_1_502' title='bbox 2319 3712 2362 3770; x_wconf 67' lang='grc' dir='ltr'><strong>ς</strong></span> <span class='ocrx_word' id='word_1_503' title='bbox 2394 3731 2404 3766; x_wconf 60' lang='grc' dir='ltr'>ι</span> 
     </span>
    </p>
   </div>
   <div class='ocr_carea' id='block_1_70' title="bbox 2285 3695 3963 3783">
    <p class='ocr_par' dir='ltr' id='par_1_70' title="bbox 2285 3705 3963 3783">
     <span class='ocr_line' id='line_1_70' title="bbox 2285 3705 3963 3783; baseline -0.008 -15"><span class='ocrx_word' id='word_1_504' title='bbox 2285 3712 2362 3770; x_wconf 69' lang='grc' dir='ltr'><strong>ετ</strong></span> <span class='ocrx_word' id='word_1_505' title='bbox 2394 3713 2633 3782; x_wconf 82' lang='grc' dir='ltr'>ἀνάγκη,</span> <span class='ocrx_word' id='word_1_506' title='bbox 2685 3714 2781 3766; x_wconf 88' lang='grc' dir='ltr'><strong>καί</strong></span> <span class='ocrx_word' id='word_1_507' title='bbox 2830 3729 2883 3765; x_wconf 88' lang='grc' dir='ltr'><strong>τι</strong></span> <span class='ocrx_word' id='word_1_508' title='bbox 2929 3712 3037 3765; x_wconf 87' lang='grc' dir='ltr'><strong>τῶν</strong></span> <span class='ocrx_word' id='word_1_509' title='bbox 3101 3711 3176 3783; x_wconf 77' lang='grc' dir='ltr'>μὴ</span> <span class='ocrx_word' id='word_1_510' title='bbox 3219 3709 3602 3782; x_wconf 86' lang='grc' dir='ltr'>προσηκόντων</span> <span class='ocrx_word' id='word_1_511' title='bbox 3656 3705 3752 3759; x_wconf 73' lang='grc' dir='ltr'>καὶ</span> <span class='ocrx_word' id='word_1_512' title='bbox 3800 3705 3963 3758; x_wconf 89' lang='grc' dir='ltr'>άπαι-</span> 
     </span>
    </p>
   </div>
   <div class='ocr_carea' id='block_1_71' title="bbox 726 3792 2286 3863">
    <p class='ocr_par' dir='ltr' id='par_1_71' title="bbox 726 3792 2286 3863">
     <span class='ocr_line' id='line_1_71' title="bbox 726 3792 2286 3863; baseline 0.001 -18"><span class='ocrx_word' id='word_1_513' title='bbox 726 3792 905 3846; x_wconf 82' lang='lat' dir='ltr'><strong>causis</strong></span> <span class='ocrx_word' id='word_1_514' title='bbox 936 3807 1096 3848; x_wconf 88' lang='lat' dir='ltr'><strong>secus</strong></span> <span class='ocrx_word' id='word_1_515' title='bbox 1119 3808 1280 3862; x_wconf 84' lang='lat' dir='ltr'><strong>agere</strong></span> <span class='ocrx_word' id='word_1_516' title='bbox 1311 3793 1485 3846; x_wconf 86' lang='lat' dir='ltr'><strong>coacti</strong></span> <span class='ocrx_word' id='word_1_517' title='bbox 1517 3807 1726 3846; x_wconf 90' lang='lat' dir='ltr'><strong>sumus.</strong></span> <span class='ocrx_word' id='word_1_518' title='bbox 1760 3792 1898 3858; x_wconf 87' lang='lat' dir='ltr'><strong>Una,</strong></span> <span class='ocrx_word' id='word_1_519' title='bbox 1933 3793 2078 3863; x_wconf 90' lang='lat' dir='ltr'><strong>quod</strong></span> <span class='ocrx_word' id='word_1_520' title='bbox 2113 3809 2286 3847; x_wconf 79' lang='lat' dir='ltr'><strong>meam</strong></span> 
     </span>
    </p>
   </div>
   <div class='ocr_carea' id='block_1_72' title="bbox 728 3882 2286 3952">
    <p class='ocr_par' dir='ltr' id='par_1_72' title="bbox 728 3882 2286 3952">
     <span class='ocr_line' id='line_1_72' title="bbox 728 3882 2286 3952; baseline 0.001 -16"><span class='ocrx_word' id='word_1_521' title='bbox 728 3883 828 3936; x_wconf 89' lang='lat' dir='ltr'><strong>tibi</strong></span> <span class='ocrx_word' id='word_1_522' title='bbox 877 3882 1218 3952; x_wconf 80' lang='lat' dir='ltr'><strong>gratiﬁcandi</strong></span> <span class='ocrx_word' id='word_1_523' title='bbox 1272 3884 1614 3938; x_wconf 84' lang='lat' dir='ltr'><strong>voluntatem</strong></span> <span class='ocrx_word' id='word_1_524' title='bbox 1670 3883 1806 3952; x_wconf 80' lang='lat'><strong>(67),</strong></span> <span class='ocrx_word' id='word_1_525' title='bbox 1856 3883 2286 3949; x_wconf 85' lang='lat' dir='ltr'><strong>observantiam,</strong></span> 
     </span>
    </p>
   </div>
   <div class='ocr_carea' id='block_1_73' title="bbox 729 3973 2286 4043">
    <p class='ocr_par' dir='ltr' id='par_1_73' title="bbox 729 3973 2286 4043">
     <span class='ocr_line' id='line_1_73' title="bbox 729 3973 2286 4043; baseline 0.001 -19"><span class='ocrx_word' id='word_1_526' title='bbox 729 3973 996 4042; x_wconf 81' lang='lat' dir='ltr'><strong>pudorem</strong></span> <span class='ocrx_word' id='word_1_527' title='bbox 1039 3987 1166 4042; x_wconf 87' lang='lat' dir='ltr'><strong>erga</strong></span> <span class='ocrx_word' id='word_1_528' title='bbox 1203 3981 1256 4027; x_wconf 92' lang='lat' dir='ltr'><strong>te</strong></span> <span class='ocrx_word' id='word_1_529' title='bbox 1295 3974 1442 4026; x_wconf 84' lang='lat' dir='ltr'><strong>Deus</strong></span> <span class='ocrx_word' id='word_1_530' title='bbox 1477 3973 1649 4038; x_wconf 88' lang='lat' dir='ltr'><strong>novit,</strong></span> <span class='ocrx_word' id='word_1_531' title='bbox 1684 3973 1773 4027; x_wconf 93' lang='lat' dir='ltr'><strong>cui</strong></span> <span class='ocrx_word' id='word_1_532' title='bbox 1821 3974 2036 4028; x_wconf 87' lang='lat' dir='ltr'><strong>occulta</strong></span> <span class='ocrx_word' id='word_1_533' title='bbox 2076 3983 2286 4043; x_wconf 76' lang='lat' dir='ltr'><strong>patent.</strong></span> 
     </span>
    </p>
   </div>
   <div class='ocr_carea' id='block_1_74' title="bbox 723 4065 2286 4137">
    <p class='ocr_par' dir='ltr' id='par_1_74' title="bbox 723 4065 2286 4137">
     <span class='ocr_line' id='line_1_74' title="bbox 723 4065 2286 4137; baseline -0.001 -15"><span class='ocrx_word' id='word_1_534' title='bbox 723 4080 778 4122; x_wconf 87' lang='lat' dir='ltr'><strong>et</strong></span> <span class='ocrx_word' id='word_1_535' title='bbox 805 4067 923 4137; x_wconf 91' lang='lat' dir='ltr'><strong>ipse</strong></span> <span class='ocrx_word' id='word_1_536' title='bbox 953 4066 1169 4135; x_wconf 90' lang='lat' dir='ltr'><strong>quoties</strong></span> <span class='ocrx_word' id='word_1_537' title='bbox 1195 4065 1966 4131; x_wconf 88' lang='lat' dir='ltr'><strong>occasiotulit,-evidentibus</strong></span> <span class='ocrx_word' id='word_1_538' title='bbox 1998 4081 2286 4137; x_wconf 88' lang='lat' dir='ltr'><strong>argumen-</strong></span> 
     </span>
    </p>
   </div>
   <div class='ocr_carea' id='block_1_75' title="bbox 728 4157 2284 4227">
    <p class='ocr_par' dir='ltr' id='par_1_75' title="bbox 728 4157 2284 4227">
     <span class='ocr_line' id='line_1_75' title="bbox 728 4157 2284 4227; baseline 0 -16"><span class='ocrx_word' id='word_1_539' title='bbox 728 4157 797 4211; x_wconf 90' lang='lat' dir='ltr'><strong>tis</strong></span> <span class='ocrx_word' id='word_1_540' title='bbox 830 4157 947 4210; x_wconf 66' lang='lat' dir='ltr'><strong>hasc</strong></span> <span class='ocrx_word' id='word_1_541' title='bbox 984 4157 1223 4210; x_wconf 87' lang='lat' dir='ltr'><strong>ostendi.</strong></span> <span class='ocrx_word' id='word_1_542' title='bbox 1272 4157 1527 4211; x_wconf 82' lang='lat' dir='ltr'><strong>Conﬁsus</strong></span> <span class='ocrx_word' id='word_1_543' title='bbox 1578 4158 1765 4226; x_wconf 85' lang='lat' dir='ltr'><strong>itaque</strong></span> <span class='ocrx_word' id='word_1_544' title='bbox 1811 4171 1954 4220; x_wconf 89' lang='lat' dir='ltr'><strong>sum,</strong></span> <span class='ocrx_word' id='word_1_545' title='bbox 1995 4165 2047 4210; x_wconf 90' lang='lat' dir='ltr'><strong>te</strong></span> <span class='ocrx_word' id='word_1_546' title='bbox 2083 4159 2198 4227; x_wconf 88' lang='lat' dir='ltr'><strong>pari</strong></span> <span class='ocrx_word' id='word_1_547' title='bbox 2231 4159 2284 4212; x_wconf 90' lang='lat' dir='ltr'><strong>in</strong></span> 
     </span>
    </p>
   </div>
   <div class='ocr_carea' id='block_1_76' title="bbox 724 4247 2288 4317">
    <p class='ocr_par' dir='ltr' id='par_1_76' title="bbox 724 4247 2288 4317">
     <span class='ocr_line' id='line_1_76' title="bbox 724 4247 2288 4317; baseline 0.003 -17"><span class='ocrx_word' id='word_1_548' title='bbox 724 4262 811 4300; x_wconf 90' lang='lat' dir='ltr'><strong>me</strong></span> <span class='ocrx_word' id='word_1_549' title='bbox 838 4247 1022 4301; x_wconf 90' lang='lat' dir='ltr'><strong>animo</strong></span> <span class='ocrx_word' id='word_1_550' title='bbox 1049 4247 1186 4310; x_wconf 81' lang='lat' dir='ltr'><strong>fore,</strong></span> <span class='ocrx_word' id='word_1_551' title='bbox 1218 4257 1609 4317; x_wconf 84' lang='lat' dir='ltr'><strong>paternamque</strong></span> <span class='ocrx_word' id='word_1_552' title='bbox 1631 4251 2054 4317; x_wconf 86' lang='lat' dir='ltr'><strong>propensionem</strong></span> <span class='ocrx_word' id='word_1_553' title='bbox 2085 4259 2142 4303; x_wconf 91' lang='lat' dir='ltr'><strong>et</strong></span> <span class='ocrx_word' id='word_1_554' title='bbox 2191 4265 2288 4305; x_wconf 90' lang='lat' dir='ltr'><strong>na-</strong></span> 
     </span>
    </p>
   </div>
   <div class='ocr_carea' id='block_1_77' title="bbox 725 4337 2285 4410">
    <p class='ocr_par' dir='ltr' id='par_1_77' title="bbox 725 4337 2285 4410">
     <span class='ocr_line' id='line_1_77' title="bbox 725 4337 2285 4410; baseline 0.004 -21"><span class='ocrx_word' id='word_1_555' title='bbox 725 4337 956 4390; x_wconf 89' lang='lat' dir='ltr'><strong>turalem</strong></span> <span class='ocrx_word' id='word_1_556' title='bbox 995 4338 1138 4391; x_wconf 89' lang='lat' dir='ltr'><strong>illam</strong></span> <span class='ocrx_word' id='word_1_557' title='bbox 1197 4339 1521 4392; x_wconf 88' lang='lat' dir='ltr'><strong>charitatem</strong></span> <span class='ocrx_word' id='word_1_558' title='bbox 1570 4354 1699 4410; x_wconf 88' lang='lat' dir='ltr'><strong>erga</strong></span> <span class='ocrx_word' id='word_1_559' title='bbox 1734 4353 1820 4394; x_wconf 91' lang='lat' dir='ltr'><strong>me</strong></span> <span class='ocrx_word' id='word_1_560' title='bbox 1864 4341 2139 4394; x_wconf 88' lang='lat' dir='ltr'><strong>sinceram</strong></span> <span class='ocrx_word' id='word_1_561' title='bbox 2197 4341 2285 4395; x_wconf 91' lang='lat' dir='ltr'><strong>in-</strong></span> 
     </span>
    </p>
   </div>
   <div class='ocr_carea' id='block_1_78' title="bbox 722 4429 2287 4496">
    <p class='ocr_par' dir='ltr' id='par_1_78' title="bbox 722 4429 2287 4496">
     <span class='ocr_line' id='line_1_78' title="bbox 722 4429 2287 4496; baseline 0.004 -17"><span class='ocrx_word' id='word_1_562' title='bbox 722 4438 1156 4496; x_wconf 88' lang='lat' dir='ltr'><strong>corruptamque</strong></span> <span class='ocrx_word' id='word_1_563' title='bbox 1191 4438 1568 4483; x_wconf 88' lang='lat' dir='ltr'><strong>servaturum.</strong></span> <span class='ocrx_word' id='word_1_564' title='bbox 1621 4429 1729 4485; x_wconf 85' lang='lat' dir='ltr'><strong>Sed</strong></span> <span class='ocrx_word' id='word_1_565' title='bbox 1769 4445 1895 4484; x_wconf 91' lang='lat' dir='ltr'><strong>eum</strong></span> <span class='ocrx_word' id='word_1_566' title='bbox 1939 4445 2120 4486; x_wconf 87' lang='lat' dir='ltr'><strong>rerum</strong></span> <span class='ocrx_word' id='word_1_567' title='bbox 2153 4446 2287 4486; x_wconf 83' lang='lat' dir='ltr'><strong>con-</strong></span> 
     </span>
    </p>
   </div>
   <div class='ocr_carea' id='block_1_79' title="bbox 722 4515 2283 4577">
    <p class='ocr_par' dir='ltr' id='par_1_79' title="bbox 722 4515 2283 4577">
     <span class='ocr_line' id='line_1_79' title="bbox 722 4515 2283 4577; baseline 0.007 -10"><span class='ocrx_word' id='word_1_568' title='bbox 722 4515 861 4569; x_wconf 84' lang='lat' dir='ltr'><strong>ditio</strong></span> <span class='ocrx_word' id='word_1_569' title='bbox 909 4516 1098 4570; x_wconf 74' lang='lat' dir='ltr'><strong>istltzec</strong></span> <span class='ocrx_word' id='word_1_570' title='bbox 1133 4526 1451 4572; x_wconf 87' lang='lat' dir='ltr'><strong>constanter</strong></span> <span class='ocrx_word' id='word_1_571' title='bbox 1504 4519 1919 4574; x_wconf 84' lang='lat' dir='ltr'><strong>demonstrandi</strong></span> <span class='ocrx_word' id='word_1_572' title='bbox 1971 4520 2283 4577; x_wconf 78' lang='lat' dir='ltr'><strong>facultatem</strong></span> 
     </span>
    </p>
   </div>
   <div class='ocr_carea' id='block_1_80' title="bbox 725 4606 2282 4677">
    <p class='ocr_par' dir='ltr' id='par_1_80' title="bbox 725 4606 2282 4677">
     <span class='ocr_line' id='line_1_80' title="bbox 725 4606 2282 4677; baseline 0.004 -18"><span class='ocrx_word' id='word_1_573' title='bbox 725 4606 820 4660; x_wconf 87' lang='lat' dir='ltr'><strong>tibi</strong></span> <span class='ocrx_word' id='word_1_574' title='bbox 847 4606 1090 4660; x_wconf 87' lang='lat' dir='ltr'><strong>nondum</strong></span> <span class='ocrx_word' id='word_1_575' title='bbox 1118 4608 1404 4668; x_wconf 85' lang='lat' dir='ltr'><strong>obtulerit.</strong></span> <span class='ocrx_word' id='word_1_576' title='bbox 1439 4607 1606 4661; x_wconf 87' lang='lat' dir='ltr'><strong>nolim</strong></span> <span class='ocrx_word' id='word_1_577' title='bbox 1637 4609 1846 4664; x_wconf 89' lang='lat' dir='ltr'><strong>idcirco</strong></span> <span class='ocrx_word' id='word_1_578' title='bbox 1879 4609 2110 4677; x_wconf 86' lang='lat' dir='ltr'><strong>alicujus</strong></span> <span class='ocrx_word' id='word_1_579' title='bbox 2145 4611 2282 4666; x_wconf 68' lang='lat' dir='ltr'><strong>uitli-</strong></span> 
     </span>
    </p>
   </div>
   <div class='ocr_carea' id='block_1_81' title="bbox 722 4699 2286 4774">
    <p class='ocr_par' dir='ltr' id='par_1_81' title="bbox 722 4699 2286 4774">
     <span class='ocr_line' id='line_1_81' title="bbox 722 4699 2286 4774; baseline 0.005 -24"><span class='ocrx_word' id='word_1_580' title='bbox 722 4699 922 4753; x_wconf 71' lang='lat' dir='ltr'><strong>tlentia:</strong></span> <span class='ocrx_word' id='word_1_581' title='bbox 949 4713 979 4752; x_wconf 91' lang='lat' dir='ltr'><strong>a</strong></span> <span class='ocrx_word' id='word_1_582' title='bbox 1014 4715 1290 4769; x_wconf 89' lang='lat' dir='ltr'><strong>quoquam</strong></span> <span class='ocrx_word' id='word_1_583' title='bbox 1319 4699 1672 4768; x_wconf 86' lang='lat' dir='ltr'><strong>reprehendi.</strong></span> <span class='ocrx_word' id='word_1_584' title='bbox 1699 4701 1906 4766; x_wconf 82' lang='lat' dir='ltr'><strong>Altera,</strong></span> <span class='ocrx_word' id='word_1_585' title='bbox 1944 4703 1998 4756; x_wconf 88' lang='lat' dir='ltr'><strong>in</strong></span> <span class='ocrx_word' id='word_1_586' title='bbox 2030 4717 2135 4771; x_wconf 88' lang='lat' dir='ltr'><strong>qua</strong></span> <span class='ocrx_word' id='word_1_587' title='bbox 2161 4704 2286 4774; x_wconf 90' lang='lat' dir='ltr'><strong>plus</strong></span> 
     </span>
    </p>
   </div>
   <div class='ocr_carea' id='block_1_82' title="bbox 721 4789 2284 4863">
    <p class='ocr_par' dir='ltr' id='par_1_82' title="bbox 721 4789 2284 4863">
     <span class='ocr_line' id='line_1_82' title="bbox 721 4789 2284 4863; baseline 0.006 -21"><span class='ocrx_word' id='word_1_588' title='bbox 721 4789 981 4844; x_wconf 85' lang='lat' dir='ltr'><strong>momenti</strong></span> <span class='ocrx_word' id='word_1_589' title='bbox 1044 4798 1129 4845; x_wconf 92' lang='lat' dir='ltr'><strong>est</strong></span> <span class='ocrx_word' id='word_1_590' title='bbox 1169 4803 1234 4844; x_wconf 89' lang='lat' dir='ltr'><strong>ac</strong></span> <span class='ocrx_word' id='word_1_591' title='bbox 1271 4789 1572 4859; x_wconf 88' lang='lat' dir='ltr'><strong>ponderis;</strong></span> <span class='ocrx_word' id='word_1_592' title='bbox 1605 4801 1893 4863; x_wconf 86' lang='lat' dir='ltr'><strong>postquam</strong></span> <span class='ocrx_word' id='word_1_593' title='bbox 1942 4793 2011 4849; x_wconf 87' lang='lat' dir='ltr'><strong>de</strong></span> <span class='ocrx_word' id='word_1_594' title='bbox 2038 4796 2284 4851; x_wconf 84' lang='lat' dir='ltr'><strong>exercitu</strong></span> 
     </span>
    </p>
   </div>
   <div class='ocr_carea' id='block_1_83' title="bbox 2396 3797 3963 3873">
    <p class='ocr_par' dir='ltr' id='par_1_83' title="bbox 2396 3797 3963 3873">
     <span class='ocr_line' id='line_1_83' title="bbox 2396 3797 3963 3873; baseline -0.006 -15"><span class='ocrx_word' id='word_1_595' title='bbox 2396 3804 2628 3858; x_wconf 86' lang='grc' dir='ltr'>δούντων</span> <span class='ocrx_word' id='word_1_596' title='bbox 2668 3806 2762 3858; x_wconf 72' lang='grc' dir='ltr'>καὶ</span> <span class='ocrx_word' id='word_1_597' title='bbox 2809 3804 2989 3873; x_wconf 85' lang='grc' dir='ltr'>λέγειν</span> <span class='ocrx_word' id='word_1_598' title='bbox 3019 3806 3112 3857; x_wconf 75' lang='grc' dir='ltr'>καὶ</span> <span class='ocrx_word' id='word_1_599' title='bbox 3151 3806 3412 3871; x_wconf 83' lang='grc' dir='ltr'>πράττειν</span> <span class='ocrx_word' id='word_1_600' title='bbox 3467 3800 3782 3869; x_wconf 80' lang='grc' dir='ltr'>βιαζομένη.</span> <span class='ocrx_word' id='word_1_601' title='bbox 3829 3797 3963 3850; x_wconf 79' lang='grc' dir='ltr'>Δέον</span> 
     </span>
    </p>
   </div>
   <div class='ocr_carea' id='block_1_84' title="bbox 2397 3886 3964 3968">
    <p class='ocr_par' dir='ltr' id='par_1_84' title="bbox 2397 3886 3964 3968">
     <span class='ocr_line' id='line_1_84' title="bbox 2397 3886 3964 3968; baseline -0.004 -22"><span class='ocrx_word' id='word_1_602' title='bbox 2397 3896 2504 3966; x_wconf 73' lang='grc' dir='ltr'>γὰρ</span> <span class='ocrx_word' id='word_1_603' title='bbox 2535 3895 2627 3946; x_wconf 80' lang='grc' dir='ltr'>καὶ</span> <span class='ocrx_word' id='word_1_604' title='bbox 2657 3895 2804 3965; x_wconf 78' lang='grc' dir='ltr'>ἡμᾶς</span> <span class='ocrx_word' id='word_1_605' title='bbox 2851 3895 3048 3957; x_wconf 80' lang='grc' dir='ltr'>αὐτοὺς</span> <span class='ocrx_word' id='word_1_606' title='bbox 3087 3895 3183 3946; x_wconf 72' lang='grc' dir='ltr'><strong>καὶ</strong></span> <span class='ocrx_word' id='word_1_607' title='bbox 3223 3893 3405 3956; x_wconf 85' lang='grc' dir='ltr'>πόλεις</span> <span class='ocrx_word' id='word_1_608' title='bbox 3443 3891 3538 3944; x_wconf 81' lang='grc' dir='ltr'>καὶ</span> <span class='ocrx_word' id='word_1_609' title='bbox 3569 3892 3824 3959; x_wconf 88' lang='grc' dir='ltr'>χρήματα</span> <span class='ocrx_word' id='word_1_610' title='bbox 3846 3886 3964 3968; x_wconf 42' lang='grc' dir='ltr'>,καὶ</span> 
     </span>
    </p>
   </div>
   <div class='ocr_carea' id='block_1_85' title="bbox 2395 3973 3959 4051">
    <p class='ocr_par' dir='ltr' id='par_1_85' title="bbox 2395 3973 3959 4051">
     <span class='ocr_line' id='line_1_85' title="bbox 2395 3973 3959 4051; baseline -0.009 -16"><span class='ocrx_word' id='word_1_611' title='bbox 2395 3983 2531 4051; x_wconf 82' lang='grc' dir='ltr'>όμοῦ</span> <span class='ocrx_word' id='word_1_612' title='bbox 2579 3983 2879 4036; x_wconf 84' lang='grc' dir='ltr'>πάντα’σοι</span> <span class='ocrx_word' id='word_1_613' title='bbox 2933 3981 3282 4050; x_wconf 76' lang='grc' dir='ltr'>ἐγχειρίζειν,</span> <span class='ocrx_word' id='word_1_614' title='bbox 3344 3980 3490 4032; x_wconf 84' lang='grc' dir='ltr'>δυοῖν</span> <span class='ocrx_word' id='word_1_615' title='bbox 3543 3978 3708 4029; x_wconf 73' lang='grc' dir='ltr'>ἕνεκα</span> <span class='ocrx_word' id='word_1_616' title='bbox 3766 3973 3959 4026; x_wconf 81' lang='grc' dir='ltr'>αἰτιῶν</span> 
     </span>
    </p>
   </div>
   <div class='ocr_carea' id='block_1_86' title="bbox 2397 4063 3958 4143">
    <p class='ocr_par' dir='ltr' id='par_1_86' title="bbox 2397 4063 3958 4143">
     <span class='ocr_line' id='line_1_86' title="bbox 2397 4063 3958 4143; baseline -0.007 -17"><span class='ocrx_word' id='word_1_617' title='bbox 2397 4075 2598 4143; x_wconf 73' lang='grc' dir='ltr'>ἑτέρως</span> <span class='ocrx_word' id='word_1_618' title='bbox 2632 4071 3026 4142; x_wconf 77' lang='grc' dir='ltr'>ἠναγκάσμεθα</span> <span class='ocrx_word' id='word_1_619' title='bbox 3075 4074 3267 4126; x_wconf 85' lang='grc' dir='ltr'>ποιεῖν.</span> <span class='ocrx_word' id='word_1_620' title='bbox 3309 4071 3402 4121; x_wconf 81' lang='grc' dir='ltr'>Ἐν</span> <span class='ocrx_word' id='word_1_621' title='bbox 3445 4069 3566 4138; x_wconf 71' lang='grc' dir='ltr'>μὲν,</span> <span class='ocrx_word' id='word_1_622' title='bbox 3607 4069 3688 4120; x_wconf 77' lang='grc' dir='ltr'><strong>ὅτι</strong></span> <span class='ocrx_word' id='word_1_623' title='bbox 3721 4063 3818 4135; x_wconf 82' lang='grc' dir='ltr'>τὴν</span> <span class='ocrx_word' id='word_1_624' title='bbox 3853 4063 3958 4132; x_wconf 82' lang='grc' dir='ltr'>μὲν</span> 
     </span>
    </p>
   </div>
   <div class='ocr_carea' id='block_1_87' title="bbox 2395 4154 3959 4232">
    <p class='ocr_par' dir='ltr' id='par_1_87' title="bbox 2395 4154 3959 4232">
     <span class='ocr_line' id='line_1_87' title="bbox 2395 4154 3959 4232; baseline -0.006 -20"><span class='ocrx_word' id='word_1_625' title='bbox 2395 4161 2536 4232; x_wconf 77' lang='grc' dir='ltr'>ἐμὴν</span> <span class='ocrx_word' id='word_1_626' title='bbox 2575 4161 2655 4222; x_wconf 87' lang='grc' dir='ltr'><strong>είς</strong></span> <span class='ocrx_word' id='word_1_627' title='bbox 2685 4161 2746 4213; x_wconf 79' lang='grc' dir='ltr'>τὸ</span> <span class='ocrx_word' id='word_1_628' title='bbox 2774 4162 2842 4213; x_wconf 89' lang='grc' dir='ltr'><strong>τά</strong></span> <span class='ocrx_word' id='word_1_629' title='bbox 2873 4177 2956 4213; x_wconf 90' lang='grc' dir='ltr'><strong>σοι</strong></span> <span class='ocrx_word' id='word_1_630' title='bbox 3009 4160 3137 4226; x_wconf 84' lang='grc' dir='ltr'>φίλα</span> <span class='ocrx_word' id='word_1_631' title='bbox 3193 4160 3454 4229; x_wconf 87' lang='grc' dir='ltr'>πράττειν</span> <span class='ocrx_word' id='word_1_632' title='bbox 3495 4157 3815 4225; x_wconf 82' lang='grc' dir='ltr'>προαίρεσιν</span> <span class='ocrx_word' id='word_1_633' title='bbox 3862 4154 3959 4206; x_wconf 75' lang='grc' dir='ltr'>καὶ</span> 
     </span>
    </p>
   </div>
   <div class='ocr_carea' id='block_1_88' title="bbox 2393 4244 3960 4321">
    <p class='ocr_par' dir='ltr' id='par_1_88' title="bbox 2393 4244 3960 4321">
     <span class='ocr_line' id='line_1_88' title="bbox 2393 4244 3960 4321; baseline -0.004 -18"><span class='ocrx_word' id='word_1_634' title='bbox 2393 4250 2492 4320; x_wconf 83' lang='grc' dir='ltr'>τὴν</span> <span class='ocrx_word' id='word_1_635' title='bbox 2531 4252 2660 4321; x_wconf 73' lang='grc' dir='ltr'>περὶ</span> <span class='ocrx_word' id='word_1_636' title='bbox 2693 4251 2752 4304; x_wconf 73' lang='grc' dir='ltr'><strong>σε</strong></span> <span class='ocrx_word' id='word_1_637' title='bbox 2782 4253 2948 4320; x_wconf 80' lang='grc' dir='ltr'>τιμήν</span> <span class='ocrx_word' id='word_1_638' title='bbox 2976 4267 3036 4303; x_wconf 86' lang='grc' dir='ltr'><strong>τε</strong></span> <span class='ocrx_word' id='word_1_639' title='bbox 3076 4251 3170 4303; x_wconf 75' lang='grc' dir='ltr'>καὶ</span> <span class='ocrx_word' id='word_1_640' title='bbox 3199 4249 3350 4312; x_wconf 83' lang='grc' dir='ltr'>αίδῶ,</span> <span class='ocrx_word' id='word_1_641' title='bbox 3397 4249 3527 4311; x_wconf 87' lang='grc' dir='ltr'>Θεός</span> <span class='ocrx_word' id='word_1_642' title='bbox 3555 4265 3615 4300; x_wconf 85' lang='grc' dir='ltr'><strong>τε</strong></span> <span class='ocrx_word' id='word_1_643' title='bbox 3646 4244 3782 4299; x_wconf 82' lang='grc' dir='ltr'>οίδεν</span> <span class='ocrx_word' id='word_1_644' title='bbox 3821 4247 3850 4298; x_wconf 86' lang='grc' dir='ltr'><strong>ό</strong></span> <span class='ocrx_word' id='word_1_645' title='bbox 3889 4245 3960 4297; x_wconf 83' lang='grc' dir='ltr'><strong>τά</strong></span> 
     </span>
    </p>
   </div>
   <div class='ocr_carea' id='block_1_89' title="bbox 2395 4339 3927 4413">
    <p class='ocr_par' dir='ltr' id='par_1_89' title="bbox 2395 4339 3927 4413">
     <span class='ocr_line' id='line_1_89' title="bbox 2395 4339 3927 4413; baseline -0.008 -16"><span class='ocrx_word' id='word_1_646' title='bbox 2395 4345 2751 4413; x_wconf 82' lang='grc' dir='ltr'>κεκρυμμένα</span> <span class='ocrx_word' id='word_1_647' title='bbox 2771 4342 2945 4404; x_wconf 71' lang='grc' dir='ltr'>εἰδὼς,</span> <span class='ocrx_word' id='word_1_648' title='bbox 2970 4342 3061 4394; x_wconf 77' lang='grc' dir='ltr'>καὶ</span> <span class='ocrx_word' id='word_1_649' title='bbox 3086 4341 3248 4403; x_wconf 80' lang='grc' dir='ltr'>αὐτὸς</span> <span class='ocrx_word' id='word_1_650' title='bbox 3275 4340 3384 4393; x_wconf 89' lang='grc' dir='ltr'><strong>τῶν</strong></span> <span class='ocrx_word' id='word_1_651' title='bbox 3409 4339 3748 4408; x_wconf 83' lang='grc' dir='ltr'>πραγμάτων</span> <span class='ocrx_word' id='word_1_652' title='bbox 3777 4351 3927 4405; x_wconf 85' lang='grc' dir='ltr'>παρα</span> 
     </span>
    </p>
   </div>
   <div class='ocr_carea' id='block_1_90' title="bbox 2386 4427 3957 4504">
    <p class='ocr_par' dir='ltr' id='par_1_90' title="bbox 2386 4427 3957 4504">
     <span class='ocr_line' id='line_1_90' title="bbox 2386 4427 3957 4504; baseline -0.004 -18"><span class='ocrx_word' id='word_1_653' title='bbox 2386 4437 2622 4504; x_wconf 89' lang='grc' dir='ltr'>σχόντων</span> <span class='ocrx_word' id='word_1_654' title='bbox 2650 4433 2856 4502; x_wconf 71' lang='grc' dir='ltr'>ἐναργῆ</span> <span class='ocrx_word' id='word_1_655' title='bbox 2885 4433 2985 4503; x_wconf 79' lang='grc' dir='ltr'>τὴν</span> <span class='ocrx_word' id='word_1_656' title='bbox 3021 4431 3290 4494; x_wconf 80' lang='grc' dir='ltr'>ἀπόδειξιν</span> <span class='ocrx_word' id='word_1_657' title='bbox 3311 4431 3679 4499; x_wconf 79' lang='grc' dir='ltr'>ἐποιησάμην.</span> <span class='ocrx_word' id='word_1_658' title='bbox 3713 4427 3957 4481; x_wconf 84' lang='grc' dir='ltr'>Πέποιθα</span> 
     </span>
    </p>
   </div>
   <div class='ocr_carea' id='block_1_91' title="bbox 2390 4521 3958 4595">
    <p class='ocr_par' dir='ltr' id='par_1_91' title="bbox 2390 4521 3958 4595">
     <span class='ocr_line' id='line_1_91' title="bbox 2390 4521 3958 4595; baseline -0.004 -16"><span class='ocrx_word' id='word_1_659' title='bbox 2390 4527 2489 4595; x_wconf 83' lang='grc' dir='ltr'>μὲν</span> <span class='ocrx_word' id='word_1_660' title='bbox 2517 4523 2631 4590; x_wconf 81' lang='grc' dir='ltr'>οὖν,</span> <span class='ocrx_word' id='word_1_661' title='bbox 2666 4526 2742 4588; x_wconf 86' lang='grc' dir='ltr'>ὡς</span> <span class='ocrx_word' id='word_1_662' title='bbox 2774 4526 2871 4578; x_wconf 77' lang='grc' dir='ltr'>καὶ</span> <span class='ocrx_word' id='word_1_663' title='bbox 2918 4525 3080 4586; x_wconf 83' lang='grc' dir='ltr'>αὐτὸς</span> <span class='ocrx_word' id='word_1_664' title='bbox 3121 4523 3406 4595; x_wconf 80' lang='grc' dir='ltr'>διατεθέσῃ</span> <span class='ocrx_word' id='word_1_665' title='bbox 3463 4521 3558 4574; x_wconf 84' lang='grc' dir='ltr'>τὸν</span> <span class='ocrx_word' id='word_1_666' title='bbox 3607 4522 3718 4573; x_wconf 78' lang='grc' dir='ltr'>ἴσον</span> <span class='ocrx_word' id='word_1_667' title='bbox 3755 4521 3958 4590; x_wconf 85' lang='grc' dir='ltr'>τρόπον</span> 
     </span>
    </p>
   </div>
   <div class='ocr_carea' id='block_1_92' title="bbox 2386 4611 3956 4686">
    <p class='ocr_par' dir='ltr' id='par_1_92' title="bbox 2386 4611 3956 4686">
     <span class='ocr_line' id='line_1_92' title="bbox 2386 4611 3956 4686; baseline -0.004 -18"><span class='ocrx_word' id='word_1_668' title='bbox 2386 4617 2518 4685; x_wconf 76' lang='grc' dir='ltr'>περὶ</span> <span class='ocrx_word' id='word_1_669' title='bbox 2573 4617 2694 4686; x_wconf 75' lang='grc' dir='ltr'>ἐμὲ,</span> <span class='ocrx_word' id='word_1_670' title='bbox 2759 4617 2854 4670; x_wconf 75' lang='grc' dir='ltr'>καὶ</span> <span class='ocrx_word' id='word_1_671' title='bbox 2912 4616 3012 4684; x_wconf 81' lang='grc' dir='ltr'>τὴν</span> <span class='ocrx_word' id='word_1_672' title='bbox 3063 4614 3334 4686; x_wconf 82' lang='grc' dir='ltr'>πατρικὴν</span> <span class='ocrx_word' id='word_1_673' title='bbox 3391 4614 3680 4683; x_wconf 76' lang='grc' dir='ltr'>εὐμένειαν</span> <span class='ocrx_word' id='word_1_674' title='bbox 3717 4611 3811 4662; x_wconf 79' lang='grc' dir='ltr'>καὶ</span> <span class='ocrx_word' id='word_1_675' title='bbox 3855 4613 3956 4679; x_wconf 79' lang='grc' dir='ltr'>τὴν</span> 
     </span>
    </p>
   </div>
   <div class='ocr_carea' id='block_1_93' title="bbox 2387 4703 3952 4778">
    <p class='ocr_par' dir='ltr' id='par_1_93' title="bbox 2387 4703 3952 4778">
     <span class='ocr_line' id='line_1_93' title="bbox 2387 4703 3952 4778; baseline -0.003 -18"><span class='ocrx_word' id='word_1_676' title='bbox 2387 4707 2622 4778; x_wconf 80' lang='grc' dir='ltr'>φυσικὴν</span> <span class='ocrx_word' id='word_1_677' title='bbox 2651 4707 2889 4778; x_wconf 84' lang='grc' dir='ltr'>στοργὴν</span> <span class='ocrx_word' id='word_1_678' title='bbox 2909 4707 3098 4762; x_wconf 73' lang='grc' dir='ltr'>ἄδολον</span> <span class='ocrx_word' id='word_1_679' title='bbox 3123 4707 3248 4777; x_wconf 73' lang='grc' dir='ltr'>ἐμοὶ</span> <span class='ocrx_word' id='word_1_680' title='bbox 3271 4706 3530 4776; x_wconf 86' lang='grc' dir='ltr'>τηρήσεις</span> <span class='ocrx_word' id='word_1_681' title='bbox 3561 4705 3655 4757; x_wconf 75' lang='grc' dir='ltr'>καὶ</span> <span class='ocrx_word' id='word_1_682' title='bbox 3682 4703 3952 4772; x_wconf 88' lang='grc' dir='ltr'>καθαράν.</span> 
     </span>
    </p>
   </div>
   <div class='ocr_carea' id='block_1_94' title="bbox 2383 4795 3954 4871">
    <p class='ocr_par' dir='ltr' id='par_1_94' title="bbox 2383 4795 3954 4871">
     <span class='ocr_line' id='line_1_94' title="bbox 2383 4795 3954 4871; baseline -0.005 -17"><span class='ocrx_word' id='word_1_683' title='bbox 2383 4799 2551 4854; x_wconf 78' lang='grc' dir='ltr'>Οὔπω</span> <span class='ocrx_word' id='word_1_684' title='bbox 2596 4800 2654 4853; x_wconf 67' lang='grc' dir='ltr'>δὲ</span> <span class='ocrx_word' id='word_1_685' title='bbox 2685 4801 2784 4871; x_wconf 82' lang='grc' dir='ltr'><strong>τὴν</strong></span> <span class='ocrx_word' id='word_1_686' title='bbox 2839 4799 3120 4864; x_wconf 78' lang='grc' dir='ltr'>ἀπόδειξιν</span> <span class='ocrx_word' id='word_1_687' title='bbox 3168 4798 3396 4869; x_wconf 77' lang='grc' dir='ltr'>βεϐαίαν</span> <span class='ocrx_word' id='word_1_688' title='bbox 3450 4798 3557 4850; x_wconf 81' lang='grc' dir='ltr'><strong>τῶν</strong></span> <span class='ocrx_word' id='word_1_689' title='bbox 3607 4795 3954 4868; x_wconf 86' lang='grc' dir='ltr'>πραγμάτων</span> 
     </span>
    </p>
   </div>
   <div class='ocr_carea' id='block_1_95' title="bbox 1989 4947 2720 5012">
    <p class='ocr_par' dir='ltr' id='par_1_95' title="bbox 1989 4947 2720 5012">
     <span class='ocr_line' id='line_1_95' title="bbox 1989 4947 2720 5012; baseline 0.005 -6"><span class='ocrx_word' id='word_1_690' title='bbox 1989 4947 2205 5009; x_wconf 83' lang='lat' dir='ltr'><strong>Jacobi</strong></span> <span class='ocrx_word' id='word_1_691' title='bbox 2234 4949 2500 5011; x_wconf 84' lang='lat' dir='ltr'><strong>Pontani</strong></span> <span class='ocrx_word' id='word_1_692' title='bbox 2533 4957 2720 5012; x_wconf 63' lang='lat' dir='ltr'><strong>notae.</strong></span> 
     </span>
    </p>
   </div>
   <div class='ocr_carea' id='block_1_96' title="bbox 788 5100 2466 5188">
    <p class='ocr_par' dir='ltr' id='par_1_96' title="bbox 788 5100 2466 5188">
     <span class='ocr_line' id='line_1_96' title="bbox 788 5100 2466 5188; baseline 0.002 -33"><span class='ocrx_word' id='word_1_693' title='bbox 788 5105 902 5188; x_wconf 45' lang='lat' dir='ltr'><strong>(ti-5)</strong></span> <span class='ocrx_word' id='word_1_694' title='bbox 941 5100 1532 5188; x_wconf 41' lang='lat' dir='ltr'><strong>Necessarioipropter</strong></span> <span class='ocrx_word' id='word_1_695' title='bbox 1579 5103 1987 5188; x_wconf 69' lang='lat' dir='ltr'><strong>distinctionem</strong></span> <span class='ocrx_word' id='word_1_696' title='bbox 2040 5104 2274 5161; x_wconf 84' lang='lat' dir='ltr'><strong>diversis</strong></span> <span class='ocrx_word' id='word_1_697' title='bbox 2305 5110 2352 5165; x_wconf 85' lang='grc' dir='ltr'><strong>υ</strong></span> <span class='ocrx_word' id='word_1_698' title='bbox 2378 5105 2466 5188; x_wconf 78' lang='lat' dir='ltr'><strong>phi</strong></span> 
     </span>
    </p>
   </div>
   <div class='ocr_carea' id='block_1_97' title="bbox 2274 5100 3952 5188">
    <p class='ocr_par' dir='ltr' id='par_1_97' title="bbox 2305 5105 3952 5188">
     <span class='ocr_line' id='line_1_97' title="bbox 2305 5105 3952 5188; baseline 0.002 -30"><span class='ocrx_word' id='word_1_699' title='bbox 2305 5110 2352 5165; x_wconf 85' lang='grc' dir='ltr'><strong>υ</strong></span> <span class='ocrx_word' id='word_1_700' title='bbox 2378 5105 2510 5188; x_wconf 70' lang='lat' dir='ltr'><strong>phio</strong></span> <span class='ocrx_word' id='word_1_701' title='bbox 2536 5105 2949 5188; x_wconf 52' lang='grc' dir='ltr'>Βαείιξξ,.ταύτα</span> <span class='ocrx_word' id='word_1_702' title='bbox 2981 5107 3097 5188; x_wconf 51' lang='grc' dir='ltr'>μὲν.</span> <span class='ocrx_word' id='word_1_703' title='bbox 3124 5105 3349 5188; x_wconf 36' lang='grc' dir='ltr'>ούνοδπη</span> <span class='ocrx_word' id='word_1_704' title='bbox 3397 5105 3640 5188; x_wconf 53' lang='grc' dir='ltr'>τῷβεῷ</span> <span class='ocrx_word' id='word_1_705' title='bbox 3693 5109 3846 5176; x_wconf 84' lang='grc' dir='ltr'>φίλον</span> <span class='ocrx_word' id='word_1_706' title='bbox 3873 5109 3952 5188; x_wconf 40' lang='grc' dir='ltr'>ιά-</span> 
     </span>
    </p>
   </div>
   <div class='ocr_carea' id='block_1_98' title="bbox 715 5173 2274 5244">
    <p class='ocr_par' dir='ltr' id='par_1_98' title="bbox 715 5173 2274 5244">
     <span class='ocr_line' id='line_1_98' title="bbox 715 5173 2274 5244; baseline 0.001 -16"><span class='ocrx_word' id='word_1_707' title='bbox 715 5176 946 5228; x_wconf 84' lang='lat' dir='ltr'><strong>vocibus</strong></span> <span class='ocrx_word' id='word_1_708' title='bbox 978 5173 1066 5226; x_wconf 86' lang='lat' dir='ltr'><strong>hic</strong></span> <span class='ocrx_word' id='word_1_709' title='bbox 1106 5174 1207 5244; x_wconf 86' lang='lat' dir='ltr'><strong>ista</strong></span> <span class='ocrx_word' id='word_1_710' title='bbox 1260 5173 1370 5244; x_wconf 89' lang='lat' dir='ltr'><strong>duo</strong></span> <span class='ocrx_word' id='word_1_711' title='bbox 1420 5175 1798 5227; x_wconf 81' lang='lat' dir='ltr'><strong>transferenda</strong></span> <span class='ocrx_word' id='word_1_712' title='bbox 1834 5183 1964 5229; x_wconf 88' lang='lat' dir='ltr'><strong>sunt</strong></span> <span class='ocrx_word' id='word_1_713' title='bbox 1988 5215 2003 5236; x_wconf 85' lang='lat'><strong>,</strong></span> <span class='ocrx_word' id='word_1_714' title='bbox 2040 5191 2274 5244; x_wconf 91' lang='lat' dir='ltr'><strong>quorum</strong></span> 
     </span>
    </p>
   </div>
   <div class='ocr_carea' id='block_1_99' title="bbox 718 5242 2274 5313">
    <p class='ocr_par' dir='ltr' id='par_1_99' title="bbox 718 5242 2274 5313">
     <span class='ocr_line' id='line_1_99' title="bbox 718 5242 2274 5313; baseline 0.002 -17"><span class='ocrx_word' id='word_1_715' title='bbox 718 5242 1222 5313; x_wconf 59' lang='lat' dir='ltr'><strong>utrumquedatius</strong></span> <span class='ocrx_word' id='word_1_716' title='bbox 1261 5243 1624 5311; x_wconf 80' lang='lat' dir='ltr'><strong>signiﬁcatum</strong></span> <span class='ocrx_word' id='word_1_717' title='bbox 1678 5244 1881 5297; x_wconf 88' lang='lat' dir='ltr'><strong>habere</strong></span> <span class='ocrx_word' id='word_1_718' title='bbox 1935 5242 2099 5312; x_wconf 82' lang='lat' dir='ltr'><strong>supra</strong></span> <span class='ocrx_word' id='word_1_719' title='bbox 2157 5260 2274 5299; x_wconf 84' lang='lat' dir='ltr'><strong>mo-</strong></span> 
     </span>
    </p>
   </div>
   <div class='ocr_carea' id='block_1_100' title="bbox 715 5311 2275 5382">
    <p class='ocr_par' dir='ltr' id='par_1_100' title="bbox 715 5311 2275 5382">
     <span class='ocr_line' id='line_1_100' title="bbox 715 5311 2275 5382; baseline 0 -14"><span class='ocrx_word' id='word_1_720' title='bbox 715 5311 960 5368; x_wconf 63' lang='lat' dir='ltr'><strong>nuimus.</strong></span> <span class='ocrx_word' id='word_1_721' title='bbox 1004 5311 1140 5366; x_wconf 87' lang='lat' dir='ltr'><strong>Vere</strong></span> <span class='ocrx_word' id='word_1_722' title='bbox 1175 5321 1354 5365; x_wconf 70' lang='lat' dir='ltr'><strong>autem</strong></span> <span class='ocrx_word' id='word_1_723' title='bbox 1408 5313 1648 5381; x_wconf 85' lang='lat' dir='ltr'><strong>Eugenia</strong></span> <span class='ocrx_word' id='word_1_724' title='bbox 1706 5311 2017 5368; x_wconf 80' lang='lat' dir='ltr'><strong>Andronici</strong></span> <span class='ocrx_word' id='word_1_725' title='bbox 2050 5315 2275 5382; x_wconf 87' lang='lat' dir='ltr'><strong>majoris</strong></span> 
     </span>
    </p>
   </div>
   <div class='ocr_carea' id='block_1_101' title="bbox 714 5382 2272 5444">
    <p class='ocr_par' dir='ltr' id='par_1_101' title="bbox 714 5382 2272 5444">
     <span class='ocr_line' id='line_1_101' title="bbox 714 5382 2272 5444; baseline 0.002 -10"><span class='ocrx_word' id='word_1_726' title='bbox 714 5385 940 5438; x_wconf 86' lang='lat' dir='ltr'><strong>amitina</strong></span> <span class='ocrx_word' id='word_1_727' title='bbox 971 5383 1091 5444; x_wconf 80' lang='lat' dir='ltr'><strong>fuit,</strong></span> <span class='ocrx_word' id='word_1_728' title='bbox 1129 5382 1173 5436; x_wconf 90' lang='lat' dir='ltr'><strong>si</strong></span> <span class='ocrx_word' id='word_1_729' title='bbox 1208 5383 1417 5436; x_wconf 89' lang='lat' dir='ltr'><strong>amitini</strong></span> <span class='ocrx_word' id='word_1_730' title='bbox 1467 5392 1595 5435; x_wconf 85' lang='lat' dir='ltr'><strong>sunt</strong></span> <span class='ocrx_word' id='word_1_731' title='bbox 1644 5382 1875 5436; x_wconf 82' lang='lat' dir='ltr'><strong>fratrum</strong></span> <span class='ocrx_word' id='word_1_732' title='bbox 1910 5395 1966 5438; x_wconf 90' lang='lat' dir='ltr'><strong>et</strong></span> <span class='ocrx_word' id='word_1_733' title='bbox 2020 5398 2272 5438; x_wconf 89' lang='lat' dir='ltr'><strong>sororum</strong></span> 
     </span>
    </p>
   </div>
   <div class='ocr_carea' id='block_1_102' title="bbox 713 5452 2273 5522">
    <p class='ocr_par' dir='ltr' id='par_1_102' title="bbox 713 5452 2273 5522">
     <span class='ocr_line' id='line_1_102' title="bbox 713 5452 2273 5522; baseline -0.001 -14"><span class='ocrx_word' id='word_1_734' title='bbox 713 5455 899 5508; x_wconf 88' lang='lat' dir='ltr'><strong>liberi.</strong></span> <span class='ocrx_word' id='word_1_735' title='bbox 933 5453 1161 5507; x_wconf 78' lang='lat' dir='ltr'><strong>Michael</strong></span> <span class='ocrx_word' id='word_1_736' title='bbox 1197 5454 1342 5505; x_wconf 89' lang='lat' dir='ltr'><strong>enim</strong></span> <span class='ocrx_word' id='word_1_737' title='bbox 1393 5452 1727 5522; x_wconf 75' lang='lat' dir='ltr'><strong>Palaeologus</strong></span> <span class='ocrx_word' id='word_1_738' title='bbox 1765 5453 2064 5506; x_wconf 85' lang='lat' dir='ltr'><strong>Andronici</strong></span> <span class='ocrx_word' id='word_1_739' title='bbox 2098 5463 2273 5522; x_wconf 89' lang='lat' dir='ltr'><strong>pater,</strong></span> 
     </span>
    </p>
   </div>
   <div class='ocr_carea' id='block_1_103' title="bbox 716 5522 2278 5600">
    <p class='ocr_par' dir='ltr' id='par_1_103' title="bbox 716 5522 2278 5600">
     <span class='ocr_line' id='line_1_103' title="bbox 716 5522 2278 5600; baseline 0.001 -24"><span class='ocrx_word' id='word_1_740' title='bbox 716 5525 860 5600; x_wconf 79' lang='lat' dir='ltr'><strong>idem</strong></span> <span class='ocrx_word' id='word_1_741' title='bbox 893 5523 1086 5600; x_wconf 71' lang='lat' dir='ltr'><strong>matris</strong></span> <span class='ocrx_word' id='word_1_742' title='bbox 1122 5522 1376 5600; x_wconf 55' lang='lat' dir='ltr'><strong>I&#39;Jugettiae</strong></span> <span class='ocrx_word' id='word_1_743' title='bbox 1413 5522 1585 5600; x_wconf 72' lang='lat' dir='ltr'><strong>frater</strong></span> <span class='ocrx_word' id='word_1_744' title='bbox 1608 5562 1621 5585; x_wconf 96' lang='lat'><strong>,</strong></span> <span class='ocrx_word' id='word_1_745' title='bbox 1665 5538 1834 5600; x_wconf 73' lang='lat' dir='ltr'><strong>quam</strong></span> <span class='ocrx_word' id='word_1_746' title='bbox 1857 5559 1874 5586; x_wconf 90' lang='lat'><strong>,</strong></span> <span class='ocrx_word' id='word_1_747' title='bbox 1919 5525 2278 5592; x_wconf 87' lang='lat' dir='ltr'><strong>respicientes</strong></span> 
     </span>
    </p>
   </div>
   <div class='ocr_carea' id='block_1_104' title="bbox 711 5592 2276 5663">
    <p class='ocr_par' dir='ltr' id='par_1_104' title="bbox 711 5592 2276 5663">
     <span class='ocr_line' id='line_1_104' title="bbox 711 5592 2276 5663; baseline -0.001 -15"><span class='ocrx_word' id='word_1_748' title='bbox 711 5593 1087 5648; x_wconf 81' lang='lat' dir='ltr'><strong>Andronicum</strong></span> <span class='ocrx_word' id='word_1_749' title='bbox 1117 5592 1395 5663; x_wconf 70' lang='lat' dir='ltr'><strong>iuniorem</strong></span> <span class='ocrx_word' id='word_1_750' title='bbox 1422 5634 1436 5656; x_wconf 96' lang='lat'><strong>,</strong></span> <span class='ocrx_word' id='word_1_751' title='bbox 1469 5593 1707 5663; x_wconf 81' lang='lat' dir='ltr'><strong>senioris</strong></span> <span class='ocrx_word' id='word_1_752' title='bbox 1750 5601 2027 5663; x_wconf 87' lang='lat' dir='ltr'><strong>nepotem,</strong></span> <span class='ocrx_word' id='word_1_753' title='bbox 2077 5609 2276 5648; x_wconf 80' lang='lat' dir='ltr'><strong>conso-</strong></span> 
     </span>
    </p>
   </div>
   <div class='ocr_carea' id='block_1_105' title="bbox 687 5661 2274 5734">
    <p class='ocr_par' dir='ltr' id='par_1_105' title="bbox 687 5661 2274 5734">
     <span class='ocr_line' id='line_1_105' title="bbox 687 5661 2274 5734; baseline 0.001 -17"><span class='ocrx_word' id='word_1_754' title='bbox 687 5665 928 5717; x_wconf 39' lang='lat' dir='ltr'><strong>(In-inam</strong></span> <span class='ocrx_word' id='word_1_755' title='bbox 965 5661 1222 5734; x_wconf 83' lang='lat' dir='ltr'><strong>vocemus</strong></span> <span class='ocrx_word' id='word_1_756' title='bbox 1250 5662 1397 5726; x_wconf 83' lang='lat' dir='ltr'><strong>licet,</strong></span> <span class='ocrx_word' id='word_1_757' title='bbox 1429 5661 1578 5716; x_wconf 90' lang='lat' dir='ltr'><strong>aliud</strong></span> <span class='ocrx_word' id='word_1_758' title='bbox 1620 5662 1766 5717; x_wconf 88' lang='lat' dir='ltr'><strong>enim</strong></span> <span class='ocrx_word' id='word_1_759' title='bbox 1798 5661 1970 5734; x_wconf 81' lang='lat' dir='ltr'><strong>magis</strong></span> <span class='ocrx_word' id='word_1_760' title='bbox 1993 5664 2274 5734; x_wconf 90' lang='lat' dir='ltr'><strong>proprium</strong></span> 
     </span>
    </p>
   </div>
   <div class='ocr_carea' id='block_1_106' title="bbox 713 5733 1182 5802">
    <p class='ocr_par' dir='ltr' id='par_1_106' title="bbox 713 5733 1182 5802">
     <span class='ocr_line' id='line_1_106' title="bbox 713 5733 1182 5802; baseline -0.013 -12"><span class='ocrx_word' id='word_1_761' title='bbox 713 5750 821 5790; x_wconf 85' lang='lat' dir='ltr'><strong>non</strong></span> <span class='ocrx_word' id='word_1_762' title='bbox 853 5733 1182 5802; x_wconf 84' lang='lat' dir='ltr'><strong>suppeditat.</strong></span> 
     </span>
    </p>
   </div>
   <div class='ocr_carea' id='block_1_107' title="bbox 789 5802 2273 5875">
    <p class='ocr_par' dir='ltr' id='par_1_107' title="bbox 789 5802 2273 5875">
     <span class='ocr_line' id='line_1_107' title="bbox 789 5802 2273 5875; baseline 0.001 -17"><span class='ocrx_word' id='word_1_763' title='bbox 789 5806 900 5872; x_wconf 72' lang='lat' dir='ltr'><strong>(om</strong></span> <span class='ocrx_word' id='word_1_764' title='bbox 948 5803 1116 5858; x_wconf 82' lang='lat' dir='ltr'><strong>Verba</strong></span> <span class='ocrx_word' id='word_1_765' title='bbox 1149 5813 1278 5858; x_wconf 86' lang='lat' dir='ltr'><strong>sunt</strong></span> <span class='ocrx_word' id='word_1_766' title='bbox 1322 5802 1567 5874; x_wconf 71' lang='lat' dir='ltr'><strong>Gregorii</strong></span> <span class='ocrx_word' id='word_1_767' title='bbox 1617 5803 1948 5860; x_wconf 83' lang='lat' dir='ltr'><strong>Nazianzeni</strong></span> <span class='ocrx_word' id='word_1_768' title='bbox 2000 5804 2053 5860; x_wconf 89' lang='lat' dir='ltr'><strong>in</strong></span> <span class='ocrx_word' id='word_1_769' title='bbox 2095 5808 2273 5875; x_wconf 80' lang='lat' dir='ltr'><strong>epita-</strong></span> 
     </span>
    </p>
   </div>
   <div class='ocr_carea' id='block_1_108' title="bbox 2379 5175 3950 5246">
    <p class='ocr_par' dir='ltr' id='par_1_108' title="bbox 2379 5175 3950 5246">
     <span class='ocr_line' id='line_1_108' title="bbox 2379 5175 3950 5246; baseline 0.002 -18"><span class='ocrx_word' id='word_1_770' title='bbox 2379 5175 2579 5246; x_wconf 69' lang='grc' dir='ltr'>γέσθω.</span> <span class='ocrx_word' id='word_1_771' title='bbox 2614 5177 2844 5230; x_wconf 90' lang='lat' dir='ltr'><strong>cuilibet</strong></span> <span class='ocrx_word' id='word_1_772' title='bbox 2868 5176 3011 5230; x_wconf 89' lang='lat' dir='ltr'><strong>bono</strong></span> <span class='ocrx_word' id='word_1_773' title='bbox 3039 5175 3354 5231; x_wconf 86' lang='lat' dir='ltr'><strong>Christiano</strong></span> <span class='ocrx_word' id='word_1_774' title='bbox 3376 5175 3577 5244; x_wconf 60' lang='lat' dir='ltr'><strong>saepius</strong></span> <span class='ocrx_word' id='word_1_775' title='bbox 3609 5175 3950 5246; x_wconf 86' lang='lat' dir='ltr'><strong>usurpanda.</strong></span> 
     </span>
    </p>
   </div>
   <div class='ocr_carea' id='block_1_109' title="bbox 2384 5245 3950 5316">
    <p class='ocr_par' dir='ltr' id='par_1_109' title="bbox 2384 5245 3950 5316">
     <span class='ocr_line' id='line_1_109' title="bbox 2384 5245 3950 5316; baseline 0.001 -18"><span class='ocrx_word' id='word_1_776' title='bbox 2384 5245 2451 5300; x_wconf 89' lang='lat' dir='ltr'><strong>Ut</strong></span> <span class='ocrx_word' id='word_1_777' title='bbox 2477 5256 2532 5316; x_wconf 86' lang='lat' dir='ltr'><strong>et</strong></span> <span class='ocrx_word' id='word_1_778' title='bbox 2562 5247 2675 5308; x_wconf 83' lang='lat' dir='ltr'><strong>illa,</strong></span> <span class='ocrx_word' id='word_1_779' title='bbox 2712 5249 2808 5299; x_wconf 75' lang='grc' dir='ltr'><strong>ἑὰν</strong></span> <span class='ocrx_word' id='word_1_780' title='bbox 2842 5247 2974 5308; x_wconf 80' lang='grc' dir='ltr'>Θεὸς</span> <span class='ocrx_word' id='word_1_781' title='bbox 2996 5247 3146 5315; x_wconf 82' lang='grc' dir='ltr'>θέλῃ,</span> <span class='ocrx_word' id='word_1_782' title='bbox 3179 5246 3316 5299; x_wconf 80' lang='grc' dir='ltr'>Θεοῦ</span> <span class='ocrx_word' id='word_1_783' title='bbox 3357 5247 3622 5312; x_wconf 89' lang='grc' dir='ltr'>θέλοντος,</span> <span class='ocrx_word' id='word_1_784' title='bbox 3679 5245 3778 5300; x_wconf 79' lang='grc' dir='ltr'>σὺν</span> <span class='ocrx_word' id='word_1_785' title='bbox 3806 5248 3950 5316; x_wconf 85' lang='grc' dir='ltr'>Θεῷ,</span> 
     </span>
    </p>
   </div>
   <div class='ocr_carea' id='block_1_110' title="bbox 2381 5315 2684 5370">
    <p class='ocr_par' dir='ltr' id='par_1_110' title="bbox 2381 5315 2684 5370">
     <span class='ocr_line' id='line_1_110' title="bbox 2381 5315 2684 5370; baseline 0.003 -1"><span class='ocrx_word' id='word_1_786' title='bbox 2381 5325 2438 5369; x_wconf 87' lang='lat' dir='ltr'><strong>et</strong></span> <span class='ocrx_word' id='word_1_787' title='bbox 2465 5315 2684 5370; x_wconf 88' lang='lat' dir='ltr'><strong>similia.</strong></span> 
     </span>
    </p>
   </div>
   <div class='ocr_carea' id='block_1_111' title="bbox 2456 5385 3955 5457">
    <p class='ocr_par' dir='ltr' id='par_1_111' title="bbox 2456 5385 3955 5457">
     <span class='ocr_line' id='line_1_111' title="bbox 2456 5385 3955 5457; baseline 0.003 -18"><span class='ocrx_word' id='word_1_788' title='bbox 2456 5385 2569 5455; x_wconf 85' lang='lat'><strong>(67)</strong></span> <span class='ocrx_word' id='word_1_789' title='bbox 2592 5385 2713 5457; x_wconf 10' lang='lat' dir='ltr'><strong>gCur</strong></span> <span class='ocrx_word' id='word_1_790' title='bbox 2738 5401 2899 5441; x_wconf 90' lang='lat' dir='ltr'><strong>secus</strong></span> <span class='ocrx_word' id='word_1_791' title='bbox 2919 5403 3079 5457; x_wconf 86' lang='lat' dir='ltr'><strong>agere</strong></span> <span class='ocrx_word' id='word_1_792' title='bbox 3100 5402 3264 5456; x_wconf 89' lang='lat' dir='ltr'><strong>quam</strong></span> <span class='ocrx_word' id='word_1_793' title='bbox 3293 5386 3567 5442; x_wconf 89' lang='lat' dir='ltr'><strong>decuisset</strong></span> <span class='ocrx_word' id='word_1_794' title='bbox 3609 5395 3664 5441; x_wconf 91' lang='lat' dir='ltr'><strong>et</strong></span> <span class='ocrx_word' id='word_1_795' title='bbox 3688 5387 3955 5457; x_wconf 84' lang='lat' dir='ltr'><strong>voluisset</strong></span> 
     </span>
    </p>
   </div>
   <div class='ocr_carea' id='block_1_112' title="bbox 2383 5456 3954 5526">
    <p class='ocr_par' dir='ltr' id='par_1_112' title="bbox 2383 5456 3954 5526">
     <span class='ocr_line' id='line_1_112' title="bbox 2383 5456 3954 5526; baseline 0.001 -17"><span class='ocrx_word' id='word_1_796' title='bbox 2383 5456 2706 5526; x_wconf 82' lang='lat' dir='ltr'><strong>compulsus</strong></span> <span class='ocrx_word' id='word_1_797' title='bbox 2727 5457 2818 5517; x_wconf 87' lang='lat' dir='ltr'><strong>sit.</strong></span> <span class='ocrx_word' id='word_1_798' title='bbox 2853 5456 3088 5526; x_wconf 86' lang='lat' dir='ltr'><strong>primam</strong></span> <span class='ocrx_word' id='word_1_799' title='bbox 3122 5473 3341 5512; x_wconf 88' lang='lat' dir='ltr'><strong>causam</strong></span> <span class='ocrx_word' id='word_1_800' title='bbox 3368 5473 3490 5512; x_wconf 87' lang='lat' dir='ltr'><strong>esse</strong></span> <span class='ocrx_word' id='word_1_801' title='bbox 3516 5457 3612 5516; x_wconf 89' lang='lat' dir='ltr'><strong>ait.</strong></span> <span class='ocrx_word' id='word_1_802' title='bbox 3649 5456 3792 5526; x_wconf 90' lang='lat' dir='ltr'><strong>quod</strong></span> <span class='ocrx_word' id='word_1_803' title='bbox 3818 5472 3954 5511; x_wconf 83' lang='lat' dir='ltr'><strong>avos</strong></span> 
     </span>
    </p>
   </div>
   <div class='ocr_carea' id='block_1_113' title="bbox 2383 5525 3951 5596">
    <p class='ocr_par' dir='ltr' id='par_1_113' title="bbox 2383 5525 3951 5596">
     <span class='ocr_line' id='line_1_113' title="bbox 2383 5525 3951 5596; baseline 0.001 -17"><span class='ocrx_word' id='word_1_804' title='bbox 2383 5539 2523 5596; x_wconf 13' lang='lat' dir='ltr'><strong>erga,</strong></span> <span class='ocrx_word' id='word_1_805' title='bbox 2542 5540 2600 5578; x_wconf 90' lang='lat' dir='ltr'><strong>se</strong></span> <span class='ocrx_word' id='word_1_806' title='bbox 2633 5525 2891 5579; x_wconf 79' lang='lat' dir='ltr'><strong>affectum</strong></span> <span class='ocrx_word' id='word_1_807' title='bbox 2925 5536 3210 5596; x_wconf 87' lang='lat' dir='ltr'><strong>paternum</strong></span> <span class='ocrx_word' id='word_1_808' title='bbox 3242 5530 3478 5581; x_wconf 81' lang='lat' dir='ltr'><strong>exuerit.</strong></span> <span class='ocrx_word' id='word_1_809' title='bbox 3516 5527 3621 5581; x_wconf 86' lang='lat' dir='ltr'><strong>Sed</strong></span> <span class='ocrx_word' id='word_1_810' title='bbox 3650 5525 3762 5581; x_wconf 85' lang='lat' dir='ltr'><strong>rem</strong></span> <span class='ocrx_word' id='word_1_811' title='bbox 3791 5527 3951 5581; x_wconf 88' lang='lat' dir='ltr'><strong>valde</strong></span> 
     </span>
    </p>
   </div>
   <div class='ocr_carea' id='block_1_114' title="bbox 2385 5595 3950 5667">
    <p class='ocr_par' dir='ltr' id='par_1_114' title="bbox 2385 5595 3950 5667">
     <span class='ocr_line' id='line_1_114' title="bbox 2385 5595 3950 5667; baseline 0.003 -21"><span class='ocrx_word' id='word_1_812' title='bbox 2385 5595 2618 5667; x_wconf 83' lang='lat' dir='ltr'><strong>civiliter</strong></span> <span class='ocrx_word' id='word_1_813' title='bbox 2670 5604 2726 5667; x_wconf 79' lang='lat' dir='ltr'><strong>et</strong></span> <span class='ocrx_word' id='word_1_814' title='bbox 2766 5597 3047 5667; x_wconf 82' lang='lat' dir='ltr'><strong>eleganter</strong></span> <span class='ocrx_word' id='word_1_815' title='bbox 3090 5599 3366 5667; x_wconf 89' lang='lat' dir='ltr'><strong>pr0ponit.</strong></span> <span class='ocrx_word' id='word_1_816' title='bbox 3445 5613 3514 5651; x_wconf 92' lang='lat' dir='ltr'><strong>ne</strong></span> <span class='ocrx_word' id='word_1_817' title='bbox 3567 5613 3729 5651; x_wconf 88' lang='lat' dir='ltr'><strong>avum</strong></span> <span class='ocrx_word' id='word_1_818' title='bbox 3780 5598 3950 5650; x_wconf 81' lang='lat' dir='ltr'><strong>verbo</strong></span> 
     </span>
    </p>
   </div>
   <div class='ocr_carea' id='block_1_115' title="bbox 2383 5664 3949 5738">
    <p class='ocr_par' dir='ltr' id='par_1_115' title="bbox 2383 5664 3949 5738">
     <span class='ocr_line' id='line_1_115' title="bbox 2383 5664 3949 5738; baseline 0.003 -22"><span class='ocrx_word' id='word_1_819' title='bbox 2383 5664 2913 5738; x_wconf 10' lang='lat' dir='ltr'><strong>durioreioil&#39;endat;</strong></span> <span class='ocrx_word' id='word_1_820' title='bbox 2946 5678 3002 5738; x_wconf 86' lang='lat' dir='ltr'><strong>et</strong></span> <span class='ocrx_word' id='word_1_821' title='bbox 3051 5664 3209 5738; x_wconf 79' lang='lat' dir='ltr'><strong>quod</strong></span> <span class='ocrx_word' id='word_1_822' title='bbox 3226 5668 3387 5737; x_wconf 79' lang='lat' dir='ltr'><strong>objici</strong></span> <span class='ocrx_word' id='word_1_823' title='bbox 3425 5668 3492 5722; x_wconf 90' lang='lat' dir='ltr'><strong>de</strong></span> <span class='ocrx_word' id='word_1_824' title='bbox 3524 5683 3584 5722; x_wconf 84' lang='lat' dir='ltr'><strong>se</strong></span> <span class='ocrx_word' id='word_1_825' title='bbox 3631 5675 3874 5738; x_wconf 70' lang='lat' dir='ltr'><strong>poterat,</strong></span> <span class='ocrx_word' id='word_1_826' title='bbox 3888 5667 3949 5738; x_wconf 75' lang='lat' dir='ltr'><strong>ei</strong></span> 
     </span>
    </p>
   </div>
   <div class='ocr_carea' id='block_1_116' title="bbox 2383 5734 3950 5807">
    <p class='ocr_par' dir='ltr' id='par_1_116' title="bbox 2383 5734 3950 5807">
     <span class='ocr_line' id='line_1_116' title="bbox 2383 5734 3950 5807; baseline 0.003 -21"><span class='ocrx_word' id='word_1_827' title='bbox 2383 5750 2411 5807; x_wconf 77' lang='lat' dir='ltr'><strong>a</strong></span> <span class='ocrx_word' id='word_1_828' title='bbox 2451 5734 2724 5807; x_wconf 75' lang='lat' dir='ltr'><strong>principio</strong></span> <span class='ocrx_word' id='word_1_829' title='bbox 2773 5734 3422 5807; x_wconf 60' lang='lat' dir='ltr'><strong>occurrit,&#39;allirmans,</strong></span> <span class='ocrx_word' id='word_1_830' title='bbox 3454 5753 3575 5794; x_wconf 85' lang='lat' dir='ltr'><strong>sese</strong></span> <span class='ocrx_word' id='word_1_831' title='bbox 3615 5734 3796 5807; x_wconf 74' lang='lat' dir='ltr'><strong>partes</strong></span> <span class='ocrx_word' id='word_1_832' title='bbox 3848 5735 3950 5790; x_wconf 79' lang='lat' dir='ltr'><strong>lilii</strong></span> 
     </span>
    </p>
   </div>
   <div class='ocr_carea' id='block_1_117' title="bbox 2499 5804 2510 5815">
    <p class='ocr_par' dir='ltr' id='par_1_117' title="bbox 2499 5804 2510 5815">
     <span class='ocr_line' id='line_1_117' title="bbox 2499 5804 2510 5815; baseline 0 0"><span class='ocrx_word' id='word_1_833' title='bbox 2499 5804 2510 5815; x_wconf 75' lang='grc' dir='ltr'><strong>ο</strong></span> 
     </span>
    </p>
   </div>
   <div class='ocr_carea' id='block_1_118' title="bbox 2382 5804 2951 5862">
    <p class='ocr_par' dir='ltr' id='par_1_118' title="bbox 2382 5804 2951 5862">
     <span class='ocr_line' id='line_1_118' title="bbox 2382 5804 2951 5862; baseline 0.007 -4"><span class='ocrx_word' id='word_1_834' title='bbox 2382 5804 2510 5859; x_wconf 92' lang='lat' dir='ltr'><strong>boni</strong></span> <span class='ocrx_word' id='word_1_835' title='bbox 2541 5820 2651 5860; x_wconf 86' lang='lat' dir='ltr'><strong>non</strong></span> <span class='ocrx_word' id='word_1_836' title='bbox 2680 5805 2951 5862; x_wconf 86' lang='lat' dir='ltr'><strong>omisisse.</strong></span> 
     </span>
    </p>
   </div>
  </div>
