4250 6440
298 419 400 484 185

286 531 718 599 πιρασχομένων
736 573 754 598 ,
804 536 977 600 οὐδεὶς

284 621 670 688 κατεχόμενον.
732 625 997 698 Δεύτερον
1046 630 1112 694 δ’,
1149 631 1176 683 ὃ
1230 634 1321 686 καὶ
1371 637 1716 706 ἰσχυρότερον
1744 641 1838 692 τοῦ

280 714 573 780 προτέρου,
607 716 793 786 ἐπειδὴ
836 720 964 782 τοὺς
1019 721 1117 774 σὺν
1165 726 1286 792 ᾧ.μοί
1319 727 1546 792 πάντας,
1577 733 1704 793 τοὺς
1744 734 1841 800 μὲν

281 801 388 852 ὑπὸ
422 802 639 866 δειλίας,
668 807 792 868 τοὺς
823 808 868 860 δ’
901 809 1006 860 ὑπὸ
1062 813 1442 878 κακοδουλίας,
1501 816 1616 870 εστι
1661 819 1706 870 δ’
1747 819 1840 882 οὓς

282 895 379 944 καὶ
408 893 495 946 διὰ
529 895 589 945 τὺ
621 897 734 957 τοῖς
767 900 955 958 κακοῖς
995 899 1226 968 χαίρειν,
1262 901 1448 972 ἑώρων
1483 906 1573 958 τὸν
1603 908 1841 976 πόλεμον

282 983 665 1052 αἱρουμένους,
720 988 946 1056 είρήνης
989 989 1044 1041 δὲ
1093 991 1166 1059 μὴ
1200 992 1392 1061 μέχρις
1450 995 1636 1066 ἄκρων
1689 997 1842 1050 ὤτων

281 1071 668 1140 ἀνεχομένους,
695 1074 1055 1146 ἠναγκάσθην
1082 1095 1131 1130 τι
1164 1081 1363 1150 μικρὸν
1410 1084 1507 1136 καὶ
1545 1084 1638 1136 τοῦ
1691 1087 1844 1150 ὄντος

274 1159 451 1229 ⁸κειλοῦ
483 1163 574 1214 καὶ
616 1161 824 1216 δικαίου
859 1167 1210 1235 παραλιπεῖν,
1239 1170 1315 1229 ὡς
1347 1170 1414 1224 ἂν
1437 1174 1647 1242 ποιήσω
1679 1177 1844 1228 πᾶσιν

281 1251 518 1319 ἀνεκτὴν
545 1252 643 1322 τὴν
669 1256 911 1323 εἰρήνην.
951 1258 1106 1309 Ἔστι
1129 1259 1186 1310 δὲ
1231 1259 1411 1324 τοῦτο,
1434 1263 1492 1315 τὸ
1525 1264 1626 1332 ἐμὲ
1659 1266 1756 1334 μὲν
1781 1268 1844 1318 ὲκ

282 1341 588 1409 Σηλυϐρίας
637 1344 764 1413 ἄχρι
815 1348 908 1397 καὶ
952 1348 1406 1417 Χριστουπὸλεως
1460 1353 1571 1407 τῶν
1643 1357 1844 1424 μεταξὺ

278 1432 478 1500 χωρῶν
511 1450 568 1484 τε
599 1436 696 1487 καὶ
727 1437 932 1489 πόλεων
962 1441 1055 1491 καὶ
1083 1444 1366 1508 στρατιᾶς,
1385 1442 1463 1495 ἔτι
1485 1445 1652 1497 δὲκαὶ
1683 1447 1847 1516 δημο-

283 1523 418 1572 σίων
465 1523 646 1590 φόρων
677 1525 775 1593 τὴν
818 1525 1088 1596 διοίκησιν
1139 1531 1320 1599 ἐχειν-
1355 1533 1415 1585 σὲ
1458 1535 1548 1596 δὲ,
1605 1534 1846 1603 βασιλεῦ,

277 1612 453 1679 αὐτῆς
483 1630 540 1665 τε
571 1614 669 1681 τῆς
695 1617 1100 1672 Κωνσταντίνου
1155 1624 1316 1692 μέχρι
1379 1626 1709 1698 Σηλυϐρίας,
1752 1631 1846 1682 καλ

277 1702 389 1755 τῶν
417 1706 558 1758 κατὰ
607 1711 706 1776 τὴν
735 1709 810 1761 ἕω
837 1713 952 1772 τοῖς
999 1711 1296 1784 Ῥωμαίοις
1319 1717 1575 1788 ὑπηκόων
1605 1720 1842 1772 πόλεων·

279 1791 362 1843 ἔτι
407 1793 464 1843 δὲ
515 1795 608 1846 καὶ
644 1801 824 1864 νήσων
857 1799 1066 1862 πασῶν,
1105 1803 1332 1856 καὶτῶν
1367 1807 1476 1859 ἀπὸ
1505 1809 1845 1875 Χριστουπό-

277 1879 418 1942 λεως
451 1882 840 1938 Μακεδονικῶν
876 1905 934 1940 τε
962 1892 1056 1948 καὶ
1083 1892 1354 1963 ἐσπερίων
1391 1870 1664 1965 ἐπαρχιῶν
1688 1898 1844 1966 ἄχρις
1879 1870 1917 1923 Β

291 1967 620 2040 Ἐπιδάμνου
655 1979 749 2027 καὶ
801 1978 1111 2046 Δαλματίας
1169 1982 1279 2034 τῶν
1340 1985 1524 2053 ἄκρων
1571 1988 1709 2055 ὅρων
1743 1990 1843 2057 τῆς

293 2058 583 2130 Ῥωμαίων
615 2067 934 2135 ἡγεμονίας.
962 2071 1200 2136 Ἐλπίζω
1216 2073 1271 2126 δὲ
1298 2073 1388 2126 τοῦ
1419 2077 1610 2145 χρόνου
1628 2079 1844 2148 προῖόνο

277 2168 393 2213 τος,
427 2156 528 2222 ὲμέ
559 2173 618 2209 τε
653 2159 835 2222 αὑτὸν,
869 2163 962 2213 καὶ
993 2160 1028 2214 ἃ
1069 2163 1212 2216 δοκῶ
1256 2166 1370 2217 νυνί
1407 2168 1840 2235 σφετερίζεσθαι,

281 2240 389 2292 ὑπὸ
432 2243 532 2311 τὴν
566 2246 666 2312 σὴν
712 2245 962 2310 ἐξουσίαν
1017 2249 1362 2319 παραδώσειν
1393 2253 1640 2321 ἀγαγὼν,
1662 2255 1843 2323 ἐπειδὴ

278 2331 379 2380 καὶ
414 2329 508 2383 νῦν
557 2333 659 2386 οὐκ
721 2337 786 2389 ὲκ
828 2340 1220 2406 προαιρέσεως,
1263 2341 1380 2394 ἀλλ’
1423 2343 1636 2414 ἀνάγκῃ
1675 2360 1844 2396 συνω-

280 2421 567 2492 θούμενος,
599 2428 884 2497 προῆγμαι
909 2433 1101 2485 ποιεῖν.
1127 2431 1367 2487 Τοιαῦτα
1402 2433 1538 2502 πρὸς
1576 2435 1667 2487 τὸν
1689 2435 1844 2504 βασι-

279 2515 380 2567 λέα
435 2515 684 2584 βασιλεὺς
741 2519 774 2570 ὁ
824 2521 945 2584 νέος
1012 2521 1304 2591 μηνύσας,
1353 2525 1680 2588 ἀπέστειλε,
1750 2528 1844 2580 καὶ

279 2603 482 2672 ὅρκους
505 2607 562 2658 έν
582 2607 704 2659 δυσὶ
736 2607 962 2677 βιϐλίοις
989 2612 1478 2681 ἐγγεγραμμένους
1502 2614 1558 2679 έξ
1580 2615 1843 2684 ἑκατέρου

283 2693 425 2761 πρὸς
456 2696 545 2748 τὸν
573 2697 758 2766 ἕτερον
799 2699 1018 2767 βασιλέα
1059 2700 1150 2752 τὸν
1184 2703 1449 2771 μερισμὸν
1492 2703 1844 2773 περιέχοντας

280 2779 359 2836 ὦν
385 2786 612 2854 ἄρξουσι
642 2789 848 2842 πόλεων
877 2791 972 2842 καὶ
1000 2793 1110 2854 τοῖς
1143 2792 1559 2861 ὀμωμοσμένοις
1589 2797 1844 2864 ἐμμενεῖν

285 2876 550 2946 ἑκάτερον
584 2879 1055 2948 ἰσχυριζομένους.
1109 2882 1184 2944 ὡς
1225 2882 1291 2936 ἂν
1323 2884 1372 2935 εί
1416 2886 1620 2951 ἀρεστά
1661 2885 1843 2954 δοκοίη

286 2965 462 3017 ταῦτα
503 2968 886 3039 κάκείνῳ,τοίς
915 2973 1082 3042 ἱεροῖς
1109 2973 1465 3041 Εὑαγγελίοις
1497 2976 1621 3037 τοὺς
1648 2977 1845 3045 ὅρκους

288 3059 517 3119 πιστοὺς
542 3061 801 3128 ποιήσας,
831 3062 926 3114 καὶ
951 3063 1300 3132 ὑπογραφατς
1327 3065 1424 3131 τῆς
1441 3064 1646 3126 οἰκείας
1664 3065 1845 3134 χειρδς

285 3148 573 3216 ὲρυθραῒς,
605 3149 800 3222 πέμψῃ
836 3152 969 3220 πρὸς
989 3152 1152 3206 αὑτὸν
1186 3149 1345 3218 αὖθις
1382 3153 1448 3208 τὰ
1472 3155 1563 3208 ῐσα
1592 3155 1841 3209 κάκείνου

284 3237 598 3307 δράσοντος.
641 3240 794 3294 Ἐπεὶ
824 3241 882 3294 δὲ
918 3243 1024 3296 ἔδει
1059 3246 1154 3297 καὶ
1184 3245 1294 3299 τῶν
1322 3246 1386 3298 ὲκ
1418 3245 1513 3299 τοῦ
1551 3247 1673 3301 νέου
1704 3247 1852 3318 βασι-

284 3327 425 3392 λέως
454 3330 578 3383 τινὰ
620 3334 874 3398 παρεῖναι
903 3333 1033 3396 τοὺς
1080 3335 1391 3404 ἐγγράφους
1419 3337 1615 3406 ὅρκους
1655 3340 1850 3392 ἀποκο-

289 3421 540 3488 μίσοντα,
557 3423 585 3472 ὀ
601 3437 833 3490 παρακοι
845 3421 1095 3491 μώμενος
1111 3426 1168 3476 ’Δ
1178 3427 1450 3496 ποκαυχος
1467 3428 1853 3482 ἀποστέλλεται

289 3512 443 3580 παρὰ
470 3511 565 3564 τοῦ
595 3514 833 3581 μεγάλου
869 3514 1194 3583 δομεστίκου
1228 3515 1323 3568 τοῦ
1348 3517 1680 3586 Συργιάννου
1716 3519 1852 3590 πρὸς

285 3602 449 3655 τοῦτο
476 3605 787 3667 πείσαντος.
813 3606 925 3674 Τῆς
953 3606 1137 3673 μέντοι
1169 3606 1436 3674 βασιλέως
1468 3609 1691 3677 ἀνεψιᾶς
1719 3611 1854 3678 πρὸς

295 3695 514 3760 βασιλέα
565 3697 641 3758 εἰς
689 3695 982 3759 Βυζάντιον
1025 3698 1354 3768 ἀφιγμένης,
1387 3699 1479 3752 καὶ
1513 3700 1639 3763 τούς
1678 3717 1737 3753 τε
1771 3701 1855 3753 λό-

287 3803 419 3852 γους
445 3785 536 3837 τοῦ
562 3787 788 3854 ὲγγὸνου
819 3788 915 3839 καὶ
948 3786 1230 3857 βασιλέως,
1267 3788 1344 3840 ἔτι
1379 3789 1436 3841 δὲ
1459 3792 1552 3842 καὶ
1581 3791 1679 3860 τὴν
1706 3792 1854 3862 εἰρήο

281 3894 392 4019 inv
417 3877 515 3946 τὴν
549 3879 632 3945 ἐφ’
661 3872 742 3941 οἷς
785 3879 1001 3946 ἐγένετο
1041 3881 1478 3948 ἀπαγγειλάσης,
1524 3882 1715 3949 πρῶτα
1753 3884 1852 3950 μὲν

322 3969 552 4019 ambiit;
589 3965 700 4019 εἴγε
731 3969 822 4019 τὸν
854 3969 1096 4019 ϐασιλέα.
1139 3973 1233 4019 καὶ
1265 3973 1449 4019 «nam
1488 3972 1712 4019 ἠπίστει
1743 3975 1852 4019 τοῖς

322 3969 552 4035 κπληξις
589 3965 700 4038 εἶχε
731 3969 822 4022 τὸν
853 3969 1096 4038 βασιλέα,
1139 3973 1233 4024 καὶ
1265 3973 1449 4038 σχεδὸν
1488 3972 1712 4039 ἠπίστει
1743 3975 1853 4035 τοῖς

289 4061 625 4129 λεγομένοις.
681 4062 831 4114 Ἐπεὶ
878 4063 934 4114 δὲ
981 4063 1229 4116 ἐπείθετο
1263 4065 1438 4132 ἀληθῆ
1486 4060 1648 4130 εἶναι,
1681 4066 1852 4134 ἡδέως

288 4168 349 4204 τε
407 4153 624 4217 ἐδέξατο
665 4154 763 4222 τὴν
814 4155 1058 4224 εἰρήνην,
1114 4157 1206 4209 καὶ
1255 4155 1331 4225 τῷ
1383 4158 1590 4228 ὲγγόνῳ
1625 4159 1854 4228 χάριτας

290 4244 562 4312 ὡμολόγει
600 4245 800 4308 πολλάς
825 4261 839 4276 ⁸
869 4246 1190 4314 συναγαγὼν
1218 4248 1262 4300 δ’
1296 4249 1353 4301 ὲν
1377 4247 1665 4318 βασιλείοις
1694 4251 1856 4313 εὐθὺς

293 4337 417 4396 τοὺς
440 4338 498 4388 ὲν
526 4339 593 4407 τῇ
626 4337 1034 4391 Κωνσταντίνου
1056 4339 1373 4408 εὑρεθέντας
1395 4343 1706 4410 ἀρχιερέας,
1731 4342 1856 4406 τούς

293 4445 352 4480 τε
386 4428 583 4496 ὅρκους
623 4429 890 4490 έπετέλει,
926 4431 1019 4481 καὶ
1055 4430 1146 4480 τὸν
1181 4431 1444 4500 πρότερον
1473 4433 1855 4502 έκφωνηθέντα

1445 442 1977 503 HISTORIARUM
2020 449 2244 510 LIBER
2295 455 2340 512 ί.

1049 540 1115 636 ἓν
1153 546 1614 636 *καταμέμψαιτο
1665 550 1835 620 δειλίᾳ
1864 557 1908 613 Α
1939 571 2058 610 meo
2091 560 2224 614 alios
2257 563 2727 633 timorequoilatn,

1813 568 1835 620 ῃ
1864 557 1908 613 Α
1939 571 2058 610 meo
2091 560 2224 614 alios
2257 563 2727 633 timorequoilam,
2763 568 2898 622 alios
2932 571 3308 636 perversitate,
3333 571 3491 632 alios.

3393 464 3492 525 186

1944 648 2089 715 quod
2124 651 2317 705 alienis
2351 655 2708 710 incommodis
2743 659 3046 727 gaudeant,
3098 661 3241 714 bello
3270 678 3328 715 se
3374 679 3493 716 cre—

1943 741 2072 796 dere
2105 744 2460 800 animadverti
2503 749 2676 816 (pacis
2726 764 2856 803 vero
2901 752 3234 804 mentionem
3271 753 3497 807 auribus

1943 833 2231 895 aversari),
2255 842 2313 885 ut
2342 836 2596 889 omnibus
2628 853 2747 890 eam
2779 838 3014 892 facerem
3048 839 3408 904 tolerabilem,
3429 843 3497 895 ab

1940 919 2086 989 justo
2133 931 2188 975 et
2231 924 2459 977 honesto
2493 927 2775 994 paululum
2819 928 3097 982 declinare
3143 944 3366 983 necesse
3402 931 3499 983 ha-

1946 1009 2060 1064 bui.
2091 1010 2185 1063 Est
2214 1022 2395 1066 autem
2427 1013 2552 1076 hoc,
2587 1026 2644 1068 ut
2677 1031 2777 1084 ego
2809 1031 2836 1068 a
2866 1016 3112 1087 Selybria
3136 1035 3309 1086 usque
3337 1021 3496 1074 Chri-

1947 1101 2185 1169 stopolin
2223 1101 2332 1171 (68)
2369 1103 2613 1157 locorum
2657 1105 3120 1176 interjacentium,
3145 1110 3490 1177 oppidorum,

1946 1189 2274 1243 militarium
2318 1193 2636 1261 copiarum,
2676 1197 3023 1266 vectigalium
3065 1198 3498 1253 administratio-

1946 1296 2068 1333 nem
2089 1281 2366 1337 obtineam
2392 1301 2406 1336 :
2445 1295 2501 1337 ιιι
2532 1301 2561 1338 a
2607 1287 3078 1356 Constantinopoli
3110 1290 3292 1341 omnia
3322 1305 3498 1358 usque

1947 1370 2272 1440 Selybriam,
2304 1383 2360 1427 et
2400 1375 2562 1428 urbes
2591 1374 2851 1441 Orientis,
2885 1393 3005 1446 qua:
3043 1377 3264 1447 quidem
3302 1379 3501 1431 Roma-

1949 1460 2031 1511 nis
2061 1469 2253 1527 parent
2280 1479 2292 1512 :
2332 1472 2591 1528 pra‘terca
2634 1464 2839 1516 insulas
2869 1480 3075 1524 omnes.
3109 1475 3164 1518 et
3194 1479 3221 1516 a
3247 1464 3497 1518 Christo-

1950 1549 2059 1617 poli
2119 1551 2493 1606 Macedonicas
2545 1563 2708 1620 atque
2757 1554 3123 1608 occidentales
3187 1555 3498 1620 provincias

1949 1653 2121 1705 usque
2159 1639 2521 1708 Epidamnum
2554 1640 2688 1709 (69),
2740 1651 2796 1694 et
2825 1641 3142 1694 Dalmatiam
3178 1643 3320 1710 (qua:
3368 1652 3499 1695 sunt

1948 1727 2176 1781 Ιίνιιιηηί
2221 1729 2434 1796 imperii
2479 1740 2633 1784 metae
2683 1730 2908 1796 ultimm)
2943 1731 3244 1799 possideas.
3303 1731 3362 1784 ln
3403 1747 3500 1800 spe

1948 1834 2092 1882 sum,
2129 1835 2215 1874 me
2270 1821 2565 1890 aliquando
2599 1831 2654 1875 et
2685 1825 3086 1890 memetipsum,
3116 1833 3169 1876 et
3197 1839 3317 1890 qua:
3355 1839 3500 1878 nunc

1953 1912 2084 1964 mihi
2133 1911 2410 1966 vindicare
2459 1913 2671 1977 videor,
2714 1914 2768 1968 in
2817 1915 3108 1968 arbitrium
3144 1923 3500 1982 potestatem-

1949 2012 2053 2064 que
2081 2007 2226 2050 tuam
2256 1997 2695 2053 contraditurum
2729 2017 2744 2054 :
2776 1999 3215 2068 quandoquidem
3265 2009 3319 2053 et
3360 1999 3502 2052 istuc

1944 2089 2054 2158 jam
2093 2089 2232 2144 haud
2262 2091 2514 2145 consulto
2547 2101 2604 2145 et
2636 2091 2897 2160 cogitato,
2936 2089 3030 2144 sed
3063 2091 3373 2144 necessitati
3405 2105 3502 2144 ce-

1949 2181 2084 2236 dens
2118 2182 2280 2235 facio.
2311 2181 2696 2251 llujuscemodi
2737 2197 3060 2250 responsum
3087 2182 3272 2249 junior
3299 2181 3499 2234 seniori

1951 2273 2269 2342 imperatori
2301 2273 2470 2330 misit.
2526 2272 2800 2340 simulque
2837 2272 3055 2326 libellos
3089 2271 3248 2334 duos,
3288 2271 3342 2324 in
3377 2273 3502 2339 qni-

1951 2365 2053 2417 bus
2083 2362 2348 2432 inscripta
2389 2363 2722 2433 iuramenta,
2751 2370 2808 2416 et
2838 2362 3025 2424 urbes,
3080 2375 3216 2430 quas
3243 2362 3381 2414 alter
3424 2361 3505 2414 al-

1951 2453 2049 2506 teri
2117 2467 2216 2520 per
2278 2452 2628 2520 partitionem
2686 2449 3012 2504 attribueret
3058 2451 3416 2513 continentia,
3448 2458 3506 2503 et

1951 2547 2244 2606 utrumque
2283 2538 2463 2608 jurata
2517 2538 2889 2606 praestiturum
2937 2538 3260 2591 allirmantia
3296 2552 3313 2592 :
3352 2549 3410 2591 ut
3457 2538 3502 2591 si

1948 2629 2138 2683 eadem
2163 2630 2240 2683 illi
2275 2631 2661 2699 probarentur,
2688 2631 2948 2684 adhibitis
2973 2631 3145 2684 sacris
3170 2630 3504 2700 Evangeliis,

1949 2731 2005 2776 et
2037 2722 2262 2776 miniata
2312 2737 2505 2775 manus
2537 2737 2647 2775 sua:
2701 2706 3113 2791 subscriptione.
3159 2721 3261 2776 ﬁde
3324 2737 3508 2776 sacra-

1951 2822 2135 2866 mento
2164 2795 2472 2877 conciliata,
2505 2813 2611 2867 sibi
2639 2813 2862 2867 eosdem
2895 2813 3038 2866 idem
3077 2814 3287 2866 facturo
3314 2816 3506 2867 remit-

1951 2910 2126 2956 teret.
2161 2903 2431 2956 Caeterum
2457 2903 2585 2972 quia
2609 2904 2676 2956 de
2704 2904 2896 2958 amicis
2925 2903 3162 2973 junioris
3209 2905 3507 2973 imperato-

1951 2991 2028 3044 ris
2059 2991 2352 3059 oportebat
2397 3007 2541 3052 esse,
2577 2992 2671 3061 qui
2728 2993 3041 3060 conscripta
3064 2993 3374 3062 iuramenta
3407 2993 3506 3046 de-

1950 3089 2215 3150 portaret,
2250 3095 2413 3136 suasu
2441 3081 2761 3151 Syrgiannis
2804 3098 2832 3136 a
2861 3097 3056 3152 magno
3086 3082 3384 3136 domestico
3414 3098 3504 3134 cu-

1953 3171 2118 3226 biculi
2145 3172 2286 3226 sacri
2336 3173 2662 3242 praepositus
2703 3175 3065 3244 Apocauchus
3090 3175 3202 3242 (70)
3233 3173 3340 3243 74
3373 3173 3510 3228 deli-

1953 3262 2119 3332 gitur.
2144 3263 2246 3318 Ubi
2272 3263 2592 3334 Byzantium
2621 3279 2842 3319 reversa
2866 3264 3226 3334 Palzeologina
3269 3265 3506 3332 impera-

1955 3355 2057 3410 tori
2085 3353 2228 3411 dicta
2262 3357 2496 3425 nepotis,
2531 3366 2586 3411 et
2613 3372 2800 3426 pacem
2831 3372 2956 3410 cum
2987 3356 3393 3410 conditionibus
3415 3356 3510 3410 ad—

1953 3439 2171 3499 missam
2229 3448 2505 3514 exposuit,
2543 3447 2632 3500 ille
2684 3447 2924 3515 primum
2981 3446 3059 3500 sic
3110 3447 3414 3514 obstupuit,
3449 3457 3508 3499 ut

1951 3545 2072 3598 qua:
2130 3531 2456 3586 dicebantur
2514 3534 2601 3587 vix
2652 3519 2927 3589 ci'ederet.
2969 3533 3172 3588 Tamen
3236 3543 3295 3588 ut
3345 3534 3507 3588 ﬁdem

1952 3623 2224 3692 adiunxit,
2251 3623 2487 3678 libenter
2515 3638 2703 3691 pacem
2741 3625 2974 3693 accepit,
3006 3635 3060 3678 et
3083 3625 3267 3693 nepoti
3305 3625 3510 3693 gratias

1955 3727 2063 3765 nou
2089 3712 2344 3781 vulgares
2369 3712 2582 3775 habuit,
2615 3713 2910 3781 statimque
2930 3711 3219 3781 episcopis,
3245 3713 3338 3780 qui
3361 3712 3510 3767 Con-

1952 3803 2302 3872 stantinopoli
2329 3811 2443 3856 tum
2495 3803 2936 3867 inveniebantur,
2995 3805 3048 3857 in
3075 3804 3333 3872 palatium
3370 3805 3511 3856 acci-

1955 3895 2046 3957 tis,
2101 3893 2486 3962 jusjurandum
2549 3892 2737 3956 dedit;
2781 3901 2836 3946 et
2888 3908 3064 3962 nuper
3119 3894 3173 3946 in
3228 3902 3508 3962 nepotem,

1952 3986 2179 4054 ejusque
2217 3983 2516 4037 factionem
2565 3985 2975 4052 pronuntiatam
3021 3983 3338 4038 devotionis
3383 3999 3511 4038 sen-

1954 4075 2178 4128 tentiam
2213 4083 2538 4135 retractans,
2596 4089 2786 4128 rursus
2849 4073 3240 4142 imperatorem
3289 4083 3345 4128 et
3387 4089 3510 4128 esse

1953 4179 2008 4222 et
2041 4167 2315 4220 nominari
2351 4166 2533 4234 jussit.
2561 4165 2818 4219 Eamdem
2863 4181 3027 4233 porro
3072 4165 3352 4219 amitinatn
3411 4167 3513 4219 ite-

1956 4274 2078 4313 rum
2113 4257 2178 4312 ad
2239 4258 2413 4322 illum,
2455 4259 2573 4326 ejus
2622 4257 2909 4326 adjurandi
2954 4257 3246 4320 missurus,
3297 4256 3510 4323 dolens,

1956 4361 2065 4400 non
2101 4345 2338 4414 aliquem
2366 4345 2678 4398 honestiore
2715 4344 2838 4397 loco
2880 4351 3090 4405 natum,
3137 4342 3230 4397 sed
3263 4344 3512 4411 Apoean—

1957 4439 2124 4491 chum
2181 4435 2249 4490 ad
2300 4437 2678 4507 jnramentum
2731 4434 3088 4490 deferendum
3143 4433 3386 4495 venisse,
3432 4435 3514 4488 sic

293 4520 438 4572 κατὰ
466 4519 562 4573 τοῦ
609 4522 730 4572 νέου
766 4520 1031 4590 βασιλέως
1064 4521 1158 4573 καὶ
1197 4521 1304 4574 τῶν
1345 4523 1618 4577 συνόντων
1652 4523 1856 4578 διέλυεν
1889 4546 1932 4601 ι)
1960 4544 1971 4580 ι

1834 4544 1856 4578 ν
1889 4546 1932 4601 υ
1960 4542 2078 4581 eam
2109 4525 2437 4595 compellat:
2463 4524 2619 4590 Quod
2669 4538 2842 4593 nepos
2879 4538 3030 4577 meus
3055 4523 3192 4577 adeo
3230 4537 3319 4576 me
3348 4538 3512 4576 vene-

295 4614 619 4685 ἁφορισμὺν,
651 4613 873 4683 βασιλέα
904 4615 1065 4668 πάλιν
1087 4615 1177 4669 τὸν
1201 4615 1423 4684 ἔγγονον
1457 4617 1718 4680 κελεύσας
1755 4620 1851 4674 καὶ

1959 4627 2112 4674 rat-tr
2141 4628 2199 4673 et
2253 4617 2406 4681 colit,
2457 4631 2690 4686 meaque
2739 4631 2905 4671 causa
2953 4624 3062 4670 tam
3104 4627 3190 4671 est
3223 4613 3511 4678 sollicitus,

1553 4758 1768 4821 Jacobi
1811 4760 2076 4820 Pontani
2109 4767 2294 4820 notae.

369 4895 484 4965 (68)
526 4895 600 4948 De
629 4894 732 4948 hac
775 4891 1114 4965 conditione.
1156 4908 1249 4948 seu
1283 4895 1536 4964 pactione
1585 4894 1856 4960 Gregoras

295 4962 532 5020 ita'liltro
551 4972 741 5034 octavo
762 4982 774 5018 :
799 4962 1024 5016 Tandem
1051 4965 1188 5016 inter
1212 4962 1299 5016 eos
1313 4966 1571 5024 conuenit,
1598 4974 1653 5017 ut
1669 4967 1856 5034 junior

294 5039 585 5104 imperator
638 5031 952 5104 Thraciam,
1003 5048 1118 5101 quia
1151 5050 1180 5104 ᾳ
1229 5034 1546 5101 Christopoli
1579 5031 1741 5104 usque
1787 5037 1856 5088 ad

297 5102 552 5172 Rhegium
579 5144 592 5166 ,
628 5112 677 5154 et
733 5102 1214 5173 Constantinopolis
1241 5105 1561 5173 suburbana
1613 5102 1852 5173 pertinet,

295 5190 392 5241 pro
413 5171 738 5226 auctoritate
767 5171 1018 5224 obtineret
1044 5212 1058 5235 ,
1091 5172 1348 5242 simulque
1375 5190 1435 5225 ea
1482 5171 1702 5242 pmdia,
1737 5190 1854 5242 qua:

293 5259 408 5312 siue
477 5243 690 5312 {actioni
755 5243 1072 5309 assignasset
1126 5243 1178 5292 in
1232 5241 1577 5312 Macedonia,
1631 5241 1854 5312 quorum

294 5311 464 5366 multa
495 5321 682 5374 erant,
714 5327 829 5380 qua:
858 5311 1079 5380 singulis
1132 5311 1299 5381 multa
1353 5313 1524 5364 millia
1574 5311 1855 5381 quatannis

295 5386 581 5449 penderent
606 5384 819 5434 :seniar
865 5396 985 5432 vero
1033 5390 1164 5450 tum_
1194 5380 1709 5450 Constantinopolin,
1748 5391 1856 5435 tum

296 5447 447 5504 urbes
480 5461 526 5503 et
559 5452 851 5519 provinciae
906 5466 1082 5505 omnes
1112 5447 1479 5504 Macedonicas
1534 5447 1677 5504 ultra
1707 5451 1861 5506 Chri-

289 5521 523 5588 stopolin
550 5522 701 5574 sitas.

319 5611 322 5614 ’
370 5593 483 5662 (69)
521 5591 878 5662 Epidamnus,
911 5607 1006 5645 seu
1062 5589 1446 5662 Epidamnum,
1494 5591 1629 5662 alias
1663 5590 1860 5659 Dyrra-

295 5660 505 5723 chium,
557 5663 688 5714 urbs
736 5660 1064 5716 Macedonia:
1111 5660 1302 5717 versus
1352 5675 1501 5713 mare
1535 5661 1856 5724 Adrianum,

297 5746 418 5799 quae
436 5729 756 5784 Ciceronem
787 5732 1032 5785 exsulem
1060 5727 1293 5797 excepit,
1327 5745 1562 5796 eumque
1622 5729 1858 5784 oﬂiciose

301 5800 725 5870 humaniterque
771 5801 902 5858 totis
945 5802 1221 5859 sexdecim
1260 5799 1542 5855 mensibus
1577 5800 1849 5855 tractavit.

1959 4897 2270 4967 Stephauus
2291 4895 2363 4967 de,
2393 4893 2630 4967 urbibus
2649 4893 2812 4948 docet
2849 4890 3514 4967 duas_esse_Epidat_n_nos,

1958 4959 2186 5021 alteram
2222 4967 2275 5019 in
2311 4965 2540 5034 Illyrico,
2584 4963 2907 5034 alteratn_in
2960 4961 3083 5034 sinu
3125 4959 3296 5034 Ionio.
3349 4963 3514 5017 Voca-

1960 5045 2075 5089 tunt
2105 5051 2268 5105 porro
2313 5029 2670 5105 Dirrachium
2709 5048 2750 5105 _a
2809 5029 3108 5105 Romanis,
3163 5031 3254 5098 qui
3299 5048 3515 5105 _nomcn

1957 5099 2265 5158 ominosum
2316 5099 2377 5157 ei
2404 5103 2560 5172 quasi
2611 5118 2643 5172 a7
2687 5103 2886 5154 damno
2915 5099 3208 5172 deductum
3261 5101 3514 5172 vitarent.

1959 5174 2049 5229 Sic
2072 5177 2328 5242 Oppidum
2385 5169 2440 5227 et
2471 5171 2738 5226 coloniam
2771 5185 2924 5223 suam
2950 5169 3355 5242 Beneventum:
3377 5169 3516 5242 bene

1956 5238 2233 5297 ominandi
2291 5258 2474 5304 causa,
2505 5242 2881 5299 nominarunt,
2914 5254 3039 5290 cum
3073 5248 3229 5291 antea
3261 5254 3289 5291 a
3319 5238 3519 5292 Gracia

1965 5314 2320 5367 Maleventum
2348 5313 2644 5365 diceretur.
2672 5310 2776 5363 Sed
2803 5307 3147 5378 Dyrrhachus
3177 5306 3421 5378 Herculis
3451 5323 3516 5361 ex

1965 5382 2072 5436 lilia
2099 5398 2286 5450 nepos,
2313 5382 2456 5450 quod
2485 5389 2700 5449 portum
2728 5379 2872 5450 iurbi
2909 5380 3204 5445 adiecerat,
3224 5377 3332 5446 jam
3357 5387 3517 5449 antea

1965 5455 2033 5506 ab
2066 5468 2122 5506 se
2165 5449 2552 5523 Dyrrhachium
2586 5449 2901 5523 appellarat.

2035 5523 2145 5593 (7Q)
2175 5516 2276 5588 Qui
2304 5516 2982 5593 ergosenex’pauloAinl‘ra
3013 5518 3286 5593 queritur,
3312 5516 3519 5593 _h0t_ni_-

1964 5587 2088 5648 nem
2115 5587 2456 5664 i'nli’mum'ad
2476 5606 2540 5664 se
2572 5588 2839 5664 missum?
2871 5587 3112 5664 Respicit
3153 5587 3226 5640 ibi
3261 5587 3523 5664 ad_origi7

1963 5679 2085 5717 nem
2141 5673 2196 5716 et
2223 5662 2432 5716 natales
2463 5659 2812 5728 Apocauchi,
2876 5657 2995 5727 qui‘
3025 5661 3248 5712 luerunt
3295 5657 3517 5728 obscuri

1959 5741 2014 5787 et
2039 5733 2325 5804 ignobiles,
2361 5742 2418 5785 ut
2443 5724 2673 5786 docetur
2723 5724 3034 5783 initio’libri
3085 5729 3247 5798 hujus
3297 5741 3418 5796 cap.
3463 5724 3518 5779 4.
