4250 6440
765 403 860 466 187

1938 412 2261 470 JUANNlS
2301 407 2848 470 CAN'I‘ACUZENI.

3879 403 3982 469 188

760 510 928 564 multa
961 511 1012 564 ei
1045 509 1284 566 vicissim
1335 513 1500 573 bona,
1541 529 1646 566 non
1701 531 1754 568 in
1791 530 1893 570 nac
1933 524 2171 580 tantum,
2213 528 2307 567 ve—
2339 519 2385 574 Δ
2415 531 2438 564 ε

2306 543 2307 549 η
2339 519 2385 574 Λ
2415 510 2552 565 εἶναι
2595 517 2686 566 καὶ
2719 515 3097 584 ονομάζεσθαι.
3146 517 3370 570 Μέλλων
3415 517 3464 569 δ’
3502 511 3657 575 αὖθις
3686 516 3785 586 τὴν
3810 515 3984 582 αὐτὴν

757 616 876 653 rum
897 601 1060 654 etiam
1097 600 1150 654 in
1181 602 1267 655 illa
1299 602 1596 657 immortali
1623 606 1732 657 vita
1764 620 1794 658 a
1821 606 1929 658 Deo
1963 618 2308 672 comprecor.

753 689 954 743 Adhaec
985 690 1322 744 moderatum
1374 694 1494 762 ejus
1536 696 1810 762 ingenium
1847 695 2160 764 probosque
2190 708 2310 747 mo-

753 797 864 844 res,
897 791 1063 849 atque
1097 783 1150 835 in
1185 783 1333 835 omni
1366 784 1652 838 honestate
1682 801 2004 854 progressus
2027 788 2308 853 admiror;

750 871 893 939 quod
922 871 1158 940 juvenis,
1204 883 1258 926 et
1287 874 1606 940 imperator.
1659 876 1937 942 multoque
1972 877 2308 934 adversariis

750 960 1033 1026 superior;
1069 961 1213 1013 unde
1255 962 1538 1029 probabile
1575 962 1760 1026 ﬁebat,
1797 965 2030 1019 subnixe
2056 968 2306 1020 ambula-

753 1056 954 1113 tur‘um,
995 1052 1416 1120 arrogantiaque
1472 1054 1764 1119 tumidum,
1798 1065 1893 1108 aut
1940 1056 2213 1125 ingratum
2251 1057 2306 1110 in

751 1151 848 1189 nos
875 1137 1146 1201 futurum,
1183 1151 1276 1193 aut
1309 1151 1481 1203 certe,
1513 1158 1635 1210 quae
1666 1159 1769 1198 nos
1801 1145 2122 1212 petebamus
2150 1148 2310 1199 evul-

749 1228 889 1292 gatis
917 1267 931 1290 ,
978 1228 1178 1283 deinde
1212 1246 1334 1299 qua:
1382 1232 1486 1301 ipsi
1524 1233 1910 1288 collibuisseut
1957 1235 2306 1306 largiturum,

749 1329 805 1371 ut
832 1319 934 1372 sibi
961 1321 1320 1387 plauderetur
1363 1323 1433 1377 ab
1459 1326 1748 1384 omnibus;
1789 1327 1924 1380 nihil
1956 1328 2150 1381 horum
2183 1343 2309 1397 per-

747 1413 999 1478 petravit,
1049 1413 1142 1466 sed
1195 1414 1514 1482 petitionem
1547 1431 1721 1470 meam
1768 1420 1862 1469 uni
1903 1433 2098 1486 magno
2126 1419 2310 1472 dome-

745 1502 884 1554 stico
913 1503 1188 1570 aperiens,
1235 1505 1644 1574 prudenterque
1699 1524 1763 1560 ac
1814 1509 2062 1562 modeste
2121 1508 2310 1562 adnuo-

745 1592 872 1644 dum
904 1594 1264 1661 respondens,
1299 1596 1570 1664 dulilicem
1631 1600 1790 1652 nobis
1831 1601 2058 1681 gratiam
2096 1600 2308 1668 persol-

745 1683 858 1743 vit,
912 1699 1019 1734 non
1049 1685 1224 1736 solum
1256 1686 1403 1752 quod
1448 1685 1690 1739 Romano
1715 1689 1950 1756 imperio
1971 1689 2080 1757 jam
2111 1697 2224 1742 toto
2254 1689 2309 1742 in

745 1788 870 1825 cum
926 1773 1253 1836 inclinante,
1304 1784 1513 1842 partem
1553 1779 1774 1841 retinet,
1832 1763 2110 1846 reliquum
2143 1770 2307 1832 emite

745 1863 906 1917 nobis
963 1865 1144 1927 cedit;
1184 1881 1375 1918 verum
1437 1870 1628 1930 etiam,
1665 1869 1810 1936 quod
1882 1869 2049 1923 rebus
2100 1870 2306 1924 nostris

746 1967 852 2005 tam
899 1955 1253 2008 vehementer
1285 1956 1692 2020 laborantibus,
1724 1958 1874 2012 nullo
1913 1959 2052 2014 fastu
2101 1959 2305 2014 insole-

741 2043 867 2094 scit.
910 2042 986 2094 Ex
1034 2059 1144 2109 quo
1183 2046 1401 2110 penitus
1449 2046 1524 2098 ita
1559 2049 1757 2110 sentio,
1809 2063 2093 2116 nunquam
2127 2048 2178 2102 ei
2218 2063 2308 2100 ve-

746 2134 890 2186 nisse
924 2137 975 2185 in
1013 2146 1271 2196 mentem,
1304 2137 1388 2194 vel
1421 2138 1744 2204 particulam
1792 2137 2166 2207 despicientiae
2211 2153 2311 2191 no-

744 2226 843 2278 stri
898 2241 1009 2294 pra)
1054 2241 1112 2279 se
1155 2227 1320 2290 ferre,
1376 2229 1469 2281 sed
1526 2229 1896 2283 reverentiam
1944 2244 2007 2282 ac
2049 2230 2308 2299 pietatem

742 2318 1022 2386 antiquam
1054 2334 1180 2388 erga
1217 2335 1315 2372 nos
1340 2321 1639 2374 custodire.
1678 2321 1810 2374 Illud
1860 2329 2040 2375 tamen
2075 2321 2310 2375 maxime

738 2409 949 2461 cruciat
981 2409 1246 2475 animum,
1289 2411 1432 2480 quod
1470 2426 1592 2465 cum
1625 2412 1770 2481 apud
1812 2428 1870 2466 se
1902 2413 2087 2480 plures
2109 2422 2164 2466 et
2186 2428 2310 2481 pro-

740 2499 837 2552 bos
889 2510 943 2553 et
967 2501 1250 2570 sanguinis
1279 2503 1690 2557 necessitudine
1715 2503 2309 2573 conjunctoshaberet.
2336 2488 2345 2498 ’

741 2606 839 2659 per
885 2607 1023 2660 quos
1065 2593 1440 2662 juramentum
1493 2611 1521 2648 ιι
1555 2595 1720 2649 nobis
1769 2595 2062 2663 reciperet,
2113 2595 2308 2649 horum

742 2684 976 2744 nullum,
1005 2683 1101 2737 sed
1165 2684 1580 2752 Apocauchum,
1628 2685 1926 2739 obscurum
1955 2699 2022 2738 ex
2055 2684 2315 2739 obscuris

745 2785 932 2830 natum
973 2777 1143 2840 misit,
1183 2778 1278 2845 qui
1316 2781 1633 2846 nuperrime
1662 2778 2010 2831 exactionum
2041 2779 2310 2832 coactori-

741 2862 844 2917 bus
885 2864 1153 2933 scriptum
1185 2864 1438 2919 faciebat.
1477 2866 1799 2934 Quanquam
1856 2867 2010 2935 quasi
2045 2866 2310 2936 quiddam

740 2956 1020 3024 singulare
1085 2957 1327 3011 dicerem
1360 2996 1374 3019 ,
1427 2958 1574 3026 quod
1635 2959 1935 3014 absurdius
1977 2969 2065 3014 est
2120 2960 2307 3014 omisi.

744 3046 895 3100 Idem
929 3048 1077 3100 enim
1126 3049 1489 3116 Aporaucbus
1531 3065 1654 3102 cum
1689 3050 1878 3105 multis
1909 3065 1996 3104 me
2027 3050 2314 3118 promissis

2340 1835 2379 1889 Β

2413 605 2639 672 ἀνεψιὰν
2670 605 2838 664 αὐτοῦ
2885 606 3020 674 πρὸς
3059 605 3284 674 βασιλέα
3335 607 3428 659 τδν
3477 607 3600 658 νέον
3637 608 3876 673 πέμπειν
3906 604 3982 663 ὡς

2411 694 2537 756 τοὺς
2565 694 2696 764 παρ’
2733 694 2943 746 ἐκείνου
2976 695 3287 765 ληψομένην
3311 697 3532 762 ὅρκους,
3573 693 3867 761 ἀνιώμενος
3895 693 3979 744 ὅτι

2413 785 2487 849 μὴ
2514 782 2620 834 τῶν
2657 781 2714 834 εὖ
2759 781 3059 848 γεγονότων
3102 799 3210 846 τις,
3262 782 3377 834 ἀλλ’
3428 782 3761 850 Ἀπόκαυχος
3796 782 3885 832 ἐπὶ
3917 780 3980 831 τὸ

2409 873 2534 934 τοὺς
2565 873 2760 941 ὅρκους
2781 871 3120 940 παραλαϐεῖν
3146 871 3469 932 ἀπέσταλτο,
3498 871 3600 939 ἐφη
3625 871 3762 938 προς
3785 870 3978 936 αὐτήν⁶

2412 964 2524 1030 Τῆς
2569 963 2666 1030 μὲν
2695 962 2772 1022 είς
2803 960 2901 1028 ἐμὲ
2940 960 3123 1023 αἰδοῦς
3157 963 3249 1012 καὶ
3294 960 3632 1030 προμηθείας
3664 977 3722 1010 τε
3768 960 3864 1010 καὶ
3893 975 3980 1009 τιο

2414 1053 2540 1122 μῆς,
2578 1051 2788 1104 πολλῶν
2839 1051 3069 1119 ἀμοιϐὰς
3107 1051 3326 1118 ἀγαθῶν
3370 1052 3600 1118 εῦχομαι
3651 1050 3727 1119 τῷ
3771 1047 3985 1116 βασιλεῖ

2411 1142 2505 1196 καὶ
2549 1141 2666 1211 ἐμῷ
2694 1141 2903 1210 ἐγγόνῳ
2930 1141 3080 1209 παρὰ
3110 1141 3267 1204 Θεοῦ,
3297 1141 3356 1192 οὐ
3395 1141 3552 1207 μόνον
3577 1141 3717 1192 κατά
3743 1139 3832 1192 τὸν
3857 1137 3985 1206 τῇδε

2413 1237 2545 1305 βίον,
2588 1234 2723 1286 ἀλλὰ
2759 1237 2854 1286 καὶ
2901 1235 3022 1285 κατ’
3061 1234 3268 1287 ἐκεῖνον
3315 1234 3404 1284 τὸν
3437 1232 3812 1299 ἀτελεύτητον.
3853 1228 3983 1282 Ἔτι

2413 1323 2470 1376 δέ
2509 1340 2599 1391 μοι
2647 1323 2741 1374 καὶ⁸
2783 1321 3084 1390 θαυμάζειν
3117 1323 3296 1374 ἔπεισι
3343 1322 3404 1372 τό
3457 1337 3514 1374 τε
3563 1322 3784 1390 μέτριον
3830 1319 3982 1388 αὐτῷ

2407 1413 2499 1466 τοῦ
2530 1415 2712 1482 ἤθους,
2735 1415 2829 1464 καὶ
2855 1417 2954 1478 τὴν
2980 1412 3249 1481 εὐθύτητα
3279 1411 3371 1463 τοῦ
3392 1412 3616 1481 τρόπου,
3639 1412 3732 1462 καὶ
3760 1409 3822 1462 τό
3850 1411 3983 1478 πρὸς

2407 1505 2474 1555 τά
2522 1503 2661 1555 κα.λά
2719 1501 2970 1571 βεϐηκὸς,
3027 1504 3108 1554 ὅτι
3165 1503 3283 1564 νέος
3318 1500 3393 1552 ὢν
3445 1502 3540 1554 καὶ
3593 1501 3860 1570 βασιλεὺς,
3891 1501 3984 1551 καὶ

2413 1593 2564 1662 παρά
2603 1593 2738 1645 πυλὺ
2770 1593 2876 1644 τῶν
2913 1592 3223 1646 ἀντιπάλων
3258 1591 3616 1661 κεκρατηκὼς
3649 1591 3708 1654 ἐξ
3740 1585 3814 1643 ὧν
3840 1591 3986 1650 είκὺς

2408 1677 2475 1748 ἦν
2509 1682 2643 1750 arpi;
2685 1679 2995 1749 φιλοτιμίαν
3031 1679 3344 1747 ἐπαρθῆναι
3393 1681 3486 1744 καὶ
3536 1679 3862 1747 φυσηθῆναι,
3894 1682 3986 1730 καὶ

2411 1773 2795 1840 ἀγνωμονῆσαι
2821 1772 2947 1840 περὶ
2969 1769 3190 1840 ἡμᾶς,ἢ
3218 1771 3339 1837 τόγε
3365 1770 3639 1839 δεύτερον,
3661 1768 3804 1836 ἅπερ
3830 1769 3988 1842 γετού-

2414 1861 2555 1929 μεθα
2607 1862 2760 1913 αὐτοὶ
2812 1863 3111 1930 ποιήσαντα
3162 1860 3392 1928 φανερὰ,
3441 1857 3561 1912 εἶτα
3615 1861 3758 1929 άπερ
3793 1860 3989 1928 ἢθελεν

2409 1951 2568 2012 αὐτὸς
2601 1948 2953 2019 χαρίσασθαι,
2990 1949 3075 2003 ἴνα
3107 1948 3440 2017 θαυμάζοιτο
3470 1951 3620 2018 παρὰ
3650 1949 3888 2002 πάντων.
3924 1947 3988 2000 ὐ

2408 2040 2453 2093 δ’
2479 2040 2698 2109 ἐποίησε
2727 2040 2965 2091 τοιοῦτον
2994 2039 3146 2092 οὐδέν
3177 2055 3190 2070 ⁸
3227 2038 3363 2091 ἀλλά
3407 2041 3535 2100 τοὺς
3568 2039 3666 2108 μὲν
3709 2040 3875 2109 ἐμοὺς
3901 2037 3992 2089 λό-

2411 2149 2542 2201 γους
2573 2133 2898 2201 διετήρησεν
2930 2133 2988 2185 ἐν
3014 2132 3212 2202 ἀδήλῳ,
3240 2133 3453 2194 οὐδενὸς
3478 2133 3776 2200 ἐγνωκότος
3796 2132 3987 2200 ἑτέρου

2411 2223 2549 2293 πλὴν
2575 2224 2668 2276 τοῦ
2701 2223 2940 2292 μεγάλου
2970 2223 3296 2292 δομεστίκου
3335 2223 3499 2290 μόνου
3522 2239 3536 2253 ο
3571 2224 3733 2284 αὐτὸς
3775 2224 3834 2275 δὲ
3859 2224 3990 2285 τοὺς

2410 2315 2602 2383 λόγους
2634 2315 2873 2375 συνετῶς
2903 2313 3044 2382 ἀγαν
3089 2314 3185 2368 καὶ
3215 2315 3462 2383 κοσμίως
3489 2315 3873 2384 οἰκονομήσας,
3906 2315 3991 2366 δι-

2412 2408 2717 2473 πλῆνιήμῖν
2766 2407 3024 2460 κατέθετο
3075 2408 3173 2475 τὴν
3224 2406 3405 2476 χάριν,
3457 2407 3521 2459 οὐ
3578 2407 3739 2476 μόνον
3775 2408 3854 2475 τῷ
3887 2407 3990 2475 τῆς

2421 2499 2714 2566 Ῥωμαίων
2747 2499 3044 2566 ἡγεμονίας
3074 2498 3256 2566 πάσης
3286 2498 3386 2567 ήδη
3411 2498 3550 2569 πρὸς
3576 2497 3737 2552 αὐτὸν
3777 2498 3992 2552 κλινού-

2414 2607 2514 2658 σης
2572 2591 2732 2660 μέρος
2785 2589 2883 2658 μέν
2931 2606 2984 2641 τι
3040 2592 3509 2658 παρακατασχεῖν,
3562 2590 3662 2657 τῆς
3711 2591 3906 2658 λοιπῆς
3940 2590 3969 2642 δ

2414 2682 2630 2751 ἀπάσης
2661 2683 2792 2750 ἡμῖν
2825 2682 3242 2753 παραχωρῆσαι,
3274 2680 3408 2733 ἀλλά
3439 2683 3535 2735 καὶ
3561 2681 3638 2747 τῷ
3671 2682 3792 2752 μηδ’
3812 2682 3990 2744 οὕτως

2413 2776 2492 2836 είς
2533 2772 2713 2824 στενὸν
2749 2773 2944 2842 κομιδῆ
2998 2772 3067 2825 τά
3118 2772 3362 2841 ἡμέτερα
3406 2772 3704 2842 ἐληλακότα
3772 2773 3990 2840 ἐκπομο

2415 2865 2616 2916 πεῦσαι
2647 2863 2900 2932 θελῆσαι.
2948 2863 3038 2929 Ἐξ
3069 2855 3144 2916 ὧν
3175 2863 3273 2931 ἐμὲ
3302 2863 3595 2916 πεπεῖσθαι
3642 2864 3828 2931 σαφῶς
3856 2881 3994 2932 συμ-

2415 2953 2613 3018 ϐαίνει,
2649 2952 2725 3015 ὡς
2757 2952 2863 3003 οὐδ’
2891 2951 3036 3021 ῐχνος
3070 2957 3533 3021 καταφρονήσεως
3562 2954 3655 3008 ἐπὶ
3681 2953 3802 3006 νοῦν
3827 2949 3991 3023 ἦλθεν

2415 3043 2564 3113 αὐτῷ
2598 3041 2933 3106 ἐνδείξασθαι
2959 3044 3036 3106 είς
3073 3046 3192 3113 ἐμὲ,
3248 3043 3388 3098 ἀλλά
3419 3045 3518 3114 τὴν
3552 3046 3826 3114 προτέραν
3857 3046 3991 3099 αίδῶ

739 3138 1226 3200 circumduxisset,
1280 3155 1398 3192 mea
1435 3142 1891 3210 auctoritatejei
1937 3142 2147 3198 salaria
2174 3158 2310 3212 prae-
2339 3156 2382 3213 ο
2416 3157 2417 3163 ‘

2339 3156 2382 3213 ο
2416 3137 2508 3188 καὶ
2536 3135 2823 3188 εὐλάϐειαν
2868 3135 3396 3200 ἀποσώζει.Ἐκεῖνο
3439 3136 3495 3188 δὲ
3529 3137 3630 3205 οὐχ
3661 3137 3863 3206 ἥκιστα
3899 3137 3990 3188 λυ-

739 3228 920 3280 fectus
964 3239 1069 3282 est.
1129 3229 1334 3283 Deinde
1383 3233 1650 3299 promissa
1685 3232 2039 3301 postliabens,
2087 3248 2209 3288 cum
2242 3239 2311 3289 si-

742 3319 852 3371 mul
883 3335 1072 3374 omnes
1120 3335 1150 3374 e
1201 3322 1314 3374 sale
1347 3322 1451 3390 '75
1489 3323 1700 3377 reditus
1731 3324 2076 3388 devorasset,
2110 3336 2165 3379 et
2199 3341 2302 3398 ego

742 3411 950 3464 idcirco
1008 3411 1076 3464 de
1135 3412 1324 3467 multis
1387 3429 1563 3482 pauca
1601 3415 1972 3481 requirerem,
2019 3417 2309 3471 occasione

742 3515 894 3564 usus,
922 3502 988 3555 ad
1021 3511 1278 3571 nepotem
1305 3517 1484 3556 meum
1520 3503 1782 3572 profugit.
1806 3502 1939 3569 Quis
1969 3504 2137 3574 igitur
2160 3504 2312 3560 hunc

746 3589 1026 3661 hominem
1073 3601 1359 3660 tant0pere
1411 3593 1478 3646 ab
1529 3593 1620 3645 illo
1669 3592 2001 3648 honoratum
2050 3609 2307 3658 cernens,

742 3692 800 3734 nt
829 3682 882 3734 in
913 3683 1172 3750 negotiis,
1203 3684 1370 3736 etiam
1425 3683 1785 3738 nobilissimis
1815 3683 2132 3738 hominibus
2155 3685 2309 3739 defe-

741 3773 946 3834 rendis,
976 3775 1097 3844 ejus
1115 3788 1280 3842 opera
1307 3783 1517 3834 utatur.
1542 3790 1650 3829 non
1670 3773 1725 3829 id
1755 3775 1825 3829 de
1846 3775 2113 3830 industria
2145 3791 2173 3830 a
2212 3792 2309 3831 ne-

736 3873 866 3932 pote
923 3863 998 3918 ad
1050 3865 1296 3919 dolorem
1354 3866 1489 3918 mihi
1542 3865 1874 3920 inurendum
1934 3866 2311 3921 lraudulenter

735 3971 858 4012 esse
889 3967 1263 4025 comparatum
1287 3957 1612 4012 existimet?
1644 3958 1712 4012 Et
1742 3967 1802 4013 ut
1836 3957 1977 4012 istuc
1999 3958 2101 4012 hac
2128 3969 2310 4012 mente

737 4063 846 4100 non
883 4045 1098 4110 iecerit,
1139 4047 1298 4101 multi
1354 4056 1534 4102 tamen
1566 4047 1667 4102 hac
1692 4056 1876 4102 mente
1921 4049 2124 4102 factum
2159 4051 2310 4118 cogi-

739 4137 958 4190 tabunt.
989 4137 1382 4206 Respondente
1424 4138 1808 4207 Palatologina,
1845 4155 1954 4193 non
1984 4140 2088 4193 sibi
2133 4140 2307 4195 videri

735 4228 1128 4296 Apocauchum
1162 4242 1192 4282 a
1219 4237 1416 4297 nepote
1439 4237 1791 4298 contemptus
1841 4229 2014 4296 gratia
2048 4231 2305 4300 legatum,

736 4320 1187 4390 quandoquidem
1217 4322 1338 4392 eius
1370 4329 1449 4374 tot
1487 4337 1616 4391 erga
1640 4323 1819 4391 ipsum
1855 4331 2012 4376 antea
2049 4337 2309 4376 reveren-

737 4416 845 4477 tiaa,
883 4423 937 4468 et
976 4415 1198 4483 ingenui
1234 4414 1449 4468 timoris
1474 4413 1804 4468 documenta
1831 4422 2084 4478 exstent;
2132 4414 2308 4483 impe-

735 4517 884 4559 rator
925 4507 1450 4574 protosecretarium
1484 4505 1754 4560 Bardalen
1815 4513 1871 4559 et
1910 4490 2304 4560 Callicreniten
2335 4484 2384 4544 D

731 4611 858 4651 cum
891 4611 955 4650 ea
987 4596 1054 4649 ad
1100 4605 1361 4664 nepotem
1409 4595 1600 4650 mittit.
1658 4595 1762 4661 Qui
1815 4595 1909 4649 ubi
1961 4596 2108 4649 senis
2139 4610 2307 4664 super

730 4686 1064 4754 Apocaucbo
1096 4701 1407 4739 sermonem
1433 4685 1668 4749 audivit,
1709 4686 1906 4740 Procul
1932 4703 1961 4739 a
1992 4702 2078 4740 me
2106 4688 2177 4740 sit
2199 4687 2302 4742 ista

733 4779 966 4841 insania,
999 4777 1200 4844 inquit.
1234 4787 1293 4830 ut
1325 4777 1406 4830 vel
1457 4792 1685 4846 parvum
1721 4779 1803 4831 vel
1839 4793 2093 4846 magnum
2131 4778 2299 4847 quid-

731 4868 873 4934 piam
897 4868 962 4920 ad
991 4867 1299 4921 molestiam
1346 4875 1798 4936 contemptumve
1837 4867 2046 4922 domini
2078 4873 2185 4924 mei
2251 4879 2309 4924 et

731 4958 1080 5027 imperatoris
1100 4958 1382 5027 designent
1419 4977 1431 5010 :
1468 4959 1519 5011 in
1547 4974 1712 5027 quem
1761 4961 2027 5013 scientem
2055 4975 2313 5030 peccare,

731 5065 925 5119 magna
956 5051 1184 5102 omnino
1213 5049 1368 5119 enlpa
1402 5058 1642 5113 tenetur,
1702 5065 1790 5105 me
1829 5050 2050 5121 judice.
2086 5052 2304 5107 etiamsi

706 5147 1013 5217 ‘peccatum
1063 5156 1174 5194 non
1222 5156 1476 5210 maguum
1525 5139 1693 5196 fuerit
1737 5141 1875 5212 (τι).
1935 5141 2305 5212 Apocaucbus

730 5247 836 5288 non
861 5241 921 5284 ut
955 5230 1188 5302 legatus,
1245 5249 1426 5303 neque
1461 5242 1522 5288 ut
1575 5235 1728 5304 pacis
1765 5234 2122 5289 conﬁrmator
2165 5235 2306 5305 (haec

2414 3229 2522 3290 πεῖ,
2553 3228 2635 3280 ὅτι
2671 3226 2746 3296 μὴ
2778 3225 2916 3296 πρὸς
2938 3225 3036 3297 τήν
3069 3227 3385 3296 παράληψιν
3419 3226 3524 3279 τῶν
3554 3228 3752 3298 ὅρκων,
3779 3227 3992 3280 πολλῶν

2412 3336 2471 3372 τε
2508 3322 2600 3371 καὶ
2645 3318 2870 3385 ἀγαθῶν
2923 3320 3020 3372 καὶ
3070 3320 3179 3372 τῶν
3235 3319 3358 3372 καθ’
3411 3315 3550 3389 αἷμα
3604 3321 3991 3388 προσηκόντων

2415 3404 2562 3473 αὐτῷ
2592 3405 2881 3469 συνόντων,
2911 3406 3117 3481 τοότων
3152 3405 3251 3475 μὲν
3283 3407 3626 3462 ἀπέσταλκεν
3654 3408 3864 3473 οὐδένα,
3899 3409 3992 3462 τὸν

2413 3494 2470 3548 δὲ
2522 3495 2886 3565 Ἀπόκαυχον,
2938 3496 3152 3565 ἄσημον
3185 3497 3285 3562 μὲν
3324 3498 3452 3551 ὄντα
3483 3500 3578 3551 καὶ
3628 3499 3688 3563 ἐξ
3737 3501 3988 3569 ἀσήμων,

2414 3589 2508 3640 καὶ
2537 3586 2691 3641 οὔπω
2715 3589 2842 3657 χθὲς
2879 3589 2975 3641 καὶ
3005 3588 3200 3659 πρώην
3225 3593 3336 3652 τοῖς
3363 3589 3472 3641 τῶν
3500 3591 3778 3659 δημοσίων
3806 3592 3992 3658 φόρων

2415 3681 2690 3752 πράκταις
2747 3682 3344 3752 ὑπογραμματεύοντα.
3391 3683 3584 3736 Καίτοι
3646 3683 3708 3735 τὸ
3753 3683 3991 3736 δεινότε-

2419 3790 2510 3843 ρον
2549 3773 2791 3840 ἀφεῖλον,
2847 3773 2924 3834 ὼς
2974 3774 3037 3843 δή
3089 3790 3142 3826 τι
3178 3774 3494 3843 θαυμαστὸν
3543 3775 3742 3842 λέγων.
3787 3774 3846 3825 '0
3883 3775 3992 3843 γὰρ

2416 3864 2580 3927 αὐτὸς
2630 3864 2730 3932 ἐμὲ
2771 3863 2995 3927 πολλαῖς
3053 3864 3410 3933 ὑποσχέσεσιν
3456 3865 3833 3932 ἐξαπατήσας,
3879 3865 3992 3917 τῶν

2412 3957 2689 4026 δημοσίων
2736 3956 2882 4010 ἀλῶν
2938 3956 3131 4027 ἔφορος
3182 3957 3499 4027 ἀπεδείχθη.
3549 3955 3685 4012 Εἶτα
3729 3959 3836 4009 τῶν
3891 3959 3994 4024 μὲν

2414 4048 2760 4117 ὑποσχέσεων
2811 4047 3242 4116 ἐκπεπλήρωκεν
3297 4048 3491 4100 οὐδέν·
3538 4048 3673 4116 ὁμοῦ
3707 4047 3763 4098 δὲ
3806 4050 3992 4100 πᾶσαν

2413 4139 2512 4210 τὴν
2538 4143 2603 4192 ἐκ
2631 4139 2739 4191 τῶν
2759 4137 2904 4191 ἀλῶν
2935 4138 3199 4209 πρόσοδον
3220 4138 3577 4208 καταφαγὼν,
3613 4140 3710 4193 καὶ
3732 4139 3821 4193 διὰ
3846 4139 3992 4192 τοῦτ’

2412 4234 2477 4284 ἐκ
2508 4231 2718 4284 πολλῶν
2759 4230 2915 4299 ὀλίγα
2953 4229 3245 4300 ζητοῦντος
3287 4231 3424 4300 ἐμοῦ
3460 4231 3668 4295 λαϐεῖν,
3701 4231 3780 4301 τῷ
3809 4231 3994 4300 καιρῷ

2411 4324 2782 4394 χρησάμενος.
2815 4324 2951 4393 πρὸς
2981 4325 3071 4376 τὸν
3099 4324 3233 4392 ἐμὸν
3267 4323 3488 4392 ἔγγονον
3518 4321 3699 4393 ᾤχετο
3725 4326 3989 4394 ἀποδράς.

2412 4416 2507 4477 Τίς
2532 4411 2625 4469 οὖν
2669 4413 2860 4467 τοῦτον
2919 4413 3044 4467 ίδὼν
3093 4413 3236 4467 οὕτω
3284 4416 3600 4484 τιμώμενον
3650 4415 3781 4484 παρ’
3813 4415 3988 4484 αὐτῷ,

2411 4503 2552 4557 ὥστε
2585 4506 2680 4558 καὶ
2711 4505 2802 4556 ἐπὶ
2834 4508 2968 4571 τοῖς,
2991 4507 3108 4569 τοῖς
3142 4506 3558 4573 εὐγενεστάτοις
3590 4507 3988 4574 προσήκουσιν,

2412 4598 2596 4669 ἔργοις
2625 4597 2776 4668 αὐτῷ
2802 4598 3060 4668 χρῆσθαι,
3087 4598 3190 4652 οὐκ
3219 4599 3288 4651 ἂν
3315 4598 3630 4668 ἐξεπίτηδες
3654 4598 3872 4664 νομίσαι
3906 4599 3990 4662 είς

2411 4689 2570 4742 ἀνίαν
2607 4689 2732 4757 ἐμοὶ
2760 4688 2913 4757 παρὰ
2947 4687 3212 4757 βασιλέως
3251 4687 3346 4740 τοῦ
3390 4688 3612 4754 ἐγγόνου
3655 4689 3994 4739 συνεσκευά-

2413 4778 2576 4843 σθαι;
2615 4778 2677 4831 Ei
2708 4778 2818 4849 γὰρ
2849 4780 2946 4833 καὶ
2985 4778 3064 4848 τῷ
3093 4778 3206 4831 ὄντι
3237 4778 3311 4848 μή
3355 4778 3488 4847 παρ’
3521 4778 3730 4831 ἐκείνου
3761 4778 3988 4848 τοιαύτῃ

2410 4873 2728 4943 πέπρακται
2757 4871 2975 4943 γνώμῃ,
2997 4872 3111 4924 ἀλλ’
3137 4873 3186 4924 oi
3209 4871 3396 4924 πολλοὶ
3424 4872 3568 4924 οὕτω
3592 4889 3654 4937 γε
3681 4871 3990 4940 νομιοῦσιν.

2424 4959 2897 5034 Ἀποκριναμένης
2927 4964 2983 5016 δὲ
3025 4965 3122 5018 καί⁵
3151 4964 3344 5033 αὐτῆς,
3374 4964 3500 5016 Οὐδ’
3535 4963 3601 5015 ἂν
3631 4964 3769 5032 αὐτῇ
3810 4965 3990 5014 δοκεῖν

2410 5054 2905 5124 καταφρονητικῶς
2938 5054 3088 5122 παρά
3118 5053 3382 5123 βασιλέως
3414 5053 3506 5105 τοῦ
3536 5053 3655 5104 νέου
3693 5053 3784 5106 τὸν
3823 5053 3993 5106 Ἀπό-

2406 5164 2613 5216 καυχον
2669 5146 3027 5208 ἀπεστάλθαι,
3079 5145 3282 5208 πολλὰς
3320 5149 3421 5215 τῆς
3471 5147 3550 5208 εἰς
3598 5145 3678 5211 σέ,
3735 5144 3987 5215 βασιλεῦ,

2408 5237 2589 5300 αἰδοῦς
2618 5256 2676 5292 τε
2712 5240 2806 5291 καὶ
2845 5237 3132 5301 εὐλαϐείας
3171 5238 3466 5300 δεδωκότος
3509 5238 3608 5301 τὰς
3639 5237 3944 5302 ἀποδείξεις
3968 5256 3982 5270 ·

2001 5353 2218 5414 Jacobi
2255 5355 2525 5416 Pontani
2559 5363 2744 5416 noue.

803 5455 916 5525 (Ἠ)
959 5455 1099 5510 Num
1152 5456 1468 5525 paradoxon
1517 5455 1648 5508 illud
1688 5454 1996 5509 Stoicorum
2043 5455 2306 5522 insinuat,

728 5528 811 5578 ὅτι
845 5527 932 5576 ἶσα
959 5530 1026 5576 τὰ
1052 5527 1270 5595 ἀμαρτή
1280 5544 1446 5592 ματα,
1471 5526 1649 5578 omnia
1677 5536 2017 5596 peccataiesse
2031 5528 2261 5596 wqualia
2282 5529 2309 5581 ?

729 5598 798 5650 de
827 5612 936 5664 quo
962 5596 1182 5657 Cicero,
1213 5606 1271 5648 ut
1303 5597 1370 5648 de
1399 5596 1520 5667 aliis
1546 5595 1808 5667 disseruit
1835 5613 1852 5650 :
1884 5595 2082 5661 Parva,
2108 5598 2302 5667 inquis,

730 5683 811 5719 res
829 5677 938 5732 est;
966 5667 1114 5738 atqui
1141 5682 1336 5734 magna
1357 5666 1534 5736 culpa.
1570 5664 1681 5719 Nec
1709 5668 1848 5720 enim
1881 5677 2094 5734 peccata
2128 5664 2304 5730 rerum

730 5748 938 5801 eventu,
961 5740 1050 5790 sed
1070 5739 1206 5791 vitiis
1227 5740 1500 5790 hominum
1526 5740 1787 5792 metienda
1813 5749 1956 5802 sunt,
1973 5748 2079 5792 etc.
2108 5740 2302 5792 Verum

734 5820 807 5863 ιιι
842 5809 1107 5874 Ιυιιιιὲιιιι·,
1147 5819 1206 5863 ιιι
1257 5817 1523 5872 quantum
1560 5819 1856 5865 veneretur
1883 5825 2067 5876 avum,
2095 5809 2299 5863 intelli-

2417 5467 2594 5528 gatur.
2624 5457 2773 5524 Quos
2804 5457 2952 5511 enim
3009 5455 3241 5510 multum
3291 5459 3777 5528 reveremur,__aut
3804 5450 3990 5528 diligi-

2417 5520 2561 5594 inus,
2593 5520 2688 5583 aut
2716 5529 2910 5602 saltem
2941 5527 3174 5581 multum
3209 5525 3446 5602 revereri
3481 5539 3542 5578 ac
3573 5520 3990 5602 diligere'debe-

2415 5590 2558 5672 mus,
2588 5615 2683 5653 eos
2717 5599 3133 5672 _etiam_parum
3184 5599 3426 5672 otfensos
3456 5635 3470 5658 ,
3527 5595 3684 5672 quasi
3745 5590 3991 5672 indignis

2411 5671 2591 5725 modis
2624 5670 2856 5726 violatos
2886 5660 3157 5733 dolemus,
3207 5677 3374 5738 atque
3414 5660 3724 5720 irascimur.
3772 5660 3887 5718 Nec
3928 5660 3991 5717 id

2414 5740 2712 5796 immerito.
