4250 6440
246 438 344 500 19⁸1

1439 435 1482 491 Η
1501 431 1715 492 ISTOR
1733 432 1978 495 lARUM
2032 435 2098 490 l.l
2119 433 2256 490 Bl'lli
2313 432 2354 490 Ι.

3398 438 3500 502 198

243 551 405 618 ’,σίναν
436 548 744 616 Θεοδὼραν,
788 547 888 618 τὴν
920 546 1085 602 αὐτοῦ
1141 549 1240 617 μὲν
1285 546 1460 607 θείαν,
1496 549 1707 615 μητέρα
1758 547 1814 598 δὲ
1849 553 1892 606 Α

1849 553 1892 606 Α
1924 563 2017 596 ςιιςι
2047 548 2266 612 quidem
2293 556 2541 614 cognala,
2563 546 2739 615 magni
2771 555 2955 598 autem
2983 547 3266 602 domestici
3297 557 3493 610 matre,

240 642 338 698 τοῦ
380 643 622 712 μεγάλου
670 641 996 710 δομεστίκου
1029 642 1154 694 ἀντὶ
1189 642 1436 708 φρουρᾶς
1463 641 1679 708 ἁπάσης
1722 657 1790 694 κα

240 738 490 792 ταλιπὼν
539 732 628 806 (ἦν
661 735 769 805 γὰρ
807 734 871 804 δὴ
924 734 1020 787 καὶ
1072 735 1212 803 πρὸς
1246 733 1522 800 διοίκησιν
1555 732 1818 802 ἔμπειρος

241 825 545 881 ⁶πολιτικῶν
575 823 944 895 πραγμάτων,
989 823 1082 876 καὶ
1124 823 1448 893 φρονήσεως
1502 823 1820 892 ἐῤῥωμενε-

245 920 451 992 σιέρας
477 919 511 988 ἦ
542 919 684 972 κατὰ
712 919 878 986 φύσιν
905 915 1228 985 γυναικείαν
1252 914 1537 984 τυχοῦσα),
1563 917 1659 967 καὶ
1688 918 1822 968 πᾶσι

242 1016 359 1076 τοῖς
420 1013 631 1064 πόλεων
668 993 898 1080 ἄρχουσι
933 1013 1028 1062 καὶ
1059 1008 1362 1075 διοικηταῖς
1399 1007 1508 1058 τῶν
1559 1005 1823 1074 πραγμα-

243 1124 356 1158 των
386 1106 524 1175 αὐτῇ
565 1103 856 1156 πείθεσθαι
891 1103 998 1154 πᾶν
1025 1103 1108 1153 δτι
1155 1100 1220 1152 ἂν
1249 1098 1448 1169 κελεύῃ
1485 1085 1823 1168 προστάξας,

247 1196 346 1249 καὶ
375 1195 484 1247 τῶν
515 1193 643 1264 περὶ
701 1191 884 1245 αὐτῶν
923 1191 1226 1260 φροντίδων
1283 1187 1568 1252 ἀπολύσας
1600 1187 1821 1253 ἑαυτὸν,

244 1289 375 1340 ἐπεὶ
435 1288 529 1339 καὶ
562 1287 595 1354 ἡ
634 1283 867 1355 στρατιὰ
911 1283 1157 1352 ἡμέραις
1207 1280 1354 1332 ὀκτὼ
1405 1281 1825 1348 παρεσκεύαστο

248 1371 327 1433 ὧν
353 1379 548 1440 ἐδεῖτο,
584 1376 723 1443 ἄρας
755 1377 987 1439 ἐκεῖθεν,
1030 1370 1196 1444 ἦλθεν
1235 1374 1365 1443 ἄχρι
1405 1369 1819 1441 Τζουρουλόης·

248 1469 864 1538 στρατοπέδευσάμενος
900 1467 947 1519 δ’
977 1467 1114 1528 ἐκεῖ,
1148 1465 1366 1535 ἔμεινεν
1396 1461 1610 1544 ἡμέρας
1641 1462 1822 1524 τιναςο

244 1563 414 1613 τοῦςτο
445 1562 546 1629 μὲν
581 1562 663 1613 δτι
697 1561 792 1612 καὶ
820 1559 1028 1629 χειμὼν
1058 1558 1299 1624 ἐξαίσιος
1334 1559 1629 1624 ἐπεγένετο
1678 1554 1828 1621 (ἐπεὶ

251 1655 664 1722 καὶ.χειμῶνος
705 1648 774 1722 ἦν
802 1652 943 1723 ὥρα,
971 1653 1112 1704 κατὰ
1153 1651 1302 1720 μῆνα
1347 1649 1458 1719 γὰρ
1485 1652 1829 1718 ἐστρατοπε-

245 1745 468 1798 δεύοντο
497 1746 882 1815 Δεκέμϐριον),
923 1745 1085 1799 τοῦτο
1117 1744 1162 1797 δ’
1193 1745 1278 1798 ἵνα
1300 1746 1396 1796 καὶ
1421 1741 1482 1796 τὸ
1516 1742 1702 1796 λεῖπον
1733 1740 1829 1808 τῆς

250 1841 511 1906 στρατιᾶς
563 1838 862 1908 ἀθροισθῇο
911 1837 976 1890 τὸ
1023 1837 1071 1890 δ’
1104 1836 1193 1889 ἔτ(
1234 1820 1824 1902 τούτωνἈίτιώτερον,

245 1931 332 1983 δτι
356 1931 454 1998 τῆς
496 1930 642 1982 κατὰ
671 1930 892 1999 Θρᾴκην
941 1927 1260 1997 Ἡρακλείας
1280 1927 1372 1980 τοῦ
1405 1927 1528 1980 νέου
1560 1925 1824 1997 βασιλέως

249 2023 389 2092 πρὸς
419 2023 509 2073 τὸν
544 2021 921 2089 πρεσϐύτερον
945 2021 1280 2087 ἀποστάσης,
1309 2019 1340 2071 ὁ
1367 2017 1703 2089 Συργιάννης
1723 2018 1822 2088 τὴν

249 2111 623 2180 Βυζαντίηθεν
685 2112 948 2182 στρατιὰν
1011 2110 1372 2181 παραλαϐὼν,
1427 2110 1716 2181 ἐνήδρευεν
1765 2110 1824 2161 ἐν

247 2205 413 2272 αὐτῇ.
443 2203 659 2268 Ἐδοξεν
683 2201 775 2258 οὖν
799 2203 970 2271 αὐτῆς
999 2203 1218 2272 πρῶτον
1262 2204 1652 2271 ἀποπειρᾶσαι.
1683 2202 1826 2272 Χρό-

249 2312 344 2347 ντιυ
376 2295 433 2348 δὲ
465 2295 629 2348 αὑτοῦ
670 2313 814 2358 τινος
847 2296 1193 2366 τριϐομένου,
1237 2295 1386 2361 ἔδοξε
1432 2297 1545 2357 τοϊς
1589 2297 1646 2347 έν
1678 2294 1824 2347 τέλει

251 2389 391 2440 πᾶσι
443 2388 538 2440 καὶ
587 2391 699 2450 τοῖς
750 2389 983 2458 ἡγεμόσι
1024 2389 1122 2456 τῆς
1175 2389 1434 2455 στρατιᾶς
1490 2387 1822 2453 συνελθοῦσι,

256 2479 560 2548 πρεσϐείαν
592 2481 666 2544 ὠς
701 2479 926 2550 βασιλέα
972 2480 1063 2532 τὸν
1107 2479 1479 2550 πρεσϐύτερον
1505 2480 1824 2532 ἀποστεῖλαι

253 2575 653 2644 ἐξαιτήσουσαν
684 2575 1007 2645 εἰρήνην.Ὃ
1038 2573 1132 2628 καὶ
1160 2572 1254 2626 τοῦ
1281 2573 1403 2626 νέου
1427 2572 1690 2644 βασιλέως
1726 2590 1829 2624 πυ·

256 2667 510 2736 θομένου,
553 2668 674 2720 ἐπεὶ
735 2669 876 2720 κατὰ
928 2666 1156 2736 γνώμην
1211 2665 1359 2735 αὐτῷ
1409 2659 1498 2736 ἦν,
1547 2665 1830 2732 πέμπουσί

255 2774 381 2810 τινα
407 2757 516 2809 τῶν
547 2757 646 2825 τῆς
680 2758 941 2822 στρατιᾶς
972 2755 1384 2823 Καλοχαιρέτην
1415 2752 1830 2823 ὠνομασμένον,

256 2847 324 2900 τὰ
350 2849 654 2917 γράμματα
695 2846 1102 2916 ἐγχειρίσαντες
1151 2846 1297 2914 (ἐπεὶ
1361 2846 1449 2899 διὰ
1485 2845 1832 2915 γραμμάτων

254 2933 325 3007 ἦν
364 2940 398 3006 ἡ
435 2937 741 3005 πρεσϐεία’
787 2937 948 2998 αὐτὸς
983 2936 1038 2989 δὲ
1077 2936 1240 3006 μόνον
1272 2935 1624 3003 διακομιστοῦ
1679 2936 1831 3001 τάξιν

256 3032 527 3100 ἐπεῖχεν).
571 3029 792 3099 Ἐδήλου
816 3027 872 3080 δὲ
898 3029 965 3080 τὰ
992 3028 1297 3097 γράμματα
1325 3027 1551 3099 τοιαῦτα
1576 3042 1591 3056 '
1630 3028 1837 3096 Κράτι-

260 3139 352 3174 στε
382 3121 623 3190 βασιλεῦ,
656 3123 814 3190 ἡμεῖς
845 3119 1049 3173 ἄνωθεν
1087 3121 1151 3171 ἐκ
1184 3118 1465 3188 προγόνων
1494 3117 1646 3180 ὄντες
1700 3119 1835 3170 ’νω-

1930 640 2253 690 locoomms
2294 637 2537 704 przcsidii
2585 654 2648 690 ac
2675 639 2858 692 tulcl;e
2891 639 3118 692 relictis.
3164 637 3295 691 Erat
3328 639 3501 708 siqui«

1926 728 2048 781 dem
2086 738 2256 788 perita
2304 729 2660 797 Pala-nlogina
2694 730 3067 797 gubernanda:
3101 730 3416 798 reipublica:
3444 741 3501 784 et

1925 820 2187 873 solidiore
2214 816 2526 887 prudentia,
2554 836 2715 888 quam
2747 821 2907 874 cadat
2931 821 2983 872 in
3015 833 3264 872 naturam
3301 820 3501 872 mulie-

1925 911 2100 965 brem.
2154 913 2283 978 Ejus
2346 913 2618 964 mandatis
2665 913 2939 972 omnibus,
2975 923 3027 963 et
3076 910 3294 963 urbium
3335 910 3503 978 magi-

1926 1012 2138 1058 stratus
2166 1020 2380 1067 mrtnes,
2414 1017 2468 1058 et
2499 1019 2683 1057 rerum
2735 1004 3211 1056 administratores
3239 1010 3503 1070 parerent

1926 1110 2050 1149 cum
2090 1095 2376 1160 edixisset,
2414 1106 2470 1148 et
2506 1113 2565 1149 se
2595 1098 2746 1150 curis
2795 1105 3170 1156 exonerasset.
3205 1105 3503 1164 praeterea-

1927 1203 2033 1258 que
2065 1190 2341 1242 exercitus
2374 1204 2470 1256 per
2505 1191 2811 1253 octiduum,
2873 1189 2950 1242 uti
2983 1199 3288 1258 rogaverat,
3323 1203 3382 1242 se
3417 1188 3503 1240 in-

1929 1279 2560 1346 struxissel,Tzurulum
2587 1282 2712 1335 inde
2744 1283 3037 1350 profectus,
3069 1292 3248 1334 castra
3277 1279 3424 1344 fecit,
3451 1289 3509 1334 et

1930 1373 2048 1426 dies
2087 1374 2298 1443 aliquot
2350 1374 2427 1428 ibi
2466 1375 2672 1429 mansit
2708 1394 2718 1422 τ
2765 1375 2926 1447 simul
2963 1383 3184 1442 propter
3241 1373 3505 1442 frigorum

1929 1464 2287 1519 acerbitatem
2345 1465 2547 1525 (ltieins
2566 1481 2724 1533 enim
2772 1475 2912 1525 erat,
2949 1476 3004 1519 et
3038 1466 3242 1518 mensis
3277 1465 3503 1517 Decem-

1929 1555 2070 1624 ber),
2103 1539 2266 1612 simul
2301 1565 2360 1610 ut
2379 1571 2433 1611 et
2459 1568 2654 1612 caatera
2692 1573 2816 1626 pars
2841 1557 3118 1611 exercitus
3139 1559 3343 1608 interea
3373 1570 3505 1607 con-

1928 1647 2178 1702 veniret:
2205 1648 2467 1718 quodque
2502 1651 2726 1720 majoris
2759 1651 2947 1716 utique
2981 1649 3237 1700 momenti
3275 1657 3416 1709 erat,
3444 1658 3504 1697 ιιι

1928 1739 2056 1810 quia
2089 1739 2348 1796 Heraclea
2384 1741 2628 1796 Thracia:
2654 1743 2846 1795 civitas
2888 1742 2993 1795 fide
3024 1751 3178 1810 rupta
3221 1742 3286 1794 ad
3316 1741 3501 1794 senio-

1931 1847 2045 1885 rem
2081 1829 2395 1896 defecisset,
2419 1844 2472 1885 et
2521 1832 2853 1904 Syrgiannes
2883 1847 3008 1885 cum
3037 1833 3218 1900 copiis
3246 1832 3506 1901 Byzantio

1927 1925 2170 1993 acceptis
2189 1941 2309 1979 eam
2334 1925 2625 1988 insideret,
2645 1926 2764 1996 ejus
2781 1925 3171 1994 recuperanda?
3201 1923 3508 1992 periculum

1926 2015 2083 2084 prius
2111 2015 2291 2070 ﬁeret.
2310 2015 2581 2070 Nonnullo
2600 2026 2846 2086 tempore
2863 2017 2973 2069 illic
2996 2025 3341 2085 consumpto,
3367 2018 3505 2084 opti-

1927 2119 2104 2163 mates
2167 2124 2230 2162 ac
2259 2109 2427 2163 duces
2454 2113 2649 2164 omnes
2670 2119 2951 2174 coeuntes,
2973 2110 3297 2179 legationem
3324 2110 3390 2163 ad
3417 2126 3505 2162 se-

1928 2200 2136 2254 niorem
2184 2200 2253 2254 de
2284 2216 2416 2270 pace
2459 2199 2847 2254 decreverunt.
2883 2201 2960 2254 Re
3005 2200 3245 2271 cognita,
3280 2208 3403 2253 eum
3451 2210 3510 2252 et

1927 2307 2098 2362 nepos
2121 2307 2187 2346 eo
2215 2292 2604 2361 propenderet,
2649 2293 2957 2362 gregarium
3002 2293 3316 2362 quemdam,
3351 2291 3510 2346 Calo-

1927 2385 2200 2439 clta-reten
2252 2385 2490 2449 nomine,
2521 2401 2646 2440 cum
2688 2387 2890 2441 litteris
2939 2387 3166 2438 mittunt
3197 2403 3209 2438 :
3238 2400 3337 2454 per
3363 2386 3507 2439 litte-

1929 2493 2018 2532 ras
2043 2477 2190 2532 enim
2224 2479 2422 2547 legatio
2467 2478 2881 2543 conficiebatur,
2916 2479 3031 2549 ipse
3084 2479 3350 2534 tabellarii
3392 2487 3508 2533 tan-

1933 2569 2216 2622 tummodo
2257 2571 2436 2626 locum
2476 2574 2714 2624 tenebat.
2767 2571 2964 2624 Earum
3027 2571 3335 2625 litterarum
3395 2573 3511 2626 lucc

1935 2661 2036 2715 fuit
2065 2663 2338 2716 sententia
2368 2679 2381 2716 :
2420 2662 2554 2723 Nos,
2585 2664 2886 2732 imperator
2919 2663 3147 2732 optime.
3181 2665 3308 2718 inde
3337 2679 3511 2732 usque

1934 2771 1963 2809 a
2019 2757 2323 2825 majoribus
2366 2756 2600 2811 Romani
2655 2767 2712 2810 et
2760 2756 3073 2811 felicitatem
3143 2756 3513 2811 Romanorum

1936 2845 2252 2899 beatitatem
2288 2859 2555 2914 nostram,
2615 2857 2673 2903 et.
2720 2849 2999 2903 miseriam
3057 2847 3378 2902 eorumdem
3426 2849 3515 2902 in—

1946 2935 2258 2991 fortunium
2347 2949 2598 2992 nostrum
2645 2954 2789 2995 esse
2849 2939 3170 3008 opinamur.-
3231 2940 3512 3005 Quamob-

1920 3044 2052 3103 ‘rem
2096 3045 2194 3083 vos
2247 3030 2610 3098 imperatores
2642 3040 2860 3084 nostros
2931 3047 3040 3085 non
3073 3040 3134 3085 ut
3182 3031 3369 3087 hostes
3397 3034 3514 3087 dis-

1939 3121 2189 3186 cordare,
2241 3123 2336 3176 sed
2390 3134 2446 3177 nt
2493 3125 2701 3178 amicos
2746 3124 3084 3179 concordare
3146 3126 3515 3196 maximopere

262 3217 437 3282 μαίοι.
489 3214 578 3266 καὶ
611 3214 707 3283 τὴν
771 3213 1079 3279 εὐπραγίαν
1113 3210 1220 3263 τῶν
1281 3209 1574 3280 Ῥωμαίων
1627 3211 1834 3263 οἰκείαν
1862 3230 1902 3285 C
1937 3240 1940 3259 ι

1833 3232 1834 3241 ι
1862 3230 1902 3285 C
1937 3214 2190 3282 cupimus
2220 3230 2384 3270 :vere
2408 3216 2730 3286 cogitantes,
2772 3218 3124 3272 concordiam
3153 3229 3390 3274 vestram
3427 3221 3511 3274 in-

259 3305 559 3376 νομίζομεν
587 3305 958 3375 εὐδαιμονίαν,
984 3303 1078 3356 καὶ
1110 3303 1209 3374 τὴν
1237 3301 1621 3370 κακοπραγίαν
1650 3301 1830 3354 (beati-

259 3418 367 3462 τως
395 3404 452 3451 ὲν
481 3400 585 3468 ἰδίᾳ
615 3398 879 3468 τιθέμεθα
907 3397 1165 3466 δυστυχία
1191 3411 1203 3424 ⁸
1236 3392 1296 3449 οὐ
1328 3396 1391 3463 δὴ
1411 3395 1573 3448 ἓνεκα
1595 3389 1836 3458 καὶτοὺς

261 3492 519 3558 βασιλέας
582 3489 737 3560 ἡμῶν
795 3489 939 3557 ὑμᾶς
984 3488 1190 3541 εὐνοεῖν
1251 3487 1523 3556 ἀλλήλοις,
1566 3488 1702 3540 ἀλλὰ
1762 3488 1835 3556 μὴ

259 3583 557 3651 πολεμίους
590 3579 751 3644 εἶναι,
811 3579 1115 3650 ποιούμεθα
1185 3579 1314 3649 περὶ
1380 3578 1656 3640 πλείστου,
1699 3580 1836 3646 ὅπερ

261 3680 414 3729 ἐστὶν
447 3674 644 3742 ἀληθὲς
678 3672 1009 3735 ἐννοοῦντες,
1040 3672 1114 3735 ὡς
1143 3671 1296 3739 ὑμῶν
1343 3670 1444 3739 μὲν
1469 3671 1659 3739 φιλίως
1698 3674 1830 3739 πρὸς

263 3769 527 3838 ἁλὶήλους
553 3768 937 3837 διακειμένων,
972 3765 1065 3816 καὶ
1109 3764 1178 3815 τὰ
1211 3764 1311 3830 τῆς
1352 3763 1526 3832 ἀρχῆς
1557 3763 1832 3826 αὐξὲνειν,

262 3864 296 3932 ἦ
324 3864 451 3930 τόγε
480 3858 732 3927 δεύτερον
766 3859 841 3927 μὴ
867 3854 1228 3910 ἐλασσοῦσθαι
1260 3855 1404 3916 εἰκός
1429 3873 1442 3883 ·
1476 3854 1748 3919 πολεμίων
1778 3856 1836 3907 δὲ

259 3954 516 4022 ἀλληλοις
543 3953 735 4014 ὅντων,
779 3951 844 4002 οὐ
884 3950 1043 4016 μόνον
1089 3947 1192 3999 ὑπὸ
1231 3963 1340 3998 των
1374 3947 1680 4016 προσοίκων
1708 3947 1840 4016 βαρ-

262 4052 472 4117 ϐαρων,
521 4047 654 4099 ἀλλὰ
710 4047 803 4098 καὶ
854 4043 942 4112 ὐφ’
1001 4042 1154 4112 ὐμῶν
1213 4040 1392 4093 αὐτῶν
1438 4041 1534 4109 τὴν
1567 4040 1839 4109 ὑμετέραν

247 4140 564 4210 -ἡγεμονίαν
597 4115 1089 4207 καταλυθήσεσθαι.
1127 4134 1238 4202 Πρὸ
1270 4132 1465 4204 χρόνου
1503 4137 1601 4202 μὲν
1633 4128 1726 4184 οὖν
1756 4149 1837 4184 τι-

259 4253 348 4293 νος
372 4233 471 4300 τῆς
497 4232 761 4299 διαφορᾶς
793 4226 1129 4296 κινηθείσης,
1166 4228 1259 4278 καὶ
1285 4226 1378 4277 τοῦ
1422 4227 1546 4277 νέου
1574 4224 1839 4292 βασιλέως

261 4321 798 4390 ἐπιστρατεύσαντός
845 4334 946 4380 σοι,
978 4316 1094 4387 ἅμα
1149 4333 1208 4368 τε
1258 4315 1537 4384 ἐμνήσθης
1595 4317 1838 4382 εἰρήνης,

260 4417 360 4466 καὶ
417 4415 444 4464 ὁ
483 4413 573 4473 σὸς
630 4411 873 4478 ἔγγονος,
930 4408 1118 4476 ὥσπερ
1160 4408 1226 4461 ἂν
1282 4407 1443 4468 αὐτὸς
1480 4405 1558 4457 ὢν
1594 4409 1620 4459 ὁ
1660 4407 1840 4458 αὐτῶν

261 4506 468 4574 (καίτοι
499 4503 671 4556 δοκῶν
712 4504 770 4554 ὲν
797 4502 874 4571 τῷ
928 4500 1153 4568 πολέμῳ
1211 4498 1604 4565 πλεονεκτεῖν),
1647 4515 1840 4558 προτε-

259 4596 454 4659 δέξατο
483 4595 755 4664 ἁσμένως,
789 4593 883 4645 καὶ
929 4591 1202 4643 διελέλυτο
1251 4591 1434 4653 εὐθὺς,
1465 4589 1652 4660 ὥσπερ
1689 4587 1754 4642 ἂν
1789 4592 1836 4642 εἰ

263 4689 404 4756 μηδὲ
432 4686 531 4756 τὴν
582 4686 756 4756 ἀρχὴν
807 4686 836 4734 ὁ
881 4683 1114 4750 πόλεμος
1155 4685 1387 4749 συνέστη
1410 4695 1422 4709 ⁸
1452 4679 1482 4734 δ
1527 4680 1592 4750 δὴ
1621 4682 1750 4750 ὑμῖν
1780 4697 1840 4733 τε

263 4781 360 4833 καὶ
397 4777 477 4846 τῷ
507 4777 660 4846 ὐμῶν
691 4775 916 4845 ὑπηκόῳ
943 4776 1104 4828 παντὶ
1129 4773 1322 4843 ἡδονῆς
1358 4773 1532 4825 αἴτιον
1554 4774 1650 4826 καὶ
1679 4772 1836 4825 εὐθυ-

264 4871 397 4940 μίας
445 4870 709 4936 κατέστη,
742 4867 998 4934 εὐτυχίας
1037 4867 1150 4928 τοῖς
1198 4865 1500 4934 Ῥωμαίοις
1533 4867 1706 4936 ἀρχὴν
1739 4867 1839 4932 τὴν

262 4965 481 5032 ἡμέραν
517 4960 729 5029 ἐκείνην
789 4956 1187 5026 λογισαμένοις.
1221 4957 1359 5008 Νυνὶ
1415 4956 1474 5008 δὲ
1507 4957 1737 5026 ὁρῶντές
1778 4976 1836 5012 σε

261 5056 356 5106 τὸν
389 5053 591 5123 μᾶλλον
619 5052 748 5104 δντα
775 5050 981 5103 δίκαιον
1011 5048 1066 5102 εἴ
1096 5065 1149 5101 τι
1211 5049 1307 5102 καὶ
1341 5051 1627 5120 προπετῶς
1689 5054 1838 5120 παρὰ

260 5146 359 5198 τοῦ
395 5146 622 5213 ὲγγὸνου
663 5147 756 5194 τοῦ
787 5141 880 5194 σοῦ
907 5141 1229 5210 ἐπράττετο,
1266 5135 1354 5192 οἷα
1381 5143 1527 5205 νέου,
1565 5143 1656 5194 τὸν
1679 5144 1840 5195 πολε-

267 5256 370 5306 μον
400 5235 806 5298 καταστέλλειν,
829 5234 888 5297 ἐξ
921 5232 1178 5301 οὐδεμιᾶς
1208 5232 1386 5292 αίτίας
1415 5234 1721 5302 προφανοῦς
1742 5235 1840 5298 τάς

263 5345 326 5380 τε
363 5325 596 5386 σπονδὰς
622 5322 887 5376 λελυκότα
920 5324 1013 5376 καὶ
1044 5321 1380 5391 πολεμοῦντα
1417 5324 1686 5394 φανερῶς,
1713 5325 1843 5378 ἀθυ-

269 5419 484 5488 μοῦμέν
515 5435 596 5481 τε,
656 5418 937 5479 ὼς⁶είκὸς,
973 5417 1068 5468 καὶ
1119 5417 1417 5486 συμφορῶν
1453 5415 1627 5486 ἀρχὴν
1674 5417 1839 5488 ἡγού-

270 5512 412 5580 μεθα
436 5509 534 5580 τὴν
574 5511 728 5562 λύσιν
761 5507 869 5560 τῶν
899 5507 1158 5560 σπονδῶν.
1193 5502 1269 5571 (ὶῦ
1297 5509 1362 5577 δὴ
1388 5508 1553 5561 ἕνεκα
1588 5511 1681 5562 καὶ
1706 5485 1838 5563 ’δεό-

1869 4559 1920 4618 D

1939 3317 2305 3371 crementum,
2354 3319 2450 3362 aut
2483 3319 2654 3371 certe,
2706 3320 2764 3363 ut
2795 3310 3093 3364 verisimile
3145 3319 3250 3376 est,
3301 3312 3511 3367 nullum

1936 3399 2180 3469 ejusdem
2203 3401 2590 3454 detrimentum
2609 3417 2729 3456 esse
2753 3415 2972 3456 :contra
2994 3403 3298 3457 inimicitiis
3317 3405 3515 3458 vestris

1919 3506 2044 3545 «non
2069 3493 2232 3546 modo
2250 3507 2279 3546 a
2303 3493 2552 3547 barbaris
2575 3494 2846 3557 ﬁnitimis,
2869 3511 3056 3549 verum
3083 3496 3248 3549 etiam
3275 3513 3302 3549 a
3328 3495 3518 3551 vobis-

1939 3581 2073 3651 ipsis
2105 3585 2470 3653 principatum
2505 3595 2746 3638 vestrum
2773 3587 3118 3640 destructum
3146 3596 3310 3656 atque
3356 3603 3516 3642 ever—

1936 3689 2057 3727 sum
2087 3673 2175 3728 iri.
2228 3675 2340 3744 80
2371 3675 2668 3745 Aliquanto
2697 3676 2863 3745 igitur
2897 3678 3128 3730 antehac
3153 3678 3375 3731 suborta
3407 3679 3517 3732 dis-

1937 3765 2215 3828 scansione,
2250 3774 2306 3818 et
2343 3776 2537 3834 nepote
2564 3771 2616 3820 in
2649 3775 2699 3820 te
2727 3783 2878 3820 arma
2903 3768 3183 3831 moliente,
3232 3784 3354 3823 cum
3407 3771 3517 3839 pri-

1939 3871 2088 3908 mum
2138 3860 2288 3924 pacis
2321 3859 2657 3911 mentionem
2704 3858 2903 3924 fecisti,
2941 3860 3085 3913 illico
3114 3863 3181 3925 is,
3210 3876 3316 3914 non
3355 3877 3516 3916 secus

1939 3964 2105 4017 quam
2141 3951 2184 4002 si
2208 3951 2322 4018 ipse
2349 3967 2538 4019 pacem
2564 3961 2796 4021 peteret,
2827 3954 3078 4021 quamvis
3108 3969 3386 4007 armorum
3415 3971 3516 4024 po-

1947 4040 2117 4092 tentia
2144 4042 2525 4107 antecelleret,
2579 4044 2832 4111 petitioni
2866 4044 3102 4098 libenter
3135 4044 3311 4098 locum
3341 4045 3515 4105 dedit,

1944 4133 2334 4187 reconciliatus
2383 4143 2466 4187 est
2509 4137 2693 4188 statim
2741 4151 2804 4190 ac
2851 4137 2894 4189 si
2951 4136 3154 4190 bellum
3209 4135 3508 4190 conﬂatum

1940 4239 2170 4291 prorsus
2204 4241 2484 4294 nunquam
2519 4227 2713 4281 fuisset
2762 4245 2776 4282 :
2829 4229 2880 4282 id
2917 4230 3062 4297 quod
3093 4229 3274 4294 nobis,
3303 4239 3516 4283 vestro-

1940 4334 2046 4386 que
2086 4319 2317 4386 imperio
2359 4321 2634 4376 contentis
2664 4323 2944 4384 omnibus,
3008 4322 3154 4375 diem
3201 4322 3356 4374 illum
3404 4323 3512 4375 lto-

1944 4421 2116 4464 mana:
2151 4412 2396 4466 felicitati
2445 4414 2940 4482 auspicatissimum
2973 4413 3363 4482 reputantibus
3402 4414 3515 4466 sin-

1944 4501 2116 4570 gulari
2142 4501 2343 4556 laetitiae
2372 4502 2494 4555 fuit.
2522 4503 2588 4556 At
2612 4518 2776 4566 nunc,
2797 4517 2922 4556 cum
2944 4502 3228 4556 videamus
3251 4511 3321 4565 te,
3349 4517 3514 4569 quem

1947 4609 2162 4662 acquum
2197 4602 2334 4658 erat,
2368 4593 2413 4647 si
2471 4594 2606 4662 quid
2637 4596 2802 4647 etiam
2842 4607 3041 4648 temere
3075 4601 3239 4660 atque
3279 4580 3519 4645 inconsi-

1948 4683 2136 4736 derate
2165 4699 2194 4736 a
2229 4691 2426 4750 nepote
2459 4683 2531 4737 ob
2565 4683 2836 4738 fervorem
2867 4682 3045 4736 anatis
3067 4689 3368 4751 gereretur,
3403 4681 3519 4734 bel-

1947 4777 2058 4830 lum
2083 4777 2298 4840 sedare,
2328 4777 2476 4830 nulla
2491 4777 2558 4831 de
2581 4791 2743 4832 causa
2764 4776 3072 4838 manifesta,
3099 4774 3269 4827 fracto
3287 4771 3515 4830 foedere.

1943 4867 2150 4921 bellum
2191 4869 2471 4938 propalam
2505 4870 2730 4935 inferre,
2771 4869 2977 4934 animo,
3019 4876 3079 4920 ut
3112 4881 3208 4936 par
3241 4874 3346 4925 est,
3386 4877 3519 4916 con-

1944 4959 2200 5025 cidimus,
2237 4968 2293 5015 et
2322 4962 2671 5039 violationem
2705 4964 2861 5015 istam
2887 4959 3111 5013 foederis
3140 4956 3516 5012 calamitatum

1928 5052 2237 5108 .exordium
2285 5053 2403 5107 fore
2439 5053 2794 5106 arbitramur.
2831 5052 2962 5118 Qua:
3003 5067 3128 5104 cum
3166 5059 3234 5102 ita
3269 5049 3402 5110 sint,
3443 5059 3516 5110 te,

1950 5145 2266 5212 imperator,
2305 5161 2401 5213 per
2426 5145 2576 5198 illum
2621 5146 2800 5215 ipsum
2847 5145 3289 5213 juramentorum
3324 5139 3516 5208 praesi-

1949 5237 2095 5300 dem,
2128 5239 2219 5306 qui
2249 5247 2329 5292 est
2383 5247 2439 5292 et
2483 5238 2682 5292 dicitur
2735 5239 2877 5291 Deus
2913 5235 3085 5304 pacis,
3134 5233 3509 5294 obsecramus,

1949 5330 2028 5383 uti
2060 5345 2209 5383 arma
2243 5330 2507 5400 deponas,
2548 5346 2685 5385 neve
2711 5331 2989 5399 subjectos
3017 5325 3249 5396 p0pulos
3289 5330 3520 5390 propter

1949 5422 2280 5476 discordiam
2308 5435 2542 5478 vestram
2573 5423 2728 5476 malis
2751 5419 3047 5476 teterrimis
3065 5416 3250 5485 aﬂligi,
3281 5413 3512 5482 patiare.

1951 5513 2008 5567 Si
2057 5523 2114 5568 tu
2166 5515 2328 5569 nobis
2379 5515 2784 5579 obsecundans,
2817 5515 2958 5570 bello
2999 5510 3291 5580 repudiato
3322 5521 3526 5576 pacem»

1539 5627 1752 5686 Jacobi
1782 5630 2048 5690 Pontan-i
2075 5641 2261 5692 notas.

341 5728 457 5796 (73)
503 5727 679 5780 Etiam
715 5727 854 5795 banc
887 5726 1040 5779 θείαν
1070 5729 1308 5793 iunioris
1345 5729 1598 5796 appellat.
1628 5746 1748 5798 qnzc
1780 5748 1845 5784 cx

274 5797 380 5848 filia
418 5800 625 5852 sororis
677 5797 956 5850 Michaelis
1003 5799 1162 5864 primi
1217 5799 1497 5866 Palmitiogi
1544 5797 1668 5853 nata
1721 5805 1840 5852 init.

276 5867 365 5918 [tat
403 5878 584 5918 autem
639 5870 808 5920 nihilo
847 5871 1025 5920 minus
1076 5869 1294 5920 feminis
1347 5869 1714 5941 Paltologum
1754 5895 1840 5919 μμ-

1949 5751 2096 5855 men,I
2155 5737 2380 5855 Ιξιοηθγίἡ
2435 5753 2617 5792 causa.
2677 5739 2886 5792 tau-tsi
2939 5749 3122 5806 patres
3186 5736 3520 5806 Palmologos

1950 5823 2054 5854 l-Ill
2104 5824 2148 5855 HI
2178 5821 2374 5855 meum

1950 5823 2054 5854 ι-ιιι
2086 5821 2374 5859 Italtltt‘rtn!
