4250 6440
757 410 864 471 ριδ
1959 413 2282 474 JOANNIS
2317 411 2838 474 CANTACUZENI
2891 496 2896 501 ε
3903 415 4008 479 216

757 515 906 586 digni
943 517 1250 570 videamur.
1292 517 1508 572 Etenim
1557 517 1704 586 quod
1745 534 1925 586 neque
1956 530 2066 573 tam
2105 533 2322 589 magna.
2356 527 2398 577 Α
2430 521 2435 565 ί

2318 560 2322 574 ,
2356 527 2398 577 Α
2430 517 2654 586 ἔμειναν
2681 518 2872 584 όλίγοι,
2903 516 3011 570 τῶν
3044 517 3306 571 πλειόνων
3339 520 3680 572 ἀπελθόντων
3709 537 3721 548 ο
3755 523 3801 572 οἱ
3840 521 3996 584 πεζοὶ

755 618 812 659 et
859 616 1048 660 nostro
1101 607 1256 662 Marti
1301 608 1635 664 conferenda
1680 623 1882 664 manus
1921 610 2092 676 intus,
2142 625 2322 680 neque
2429 630 2433 652 ι

2316 631 2322 661 ι
2429 607 2484 659 δὲ
2516 607 2653 674 πλὴν
2683 607 2907 673 ὀλίγων,
2944 609 3186 672 ἅπαντες
3211 611 3416 664 εἵλοντο
3447 610 3717 664 δουλεύειν
3740 610 3815 680 τῷ
3843 612 3994 680 βασις

754 706 866 750 tam
923 699 1032 752 alta
1073 713 1138 754 ac
1179 707 1297 754 tuta
1351 702 1578 767 omnia,
1630 716 1810 772 neque
1836 701 1984 756 aliud
2017 703 2320 773 quidquam
2428 699 2432 749 ἶ

2315 724 2320 756 ι
2428 699 2531 752 λεῖ.
2574 693 2787 759 Οἷςκαί
2845 700 3040 767 μισθὸν
3073 702 3291 771 ἐτήσιον
3336 701 3541 766 τάξας,
3569 702 3836 770 ἐνέγραψε
3881 705 3993 764 τοῖς

755 789 1154 856 impedimento
1206 792 1372 846 nobis
1424 791 1547 856 fuit,
1597 809 1708 862 quo
1763 796 1948 848 minus
1998 806 2320 864 arrogantes

752 877 886 930 istos
955 888 1011 932 et
1046 889 1334 948 protervos
1386 881 1801 948 ulcisceremur,
1833 884 2060 946 nullius,
2091 884 2198 938 nisi
2239 883 2322 938 di-

751 969 864 1020 vini
925 969 1181 1024 Numinis
1231 971 1547 1026 liberalitati
1616 975 1742 1043 jure
1805 974 2159 1029 tribuendum
2209 985 2316 1032 est.

755 1061 966 1114 Rursus
997 1062 1051 1114 in
1084 1072 1191 1115 tam
1211 1063 1407 1118 infesta
1432 1065 1862 1134 oppugnatione,
1889 1075 1945 1120 et
1976 1065 2129 1120 urbis
2154 1079 2318 1119 occu-

750 1154 970 1217 patione
1009 1164 1260 1208 nostrum
1311 1170 1488 1224 neque
1535 1171 1868 1225 quemquam
1897 1163 1979 1224 (ut
2023 1169 2316 1212 consenta-

749 1259 914 1297 neum
943 1246 1082 1310 erat)
1145 1245 1434 1308 recidisse,
1485 1261 1666 1316 neque
1722 1263 1822 1317 per
1873 1249 2077 1304 caedem
2147 1249 2316 1303 ullius

743 1337 1089 1404 captivorum
1140 1338 1289 1391 civili
1342 1341 1610 1409 sanguine
1655 1341 1928 1409 pollutum
1974 1355 2118 1405 esse,
2161 1357 2316 1411 egre-

749 1427 895 1494 giam
920 1442 1048 1496 erga
1079 1442 1181 1482 nos
1231 1428 1327 1482 Dei
1359 1430 1761 1498 providentiam
1806 1447 2108 1501 curamque
2145 1432 2316 1502 signi.

746 1519 891 1572 ticat.
927 1517 1116 1587 itaque
1151 1527 1208 1573 et
1233 1534 1336 1575 nos
1357 1521 1598 1576 victores
1644 1521 1974 1577 miserorum
2003 1523 2118 1594 89
2165 1523 2314 1578 cala-

743 1609 1030 1664 mitatibus
1060 1611 1128 1664 ad
1168 1611 1605 1667 misericordiam
1639 1613 1845 1668 inflecti
1875 1624 2096 1684 oportet
2156 1617 2313 1684 (con-

742 1711 825 1754 tra
850 1699 1116 1754 Barbaros
1160 1716 1292 1756 sane
1324 1701 1472 1756 bello
1524 1703 1872 1758 internet-ino
1907 1703 2265 1774 pugnandum
2293 1721 2310 1758 :

739 1802 927 1845 contra
959 1793 1250 1862 populares
1283 1804 1466 1848 autem
1498 1810 1673 1863 usque
1697 1794 1830 1848 dum
1853 1786 2162 1866 vincas),et
2185 1810 2312 1864 pars

2427 792 2672 853 οίκέταις
2702 830 2718 854 ,
2769 791 2899 852 τοὺς
2940 792 2986 844 δ’
3037 792 3370 856 ἀπελθόντας
3445 793 3710 863 ἑφωδίασε
3771 795 3996 862 χρυσίῳ.

2439 882 2615 947 Ὁρῶν
2653 883 2708 935 δὲ
2738 885 2829 934 τὸν
2865 883 3025 937 ἄλλον
3085 884 3275 953 ὅμιλον
3315 885 3426 938 τῶν
3495 884 3734 954 Ἀπρίων
3799 885 3997 955 ἄνδρας

2425 974 2562 1042 ὁμοῦ
2617 977 2711 1026 καὶ
2742 979 3008 1040 γυναῖκας
3048 977 3144 1029 καὶ
3189 977 3388 1039 παῖδας
3433 977 3673 1045 γυμνοὺς
3719 978 3816 1030 καὶ
3863 977 3996 1028 ἀπό·

2431 1085 2556 1136 ρους
2589 1084 2650 1118 πε
2663 1069 2896 1135 ριῐόντας
2929 1069 3023 1121 καὶ
3052 1068 3482 1139 ὀλοφυρομένους
3501 1070 3598 1136 τὴν
3627 1069 3994 1137 ἀποστέρησιν

2423 1159 2530 1210 τῶν
2560 1158 2747 1231 ὄντων,
2799 1158 2927 1220 τοὺς
2953 1158 3190 1226 λογάδας
3223 1160 3320 1220 τῆς
3357 1160 3623 1227 στρατιᾶς
3657 1159 3864 1219 πάντας
3898 1157 3991 1208 καὶ

2423 1249 2547 1310 τοὺς
2587 1251 2666 1300 ὲν-
2693 1250 2834 1303 τέλει
2867 1250 3213 1316 συναγαγὼν,
3254 1251 3473 1302 Δίκαιόν
3506 1252 3675 1312 ἔστιν,
3707 1249 3832 1315 ἔφη,
3860 1247 3990 1298 πολ-

2421 1340 2534 1402 λοῖς
2561 1343 2654 1392 καὶ
2691 1341 2948 1410 μεγάλοις
2982 1343 3221 1410 σήμερον
3265 1340 3695 1411 εὐηργετηκότος
3725 1340 3871 1409 ἡμᾶς
3896 1336 3989 1389 τοῦ

2421 1435 2579 1494 Θεοῦ,
2607 1435 2698 1486 καί⁵
2722 1435 2922 1497 αὐτοὺς
2945 1433 3134 1498 ἀξίους
3163 1434 3261 1502 τῆς
3288 1432 3605 1502 εὐεργεσίας
3635 1430 3886 1500 φανῆναι.
3921 1429 3992 1480 Τὸ

2422 1526 2532 1594 γὰρ
2583 1529 2718 1598 μήτε
2759 1526 2858 1596 τὴν
2907 1525 3328 1595 ιγκαθεστῶσαν
3368 1525 3568 1591 πολλὴν
3614 1539 3672 1575 τε
3713 1523 3807 1574 καί
3845 1520 3991 1586 deus.

2425 1635 2594 1687 μαχον
2620 1617 2787 1670 οὖσαν
2815 1618 3102 1686 στρατιὰν,
3135 1617 3274 1686 μήτε
3317 1615 3418 1686 τὴν
3461 1615 3766 1683 ἀσφάλειαν
3806 1614 3903 1665 καὶ
3931 1611 3993 1662 τὸ

2421 1707 2554 1776 ὕψος
2589 1707 2699 1760 τῶν
2744 1707 2964 1777 τειχῶν,
3011 1709 3140 1776 μήτ’
3173 1705 3304 1761 ἀλλο
3353 1706 3521 1776 μηδὲν
3551 1704 3808 1775 ἐμπόδιον
3862 1704 3995 1772 ἡμῖν

2421 1797 2672 1864 γενέσθαι
2700 1798 2836 1860 πρὸς
2867 1795 2930 1850 τὸ
2961 1795 3036 1868 μὴ
3078 1798 3203 1860 τοὺς
3239 1795 3498 1856 αὐθάδεις
3533 1791 3788 1847 τουτουσὶ
3815 1808 3987 1860 τιμω-

741 1883 809 1937 de
838 1884 1018 1953 prazda
1064 1884 1300 1952 captivis
1344 1900 1374 1938 a
1426 1884 1698 1953 quolibet,
1750 1894 2013 1954 quantam
2047 1884 2309 1947 voluerit,
2349 1868 2388 1923 Β

2349 1868 2388 1923 Β
2423 1890 2690 1958 ρὶσασθαι
2743 1889 2838 1943 καὶ
2873 1889 3162 1960 ὑϐριστὰς,
3200 1889 3302 1942 οὐκ
3330 1889 3496 1942 ἄλλου
3542 1886 3688 1949 τινὸς
3717 1886 3751 1955 ἢ
3781 1883 3879 1955 τῆς
3900 1883 3993 1936 τοῦ

739 1974 1081 2029 restituenda
1123 1985 1230 2030 est.
1257 1975 1384 2029 Tria
1410 1975 1560 2030 enim
1593 1975 1732 2029 bona
1771 1977 2008 2030 maxima
2057 1977 2187 2032 biuc
2214 1992 2310 2032 vo-

739 2065 825 2120 bis
864 2067 1017 2120 lucro
1045 2080 1429 2136 apponentur:
1461 2069 1633 2123 Deum
1668 2068 1964 2138 propitium
2010 2068 2308 2136 habebitis,

737 2158 831 2225 qui
865 2159 920 2211 in
951 2157 1184 2212 aﬂlictos
1236 2168 1487 2212 navatam
1559 2158 1998 2214 misericordiam
2050 2168 2310 2229 tanquam

738 2248 842 2302 sibi
885 2249 1180 2317 przestitatn
1215 2259 1476 2318 reputat:
1516 2259 1680 2319 atque
1735 2251 1792 2305 in
1841 2250 1946 2305 hac
1992 2251 2102 2306 vita
2144 2253 2311 2321 longe

740 2341 1013 2409 pluribus,
1063 2349 1119 2395 et
1165 2343 1291 2412 post
1328 2342 1546 2397 obitum
1597 2344 1868 2412 promissa
1910 2343 2174 2400 felicitate
2222 2362 2311 2400 re-

738 2433 1185 2487 munerabimini.
1219 2433 1425 2489 Deinde
1479 2443 1722 2488 nostram
1754 2449 1979 2504 quoque
2009 2437 2307 2492 amicitiam

736 2525 1106 2591 asscquemiui
1134 2543 1148 2590 ;
1175 2525 1382 2594 quibus
1415 2525 1550 2579 nihil
1581 2534 1669 2581 est
1703 2528 2007 2596 antiquius,
2041 2543 2204 2596 quam
2233 2527 2303 2581 de

739 2613 973 2683 captivis
997 2613 1136 2668 bene
1161 2615 1384 2670 mereri.
1406 2616 1694 2670 Postremo
1715 2617 2060 2670 fortitudinis
2099 2626 2155 2671 et
2199 2633 2312 2670 nta-

737 2705 1118 2774 guanitnitatis
1159 2707 1387 2776 gloriam
1413 2706 1694 2776 vobisipsi
1721 2708 1968 2778 parietis.
1988 2709 2136 2762 Illius
2173 2725 2312 2778 quo—

737 2797 885 2849 niam
918 2798 1100 2850 liostcs
1135 2797 1452 2853 debellastis
1476 2815 1490 2854 :
1515 2799 1699 2868 huius,
1727 2801 1985 2867 quoniam
2010 2801 2312 2870 ingenuaet

734 2889 946 2943 excelsa
968 2898 1150 2943 mente
1171 2904 1278 2944 non
1302 2901 1358 2944 ut
1380 2891 1585 2958 lmstes,
1604 2893 1744 2946 male
1770 2893 2060 2955 multastis,
2082 2893 2177 2948 sed
2197 2904 2313 2947 tan-

735 2995 898 3047 quam
925 2979 1160 3041 civibus,
1182 2983 1518 3052 etcognatis,
1539 2999 1703 3052 quam
1724 2984 1902 3047 licuit,
1943 3000 2134 3038 curam
2157 2983 2312 3037 adbi-

736 3070 956 3127 buistis.
981 3071 1094 3126 ilac
1123 3072 1506 3129 cohortatione
1537 3076 1676 3131 adeo
1708 3084 1990 3146 permotus
2025 3087 2108 3130 est
2131 3077 2306 3141 miles,

2420 1985 2730 2050 κρείττονος
2759 1983 3080 2053 εὐεργεσίας
3134 1983 3200 2036 ἄν
3229 1999 3312 2046 τις
3341 1981 3612 2049 λογίζοιτο
3642 1978 3886 2038 δικαίως.
3920 1976 3993 2026 Τὸ

2417 2073 2464 2126 δ’
2494 2073 2648 2136 αὖθις
2703 2076 2761 2126 ὲν
2812 2073 2955 2126 οὕτω
2986 2075 3230 2144 καρτερᾷ
3279 2071 3606 2143 τειχομαχία
3653 2071 3746 2124 καὶ
3795 2069 3994 2121 ἁλώσει

2421 2165 2626 2224 πόλεως
2656 2164 2794 2232 μήτε
2820 2165 2852 2232 ἡ
2863 2163 2978 2232 μῶν
3001 2179 3178 2223 τινας,
3209 2163 3350 2231 ὅπερ
3375 2157 3446 2230 ἦν
3481 2159 3647 2221 εἰκὸς,
3669 2155 3981 2212 ἀποθανεῖν,

2423 2257 2560 2324 μήτε
2592 2255 2700 2308 τῶν
2731 2253 3054 2307 ἑαλωκότων
3106 2254 3541 2313 ἀποκτείναντας
3570 2247 3862 2317 ὁμοφύλοις
3903 2245 3993 2298 αἶς

2422 2363 2554 2415 μασι
2583 2346 2906 2416 χρανθῆναι,
2961 2346 3064 2412 τῆς
3101 2345 3302 2409 πολλῆς
3356 2345 3487 2412 περὶ⁸
3534 2343 3685 2412 ἡμᾶς
3735 2336 3990 2406 προνοίας

2418 2439 2514 2492 καὶ
2581 2438 2910 2508 κηδεμονίας
2965 2437 3061 2490 τοῦ
3128 2436 3288 2491 Θεοῦ.
3366 2435 3486 2504 Χρὴ
3550 2429 3838 2500 τοιγαροῦν
3894 2428 3993 2480 καὶ

2369 2516 2568 2599 ⁸ἡμᾶς
2621 2531 2959 2600 νικήσαντας
3019 2526 3438 2598 ἑπικαμφθῆναι
3505 2527 3626 2587 ταῖς
3686 2521 3995 2592 συμφοραῖς

2416 2623 2528 2676 τῶν
2575 2622 2966 2692 ἀτυχησάντων
3017 2619 3181 2690 (πρὸς
3227 2620 3327 2688 μὲν
3367 2619 3480 2686 γάρ
3525 2617 3650 2678 τοὺς
3684 2611 3991 2684 βαρϐάρους

2418 2717 2550 2785 ἄχρι
2581 2714 2781 2778 παντὸς
2813 2713 3071 2783 πολεμεῖν
3113 2712 3197 2766 δεῖ
3216 2728 3230 2742 ο
3269 2712 3407 2781 πρὸς
3431 2710 3490 2764 δὲ
3517 2709 3643 2771 τοὺς
3665 2703 3992 2775 ὁμοφύλους.

2419 2808 2545 2876 ἄχρι
2593 2804 2690 2858 τοῦ
2737 2805 3109 2874 κρείττονος),
3151 2806 3250 2858 καὶ
3301 2801 3624 2872 μεταδοῦναι
3673 2799 3905 2850 ἕκαστον
3927 2795 3992 2845 ὲκ

2417 2898 2525 2951 τῶν
2547 2897 2806 2967 λαφύρων
2835 2895 2958 2949 καθ’
2975 2897 3099 2949 ὅσον
3125 2895 3192 2950 ἂν
3224 2896 3431 2962 αίροῖτο
3455 2894 3568 2954 τοῖς
3598 2886 3990 2959 αίχμαλὼτοις.

2417 2989 2556 3058 Τρία
2619 2992 2728 3059 γὰρ
2773 2988 2843 3042 τά
2884 2989 3124 3057 μέγιστα
3162 2988 3474 3056 κερδανεῖτε
3501 3002 3514 3014 ·
3545 2984 3680 3037 Θεόν
3724 2998 3783 3032 τε
3833 2979 3993 3030 ἵλεων

2419 3083 2632 3144 ἑαυτοῖς
2688 3079 3366 3161 προπαρασκευασάμενοι
3391 3118 3407 3141 ,
3459 3076 3552 3130 τὸν
3589 3075 3669 3136 εἰς
3708 3071 3835 3132 τοὺς
3858 3069 3991 3119 ἀτυ-

736 3173 796 3215 ιιι
845 3177 1007 3217 nemo
1037 3178 1145 3218 non
1173 3163 1382 3234 aliquid
1408 3166 1475 3220 de
1499 3166 1679 3236 prmda
1703 3168 1976 3222 redderet.
2030 3166 2133 3231 Qui
2181 3182 2310 3221 vero
2342 3216 2385 3272 C

2342 3216 2385 3272 C
2419 3175 2647 3245 χοῦντας
2675 3172 2824 3226 ἔλεον
2847 3171 3240 3240 οίκειούμενον,
3274 3171 3366 3224 καὶ
3395 3173 3460 3240 τῇ
3487 3167 3542 3222 δέ
3569 3182 3627 3218 τε
3677 3161 3993 3216 πολλαπλα-

2462 3269 2472 3272 ,
2680 3267 2748 3272 -,
2841 3265 2968 3272 η--
3256 3262 3280 3272 -
3348 3263 3398 3272 -.
3521 3261 3534 3272 .

736 3255 1068 3312 benefacere
1095 3258 1395 3326 gloriosum
1445 3259 1547 3314 sibi
1572 3260 1870 3324 ducebant,
1903 3260 2182 3329 inquisitis
2209 3261 2309 3314 do-
2343 3254 2385 3272 ν

2343 3254 2385 3272 ν
2420 3269 2583 3333 σίοσι,
2607 3268 2702 3320 καὶ
2725 3265 3138 3331 ἀπαλλάξαντας
3188 3262 3284 3317 τοῦ
3345 3263 3462 3332 βίου
3518 3254 3995 3324 ἐπαγγελλόμενον

734 3348 903 3404 minis
926 3350 1194 3420 quidquid
1218 3352 1401 3422 adepti
1426 3352 1659 3407 fuissent
1681 3353 2008 3422 spoliorum,
2036 3352 2173 3408 nihil
2205 3353 2308 3408 sibi

2418 3357 2784 3428 ἀμείϐεσθαιθ
2832 3359 2927 3411 καὶ
2961 3356 3060 3427 τὴν
3099 3356 3374 3427 ἡμετέραν
3398 3353 3684 3423 εὐμένειαν
3706 3342 3994 3415 προσκτὼ-

735 3441 1054 3504 retinentes,
1089 3441 1325 3497 fideliter
1363 3446 1748 3501 restituebant.

2420 3466 2609 3516 μενοι,
2664 3449 2792 3515 περὶ
2829 3448 3088 3512 πλείστου
3145 3445 3475 3514 ποιουμένου
3523 3442 3623 3512 τὴν
3671 3432 3993 3505 εὐεργεσίαν

731 3530 842 3582 τῶν
872 3534 1235 3602 αἰχμαλώτων
1260 3553 1274 3567 ο
1314 3539 1408 3590 καὶ
1475 3540 1659 3609 τρίτον
1704 3539 1834 3609 ὑμῖν
1910 3541 2124 3604 ἑαυτοῖς
2167 3540 2388 3610 ἀνδρίας
2429 3541 2547 3610 ἅμα
2594 3542 2689 3596 καὶ
2723 3539 3132 3611 μεγαλοψυχίας
3179 3539 3339 3603 δόξαν
3395 3531 3862 3606 περιποιούμενοι,
3904 3525 3997 3576 ἀν·

730 3623 856 3695 δρία
887 3628 1210 3692 νικήσαντες
1250 3631 1374 3691 τοὺς
1430 3631 1955 3700 ἀντιτεταγμένους,
2018 3632 2302 3702 ιλευθερίᾳ
2339 3633 2397 3686 δὲ
2426 3634 2650 3704 γνώμης
2685 3636 2780 3688 κα)⁸
2811 3633 3209 3703 μεγαλοξυχία,
3242 3631 3341 3700 οὐχ
3372 3629 3447 3692 ὡς
3511 3624 3814 3693 πολεμίοις.
3875 3615 3992 3671 ἀλλ’

730 3721 802 3783 ὡς
862 3721 1156 3791 ὁμοφύλοις
1223 3727 1316 3777 καὶ
1372 3725 1634 3794 ἀτυχοῦσι
1670 3728 1770 3797 τὴν
1798 3726 2061 3796 ιδυνατὴν
2115 3729 2375 3798 πρόνοιαν
2415 3730 2841 3797 εἰσενεγκόντες.
2861 3728 3102 3783 Τοιαῦτα
3125 3719 3668 3796 παραινέσαντοςτοῦ
3701 3713 3988 3787 βασιλέως.

731 3815 874 3867 οὕτω
907 3815 1224 3882 διετέθησαν
1277 3819 1309 3886 ἡ
1359 3819 1712 3888 στρατιᾶ,ὠς
1736 3819 1949 3883 πάντας
1979 3819 2079 3890 μὲν
2107 3820 2172 3872 ὲκ
2232 3817 2340 3874 τῶν
2381 3819 2641 3889 λαφύρων
2691 3818 3015 3891 μεταδοῦναι
3065 3820 3180 3882 τοῖς
3272 3816 3540 3886 Ἀπρίοις.
3587 3813 3740 3866 Ὀσοι
3787 3806 3848 3860 δὲ
3898 3803 3994 3857 καὶ

731 3916 869 3982 πρὶς
903 3913 962 3966 τὸ
1021 3911 1383 3982 ἀγαθοεργεῖν
1417 3914 1848 3984 ἐφιλοτιμοῦντο,
1889 3917 2015 3978 τοὺς
2038 3915 2306 3984 δεσπότας
2345 3916 2835 3990 ἀνερευνήσαντες,
2863 3916 2973 3972 τῶν
2995 3916 3130 3988 παρ’
3156 3917 3344 3980 αὐτοῖς
3408 3912 3666 3983 λαφύρων
3723 3905 3993 3962 ἀπέδοσαν

733 4006 933 4071 πάντα,
977 4007 1206 4077 μηδενὸς
1233 4007 1739 4077 ἀποστερήσαντες.
3753 4008 3758 4012 ’

2133 4148 2364 4208 CAPUT
2415 4149 2584 4205 XX).

730 4259 975 4343 Gerella,
1008 4263 1364 4345 Rhcdeuum,
1397 4269 1762 4345 Sergcntziuut
1796 4269 2344 4345 Oppida‘deditionem
2377 4268 2600 4345 iaciunt.
2633 4271 2674 4345 ῤ
2711 4265 3052 4345 Succensibus
3085 4264 3368 4345 rusticanis
3400 4263 3696 4345 maledictis
3723 4261 3990 4345 laceratur

800 4336 1132 4408 imperator;
1159 4337 1329 4408 ipsum
1360 4333 1638 4391 castellum
1669 4333 1960 4392 miserabili
1997 4341 2240 4399 incendio
2265 4333 2584 4408 conﬂagrat.
2625 4337 2839 4406 Insigne
2889 4335 3188 4408 exemplum
3218 4333 3574 4408 ﬁdelitatisoin
3599 4334 3890 4399 dominum,
3940 4343 3990 4388 et

802 4405 1083 4458 cha:itatis
1116 4403 1406 4460 inlicitam
1447 4408 1726 4477 cujusdam
1756 4409 2008 4477 pastoria,
2042 4424 2136 4478 per
2165 4409 2302 4478 quod
2332 4403 2770 4478 siraiopedarclta
2801 4423 2920 4460 reus
2954 4403 3255 4476 majestatis
3294 4403 3606 4458 absolvitur.

803 4520 1006 4574 Diebus
1049 4520 1276 4575 omnino
1325 4537 1422 4578 sex
1490 4524 1559 4578 ab
1597 4525 1800 4594 oppido
1857 4529 2080 4592 rec'epto
2128 4524 2297 4593 Apris
2333 4525 2381 4584 D

2333 4525 2381 4584 ι)
2483 4521 2584 4588 Ἐξ
2611 4521 2666 4574 δὲ
2695 4523 2929 4593 ἡμέραις
2955 4521 3094 4590 μετά
3123 4521 3226 4590 τὴν
3266 4518 3470 4573 ἅλωσιν
3523 4517 3991 4590 ὲνστρατοπεδευ-

730 4621 1124 4674 conmoratus,
1165 4615 1401 4681 septimo
1454 4615 1521 4669 ad
1567 4615 1841 4671 Carellam
1876 4627 2056 4671 castra
2090 4619 2299 4687 posuit.

729 4703 892 4757 Cives
944 4703 1058 4757 sive
1099 4703 1246 4771 quod
1307 4707 1603 4775 cceteroqui
1657 4709 2049 4776 imperatorem
2107 4707 2306 4778 dilige—

733 4803 894 4858 rent,
950 4794 1062 4848 sive
1111 4794 1258 4864 quod
1307 4796 1601 4864 Apriorum
1631 4799 1777 4852 malo
1817 4799 1974 4854 docti
2022 4807 2303 4870 saperent,

731 4887 896 4941 simul
942 4886 1160 4940 invitati
1202 4899 1351 4952 sunt,
1401 4889 1454 4942 in
1489 4892 1609 4960 ejus
1646 4891 1808 4946 fidem
1837 4893 2068 4961 paciﬂce
2120 4900 2306 4944 trans-

735 4978 944 5031 ierunt.
982 4978 1198 5044 Quibus
1247 4981 1426 5048 ample
1449 4983 1640 5050 gratiis
1687 4983 1894 5048 relatis,
1952 4982 2307 5037 liltazdcstum

728 5069 996 5136 perrexit.
1088 5069 1426 5126 Dedentibus
1481 5088 1542 5127 se
1595 5073 1824 5142 perinde
1911 5073 2304 5139 libtedestinis,

730 5161 1009 5214 det-larato
1041 5161 1147 5216 illis
1172 5177 1394 5232 quoque
1423 5165 1639 5220 ardenti
1675 5165 2060 5220 benefaciendi
2097 5166 2305 5230 studio,

731 5256 1118 5325 Sergentzium
1176 5273 1505 5329 progressus
1558 5269 1663 5314 est.
1719 5261 1838 5326 Quo
1890 5259 2054 5314 etiam
2100 5275 2159 5314 se
2199 5270 2310 5313 tra-

730 5349 918 5413 dente,
952 5349 1057 5404 iter
1089 5349 1397 5420 Selybriam
1446 5352 1745 5416 convertit,
1793 5349 2137 5421 Sclybrianis
2183 5365 2312 5419 pro-

729 5451 854 5512 pter
881 5442 1039 5496 lidem
1079 5459 1211 5513 erga
1237 5458 1316 5509 se,
1343 5460 1372 5497 a
1401 5444 1670 5498 militibus
1712 5443 2029 5513 Byzantinis
2060 5458 2161 5509 per
2191 5442 2310 5495 bie-

731 5549 874 5588 mem
922 5534 1061 5590 fines
1102 5549 1296 5589 eorum
1352 5536 1794 5597 incursantibus,
1837 5533 2192 5589 detrimentis
2223 5532 2306 5587 af-

731 5625 910 5692 fectis,
957 5626 1159 5696 gratias
1203 5637 1455 5693 acturus,
1505 5636 1581 5685 et,
1613 5627 1880 5682 beneficia
1923 5641 2304 5682 remensurus.

737 5716 868 5772 Urbi
924 5719 1500 5791 apprOpinquantibus
1545 5721 1752 5790 placuit
1791 5721 1861 5775 ab
1893 5719 2053 5794 cquis
2083 5719 2310 5774 descen-

731 5809 884 5876 dere,
918 5823 974 5866 et
1011 5827 1177 5883 super
1216 5812 1386 5868 herba
1420 5812 1581 5868 viridi
1618 5813 1903 5882 paululum
1931 5812 2302 5882 requiescere.

2413 4617 2642 4684 σάμενοι
2679 4615 2895 4683 Ἀπρῳ,
2930 4615 2997 4682 τῇ
3037 4612 3241 4682 ἑϐδόμῃ
3299 4611 3534 4679 ἄραντες
3561 4609 3984 4679 ἐστρατοπέδευ-

2414 4723 2512 4758 σαν
2550 4707 2608 4758 ὲν
2641 4704 2905 4778 Γαρέλλῃ,
2941 4705 3004 4756 Ui
3050 4702 3257 4771 ταύτην
3289 4703 3344 4756 δὲ
3373 4701 3684 4764 οἰκοῦντες,
3718 4700 3832 4753 εἴτε
3895 4703 3990 4752 καὶ

2412 4796 2672 4860 εὐνοϊκῶς
2701 4796 3034 4864 διακείμενοι
3076 4793 3214 4864 πρὸς
3271 4794 3365 4847 τδν
3408 4794 3526 4847 νέον
3582 4792 3804 4862 βασιλέα
3829 4831 3845 4854 ,
3877 4793 3989 4844 εῐτε

2413 4890 2508 4941 καὶ
2529 4889 2679 4958 παρά
2717 4888 2828 4940 τῶν
2871 4887 3114 4958 Ἀπρίων
3141 4885 3480 4954 διδαχθέντες
3511 4887 3834 4955 σωφρονεῖν,
3869 4884 3990 4951 ἅμα

2413 4979 2491 5049 τῷ
2550 4979 2963 5049 προσκληθῆναι
3018 4978 3456 5049 προσεχώρησαν
3508 4977 3588 5046 τῷ
3617 4977 3719 5047 νέῳ
3753 4975 3990 5045 βασιλεῖ,

2415 5074 2510 5126 καὶ
2568 5072 2874 5143 παρέδοσαν
2911 5072 3140 5132 ἑαυτοὺς
3187 5072 3412 5140 ἀμαχεί.
3473 5069 3701 5130 ιΙολλαῖς
3742 5069 3800 5121 δὲ
3830 5068 3990 5136 ἀμει-

2409 5163 2654 5234 ψάμενος
2686 5164 2886 5227 αὐτοῦς
2911 5166 2939 5216 ό
2979 5162 3235 5232 βασιλεὺς
3282 5161 3646 5232 εὐεργεσίαις,
3682 5161 3820 5228 ἄρας
3848 5161 3978 5212 ἐκεῖ·

2412 5260 2525 5323 θεν,
2565 5255 2729 5330 ἦλθεν
2759 5259 2839 5319 είς
2882 5257 3209 5311 Ῥαιδεστόν.
3248 5255 3770 5326 [Ιροσχωρησάντων
3795 5251 3854 5303 δὲ
3894 5253 3989 5303 καὶ

2422 5347 2841 5416 Ῥαιδεστηνῶν,
2878 5347 3000 5399 ἐπεὶ
3037 5346 3129 5399 καὶ
3162 5347 3300 5416 πρὸς
3345 5344 3542 5404 αὐτοὺς
3575 5342 3675 5412 τὴν
3727 5343 3808 5403 είς
3835 5341 3900 5394 τὸ
3923 5342 3986 5394 εὖ

2413 5444 2587 5495 ποιεῖν
2615 5439 2929 5506 ἐπεδείξατο
2963 5437 3298 5508 φιλοτιμίαν,
3321 5434 3578 5507 ἧλθενείς
3610 5433 3986 5502 Σεργέντζιονο

2413 5535 2912 5605 προσχωρήσαντος
2941 5533 3000 5586 δὲ
3031 5535 3125 5586 καὶ
3149 5530 3341 5594 αὐτοῦ,
3373 5529 3474 5598 τὴν
3512 5527 3646 5598 πρὸς
3677 5523 3988 5595 Σηλυϐρίαν

2413 5628 2520 5699 ᾔει,
2556 5626 2964 5696 Σηλυϐριανοὺς
2994 5618 3070 5679 ὧν
3126 5624 3290 5677 ἕνεκα
3315 5625 3414 5692 τῆς
3455 5622 3536 5684 εἰς
3573 5619 3736 5673 αὐτὸν
3771 5617 3989 5679 εὐνοίας

2416 5720 2567 5791 παρὰ
2599 5721 2698 5788 τῆς
2740 5721 2802 5772 ix
2836 5718 3130 5782 Βυζαντίου
3192 5716 3458 5787 στρατιᾶς
3504 5711 3842 5782 ἑζημίωνται
3889 5708 3988 5763 τοῦ

2416 5807 2683 5878 χειμῶνος
2748 5806 2844 5879 τὴν
2878 5807 3064 5879 χώραν
3096 5807 3544 5878 κατατρεχόντων
3569 5845 3584 5868 ,
3643 5799 4002 5873 εὐεργεσίαι,-
