4250 6440
780 315 879 377 231

1944 314 2180 375 ῙΟᾹΝΝ
2198 315 2265 373 [S
2303 316 2691 376 CANTACUZ
2704 318 2827 376 ENI
2888 391 2893 396 '

3905 324 4010 389 232

780 437 948 490 tatur,
977 428 1136 495 Uque
1166 426 1434 479 bonorum
1465 440 1529 478 ac
1560 424 1912 494 prudentium
1953 439 2155 477 munus
2186 424 2313 477 vide
2374 430 2418 483 Α
2452 447 2458 475 ι

2374 430 2418 483 Α
2452 443 2633 488 στικος
2671 427 2889 495 ἐφεξῆς,
2918 428 3083 480 Οὐδὲν
3123 426 3367 480 ἐνέλιπεν
3394 430 3420 480 ὁ
3451 428 3735 496 βασιλεὺς,
3767 430 3893 500 ἔφη,
3919 434 4012 483 τοι)

778 520 846 573 ri.
878 520 1089 584 Quibus
1113 518 1260 572 enim
1302 518 1663 571 incommodis
1696 518 1972 586 quispiam
2008 518 2347 570 necessarios
2452 536 2456 584 ι

2333 534 2347 569 t
2452 516 2526 585 μὴ
2547 518 2755 581 διδάξαι
2790 518 2901 569 τῶν
2928 520 3154 571 δεόντων
3183 521 3327 586 ἡμᾶς
3353 518 3484 571 ὥσθ’
3509 521 3694 591 ἔτερόν
3714 538 3836 574 τινα
3865 522 4011 589 ἔχειν

775 625 905 663 suos
934 617 991 663 et
1019 609 1380 677 homnpbylos
1406 607 1707 661 conﬂictari
1735 610 1958 677 patitur,
1992 607 2184 660 iisdem
2232 607 2345 673 ipse

778 702 998 754 nescius
1026 700 1413 753 conflictatur:
1455 710 1511 751 et
1569 700 1743 751 solum
1795 699 1943 751 cives
1972 711 2099 750 suos
2124 697 2341 759 vicisse,

778 810 884 846 non
910 794 1129 854 vicisse,
1159 790 1253 843 sed
1289 791 1603 857 turpissime
1632 790 1837 841 vit-tum
1861 804 1982 841 esse
2006 788 2343 841 arbitremur

776 884 926 936 licet.
955 883 1129 949 Caput
1154 897 1217 935 ac
1254 895 1464 933 summa
1499 880 1692 932 borum
1724 888 1826 942 cst,
1857 880 2026 934 Deum
2060 881 2345 933 universo-

782 988 904 1027 rum
973 973 1368 1039 inspectoretn,
1420 970 1546 1037 quia
1606 986 1708 1023 nos
1755 970 1936 1023 oblata
1980 970 2343 1038 prosperitate

774 1064 966 1132 probe,
1003 1072 1269 1130 atque,nt
1325 1060 1603 1121 convenit,
1645 1054 1709 1114 ac
1757 1061 1873 1113 sine
1908 1060 2049 1113 fastu
2096 1060 2199 1123 uti,
2239 1075 2357 1113 nec

774 1154 901 1205 inde
932 1167 1105 1205 saevos
1132 1162 1186 1204 et
1223 1152 1491 1204 immanes
1519 1151 1756 1203 evasisse
1806 1149 1978 1214 videt,
2012 1150 2203 1204 multis
2238 1150 2343 1202 hu;

773 1244 1081 1312 juscemodi
1143 1257 1206 1295 ae
1239 1242 1539 1311 majoribus
1563 1242 1726 1294 etiam
1757 1240 2043 1294 beneficiis
2085 1254 2344 1308 prosecu-

776 1344 981 1386 turum.
1016 1334 1071 1387 Si
1107 1334 1435 1402 igiturjusta
1464 1341 1520 1384 et
1548 1330 1879 1393 necessaria,
1912 1331 1955 1383 si
2002 1345 2125 1384 cum
2165 1332 2341 1384 salute

772 1434 826 1479 et
857 1425 1029 1492 gloria
1065 1432 1245 1475 vestra
1279 1422 1592 1475 consociata
1628 1430 1757 1474 sunt
1787 1436 1909 1489 qua:
1938 1422 2339 1487 consuluntur,

776 1514 881 1567 hoc
918 1526 1086 1564 unum
1119 1522 1390 1580 superest,
1419 1519 1478 1562 ut
1526 1524 1624 1563 nos
1674 1523 1893 1577 quoque
1941 1508 2341 1563 assentiamini.

774 1606 887 1673 Ego
931 1605 1047 1673 ipse
1078 1618 1199 1673 qua:
1242 1603 1387 1656 dicta
1416 1609 1547 1656 sunt
1613 1600 1877 1669 approbo,
1910 1600 2166 1667 idemque
2219 1612 2342 1653 sen-

2445 609 2556 668 τοῖς
2612 610 2923 679 εἰρημένοις
2981 610 3316 678 προσθεῖναι.
3390 611 3463 662 Τό
3523 628 3583 663 τε
3636 612 3745 680 γὰρ
3795 614 3852 663 ἐν
3892 614 4013 675 ταῖς

2446 699 2721 766 εὐτυχίαις
2771 701 2845 767 μὴ
2897 700 3207 768 φυσῆσθαι,
3258 702 3553 770 σωφρόνων
3596 704 3691 753 καὶ
3744 704 4012 772 ἀνδρείων

2446 788 2729 853 ἀπέδειξεν
2777 788 2837 841 δν
2885 789 3128 857 ἀνδρῶν’
3182 793 3273 842 καὶ
3331 792 3391 842 τὸ
3441 793 3564 853 τοὺς
3612 795 4011 861 γεγεννηκότας

2446 879 2710 932 αἰδεῖσθαί
2733 897 2790 932 τε
2838 881 2934 932 καὶ
2962 882 3148 947 τιμᾷν,
3186 883 3280 933 καὶ
3311 881 3521 935 δίκαιον
3562 882 3677 950 ἅμα
3708 884 3802 935 καὶ
3843 885 4015 949 ἀναγ-

2446 972 2619 1022 καῖον.
2674 972 2781 1022 Καὶ
2837 970 2896 1020 τὸ
2949 970 3055 1021 τῶν
3110 971 3400 1038 ὁμοφύλων
3449 971 3709 1042 κήδεσθαι
3743 973 3839 1025 καὶ
3881 975 4013 1041 περὶ

2447 1062 2699 1114 πλείστου
2733 1062 2830 1130 τὴν
2863 1062 3137 1131 σωτηρίαν
3160 1062 3338 1114 αὐτῶν
3361 1063 3658 1122 ποιεῖσθαι.
3687 1067 3782 1117 καὶ
3820 1065 3896 1133 μή
3924 1065 4015 1118 διά

2446 1153 2784 1218 φιλονεικίαν
2808 1153 3187 1221 φθειρομένοις
3222 1156 3509 1224 περινιρᾷν,
3552 1154 3691 1218 ἀλλ’,
3714 1156 3762 1207 εἰ
3812 1155 3912 1215 δεῖ,
3958 1156 4012 1206 τὶ

2444 1241 2541 1293 καὶ
2590 1243 2701 1294 τῶν
2754 1243 2973 1294 οἰκείων
3040 1242 3323 1309 προΐεσθαι
3372 1243 3468 1295 τοῦ
3526 1242 3797 1305 σώζεσθαι
3848 1244 4013 1295 ἕνεκα

2443 1332 2649 1393 αὐτοῖς,
2681 1333 2741 1383 οὐ
2766 1332 2926 1399 μόνον
2958 1332 3200 1400 ἀγαθῶν,
3236 1335 3374 1387 ἀλλά
3409 1334 3498 1385 καὶ
3545 1333 3758 1384 συνέσει
3814 1349 4015 1400 κεχρη-

2445 1423 2624 1490 μένων
2656 1421 2959 1490 ἀνθρώπων
2987 1419 3148 1476 εἶναι.
3172 1418 3269 1485 Οἷς
3294 1426 3403 1492 γὰρ
3432 1425 3498 1476 ἀν
3522 1441 3602 1485 τις
3626 1424 3753 1484 τοὺς
3777 1424 4014 1483 οἰκείους

2444 1512 2865 1579 καί-ὁμοφύλοις
2916 1512 3298 1583 φθειρομένοις
3353 1512 3656 1582 περιορῴη,
3687 1514 3798 1575 τοῖς
3829 1512 4016 1574 αὐτοῖς

2441 1604 2652 1666 τούτοις
2680 1604 2843 1656 αὐτόν
2869 1606 2985 1657 έστι
3016 1605 3341 1673 φθείρεσθαι
3361 1604 3660 1670 ἀγνοοῦντα
3679 1620 3693 1635 ’
3715 1606 3808 1657 καὶ
3841 1604 4014 1673 μόνην

748 1696 850 1749 -tio
882 1713 905 1748 τ
934 1710 1121 1763 pacem
1148 1691 1525 1760 accipiendam
1562 1681 1886 1759 pronuntio,
1936 1698 1993 1742 et
2056 1704 2155 1757 pro
2219 1703 2340 1743 mea

2337 1714 2340 1740 ι
2440 1695 2542 1762 τὴν
2598 1695 2739 1747 κατά
2782 1695 2891 1745 τῶν
2935 1694 3232 1763 ὁμοφύλων
3289 1696 3449 1763 νίκην
3478 1736 3493 1756 ,
3524 1685 4015 1766 ἦττανάίσχίσεην

774 1796 927 1855 parte
956 1794 1129 1839 ratam
1159 1785 1357 1838 habeo.
1384 1783 1509 1836 llaec
1534 1782 1626 1835 illo
1655 1782 1944 1849 prolocuto
1978 1788 2340 1849 protostrator
2370 1766 2412 1821 Β
2441 1802 2452 1836 ι

2336 1798 2340 1811 '
2370 1766 2412 1821 Β
2441 1786 2556 1837 ἀλλ’
2584 1786 2644 1835 οὐ
2671 1785 2824 1855 νίκην
2847 1784 3091 1851 νομίζειν
3122 1786 3253 1854 χρή.
3280 1786 3591 1852 Κεφάλαιον
3613 1785 3670 1838 δὲ
3695 1788 3785 1836 ἐπὶ
3802 1784 3961 1836 τούτο
3988 1803 4014 1847 ς

774 1878 1014 1940 censuit,
1048 1875 1195 1946 quod
1229 1876 1532 1942 imperator
1556 1875 1622 1926 de
1653 1887 1785 1941 pace
1828 1871 2145 1940 accipienda
2172 1869 2337 1925 verba

772 1969 1011 2031 fecisset,
1034 1979 1088 2022 et
1121 1981 1353 2037 magnus
1382 1964 1721 2018 domesticus
1737 1964 1786 2016 ei
1818 1962 2153 2030 suffragatus
2172 1968 2336 2022 esset,

769 2071 918 2116 recte
979 2062 1206 2122 factum,
1240 2067 1299 2112 et
1336 2059 1520 2112 exteri
1567 2070 1779 2117 omnes,
1832 2055 2059 2123 ingratis
2088 2052 2336 2121 quidem,

768 2152 953 2207 statim
992 2159 1175 2203 tamen
1211 2162 1407 2201 manus
1436 2146 1730 2200 dederunt.
1768 2144 1905 2197 Pace
1940 2141 2185 2195 omnium
2216 2154 2341 2194 sen-

769 2244 954 2297 tentiis
984 2243 1223 2303 decreta,
1260 2252 1476 2293 rursum
1499 2234 2067 2306 quaesivitimperator
2088 2270 2103 2295 ,
2136 2230 2335 2300 ecquid

771 2351 959 2405 pacem
979 2332 1232 2401 componi
1253 2331 1413 2385 talem
1439 2334 1741 2397 oporteret,
1778 2340 1901 2395 qua:
1927 2324 2079 2377 flrma
2107 2337 2171 2375 ac
2187 2333 2336 2376 certa

771 2439 992 2493 semper
1020 2427 1289 2485 maneret,
1344 2427 1402 2473 et
1440 2417 1665 2486 posthac
1694 2414 2013 2483 suspicione
2041 2421 2336 2482 pratextu-
2371 2409 2380 2417 ’

770 2534 877 2586 que
898 2515 1027 2570 belli
1062 2520 1278 2569 careret
1307 2507 1660 2563 omnimodis.
1693 2506 1831 2558 Tum
1868 2517 2095 2570 magnus
2153 2503 2336 2556 dome-

770 2609 964 2671 sticus,
988 2617 1049 2660 ut
1076 2606 1169 2675 qui
1200 2614 1360 2657 antea
1394 2616 1519 2654 cum
1550 2615 1617 2653 eo
1653 2606 2053 2652 commentatus
2073 2603 2243 2655 esset,
2271 2596 2335 2649 de

771 2715 971 2770 genere
1002 2700 1155 2766 pacis
1182 2696 1307 2751 talia
1335 2694 1494 2757 dixit,
1527 2708 1558 2747 e
1581 2692 1785 2761 quibus
1812 2705 1919 2743 non
1956 2689 2024 2743 de
2064 2688 2333 2742 industria

769 2793 981 2853 venire.
1014 2790 1107 2845 sed
1138 2788 1465 2842 necessitate
1487 2784 1724 2853 quadam
1760 2782 1826 2835 ad
1864 2791 2022 2851 pacta
2051 2790 2106 2833 et
2138 2779 2333 2834 condi-

769 2889 969 2946 tiones,
1002 2881 1153 2952 pacis
1180 2895 1345 2935 causa
1378 2876 1699 2933 subeundas
1734 2872 1987 2941 compelli
2034 2871 2331 2925 videretur.

752 2970 859 3032 Sic
889 2990 1020 3045 ergo
1045 2974 1188 3028 fatus
1217 2981 1343 3027 est:
1378 2968 1709 3031 l’aeillcatio,
1741 2967 2057 3035 imperator,
2079 2964 2331 3034 98.non

2438 1875 2513 1939 ὡς
2540 1877 2568 1929 6
2594 1878 2771 1929 πάντα
2804 1876 3018 1946 ἐφορῶν
3045 1875 3177 1937 Θεὸς
3210 1880 3276 1944 τῇ
3307 1876 3568 1947 περιούσῃ
3590 1876 3818 1946 εὐτυχίᾳ
3838 1875 4013 1946 ὀρθῶς

2440 1970 2533 2022 καὶ
2562 1969 2639 2031 ὼς
2678 1969 2925 2039 προσῆκε
2958 1970 3055 2021 καὶ
3091 1968 3230 2037 μετά
3257 1967 3492 2035 ἀτυφίας
3524 1970 3667 2036 ὁρῶν
3711 1967 4013 2037 χρωμένοις

2438 2062 2606 2131 ἡμᾶς,
2643 2063 2737 2113 καὶ
2768 2061 2843 2127 μὴ
2869 2060 3054 2130 ὠμούς
3085 2077 3256 2125 τινας,
3292 2066 3385 2113 καὶ
3421 2060 3821 2127 ἀπανθρώπους
3855 2076 4014 2127 γεγε-

2438 2155 2705 2222 νημένους
2732 2154 2827 2205 καὶ
2858 2155 2957 2223 τὴν
2988 2153 3150 2222 φύσιν
3184 2152 3596 2222 ἀγνοήσαντας,
3633 2153 3837 2223 ἑτέρων
3881 2152 4015 2205 πολ-

2437 2244 2545 2297 λῶν
2576 2244 2914 2313 τοιούτων,ἢ
2960 2245 3056 2297 καὶ
3090 2245 3357 2297 πλειόνων
3405 2245 3497 2297 καὶ
3542 2243 4011 2313 θαυμασιωτέρων

2437 2338 2891 2407 εὐεργετημάτων
2920 2337 3207 2404 ἀξιώσειεν
3233 2338 3318 2391 ἄν.
3353 2338 3413 2390 El
3435 2335 3528 2389 οὖν
3552 2337 3741 2391 δίκαιά
3773 2352 3830 2388 τε
3874 2336 4012 2405 ὁμο]

2438 2431 2531 2483 καὶ
2556 2431 2826 2496 ἀναγκαῖα
2856 2430 2925 2482 τά
2958 2428 3365 2498 βεϐουλευμένα
3385 2471 3401 2495 ,
3432 2430 3532 2482 καὶ
3568 2430 3705 2497 πρὸς
3749 2428 3812 2480 τὸ
3858 2427 4012 2479 εὐδο-

2439 2522 2546 2585 ξεῖν
2575 2524 2670 2574 καὶ
2700 2521 2762 2573 τὸ
2790 2520 3060 2584 σώζεσθαι
3095 2519 3503 2588 λυσιτελοῦντα,
3527 2520 3679 2574 οὐδέν
3717 2520 3798 2572 έτι
3820 2520 4011 2570 λεῖπον

2436 2612 2469 2681 ἢ
2516 2609 2940 2680 ἐπιψηφίζεσθαι
2980 2612 3074 2663 καὶ
3130 2611 3299 2680 ὑμᾶς.
3360 2612 3530 2672 Αὐτὸς
3568 2612 3691 2682 ,γὰρ
3737 2609 3917 2679 ὀρθῶς
3951 2626 4012 2660 τε

2435 2706 2681 2771 οἰόμενος
2731 2702 2877 2771 ἔχειν
2914 2703 2983 2753 τὰ
3042 2702 3311 2772 εἰρημένα
3365 2702 3460 2755 καὶ
3493 2700 3695 2768 ὁμοίως
3740 2700 4012 2768 περὶτῶν

2436 2796 2617 2847 αὐτῶν
2634 2796 2867 2863 φρονῶν,
2886 2794 3115 2865 γνώμην
3140 2795 3335 2862 δίδωμι
3364 2794 3616 2865 δέχεσθαι
3636 2794 3736 2862 τὴν
3752 2792 4007 2862 εἰρήνην,

2439 2891 2528 2939 καὶ
2567 2887 2626 2940 τὸ
2654 2887 2785 2957 ἐμὸν
2814 2888 2977 2957 μέρος
3011 2887 3282 2959 ἐπικυρῶ.
3309 2885 3551 2941 Τοιαῦτα
3583 2886 3678 2937 καὶ
3706 2882 3802 2935 τοῦ
3835 2882 4012 2951 μεγά-

2434 2976 2527 3030 λου
2557 2979 2882 3047 δομεστίκου
2904 2980 3209 3050 εἰρηκότος,
3262 2979 3291 3032 ὃ
3313 2994 3372 3030 τε
3404 2974 3847 3046 πρωτοστράτωρ
3879 2976 4009 3025 έπε-

765 3068 1001 3138 amplius
1043 3063 1313 3137 ejusmodi
1340 3061 1695 3131 suscipienda
1723 3068 1832 3125 est,
1876 3068 1938 3112 ut
1964 3056 2329 3112 calumniato-
2358 3092 2406 3155 ϐ
2434 3085 2443 3116 ς

2326 3087 2329 3095 ,
2358 3092 2406 3155 c
2434 3069 2702 3138 ψηφίζετο
2730 3070 2981 3140 δέχεσθαι
3009 3071 3109 3140 τὴν
3139 3071 3385 3139 εἰρήνην,
3405 3066 3581 3138 ὀρθῶς
3618 3067 3711 3119 τόν
3752 3081 3814 3117 τι
3843 3064 4004 3135 βασι-

768 3175 924 3229 ribus
948 3169 1219 3242 speciosis
1256 3165 1637 3222 occasionibus
1682 3161 1915 3219 facultas
1944 3168 2218 3231 suppetat,
2241 3176 2333 3215 ve-

770 3274 947 3320 strum
980 3259 1252 3316 utrumvis
1284 3258 1424 3326 apud
1461 3256 1693 3309 alterum
1729 3252 2105 3313 insimulandi,
2133 3260 2189 3306 et
2215 3250 2331 3306 belo

766 3358 880 3412 lnm
906 3350 1273 3408 incendendi:
1306 3347 1453 3418 quod
1486 3360 1595 3399 non
1626 3344 1803 3398 solum
1838 3342 1996 3395 vobis
2019 3355 2144 3395 cum
2181 3342 2333 3410 igno-

767 3445 936 3498 minia
966 3448 1145 3496 vestra
1195 3439 1460 3492 maximas
1494 3433 1937 3505 opportunitates
1992 3437 2331 3499 corrumpat,

765 3536 862 3591 sed
898 3533 1063 3589 etiam
1098 3531 1391 3593 universis,
1439 3527 1531 3596 qui
1584 3527 1641 3580 in
1668 3525 1874 3579 ditione
1901 3532 2104 3587 vestra,
2135 3536 2199 3577 ac
2234 3536 2334 3591 po-

764 3634 963 3683 testate
989 3634 1139 3689 sunt,
1190 3638 1363 3693 genus
1395 3636 1557 3674 omne
1588 3618 1859 3696 malorum
1900 3616 2117 3671 inferat.
2173 3614 2329 3682 Quod

761 3721 911 3776 enim
943 3716 1160 3771 duabus
1190 3713 1563 3769 animantibus
1619 3712 1819 3764 robore
1857 3719 1913 3764 et
1952 3708 2330 3779 magnitudine

762 3826 1058 3882 corporum
1093 3807 1402 3877 insignibus
1452 3802 1714 3858 acciderit
1744 3803 1839 3871 (7),
1877 3802 1983 3855 hoc
2014 3801 2169 3854 vobis
2202 3816 2331 3855 usu-

763 3904 934 3959 venit.
965 3902 1099 3956 Nam
1133 3898 1410 3969 quomodo
1438 3896 1545 3949 illis
1572 3896 1627 3948 in
1660 3910 1718 3949 se
1746 3901 1937 3947 mutuo
1965 3891 2326 3957 irruentibus,

764 4011 829 4051 ac
860 3992 1262 4065 prxliantibus.
1290 4004 1413 4059 quae
1445 3988 1587 4041 intra
1614 3982 1781 4055 pedes
1805 3993 1951 4050 sunt,
1988 3984 2169 4036 omnia
2197 3998 2331 4037 con—

763 4090 868 4143 teri
905 4102 968 4140 ac
992 4083 1234 4154 disperdi
1270 4090 1701 4136 consentaneum
1733 4086 1838 4139 est,
1869 4090 1993 4129 cum
2025 4083 2208 4129 tamen
2238 4074 2327 4128 illa

759 4178 895 4233 nilnl
934 4189 1264 4247 quemquam
1295 4172 1538 4227 laeserint
1568 4186 1583 4223 :
1620 4170 1701 4224 sic
1729 4167 1887 4222 vobis
1937 4166 2173 4220 invicem
2214 4165 2329 4219 bel-

755 4271 1023 4331 lantibus,
1052 4266 1282 4336 subjecti
1312 4265 1633 4318 innocentes
1668 4266 1894 4329 pereant
1916 4265 2155 4327 oportet.
2184 4255 2329 4322 Quo-

756 4365 903 4419 circa
940 4376 1047 4414 non
1074 4349 1235 4412 modo
1268 4356 1348 4410 uti
1391 4370 1492 4424 pax
1516 4360 1905 4421 componatur,
1946 4348 2043 4428 sed
2074 4360 2135 4403 ut
2168 4363 2323 4403 com-

760 4454 935 4525 posita
982 4467 1049 4505 ne
1112 4449 1332 4503 vacillet
1380 4462 1443 4499 ac
1482 4443 1814 4499 dissolvatur
1861 4422 2161 4495 videndum
2218 4451 2321 4494 est.
2360 4417 2402 4470 θ

757 4548 977 4605 Etenim
1026 4547 1095 4609 si,
1150 4538 1611 4612 quemadmodum
1666 4536 1916 4597 antehac,
1966 4548 2078 4587 non
2132 4547 2321 4602 pacem

756 4640 1031 4700 stabilem,
1062 4637 1155 4689 sed
1181 4643 1436 4701 tanquam
1460 4628 1711 4682 inducias
1738 4625 1932 4681 facturi
1964 4639 2180 4686 sumus.
2209 4639 2326 4678 om-

755 4732 888 4785 nino
918 4728 1120 4782 nullain
1179 4722 1297 4777 fieri
1354 4720 1528 4773 satius
1558 4726 1665 4772 est.
1714 4715 1856 4781 Quid
1904 4728 2144 4783 namque
2170 4712 2321 4768 aliud

749 4818 1209 4892 exspectandum,
1242 4827 1405 4884 quam
1440 4822 1499 4866 ut
1532 4808 1626 4880 qui
1668 4807 1847 4863 ftedus
1894 4807 2114 4875 priores
2152 4805 2318 4875 perfi-

754 4917 908 4970 diose
946 4918 1236 4982 ruperunt,
1270 4905 1476 4961 scelere
1520 4917 1581 4956 se
1626 4899 2011 4967 obstringam?
2050 4898 2173 4953 Haec
2225 4897 2318 4952 ubi

755 5007 1034 5080 principes
1063 5018 1128 5057 ac
1176 5000 1384 5056 milites
1422 4994 1650 5051 auribus
1684 4993 2005 5054 hauserunt,
2035 4989 2159 5044 talia
2191 5004 2319 5043 eum

2435 3160 2854 3230 Μαείρηκέναι,
2886 3160 2980 3214 τόν
3025 3178 3084 3214 τε
3144 3159 3319 3231 μέγαν
3364 3158 3683 3227 δομέστικον
3725 3158 4008 3208 συνειπεῖν

2435 3252 2607 3321 αὐτῷ,
2638 3252 2827 3307 εἰπών.
2856 3254 2967 3308 Καὶ
2993 3255 3041 3307 οί
3088 3252 3267 3305 λοιποὶ
3317 3251 3517 3307 πάντες
3567 3249 3749 3313 εὐθὺς,
3776 3248 4007 3309 ἄκοντες

2437 3344 2558 3413 μιν,
2579 3345 2984 3413 ἑπεψηφίζοντο
3012 3344 3061 3401 δ’
3108 3341 3204 3399 οὖν
3235 3346 3384 3414 ὅμως
3408 3358 3423 3374 ο
3452 3345 3671 3398 πάντων
3713 3344 3771 3396 δι
3809 3341 4010 3411 ἐπιψη-

2434 3434 2751 3504 φισαμένων
2795 3435 2895 3505 τὴν
2944 3434 3192 3505 εἰρήνην,
3234 3434 3568 3488 ἐπυνθάνετο
3597 3431 3753 3496 αὖθις
3784 3432 3812 3484 ὁ
3844 3431 4006 3500 βασι-

2433 3523 2592 3588 λεύς,
2630 3524 2680 3575 εί
2712 3524 2970 3591 τοιαύτην
3020 3523 3133 3576 δέοι
3172 3524 3273 3587 τὴν
3318 3523 3541 3594 είρήνην
3571 3523 3829 3591 γενέσθαι
3859 3512 4003 3572 ὥστε

2436 3614 2660 3684 βεϐαίαν
2690 3613 2827 3668 εἶναι
2859 3616 2966 3683 ἀεὶ,
2993 3618 3091 3669 καὶ
3116 3614 3389 3685 μηδεμίαν
3432 3614 3671 3684 ὑποψίαν
3705 3613 3935 3683 ὕστερον
3968 3612 4003 3679 ἦ

2433 3707 2704 3777 πρόφασίν
2733 3723 2855 3759 τινα
2885 3705 3123 3775 πολέμου
3154 3705 3320 3775 ἔχειν.
3362 3704 3421 3758 ’0
3442 3704 3509 3757 ’δέ
3530 3721 3594 3771 γε
3630 3704 3808 3773 μέγας
3842 3703 4007 3772 δομὲ·

2433 3816 2638 3863 στικος,
2668 3793 2755 3850 οἷα
2786 3797 2849 3867 δὴ
2878 3797 3145 3867 πρότερον
3173 3798 3290 3865 ἅμα
3318 3796 3528 3865 βασιλεῖ
3552 3795 3743 3847 ὁποίαν
3771 3792 3894 3846 τινὰ
3924 3792 4007 3844 δεῖ

2431 3892 2655 3960 εἰρήνην
2683 3889 2936 3957 γενέσθαι
2969 3887 3229 3957 βιϐουλευ
3239 3886 3420 3955 μένος,
3452 3886 3729 3948 τοιούτους
3757 3886 4005 3937 ἱποιεῖτο

2429 3986 2555 4048 τοὺς
2589 3984 2802 4052 λόγους,
2833 3982 2907 4046 ὼς
2941 3983 3117 4034 δοκεῖν
3152 3982 3254 4033 οὐκ
3278 3981 3615 4049 ἐξεπίτηδες,
3642 3978 3758 4032 ἀλλ’
3785 3978 4005 4049 ἀνάγκη

2430 4076 2536 4129 τι.νί
2567 4076 2703 4145 πρὸς
2746 4074 2843 4137 τάς
2891 4074 2985 4125 έπὶ
3040 4075 3151 4135 τοῖς
3196 4071 3460 4133 τοιούτοις
3504 4071 3794 4139 ὁμολογίας
3831 4086 4003 4122 συνω-

2431 4165 2662 4219 θεῖσθαι.
2703 4165 2836 4217 Δέον
2893 4165 3024 4233 γάρ,
3080 4164 3289 4232 ἔλεγεν,
3336 4157 3497 4226 εἶναι,
3529 4156 3575 4215 ὦ
3630 4160 3892 4232 βασιλεῦ,
3926 4162 4004 4231 μὴ

2430 4257 2595 4311 πάλιν
2652 4259 2786 4328 ήμῖν
2822 4256 2915 4317 τάς
2948 4258 3041 4309 tat
3073 4258 3141 4326 τῇ
3177 4257 3370 4327 εἰρήνῃ
3419 4256 3719 4326 συμϐάσεις
3742 4256 4005 4317 τοιαύτας

2431 4348 2710 4417 γενέσθαι,
2748 4348 2892 4401 ὥστε
2925 4348 3050 4411 τούς
3077 4348 3427 4415 συκοφάντας
3473 4350 3741 4417 ἐγχωρεῖν
3787 4349 4006 4417 προφά-

2434 4458 2571 4494 σεων
2605 4440 2974 4510 εὐπροσώπων
3009 4439 3383 4507 εὐποροῦντας
3411 4441 3558 4510 ὑμᾶς
3592 4442 3717 4503 τούς
3742 4440 4004 4510 βασιλέας

2431 4532 2569 4603 πρὸς
2614 4532 2874 4601 ἀλλήλους
2922 4530 3235 4583 διαϐάλλειν
3267 4530 3364 4583 καὶ
3391 4531 3484 4583 τὸν
3527 4530 3768 4597 πόλεμον
3800 4532 4000 4595 κινεῖν,

2431 4623 2493 4676 οὐ
2545 4622 2703 4693 μόνον
2752 4622 2883 4691 ὑμῖν
2924 4620 3139 4684 ἀδοξίαν
3188 4622 3305 4689 ἃμα
3330 4622 3427 4675 καὶ
3461 4623 3541 4683 εἰς
3562 4623 3631 4675 τὰ
3660 4622 4002 4691 καιριώτατα

2429 4714 2651 4783 ζημίαν,
2679 4712 2816 4766 ἀλλά
2847 4717 2937 4765 καὶ
2967 4712 3047 4782 τῷ
3087 4714 3317 4783 ὑπηκόῳ
3364 4714 3530 4766 παντὶ
3553 4714 3828 4767 παντοίων
3859 4731 3999 4784 προ-

2429 4806 2690 4873 ξενοῦντα
2722 4810 2895 4876 φορὰν
2939 4805 3147 4859 κακῶν.
3183 4804 3577 4876 Παραπλήσιον
3614 4805 3723 4875 γὰρ
3755 4807 3998 4875 συμϐαί-

2427 4915 2508 4951 νει
2543 4900 2636 4951 καὶ
2674 4899 2759 4965 ἐφ’
2796 4899 2949 4968 ἡμῖν,
2989 4899 3170 4951 ὁποῖον
3219 4898 3284 4951 ἂν
3335 4898 3431 4950 καὶ
3478 4900 3572 4950 ἐπὶ
3619 4896 3740 4949 δυσί
3773 4898 3881 4949 τῶν
3906 4901 3999 4951 ἐπὶ

2428 4993 2586 5065 ῥώμῃ
2642 4995 2736 5046 καὶ
2782 4991 3005 5062 μεγέθει
3050 4991 3481 5061 θαυμαζομένων
3524 4991 3779 5060 ¹συμϐαίη
3814 4991 3989 5055 ζώων.

2013 5108 2241 5171 Jacobi
2254 5105 2527 5173 'Pontani
2568 5121 2754 5173 notas.

820 5234 896 5298 (7)
935 5227 1131 5283 Ἐικὼν
1161 5237 1216 5281 et
1263 5225 1513 5298 parabola
1572 5220 1942 5298 festiva_._.qua
1968 5224 2317 5298 [nocumenta

742 5286 1207 5372 subiectorumex
1244 5286 1533 5372 discordiis
1590 5302 1647 5345 et
1694 5286 2204 5372 bellislprineipum
2237 5302 2317 5372 Aac

2426 5217 2545 5273 Stat
2576 5235 2729 5286 pecus
2754 5232 2905 5271 omne
2942 5224 3080 5268 metu
3115 5225 3338 5279 mutum,
3383 5221 3720 5283 mussantque
3729 5214 3995 5285 juventae,

2427 5290 2554 5351 Quis
2587 5292 2759 5358 pecori
2790 5288 3072 5355 imperitet,
3097 5303 3247 5358 quens
3270 5295 3379 5338 tota
3405 5296 3643 5339 armenta
3679 5297 3992 5354 sequantur.

742 5355 1091 5428 dominorum
1126 5370 1362 5421 breviter
1383 5355 2103 5433 depinguntur.Animantia
2126 5370 2316 5433 magna
2428 5359 2521 5433 ωε
2556 5355 2694 5412 inter
2724 5375 2837 5433 sese
2865 5357 3033 5433 multa
3063 5358 3121 5433 τί
3153 5355 3374 5410 vulnera
3416 5359 3653 5433 miscent,

738 5423 1050 5499 robusta
1077 5439 1281 5506 accipe,
1309 5423 1656 5506 vcrbx'gratia
1679 5432 1819 5484 duos
1846 5438 2053 5489 tauros,
2074 5423 2314 5494 qualium
2416 5430 2732 5506 Cornuath
2769 5428 2949 5506 obnixi
2988 5426 3238 5496 inﬁgunt,
3274 5436 3323 5506 et
3360 5427 3618 5494 sanguine
3656 5423 3813 5495 large

738 5502 1279 5585 pugnaanirgili‘us.
1294 5504 1555 5585 describit
1580 5502 1678 5556 lib.
1715 5515 1810 5585 xu;

813 5569 885 5637 λε
914 5580 1051 5635 velut
1078 5569 1279 5648 ingenti
1309 5574 1763 5649 Syla,_sttmnt_ove
1790 5569 2059 5649 Taburno,
2092 5636 2104 5649 .

811 5654 943 5707 Cum
977 5651 1079 5703 duo
1108 5638 1370 5701 conversis
1399 5644 1628 5717 inimica
1650 5643 1703 5695 in
1744 5638 1933 5709 pratia
1959 5638 2121 5717 tauri.

808 5722 1094 5777 Frontibus
1120 5719 1421 5779 incurrunt,
1452 5714 1629 5786 pavidi
1658 5726 1853 5765 cessere
1879 5709 2121 5778 magistri
2141 5721 2161 5761 :

2420 5500 2597 5559 Colla,
2624 5498 2899 5565 armosque
2923 5498 3103 5568 latrant
3121 5512 3140 5550 :
3159 5498 3354 5568 gemitu
3382 5512 3563 5568 nemus
3580 5512 3733 5549 omne
3750 5498 3992 5568 remugit.

2426 5570 2583 5623 Haud
2608 5570 2767 5623 aliter
2802 5569 2925 5622 Tros
2954 5565 3173 5629 Encas,
3200 5574 3250 5619 et
3270 5565 3512 5620 Daunius
3533 5566 3683 5619 Iteros

2420 5641 2753 5694 Concurrunt
2786 5638 2981 5708 clypeis
3014 5654 3033 5690 :
3075 5638 3261 5708 ingens
3295 5636 3478 5708 fragor
3507 5636 3707 5691 ethera
3744 5634 3990 5707 conplet.
