4250 6440
724 407 832 473 235

1895 399 2218 461 1ΟᾹΝΝ13
2257 396 2773 457 CANTACI’ZENI

3863 390 3971 454 236

722 533 931 588 quippe
962 525 1174 585 partem
1211 514 1414 583 quietis
1444 515 1666 583 capient
1693 556 1706 576 ,
1735 514 1910 569 donec
1954 511 2208 581 pluribus
2237 515 2292 560 el

2398 508 2547 559 οὐδὲν
2579 508 2655 559 ἔτι
2686 507 2939 575 ἐμποδὼν
2983 507 3135 559 ἔσται
3167 507 3387 575 βαθείας
3432 507 3726 561 ἀπολαύειν
3767 507 3976 566 πάντας

725 607 895 661 variis
927 605 1411 660 critnittatiottilms
1461 603 1777 671 imperatori
1815 602 2018 654 bellum
2071 612 2294 666 persua-

724 700 922 752 serint.
959 695 1036 750 Nc
1072 704 1256 749 autem
1292 694 1569 748 miremini
1593 735 1608 756 ,
1642 697 1685 745 si
1718 707 1838 744 eum
1869 692 1934 741 ab
1965 690 2082 741 istis
2114 703 2296 740 rerum

725 803 997 841 novarum
1030 785 1247 854 rupidis
1277 800 1338 840 ac
1378 784 1656 854 pestiferis
1692 782 2013 836 tnortalihus
2043 795 2204 832 avum
2244 779 2298 832 in

725 880 981 933 fraudem
1039 878 1327 932 inductum
1390 877 1454 928 iri
1506 875 1727 937 dicam,
1775 891 1861 927 me
1917 873 2041 926 hinc
2093 870 2295 931 eximo,

729 973 885 1041 quasi
942 985 1052 1024 non
1089 969 1234 1022 idem
1283 967 1415 1020 mihi
1449 977 1614 1032 queat
1658 965 1975 1031 contingere
2020 981 2032 1013 :
2084 959 2298 1013 tametsi

720 1069 798 1116 .ita
839 1071 1061 1131 paratus
1089 1099 1104 1120 .
1136 1068 1192 1112 et
1237 1058 1515 1111 animatus
1555 1071 1673 1110 sum
1703 1094 1717 1116 ,
1764 1063 1824 1108 ut
1857 1067 2033 1120 neque
2085 1052 2128 1104 si
2166 1049 2295 1113 quid

727 1170 858 1206 vero
901 1152 1079 1215 fieret,
1113 1149 1317 1202 nedum
1346 1148 1415 1199 ob
1443 1146 1772 1200 ealumniam
1804 1184 1816 1207 ,
1849 1159 1912 1195 ne
1945 1144 1988 1194 si
2027 1157 2186 1203 vera,
2219 1139 2295 1191 iu-

727 1257 888 1309 quant
922 1282 936 1303 ,
965 1240 1031 1292 ad
1071 1255 1154 1292 me
1185 1238 1560 1301 deferrentur,
1612 1236 1678 1289 ad
1714 1235 1915 1288 bellum
1966 1242 2092 1286 ante
2123 1231 2298 1299 prosi-

721 1335 826 1385 lire
855 1332 1042 1394 velim,
1079 1345 1242 1399 quam
1293 1343 1350 1381 re
1408 1329 1525 1395 ipsa
1575 1342 1738 1395 eogar
1789 1341 1934 1377 arma
1985 1334 2294 1390 capessere,

729 1427 1044 1490 bellumque
1087 1423 1220 1475 mihi
1253 1422 1463 1474 illatum
1497 1418 1815 1472 defendere.
1859 1415 1968 1468 Ιὶυι·
1997 1416 2143 1467 enim
2175 1411 2296 1464 ideo

723 1534 750 1566 ιι
796 1531 881 1567 me
928 1515 1166 1576 dicitur,
1217 1511 1362 1580 quod
1415 1509 1744 1563 obtrectatio
1796 1508 1966 1559 multa
2023 1505 2171 1556 velut
2218 1501 2299 1571 pi-

722 1621 890 1671 gnora
926 1603 1067 1672 apud
1114 1618 1241 1656 eum
1297 1601 1483 1654 habet.
1527 1599 1628 1663 Qui
1659 1599 1804 1652 enim
1851 1599 2124 1663 imperat,
2170 1607 2294 1644 cum

725 1696 942 1762 imperii
976 1693 1266 1748 amittendi
1311 1702 1517 1746 metum
1552 1689 1869 1758 conceperit
1892 1727 1905 1748 .
1950 1687 2077 1738 huic
2107 1688 2294 1748 etiam,

722 1789 830 1842 sibi
886 1787 1116 1840 insidias
1165 1785 1351 1850 tendi,
1399 1783 1535 1836 fides
1590 1781 1707 1835 ﬁeri
1759 1781 2001 1850 poterit:
2034 1777 2127 1846 qui
2165 1790 2295 1830 vero

2404 602 2645 668 εἰρήνης.
2703 601 2763 651 Εἰ
2827 599 2872 650 δ’
2915 598 3069 660 αὖθις
3123 606 3448 667 χιυρήσομεν
3499 601 3578 660 εἰς
3645 600 3974 666 μερισμοὺς,

2402 691 2620 758 πρῶτον
2655 693 2753 758 μὲν
2781 691 2912 743 αὐτὸ
2947 692 3102 742 τοῦτο
3127 694 3185 743 τὺ
3215 692 3368 744 δυσὶν
3401 691 3548 743 ἔτεσι
3581 691 3675 742 καὶ
3713 691 3980 752 ἐξίκοντα

2400 781 2536 848 ὁμοῦ
2575 782 2792 833 πάντων
2824 782 3060 850 ἄρχοντα
3097 782 3257 834 αὐτὸν
3301 781 3396 834 νῦν
3443 783 3541 845 τῆς
3574 781 3716 834 κατὰ
3764 781 3980 831 πάντων

2401 869 2646 933 ἐξουσίας
2695 872 3154 940 ἀποστερεῖσθαι,
3190 871 3372 924 ἰκανὸν
3423 873 3557 940 πρ³ις
3606 872 3854 940 ταραχὴν
3887 869 3981 922 καὶ

2400 961 2626 1014 δυνατὸν
2657 963 2768 1023 τοῖς
2801 964 3171 1030 συκοφάνταις
3203 968 3389 1016 πεῖσαι
3419 964 3709 1033 προσέχειν
3744 961 3816 1021 ὡς
3862 962 3981 1010 ἐςτι-

2402 1053 2717 1106 εϋυλεύεται
2759 1055 2891 1124 παρ’
2923 1056 3081 1126 ἡμῶν
3112 1057 3628 1125 καταέευὸομένοις.
3667 1057 3895 1107 Ἔπειτα
3927 1054 3985 1106 δὲ

2401 1147 2494 1196 καὶ
2516 1145 2728 1207 τούτοις
2766 1150 2950 1208 αὐτοῖς
2984 1145 3113 1199 ὥστ’
3140 1149 3285 1215 ἔχειν
3325 1150 3555 1218 ῥάπτειν
3582 1149 3676 1208 τὰς
3703 1147 3981 1205 διαϐολὰς,

2403 1233 2536 1299 ὓλην
2565 1236 2630 1288 ἂν
2674 1238 3056 1305 παράσχοιμεν
3087 1239 3288 1308 πολλὴν
3313 1279 3325 1300 ,
3363 1240 3596 1306 ἐχόντων
3647 1238 3703 1290 δὲ
3757 1237 3987 1287 ἐκείνων

2400 1323 2633 1391 δύναμιν
2665 1329 3033 1395 κακουργεῖν,
3082 1328 3182 1378 οὐκ
3218 1330 3274 1379 ὲν
3317 1327 3493 1395 πολλῴ
3525 1327 3703 1394 χρόνῳ
3740 1328 3987 1390 ἀναγκα-

2403 1415 2718 1484 σθησιμεθα
2770 1415 2920 1478 αὖθις
2971 1420 3268 1486 πολεμεῖν·
3317 1420 3416 1470 οὐκ
3479 1421 3826 1488 ἡρεμήσουσι
3875 1420 3987 1485 γὰρ

2401 1505 2556 1572 ἄχρις
2581 1508 2648 1558 ἂν
2680 1508 2950 1570 ποικίλαις
2975 1510 3065 1560 καὶ
3098 1509 3321 1569 πολλαῖς
3341 1509 3614 1570 διαϐολαῖς
3636 1508 3929 1577 ἐξορμὴτω
3947 1526 3988 1558 ἰ

2402 1597 2534 1666 πρὸς
2585 1597 2817 1666 πιίλεμον
2873 1599 2966 1650 τὸν
3017 1598 3264 1667 βασιλέα.
3321 1603 3410 1668 Μὴ
3460 1601 3783 1670 θαυμάσητε
3832 1601 3883 1651 δὲ
3941 1600 3989 1650 εἰ

2363 1690 2554 1772 κπαρὰ
2585 1691 2690 1740 τῶν
2725 1691 3135 1760 νεωτεροποιῶν
3163 1692 3367 1744 τούτων
3397 1694 3490 1744 καὶ
3521 1694 3737 1761 φυόρων
3781 1692 3958 1756 ὲξαπα
3979 1719 3989 1727 -

2403 1780 2664 1848 τήσεσθαι
2709 1783 2798 1832 τὸν
2835 1781 3064 1850 βασιλέα
3111 1784 3306 1849 λέγων,
3347 1784 3584 1848 ἐμαυτὸν
3638 1782 3839 1850 ἑξαίρω
3895 1781 3988 1832 τοῦ

723 1889 909 1948 paret,
955 1879 1004 1932 ei
1040 1879 1223 1931 isthuc
1260 1874 1579 1946 persuaderi
1615 1889 1722 1925 non
1769 1872 1927 1924 facile
1961 1870 2184 1938 poterit.
2218 1865 2300 1920 Ob

2406 1868 2566 1933 λόγου
2627 1869 2701 1932 ὡς
2754 1873 2829 1938 μὴ
2875 1872 2940 1921 τὰ
2983 1872 3072 1922 [σα
3109 1871 3409 1940 δυνάμενον
3458 1873 3696 1925 παθεῖν.’
3731 1873 3990 1936 Καίτοιχέ

726 1971 841 2022 ha-c
901 1970 1016 2037 ipsa
1075 1969 1240 2036 igitur
1296 1981 1418 2035 quze
1486 1963 1942 2026 eommeumravi,
2010 1960 2144 2012 mihi
2209 1957 2304 2010 diu

726 2060 1073 2127 multmnque
1107 2057 1370 2126 cogitanti
1400 2094 1415 2118 ,
1461 2069 1569 2107 non
1619 2058 1818 2106 iterum
1860 2050 1926 2103 ad
1975 2049 2304 2102 divisionem

720 2151 942 2217 imperii
1005 2148 1380 2210 veniendum;
1439 2145 1535 2199 sed
1611 2143 1907 2210 nobisipsis
1973 2155 2095 2194 cum
2146 2139 2308 2191 rebus

722 2241 985 2295 ouantibus
1011 2242 1063 2294 in
1101 2237 1453 2308 imperatoris
1485 2234 1868 2288 auctoritatem
1904 2230 2307 2299 imperiumque

718 2331 1140 2386 concedendum
1193 2331 1370 2382 visum
1411 2334 1530 2381 est:
1571 2327 1649 2379 sic
1699 2325 1848 2378 enim
1886 2322 2181 2376 desiratam
2217 2335 2310 2388 pa-

716 2425 881 2488 eem,
930 2436 1163 2492 eamque
1227 2419 1630 2473 immutabilem
1687 2432 1914 2487 prorsus
1963 2415 2193 2484 adipisci
2245 2413 2311 2466 li-

718 2515 886 2566 cebit.
936 2511 1031 2566 llis
1064 2528 1091 2564 a
1142 2511 1363 2582 juniore
1396 2508 1731 2578 imperatore
1770 2522 1934 2576 super
1964 2521 2093 2574 pace
2121 2504 2311 2572 displi-

720 2605 893 2667 tiatis,
927 2604 1020 2658 diu
1081 2606 1252 2657 altum
1305 2600 1410 2656 fuit
1440 2601 1493 2654 in
1546 2600 1782 2653 concilio
1825 2597 2102 2667 silentium
2131 2636 2144 2660 ,
2179 2611 2312 2648 cun.

718 2699 824 2752 etis
873 2713 936 2752 ea
983 2697 1233 2751 oratione
1287 2695 1538 2749 attonitis
1580 2713 1591 2746 :
1631 2693 1792 2761 100
1841 2705 2119 2758 nunqua'u
2157 2687 2306 2741 cuitu

722 2791 774 2841 in
831 2797 1067 2841 mentem
1107 2787 1218 2840 illis
1263 2786 1542 2850 venisset,
1587 2784 1678 2837 tali
1733 2781 1895 2835 tnodo
1931 2796 2117 2850 pacem
2166 2795 2314 2832 com-

720 2881 960 2950 positum
1010 2879 1094 2932 iri.
1133 2876 1270 2932 Cum
1303 2876 1442 2930 nihil
1485 2874 1922 2944 responderetur
1949 2913 1963 2932 ,
2011 2886 2314 2926 conversus

718 2971 788 3025 ad
821 2986 1073 3040 magnum
1107 2969 1471 3022 domesticum
1501 2987 1513 3022 :
1545 2967 1659 3020 Non
1695 2969 1805 3036 jam
1839 2965 2036 3020 silendi
2075 2973 2311 3032 tempus,

722 3064 941 3132 inquit,
977 3063 1072 3115 tibi
1111 3062 1216 3130 ipsi
1251 3099 1265 3122 ,
1295 3061 1350 3154 si
1379 3059 1512 3130 quid
1545 3069 1700 3127 potes
1728 3097 1742 3120 ,
1777 3068 1833 3112 et
1862 3057 1986 3111 aliis
2034 3055 2100 3108 ad
2148 3054 2314 3109 verba

723 3171 843 3209 mea
872 3145 1326 3224 respondendum
1358 3161 1464 3206 est.
1519 3151 1659 3205 Tum
1712 3149 1909 3203 ille'sic
1937 3148 2054 3202 infit
2081 3167 2092 3200 :
2128 3145 2309 3215 Siqui-

719 3250 886 3313 dem,
941 3251 1270 3317 imperator,
1327 3257 1526 3300 contra
1573 3243 1836 3297 barbaros
1885 3253 2082 3295 natura
2123 3241 2307 3293 hostes

722 3343 928 3396 bellum
978 3339 1140 3393 nobis
1176 3348 1495 3407 susceptum
1547 3345 1732 3401 esset,
1783 3334 1922 3388 nihil
1977 3343 2090 3387 erat
2127 3331 2308 3386 cousi-

721 3435 1032 3486 derandum
1061 3430 1208 3484 aliud
1239 3471 1254 3495 ,
1315 3431 1419 3483 nisi
1454 3426 1732 3497 quomodo
1765 3426 2009 3479 victores
2040 3425 2160 3477 loca
2192 3440 2308 3477 om-

719 3525 810 3580 nia
848 3521 1253 3593 populabundi,
1304 3532 1361 3575 et
1407 3517 1776 3591 jugulabundi
1827 3529 2306 3586 percursarcmus,

721 3629 895 3682 usque
929 3612 1057 3665 dum
1094 3625 1290 3665 ouines
1333 3609 1581 3663 czedibus
1625 3623 1655 3661 e
1709 3604 1890 3660 medio
1942 3605 2259 3657 tolleremus
2292 3643 2306 3668 ,

719 3714 817 3758 aut
845 3704 1038 3760 saltem
1071 3702 1124 3755 in
1152 3702 1480 3756 servitutem
1516 3699 1771 3754 redactos
1802 3738 1816 3762 ,
1854 3698 2178 3751 tributarios
2213 3709 2310 3750 no-

721 3810 867 3850 stros
892 3795 1218 3850 faceremus.
1259 3793 1354 3848 Sin
1389 3806 1547 3861 aequo
1576 3790 1749 3846 Marte
1786 3791 1935 3860 paria
1967 3805 2152 3844 rerum
2189 3803 2306 3841 mo-

719 3898 902 3940 menta
930 3896 1109 3940 essent
1138 3925 1152 3950 ,
1189 3883 1468 3952 quomodo
1500 3882 1567 3936 ad
1600 3897 1796 3938 eorum
1827 3898 1985 3936 usum
2029 3881 2129 3948 ipsi
2171 3896 2308 3950 quo-

720 3993 827 4048 que
874 3990 976 4029 nos
1008 3975 1586 4029 aceonunodareutus.
1641 3973 1914 4040 Quoniam
1970 3989 2101 4026 vero
2134 3986 2312 4041 neque

720 4070 1014 4121 adversum
1047 4065 1182 4118 tales
1230 4078 1580 4134 pugnamus,
1626 4079 1806 4130 neque
1852 4062 2146 4114 adversum
2194 4075 2313 4126 eos,

720 4160 814 4228 qui
849 4174 1135 4211 sacrorum
1197 4156 1374 4218 socii,
1413 4167 1609 4208 caetera
1665 4155 1850 4207 hostes
1897 4168 2056 4205 suum
2108 4152 2311 4220 princi-

721 4264 910 4320 patum
948 4257 1180 4310 tenent,
1218 4261 1360 4316 quos
1401 4247 1636 4301 fortasse
1689 4245 2097 4314 potentioribus
2132 4243 2316 4311 oppri-

721 4339 956 4394 mendos
1002 4339 1290 4392 condones
1337 4354 1352 4390 :
1409 4337 1504 4390 sed
1555 4347 1746 4389 contra
1801 4333 2209 4402 homophylos,
2258 4342 2315 4387 et

721 4433 1214 4502 conjunctissimos
1241 4470 1254 4491 .
1285 4431 1413 4500 quis
1473 4431 1721 4500 prudens
1746 4469 1761 4492 ,
1799 4430 2033 4484 obsecro
2055 4469 2067 4491 ,
2125 4440 2178 4482 et
2227 4428 2313 4482 vel

2407 1957 2579 2020 οὕτως
2625 1958 2733 2028 ἔχω
2789 1962 3138 2028 παρασκευῆς
3189 1962 3282 2013 καὶ
3339 1962 3598 2030 γνώμης,
3639 1962 3712 2022 ὠς
3764 1963 3857 2014 0ὑὸ
3928 1962 3993 2013 ἂν

2410 2049 2463 2101 εἴ
2517 2067 2570 2101 τι
2623 2051 2854 2116 γένοιτο,
2916 2052 3142 2120 μήτοιγε
3198 2057 3260 2105 ὲκ
3307 2055 3583 2124 διαῦολῆς,
3619 2054 3736 2106 ἀλλ’
3792 2056 3903 2108 οὐδ’
3945 2057 3991 2107 εἰ

2411 2141 2583 2210 ἀληθῆ
2638 2143 2704 2194 τὰ
2746 2143 3018 2213 λεγόμενα
3063 2147 3148 2216 εἴη
3179 2185 3194 2209 ,
3248 2148 3382 2216 πρὶς
3434 2147 3672 2216 πόλεμον
3723 2148 3993 2216 πρότερος

2411 2234 2572 2296 αὐτὸς
2621 2234 2941 2305 ἔξορριήσων
2967 2237 3095 2307 πρὶν
3129 2236 3194 2290 ἂν
3225 2241 3406 2300 αὐτοῖς
3445 2241 3626 2307 ἔργοις
3659 2240 3994 2306 ἀναγκασθῶ

2411 2326 2487 2387 ὡς
2522 2326 2744 2379 ἐπιόντα
2775 2328 3134 2391 ἀπωσάμενος
3166 2331 3256 2381 τὸν
3291 2331 3547 2398 πόλεμον,
3589 2335 3658 2384 τὰ
3689 2332 3831 2384 ὅπλα
3866 2333 3997 2383 ἀνα-

2411 2415 2732 2484 λαμϐάνειν,
2763 2418 2876 2473 ἀλλ’
2913 2419 2986 2482 ὡς
3037 2422 3265 2492 ἐνέχυρα
3299 2424 3460 2474 ἰκανὰ
3500 2426 3631 2492 πρὶς
3661 2425 3868 2476 ἐκεῖ-,ον
3895 2425 3994 2490 τῆς

2412 2509 2667 2579 διαϐολῆς
2725 2513 2979 2581 ἐχούσης.
3043 2513 3104 2566 Ὀ
3157 2516 3262 2583 γὰρ
3318 2517 3501 2584 ἄρηων
3540 2514 3614 2586 μῆ
3673 2517 3768 2586 τὴν
3821 2519 3998 2585 ἀρχὴν

2414 2601 2742 2672 ἀφαιρεθείη
2763 2602 3036 2669 δεδοικὼς,
3064 2605 3164 2658 κᾶν
3193 2607 3643 2661 ἐπιϐουλεύεσθαι
3667 2609 3942 2677 πεισθείη·
3974 2613 3998 2660 ὁ

2414 2692 2681 2746 δουλεύων
2705 2695 2782 2758 δὲ,
2807 2695 2904 2747 οὐκ
2926 2696 2990 2749 ἂν
3016 2698 3255 2750 πείθοιτο
3270 2700 3492 2771 ῥᾳδίως.
3515 2701 3736 2754 Τούτων
3753 2703 3815 2769 δὴ
3834 2704 3998 2754 ἕνεκα

2413 2773 2488 2832 ὦν
2520 2775 2694 2846 εἷπον,
2717 2785 2806 2875 *μὴ
2841 2785 3006 2836 πάλιν
3039 2787 3176 2875 πρὸὲ
3228 2792 3531 2858 μερισμους
3565 2792 3659 2862 τῆς
3690 2793 3867 2862 ἀρχῆς
3902 2796 3999 2844 ἐπὶ

2417 2875 2552 2926 πολὺ
2600 2873 2929 2946 σκεψαμένῳ
2959 2875 3104 2941 ἔδοξε
3138 2873 3250 2944 δεῖν
3288 2885 3488 2950 χωρεῖν
3513 2899 3526 2912 ·
3583 2884 3698 2938 ἀλλ’
3734 2888 3885 2954 ἡμᾶς
3935 2902 3996 2938 τε

2418 2967 2611 3027 αὐτοὺς
2649 2968 2742 3018 καὶ
2777 2969 2952 3020 πάντα
2981 2973 3245 3040 χρήματα
3294 2975 3638 3050 ἀγαγόντας,
3689 2978 3998 3047 ἐγχειρίσαι

2421 3054 2669 3126 βασιλεῖ·
2729 3057 2873 3110 οὕτω
2932 3061 3041 3130 γὰρ
3081 3061 3150 3132 ἣν
3201 3062 3480 3133 ποθοῦμεν
3531 3067 3757 3138 εἰρήνην
3803 3068 4000 3134 βεόαία

2421 3151 2724 3216 περιέσται.
2759 3152 2995 3205 Τοιαῦτα
3039 3157 3166 3224 περὶ
3217 3157 3312 3223 τῆς
3365 3159 3587 3228 εἰρήνης
3625 3160 4000 3230 διειλεγμένου

2410 3241 2504 3294 τοῦ
2540 3242 2832 3310 βασιλέως,
2868 3246 2960 3298 ἐπὶ
2997 3247 3134 3300 πολὺ
3171 3249 3269 3318 μὲν
3296 3252 3354 3302 τὸ
3391 3250 3773 3322 βουλευτήριον
3815 3257 4001 3322 σιωπὴ

2413 3336 2648 3402 κατέσχε
2683 3334 2897 3404 βαθεῖα,
2929 3340 3147 3393 πάντων
3185 3344 3316 3409 πρὶς
3345 3345 3467 3406 τοὺς
3495 3345 3686 3412 λόγους
3723 3347 4002 3413 ὲκπεπλη-
4035 3369 4038 3372 ⁴

2412 3430 2653 3494 γμένων.
2700 3429 2775 3480 Ού
2826 3429 2932 3500 γὰρ
2979 3432 3044 3484 ἂν
3084 3433 3180 3484 ἐπὶ
3231 3436 3500 3500 τοιούτοις
3548 3436 3809 3508 ᾠήθησαν
3866 3457 4001 3492 ποτε

2410 3517 2666 3584 γενέσθαι
2730 3518 2829 3587 τὴν
2883 3523 3130 3592 εἰρήνην.
3175 3525 3657 3598 Ἀποκριναμένων
3709 3531 3763 3582 δὲ
3822 3533 4002 3595 οὐδὲν,

2411 3611 2776 3700 ἐπιστραφεὶς
2809 3614 2836 3664 ὁ
2866 3613 3122 3682 βασιλεὺς
3156 3618 3292 3687 πρὸς
3317 3620 3409 3672 τὸν
3447 3623 3625 3689 μέγαν
3655 3621 4000 3692 δομέστικον,

2414 3701 2487 3754 Οὐ
2552 3704 2786 3770 σιωπᾷν,
2817 3702 2944 3773 ἔφη,
2996 3705 3212 3776 χρεών
3272 3707 3386 3760 ἀλλ’
3433 3710 3599 3764 αὐτόν’
3641 3728 3698 3762 τε
3729 3712 3803 3773 ὼς
3858 3713 4003 3780 ἔχεις

2413 3797 2540 3862 περὶ
2589 3793 2698 3846 τῶν
2756 3796 3067 3866 εἰρημένων
3100 3801 3352 3862 καὶτοὺς
3387 3802 3582 3866 ἄλλους
3632 3805 3835 3873 λέγειν.
3884 3807 4004 3859 Ἐπὶ

2411 3884 2621 3948 τούτοις
2645 3887 2671 3938 ὁ
2701 3886 2874 3955 μέγας
2895 3887 3220 3957 δομέστικος
3251 3888 3373 3945 εἷπε
3407 3896 3586 3949 τοιάδε
3612 3913 3624 3927 ·
3650 3897 3712 3949 Εἰ
3736 3899 3836 3966 μὲν
3867 3902 4003 3969 πρ“ς

2415 3975 2750 4046 βαρϐάρους,
2799 3971 2843 4030 ὦ
2903 3979 3166 4047 βασιλεῦ,
3215 3987 3342 4049 τοὺς
3402 3987 3566 4053 φύσει
3623 3988 3920 4057 πολεμίους
3976 3993 4004 4046 ὁ

2418 4067 2652 4136 πόλεμος
2686 4070 2818 4138 ἡμῖν
2841 4065 2930 4140 ἦν,
2965 4073 3120 4126 οὐδὲν
3151 4074 3340 4143 ἕτερον
3369 4077 3476 4129 ἔδει
3508 4083 3755 4145 σκοπεῖν,
3785 4083 3816 4151 ἦ
3854 4083 4003 4146 ὅπως

2415 4157 2483 4227 ἦν
2517 4159 2615 4228 μὲν
2643 4161 3067 4233 περιγενώμεθα
3091 4165 3168 4234 τῷ
3197 4167 3439 4239 πολέμῳ,
3467 4172 3740 4238 ἐπεξιέναι
3767 4178 3860 4226 καὶ
3884 4175 4004 4227 δια-

2417 4251 2687 4321 φθείρειν,
2729 4252 2891 4322 ἄρχις
2923 4254 2988 4306 ἂν
3019 4257 3048 4325 ἦ
3080 4259 3436 4328 ὲκτρὶψαντες
3470 4264 3796 4333 ποιήσωμεν
3833 4269 4002 4320 ἐκπο-

2416 4339 2542 4405 δὼν,
2575 4341 2607 4410 ἢ
2651 4342 2779 4408 τόγε
2813 4342 3066 4414 δεύτερον
3087 4346 3491 4419 δουλωσάμενοι
3521 4354 3842 4423 ποιήσωμεν
3867 4356 4000 4409 ὑπο-

2419 4434 2641 4510 φρρους.
2671 4435 2732 4486 Εἰ
2759 4436 2813 4488 δὲ
2841 4437 3107 4507 ἰσόρῥοπα
3140 4439 3270 4508 ἡμῖν
3301 4443 3369 4494 τὰ
3398 4444 3700 4513 πράγματα
3734 4441 3823 4517 ἦν,
3865 4451 4004 4518 πρὸς

722 4527 1000 4578 tantillum
1038 4524 1313 4577 sollicitus
1337 4563 1351 4584 ,
1387 4539 1453 4576 ne
1485 4523 1628 4592 apud
1669 4522 1875 4575 inferos
1902 4522 2043 4574 inter
2079 4520 2301 4574 damna-

2410 4525 2506 4591 τὴν
2578 4525 2760 4577 αὐτῶν
2841 4527 3029 4596 χρείαν
3102 4530 3549 4600 μεθαρμόζεσθαι
3611 4537 3702 4588 καὶ
3774 4539 3996 4600 αὐτούς.

729 4628 815 4670 tos
849 4623 1147 4677 releratur,
1179 4615 1384 4668 bellutn
1433 4617 1536 4668 hoc
1587 4615 1708 4683 paei
1747 4611 2088 4682 anteponat?
2143 4614 2307 4680 Atqui

631 4758 636 4762 .
722 4723 792 4760 ne
830 4708 909 4760 sic
937 4707 1164 4774 quidem
1195 4708 1352 4760 vobis
1384 4706 1812 4772 imperatoribus
1841 4704 2198 4758 distributum
2230 4715 2311 4757 est

723 4795 1029 4862 imperium
1058 4835 1073 4855 ,
1125 4804 1184 4847 ut
1214 4795 1354 4846 alter
1403 4803 1646 4846 vestrum
1678 4794 1925 4846 exercitu
1975 4808 2038 4846 ex
2073 4793 2307 4856 oriente,

719 4887 864 4938 alter
895 4899 961 4936 ex
991 4883 1283 4936 oecideute
1331 4884 1565 4936 collecto
1616 4882 1816 4936 militet
1847 4901 1857 4935 :
1896 4891 2038 4935 essvt
2075 4881 2222 4934 enim
2255 4881 2307 4934 id

723 4975 1111 5034 tolerabilius.
1148 4975 1414 5027 Romanis
1468 4974 1634 5027 etiam
1687 4973 1766 5026 sic
1819 4972 2306 5035 concurrentibus,

719 5079 780 5120 et
831 5067 978 5118 inter
1013 5080 1073 5118 se
1117 5063 1542 5133 perimcnultus.
1594 5063 1698 5128 Qui
1752 5073 1931 5117 tamen
1988 5064 2078 5117 illa
2113 5076 2309 5117 conso-

717 5158 923 5213 latione
971 5161 1363 5220 mulcereutur,
1410 5159 1556 5226 quod
1592 5160 1861 5227 perempti
1900 5159 2050 5211 nulla
2083 5173 2180 5211 eos
2211 5171 2307 5210 co-

717 5252 984 5320 gnatione
1034 5251 1394 5316 attingerent.
1452 5250 1608 5302 Nunc
1663 5249 1716 5300 in
1769 5249 2050 5302 communi
2105 5247 2305 5300 Itoma-

718 5360 920 5398 norum
954 5345 1272 5398 calamitate
1307 5347 1380 5397 ita
1413 5361 1471 5398 se
1505 5360 1591 5398 res
1623 5345 1808 5410 habet,
1841 5354 1899 5397 ut
1927 5345 2058 5412 ipsa:
2085 5343 2302 5401 domus.

719 5434 923 5486 nedum
976 5436 1143 5488 urbes
1194 5434 1250 5487 in
1306 5451 1365 5488 se
1398 5435 1766 5497 divisaesiut,
1823 5445 1878 5488 et
1926 5437 2125 5488 fratres
2180 5450 2304 5487 cum

718 5525 986 5579 ftatt'ibus
1016 5566 1030 5589 ,
1087 5537 1144 5580 et
1175 5526 1270 5580 filii
1302 5543 1428 5580 eum
1482 5527 1804 5595 parentibus
1829 5567 1845 5592 ,
1898 5537 1952 5581 et
1985 5527 2145 5580 amici
2181 5543 2304 5578 cum

716 5616 918 5669 amiets
958 5617 1397 5685 gertnanissimis
1435 5633 1543 5670 non
1591 5633 1690 5670 suo
1745 5620 2025 5687 ipsorum,
2067 5619 2160 5670 sed
2200 5619 2301 5668 im-

718 5717 1040 5775 peratorum
1091 5707 1241 5761 inter
1269 5723 1325 5761 se
1358 5707 1486 5760 odio
1522 5709 1937 5776 depra'lientur.
1995 5708 2304 5762 Verisimile

715 5813 887 5868 porro
930 5807 1013 5853 est
1042 5839 1055 5864 ,
1103 5801 1372 5868 quosdam
1435 5800 1859 5854 iuterleetorum
1894 5818 1920 5851 a
1964 5816 2022 5853 se
2083 5814 2298 5868 pazruut

2425 4613 2646 4683 Ἐπειδὴ
2670 4615 2725 4667 δέ
2758 4617 2906 4669 ἐστιν
2935 4617 3057 4672 οὕτε
3089 4623 3227 4688 πρλς
3265 4623 3426 4690 φύσει
3458 4626 3750 4697 πολεμίους
3787 4630 4002 4701 βαρὸἀ·

2415 4721 2563 4775 ρους,
2595 4707 2720 4758 οὔτε
2762 4710 2896 4778 πρὸς
2944 4711 3042 4780 τὴν
3097 4715 3270 4784 αὐτὴν
3335 4717 3433 4785 μὲν
3491 4721 3805 4789 ᾑρημένους
3865 4724 4005 4792 θρη-

2414 4799 2600 4850 σκείαν
2635 4800 2787 4867 ἡμῖν,
2811 4801 2982 4863 ἄλλως
3006 4803 3061 4855 δὲ
3092 4807 3385 4875 πολεμίους
3412 4809 3508 4860 καὶ
3541 4810 3648 4862 ὑπὸ
3678 4813 3817 4864 ἰδίαν
3841 4830 4000 4867 τετα-

2413 4887 2649 4956 γμένους
2699 4892 3022 4959 ἠγεμονίαν,
3050 4893 3143 4956 οὒ,
3181 4897 3248 4949 ἄν
3289 4914 3374 4961 τις
3420 4899 3550 4960 (seu;
3584 4904 3678 4954 καὶ
3713 4903 4002 4972 βιάζεσθαι

2413 4983 2792 5049 συγχωρήσειε
2821 4983 3168 5054 δυναμένοις,
3202 4988 3338 5041 ἀλλὰ
3368 4990 3505 5060 πρὸς
3543 4993 3852 5061 ὁμοφύλους
3905 4996 4000 5049 καὶ

2410 5073 2813 5140 οἰκειοτάτους,
2847 5076 2932 5138 τίς
2973 5077 3039 5128 ἂν
3086 5078 3210 5131 νοῦν
3257 5079 3417 5151 ἔχων,
3470 5088 3567 5136 καὶ
3619 5091 3824 5155 μικράν
3873 5105 4001 5142 τινα

2412 5163 2738 5231 ποιούμενος
2794 5167 3061 5236 φροντίδα»
3108 5172 3218 5234 τοῖς
3270 5175 3328 5223 ἐν
3378 5173 3505 5244 ᾅδου
3552 5179 3866 5241 καταδίκοις
3920 5179 3998 5250 μὴ

2412 5257 2692 5319 συνεῖναι,
2754 5257 2957 5326 μᾶλλον
3011 5261 3076 5311 ἂν
3120 5261 3398 5318 ἀνθέλοιτο
3452 5266 3544 5318 τὸν
3601 5269 3840 5336 πόλεμον
3893 5270 4000 5338 τῆς

2411 5345 2675 5415 εἰρήνηςς
2719 5350 2964 5416 καίτοιγε
3011 5349 3121 5404 οὐδ’
3174 5351 3318 5406 οὕτω
3365 5359 3812 5428 συμμεμέρισται
3866 5361 4000 5430 ὑμῖν

2409 5439 2520 5498 τοῖς
2570 5436 2853 5506 βασιλεῦσι
2911 5442 2979 5493 τὰ
3033 5443 3133 5509 τῆς
3182 5444 3381 5515 ἀρχῆς,
3417 5448 3493 5507 ὡς
3538 5449 3629 5502 τὸν
3669 5451 3766 5518 μὲν
3797 5451 3901 5519 τῆς
3932 5456 4001 5508 ἐκ

2408 5529 2502 5596 τῆτ
2536 5530 2610 5582 έω
2643 5534 2926 5617 στρατιᾶς,
2956 5535 3053 5604 τῆς
3084 5537 3343 5608 ἑσπερίου
3391 5542 3445 5595 δὲ
3472 5543 3561 5594 τὸν
3608 5545 3795 5616 ἕτερον
3829 5564 3998 5617 στρα-

2408 5622 2594 5686 τηγεῖν
2631 5616 2722 5690 (ἦν
2749 5624 2859 5693 γὰρ
2917 5624 3058 5677 οὕτω
3112 5644 3176 5680 τι-
3208 5630 3574 5702 μετριώτερον
3598 5637 3639 5705 ⁸)
3699 5616 3998 5706 Ῥωμαέοις

2412 5711 2510 5780 μὲν
2537 5715 2628 5765 καὶ
2664 5713 2809 5767 οὕτω
2853 5716 3146 5787 Ῥωμαίων
3177 5726 3597 5792 συμπιπτόντων
3640 5732 3734 5782 καὶ
3781 5749 3997 5785 κτεινοο

2413 5803 2608 5872 μένων.
2648 5808 2839 5881 Ὅμως
2865 5809 2910 5862 δ’
2935 5810 3028 5865 οὖν
3055 5830 3177 5868 τινα
3221 5819 3573 5888 παραμυθὶαν
3619 5824 3678 5875 τὺ
3711 5823 3786 5889 μὴ
3820 5842 3996 5879 ποοσ-
