4250 6440
241 416 346 481 237

1422 403 1950 469 ῐῙίΞΤΟῐὶιΑῐῖυλι
2003 405 2233 462 LIBER
2279 404 2302 461 Ι

3372 405 3478 476 238

243 529 402 596 ήκειν
462 527 641 584 αὐτοῖς
716 523 835 576 καθ’
904 517 1041 590 αἷμα
1101 523 1223 582 τοὺς
1297 517 1921 588 ἀποσφαττομένουςλε

1803 532 1810 574 ;
1841 517 1886 571 Α
1916 528 2162 574 suorum.
2195 525 2288 567 aut
2329 513 2578 575 fratrtmi,
2611 522 2702 566 aut
2746 515 3047 568 amicorum
3085 515 3256 582 Spolia
3300 516 3481 584 legen-

248 619 549 685 οἰομέκυν·
605 615 718 666 νυνὶ
773 614 818 665 δ’
872 612 1114 682 οὖτωςή
1175 612 1329 681 κοινὴ
1375 613 1480 663 τῶν
1527 610 1815 677 Ῥωμαίων

246 706 616 758 συνεσκεύασε
659 703 1050 772 δυστυχία,·ὠς
1101 703 1271 764 αὑτὰς
1321 702 1418 763 τὰς
1451 700 1628 760 οἰκίας
1679 697 1816 767 πρὶς

243 797 481 865 ἀλλήλας
518 795 889 865 μερισθεῖσας,
916 794 1144 862 μήτοιγε
1179 791 1384 854 πόλεις,
1413 791 1506 843 καὶ
1555 789 1817 857 ἀδελφοὺς

245 887 520 953 ἀλλήλοις,
558 885 652 936 καὶ
685 884 878 945 παῖδας
911 884 1174 952 πατράσι,
1223 883 1320 933 καὶ
1351 882 1536 950 φίλους
1580 897 1815 949 γνησιω-

244 978 432 1039 τάτοις
469 977 644 1042 φίλοις
695 975 754 1027 οὐ
785 972 863 1042 τῷ
911 975 1158 1042 σφετέρῳ
1203 973 1403 1034 αὐτῶν,
1437 971 1571 1023 ἀλλὰ
1605 971 1680 1040 τῷ
1711 970 1820 1022 τῶν

247 1067 520 1135 βασιλέων
550 1066 698 1134 ἔχθει
742 1064 1022 1132 πολεμεῖν.
1059 1065 1214 1125 Εἰκές
1249 1064 1305 1114 δὲ
1349 1063 1445 1116 καὶ
1495 1062 1622 1132 παρ’
1653 1062 1819 1124 αὑτὰς

245 1159 344 1218 τὰς
395 1156 572 1224 μάχας
626 1145 715 1207 τὸν
764 1155 978 1224 πατέρα
1034 1154 1123 1206 τὸν
1163 1156 1362 1208 οἰκεῖον
1403 1156 1435 1224 ἢ
1477 1155 1566 1206 τὸν
1596 1155 1820 1221 ἀδελφὺν

247 1247 652 1300 ἀποκτείναντά
678 1263 796 1300 τιτι-α
829 1247 862 1315 ἥ
899 1246 988 1298 τὸν
1018 1247 1191 1315 φίλον,
1225 1249 1281 1299 ὲν
1308 1245 1385 1314 τῷ
1420 1246 1702 1299 σκυλεύειν
1724 1246 1822 1314 τὴν

247 1339 695 1407 δυστυχεστάτην
729 1337 1026 1404 ἐπιγνῶναι
1053 1338 1233 1406 νίκην,
1264 1331 1326 1390 οὗ
1354 1337 1406 1389 τί
1435 1337 1824 1408 σχετλιώτερον

248 1430 453 1499 γένοιτ’
485 1431 592 1495 ἄνς
643 1422 720 1481 ὧν
761 1428 824 1497 δὴ
873 1429 1062 1492 ἓνεκα,
1106 1429 1268 1491 αὑτός
1327 1447 1386 1480 τε
1433 1428 1672 1499 ἠγοῦμαι
1726 1430 1824 1497 τὴν

248 1523 478 1590 εῖρήνην
535 1519 856 1583 λυσιτελεῖν,
902 1521 995 1572 καὶ
1025 1523 1073 1571 οἰ
1102 1519 1250 1572 ἄλλοι
1305 1519 1825 1590 συνεπιψηφίζονται

249 1615 474 1674 πάντες.
523 1612 742 1682 Ἐπειδὴ
792 1612 849 1664 δὲ
894 1611 988 1666 νῦν
1022 1612 1117 1664 καὶ
1147 1612 1232 1680 ἐφ’
1266 1613 1472 1676 ὁποίοις
1505 1613 1566 1682 δή
1596 1613 1824 1682 τισιτὴν

250 1709 476 1775 εἰρήνην
503 1705 758 1772 γενέσθαι
780 1705 862 1758 δεῖ
885 1705 1171 1772 πρόκειται
1217 1709 1440 1758 σκοπεῖν
1467 1705 1609 1758 ὥστε
1644 1706 1827 1774 μένειν

255 1797 503 1866 βεϐαίαν,
549 1797 642 1848 καὶ
679 1797 754 1865 μὴ
800 1797 968 1848 ’πάλιν
1026 1799 1350 1864 προφάσεων
1404 1797 1542 1865 πρὸς
1588 1798 1826 1867 πόλεμον

254 1887 534 1954 εὐπορεῖν,
569 1886 618 1936 εί
661 1887 758 1952 μὲν
807 1885 953 1954 ἕτερ’
998 1884 1134 1938 ἄττα
1183 1884 1216 1954 ἢ
1280 1885 1442 1949 αὐτὸς
1477 1887 1729 1957 εἴρηκας,
1787 1881 1832 1940 ὦ

255 1976 499 2048 βασιλεῦ,
529 1977 828 2041 λυσιτελεῖν
861 1977 1212 2046 ἐλογιζόμην,
1259 1974 1412 2031 εἷπον
1454 1979 1518 2032 ἂν
1556 1980 1836 2042 ἐνδοιάσας

258 2070 426 2138 μηδέν
455 2085 468 2096 ·
507 2067 776 2137 ἐπειδὴδὲ
804 2068 922 2136 ἅμα
955 2085 1014 2120 τε
1059 2068 1248 2122 δίκαια
1283 2071 1377 2122 καὶ
1401 2069 1480 2140 τῷ
1513 2070 1679 2139 κοινῷ
1703 2087 1838 2138 συμ-

257 2164 498 2230 φέροντα
548 2160 860 2228 Ῥωμαίων,
895 2155 990 2213 κάξ
1024 2161 1158 2230 πρὸς
1194 2161 1434 2223 εὐδοξίαν
1459 2162 1671 2224 οὐδενὸς
1713 2162 1838 2214 δεύ-

255 2271 390 2325 τεροι
416 2253 600 2323 σαυτῴ
627 2270 683 2304 τε
703 2253 932 2323 εἴρηκας
956 2253 1048 2304 καὶ
1072 2254 1227 2320 ἡμῖν,
1243 2252 1364 2319 Θεῴ
1385 2251 1464 2322 τῷ
1487 2251 1594 2305 τῶν
1619 2253 1839 2319 ἀγαθῶν

257 2346 628 2416 θαῤῥήσαντες
680 2346 882 2413 ἐφόρῳ,
930 2346 1008 2405 εἰς
1051 2344 1186 2412 ἔργα
1237 2341 1562 2412 προάξωμεν
1605 2343 1839 2406 τοὺςλόο

257 2455 414 2506 γους.
449 2434 685 2490 Τοιαῦτα
740 2435 838 2505 μὲν
870 2435 966 2486 καὶ
996 2434 1024 2486 ὁ
1073 2434 1248 2503 μέγας
1297 2433 1618 2504 δομέστικος
1643 2429 1796 2486 εἶπεν
1825 2450 1837 2464 ·

259 2528 585 2596 ἐπιτραπεὶς
620 2527 678 2578 δὲ
727 2525 824 2578 καὶ
853 2527 880 2578 ὁ
916 2525 1382 2594 πρωτοστράτωρ,
1413 2523 1448 2578 ἃ
1501 2525 1650 2578 δοκεῖ
1701 2542 1840 2594 συμ-

261 2623 500 2690 φέροντα
531 2620 734 2684 εἰπεῖν,
771 2618 882 2690 Τὴν
913 2620 1012 2687 μὲν
1038 2618 1262 2689 εἰρήνην
1289 2617 1362 2680 ὼς
1390 2616 1593 2685 ἀγαθὸν
1627 2620 1720 2671 καὶ
1747 2619 1834 2670 λυ-

263 2714 474 2777 σιτελὲς
512 2714 640 2785 ἡμῖν
672 2730 730 2766 τε
760 2713 854 2766 καὶ
885 2710 963 2780 τῷ
992 2711 1160 2778 κοινῷ
1196 2711 1488 2778 Ῥωμαίων
1521 2711 1704 2771 παντὶ,
1737 2711 1845 2763 οὐδ’

260 2807 326 2862 ἂν
353 2807 516 2870 αὐτὸς
545 2805 843 2876 ἀρνηθείην
864 2822 877 2835 ⁸
915 2805 990 2878 μὴ
1023 2807 1118 2858 καὶ
1146 2803 1360 2858 οἴεσθαι
1403 2805 1496 2858 καὶ
1525 2807 1843 2868 πεπεῖσθαι,

264 2901 410 2966 εἷπε,
443 2901 575 2970 ’παρ’
612 2901 785 2970 ὑμῶν.
821 2899 1092 2968 Τοιαύτην
1129 2899 1311 2968 μέντοι
1357 2898 1474 2952 οἵαν
1509 2899 1673 2963 αὐτὸς
1696 2901 1848 2972 εἴρη-

264 3011 365 3057 κας
395 2993 676 3062 γενέσθαι,
727 2989 974 3061 βασιλεῦ,
1009 2991 1133 3043 οὐδὲ
1172 2991 1471 3058 ὑπονοῆσαι
1529 3009 1658 3044 ποτε
1719 2995 1848 3058 ὁμο-

264 3080 433 3147 λογῶ.
504 3081 866 3150 Ἐλογιζόμην
917 3082 1028 3148 γὰρ
1080 3081 1164 3133 ὅτι
1210 3081 1345 3151 πρὸς
1389 3077 1471 3144 οἷς
1521 3083 1846 3152 κατείχομεν

1919 614 2030 670 tes,
2069 607 2498 659 infrlicissitram
2537 606 2818 658 victoriam
2851 606 3134 673 agnituws
3165 624 3177 658 :
3211 623 3321 672 quo
3349 608 3480 667 quid

1918 695 2139 748 tandem
2170 696 2583 750 miserabilius?
2613 693 2695 749 0b
2729 695 2826 748 has
2872 711 2960 748 res
2989 710 3090 766 ego
3120 735 3134 759 ,
3190 697 3483 763 caeteriqnn

1918 801 2110 839 omnes
2144 786 2370 840 omnino
2411 799 2598 853 pacem
2652 785 2964 839 conducere
3017 787 3304 842 sentimus.
3343 787 3483 852 Quia

1920 890 2052 944 ergo
2084 889 2230 928 nunc
2257 887 2436 928 certas
2469 875 2540 928 ob
2573 889 2763 928 causas
2798 889 2918 928 eam
2949 877 3288 930 constituere
3321 893 3489 945 opor.

1923 973 2022 1028 tet,
2056 965 2501 1032 dislsidendum,
2529 981 2639 1033 quo
2685 976 2842 1033 pacto
2892 966 3225 1021 inviolabilis
3275 983 3487 1033 perma-

1926 1065 2092 1108 neat:
2127 1071 2193 1108 ne
2245 1072 2464 1109 I‘UI'SUIII
2511 1057 2834 1110 οοραείοιιοε
2880 1073 3158 1110 ιιι-ιιιοτυῐιι
3219 1073 3491 1112 renovan-

1926 1148 2124 1200 dorum
2167 1149 2508 1202 exorianlur.
2565 1147 2620 1201 Si
2660 1147 2808 1202 aliud
2861 1163 3022 1216 quam
3059 1148 3157 1202 abs
3193 1158 3244 1202 te
3283 1149 3491 1204 dictum

1924 1251 2008 1297 est
2035 1285 2048 1308 ,
2081 1244 2214 1298 utile
2250 1243 2584 1308 arbitrarer,
2613 1257 2720 1296 non
2765 1243 3101 1297 dubitassem
3129 1283 3144 1307 ,
3185 1243 3240 1298 itl
3283 1245 3337 1298 in
3379 1261 3496 1298 me-

1925 1335 2076 1388 dium
2110 1333 2327 1387 afferre.
2365 1333 2470 1388 Sed
2501 1335 2761 1403 quoniam
2789 1345 2842 1388 et
2867 1336 3008 1403 iusta
3035 1346 3090 1389 et
3125 1337 3496 1392 Romanorum

1926 1426 2204 1480 communi
2243 1426 2530 1494 frugifera,
2558 1435 2614 1480 et
2650 1427 2772 1490 tibi,
2803 1427 3072 1496 nobisque
3101 1429 3496 1497 gloriosissima

1929 1519 2262 1580 disseruisti,
2316 1519 2428 1572 Deo
2479 1519 2748 1572 bonorum
2783 1519 3014 1588 praeside
3046 1521 3208 1586 freti,
3260 1522 3327 1576 ad
3363 1539 3501 1591 Opus

1930 1611 2096 1666 verba
2154 1611 2526 1665 conferemus.
2569 1611 2695 1664 llaec
2724 1627 2954 1681 magnus
2985 1614 3358 1678 domesticus;
3411 1633 3500 1670 se.-

1930 1703 2170 1754 cuntlum
2203 1717 2366 1768 quem
2415 1711 2469 1756 et
2523 1711 2892 1764 protostrator
2939 1705 3083 1772 quod
3131 1715 3349 1774 putaret
3383 1707 3503 1760 fore

1934 1809 1964 1846 e
2003 1809 2058 1846 re
2099 1792 2312 1861 publica
2345 1793 2642 1862 eloquendi
2695 1794 2852 1862 copia
2901 1793 3046 1848 facta
3077 1813 3093 1850 :
3127 1795 3322 1864 Pacem
3349 1838 3363 1858 ,
3421 1800 3507 1852 in-

1935 1883 2089 1950 quit,
2126 1883 2278 1953 101
2315 1884 2478 1937 nobis
2507 1921 2522 1947 ,
2577 1883 2788 1953 totique
2834 1885 3067 1954 imperio
3117 1887 3362 1942 Romano
3409 1873 3508 1942 Ιίοο

1939 1990 2063 2027 nam
2119 1991 2182 2028 ac
2231 1978 2524 2028 salutarem
2579 1991 2664 2030 me
2708 1977 3000 2046 judicare,
3048 1987 3106 2032 et
3152 1978 3224 2034 ita
3271 1995 3300 2033 a
3353 1982 3508 2036 vobis

1939 2081 2264 2134 persuasum
2318 2081 2439 2121 esse
2485 2067 2628 2120 haud
2695 2068 3027 2124 inﬁciabor:
3097 2071 3258 2124 talem
3325 2081 3509 2131 autem

1945 2157 2344 2212 conﬁciendam
2377 2173 2520 2224 esse,
2552 2159 2770 2226 qualem
2806 2169 2886 2223 tu,
2931 2161 3251 2230 imperator,
3299 2164 3512 2222 deseti-

1943 2249 2123 2318 psisti,
2149 2263 2432 2316 nunquam
2467 2263 2552 2303 me
2579 2249 2922 2318 suspicatum
2971 2251 3258 2308 conﬁteor.
3301 2255 3512 2310 Mecum

1941 2341 2086 2395 enim
2120 2341 2468 2409 cogitabam,
2503 2355 2606 2395 nos
2633 2340 2700 2394 ad
2735 2356 2800 2395 ea
2833 2355 2954 2410 quae
2985 2343 3141 2411 prius
3191 2347 3518 2406 tenebamus

1945 2432 2156 2486 recenti
2220 2432 2536 2487 accessione
2586 2431 2762 2495 facta,
2815 2448 2924 2486 non
2981 2448 3144 2502 parva
3173 2445 3364 2492 auctos
3417 2455 3518 2508 po-

1949 2527 2122 2581 tentia
2149 2568 2163 2592 ,
2203 2527 2354 2595 pacis
2387 2526 2568 2581 lmdus
2608 2526 2840 2580 icturos.
2885 2529 3038 2583 Unde
3069 2529 3192 2584 aliis
3221 2531 3289 2584 d’e
3317 2546 3378 2586 ea
3409 2535 3520 2586 dis.

1951 2621 2273 2676 serentibus
2306 2661 2320 2684 ,
2371 2621 2728 2690 cupidissime
2787 2623 3189 2680 auscultabam.
3241 2623 3514 2684 Cancrum

1945 2710 2074 2779 quia
2109 2711 2224 2790 haec
2257 2711 2344 2763 via
2378 2710 2475 2764 tibi
2506 2709 2678 2779 magis
2730 2711 3016 2780 probatur,
3045 2712 3178 2767 mihi
3213 2731 3432 2786 quoque
3465 2729 3524 2776 ιιι

1947 2801 2234 2869 probetur,
2273 2817 2501 2870 prorsus
2528 2815 2756 2856 necesse
2782 2812 2886 2856 est.
2921 2803 3000 2856 Ex
3035 2820 3146 2873 quo
3179 2819 3416 2880 namque
3453 2809 3524 2866 ad

1947 2894 2331 2950 auctoritatem
2363 2901 2508 2946 tuam
2541 2907 2627 2946 me
2652 2893 2860 2947 contull
2885 2935 2899 2960 ,
2947 2892 3028 2948 sic
3057 2911 3144 2949 uie
3173 2896 3387 2952 institui
3420 2939 3433 2962 ,
3467 2909 3529 2960 ιιι

1954 2997 2134 3043 tecum
2199 2987 2386 3038 vivere
2429 2985 2586 3052 juxta
2656 2999 2722 3039 ac
2778 2987 2932 3050 mori,
2979 3003 3088 3041 non
3141 3005 3386 3048 recusem
3422 2991 3527 3064 (fi),

1949 3079 2128 3144 Quare
2159 3077 2262 3132 etsi
2297 3077 2457 3131 aliter
2479 3093 2668 3148 pacem
2702 3077 3013 3134 confectum
3035 3081 3104 3136 iri
3141 3081 3526 3150 ratiocinabar.

265 3175 536 3242 πρότερον
561 3175 654 3226 καὶ
678 3173 740 3224 ὲκ
761 3173 870 3224 τῶν
891 3169 988 3224 νῦν
1013 3171 1527 3241 προσχωρησάντων
1558 3174 1656 3226 οὐκ
1687 3175 1846 3242 ὀλίγα
1871 3191 1916 3255 C

1901 3193 1916 3254 ι
1953 3172 2130 3225 nihilo
2183 3171 2364 3224 minus
2396 3185 2522 3224 cum
2557 3171 2671 3224 haec
2705 3181 2794 3224 tua
2837 3187 2991 3226 mens
3039 3173 3112 3228 sit
3145 3174 3339 3241 hodie,
3380 3179 3530 3247 quod
3573 3231 3579 3236 ,

267 3263 660 3332 κατασχόντες,
691 3261 788 3324 τὰς
819 3261 914 3314 ἐπὶ
943 3263 1006 3330 τῇ
1038 3261 1232 3329 εἰρήνῃ
1258 3263 1560 3332 ποιήσομεν
1586 3265 1848 3327 σπονδάς.

268 3355 360 3407 Διδ
399 3357 488 3407 καὶ
525 3353 805 3424 προθυμίᾳ
843 3357 942 3407 σὺν
973 3353 1144 3424 πολλῇ
1180 3359 1288 3406 των
1319 3357 1447 3426 περὶ
1489 3357 1589 3424 τῆς
1629 3360 1850 3426 εἰρήνης

268 3447 500 3518 εἰχόμην
545 3447 751 3514 λόγων·
805 3445 996 3516 ἐπειδὴ
1048 3445 1106 3498 δέ
1141 3462 1224 3498 σοι
1252 3445 1396 3500 οὕτω
1441 3447 1648 3517 βέλτιον
1685 3449 1851 3514 δοκεῖ,

269 3538 442 3607 κάμοὶ
479 3537 631 3590 πᾶσα
683 3536 966 3589 συνδοκεῖν
1021 3533 1262 3604 ἀνάγκη.
1306 3536 1394 3602 Ἐξ
1442 3537 1567 3589 ὅτου
1616 3539 1724 3607 γάρ
1773 3556 1854 3592 σοι

269 3631 454 3698 φέρων
485 3627 730 3694 ὑπέταξα
761 3627 1024 3696 ἐμαυτὸν,
1071 3625 1216 3680 οὕτω
1249 3628 1574 3698 πέπεισμαι,
1625 3629 1698 3690 ὡ,
1741 3633 1856 3698 ἃμα

273 3739 352 3776 σοι
386 3722 485 3774 καὶ
533 3720 977 3791 ἀποθανούμενος
1009 3721 1106 3773 καὶ
1159 3719 1394 3789 βιώσων.
1441 3720 1644 3788 Διόπερ
1683 3724 1731 3774 εί
1765 3724 1858 3773 καὶ

271 3815 438 3876 αὐτὸς
471 3813 677 3882 ἑτέρως
709 3810 1039 3881 ἐλογιζόμην
1070 3810 1297 3863 ἔσεσθαι
1325 3807 1428 3880 τὴν
1451 3812 1676 3881 εἰρήνην
1696 3827 1710 3840 ο
1743 3811 1858 3863 ἀλλ’

271 3911 463 3979 ἐπειδὴ
499 3910 616 3962 νυνί
655 3926 737 3962 σοι
770 3907 963 3962 τοῦτον
1003 3908 1096 3961 τὸν
1125 3909 1332 3978 τρόπον
1361 3907 1527 3972 δοκεῖ,
1563 3907 1634 3971 ὡς
1665 3907 1730 3962 ἂν
1763 3909 1860 3960 αὺ-

271 4004 374 4067 τδς.
395 4001 606 4072 βέλτιον
645 4003 754 4072 ἡγῇ
788 4000 1072 4055 τελείσθω.
1111 3997 1351 4051 Τοιαῦτα
1381 4002 1474 4052 καὶ
1506 4001 1860 4071 πρωτοστρά-

273 4113 432 4166 τορος
462 4095 706 4155 εἰπόντος
737 4092 1141 4162 εὐχαρμστήσας
1170 4091 1200 4143 ὀ
1237 4089 1510 4160 βασιλεὺς,
1537 4092 1864 4144 ἐπυνθάνετο

273 4187 384 4239 τῶν
419 4187 617 4240 ἄλλων.
673 4183 1022 4253 Ἐπισχὸντες
1057 4181 1113 4234 δὲ
1169 4183 1388 4252 μικρὸν,
1442 4183 1598 4252 Παρὰ
1651 4183 1733 4236 σοὶ
1769 4187 1864 4251 τὴν

276 4278 556 4344 ἐξουσίαν,
584 4276 820 4345 ἔφασαν,
860 4271 1000 4327 εἶναι
1035 4273 1131 4326 τοῦ
1165 4273 1431 4343 πράττειν
1453 4289 1466 4304 ·
1517 4273 1782 4341 δεσπότῃ
1810 4275 1864 4329 δὲ

276 4371 371 4432 ὢν,
403 4369 441 4422 ἃ
475 4369 656 4440 βούλει
703 4369 915 4435 πρᾶττε
943 4384 956 4398 ·
987 4367 1098 4436 Τὴν
1149 4365 1405 4436 τοιαύτην
1439 4365 1495 4418 δὲ
1547 4369 1863 4434 ἀπολογίαν,

277 4463 338 4516 οὐ
371 4461 690 4522 πεισθέντες
723 4462 836 4524 τοῖς
891 4460 1232 4531 εἰρημένοις,
1264 4458 1380 4510 ἀλλ’
1433 4457 1614 4528 ἀηδῶς
1663 4459 1866 4528 μᾶλλον

1953 3263 2161 3337 rectius
2194 3277 2410 3328 censes,
2445 3263 2496 3316 id
2547 3261 2637 3316 ﬁat
2673 3277 2826 3316 sane.
2883 3263 3184 3333 Imperator
3227 3276 3535 3337 protostra-

1956 3361 2063 3413 tori
2099 3359 2215 3411 hinc
2267 3358 2565 3428 prolocuto
2595 3366 2800 3428 gratias
2829 3361 2980 3430 egit,
3027 3370 3084 3414 et
3113 3363 3248 3418 alios
3299 3363 3538 3423 interro-

1955 3453 2123 3520 gavit.
2171 3450 2272 3515 Qui
2306 3465 2365 3504 se
2404 3451 2727 3519 colligentes
2785 3453 3233 3521 responderunt:
3267 3457 3402 3511 Cum
3435 3459 3537 3511 do-

1959 3543 2140 3596 minus
2169 3543 2272 3606 sit,
2325 3542 2380 3596 in
2437 3557 2602 3594 manu
2641 3541 2764 3610 ejus
2813 3559 2933 3598 esse
2966 3545 3149 3600 facere
3199 3563 3318 3616 quae
3353 3549 3539 3605 vellet.

1958 3633 2306 3703 Responsum
2369 3633 2538 3688 hocce
2595 3635 2922 3702 perturbato
2995 3653 3057 3691 ac
3135 3639 3280 3693 tristi
3355 3642 3542 3698 animo

1959 3724 2360 3790 reddiderunt;
2395 3739 2504 3778 non
2537 3725 2684 3779 enim
2720 3727 2846 3782 illos
2881 3728 3162 3784 orationes
3211 3741 3544 3802 antegressas

1963 3827 2408 3871 commoverant.
2443 3817 2632 3871 Nihilo
2658 3819 2841 3874 minus
2876 3819 3200 3889 imperator,
3231 3825 3378 3893 quod
3401 3827 3547 3880 εοίρ..

1963 3907 2057 3960 bat
2106 3908 2319 3962 nescire
2372 3909 2681 3972 simulans,
2737 3911 2821 3964 eis
2874 3912 3126 3966 similiter
3161 3916 3366 3984 gratias
3411 3917 3544 3988 egit,

1969 4009 2417 4069 conventumque
2448 4001 2632 4068 solvit.
2684 3999 2818 4054 Inde
2852 4017 3028 4072 usque
3060 4002 3128 4056 ad
3177 4003 3322 4060 dietn
3376 4009 3549 4076 septi.

1965 4105 2115 4143 mum
2150 4094 2312 4159 ipse,
2363 4107 2596 4161 magnus
2645 4092 2984 4147 domesticus
3012 4135 3026 4160 ,
3077 4103 3134 4148 et
3181 4105 3550 4165 protostrator

1969 4184 2267 4256 eptitnates
2295 4199 2357 4237 ac
2382 4184 2621 4240 selectos
2647 4223 2660 4249 ,
2697 4201 2906 4255 pt-rqne
2938 4187 3060 4242 illos
3091 4197 3259 4242 totam
3294 4191 3552 4247 multitu-

1969 4275 2154 4329 dinem
2207 4283 2264 4327 ut
2297 4289 2486 4342 pacem
2525 4286 2750 4346 propter
2786 4278 3030 4332 rationes
3067 4289 3194 4333 ante
3228 4280 3405 4337 dielas
3434 4298 3554 4339 ani-

1970 4370 2137 4440 plecti
2193 4370 2434 4432 vellent,
2485 4385 2629 4438 aegre
2694 4369 3056 4424 induxerunt.
3114 4371 3179 4424 Et
3231 4373 3554 4444 imperatori

1972 4463 2198 4532 quidem
2252 4476 2376 4514 cum
2415 4461 2605 4528 paucis
2643 4461 2975 4530 quibusdam
3028 4461 3095 4516 de
3145 4465 3422 4520 nol-ilibus
3457 4483 3558 4536 pa.

277 4551 436 4608 εἶπον
465 4553 828 4614 διατεθέντες.
875 4551 933 4604 '0
977 4553 1162 4621 μέντοι
1191 4549 1467 4620 βασιλεὺς,
1521 4545 1632 4619 τῆν’
1663 4553 1862 4605 ἁπολο·
1900 4528 1942 4582 D

1900 4528 2091 4608 Dcem
2145 4563 2316 4607 ratam
2385 4553 2564 4606 facere
2621 4553 2862 4616 licebat;
2932 4570 3118 4608 verum
3177 4555 3229 4610 id
3275 4543 3557 4617 communi

277 4649 406 4718 γίαν
442 4649 468 4701 ὅ
497 4665 552 4700 τι
575 4648 686 4702 νοεῖ
717 4646 1157 4716 ὑποκρινάμενος
1187 4645 1423 4712 ἀγνοεῖν,
1456 4643 1865 4714 εὐχαριστήσας

281 4741 379 4794 καὶ
427 4741 635 4802 αὐτοῖς,
668 4725 888 4790 διέλυσε
915 4739 1016 4807 τὴν
1063 4736 1386 4805 ὲκκλησίαν.
1432 4733 1521 4800 Ἐξ
1563 4735 1778 4806 ἐκείνης
1811 4739 1866 4790 ὃὶ

1976 4645 2240 4716 suffragio
2291 4643 2410 4698 ﬁeri
2465 4644 2776 4698 consultius
2829 4644 3008 4699 visum
3049 4655 3170 4712 est;
3219 4663 3340 4717 qua:
3393 4664 3559 4708 causa

1975 4739 2082 4793 fuit
2105 4778 2119 4800 ,
2148 4747 2322 4790 utres
2353 4737 2420 4790 ad
2457 4736 2602 4791 hunc
2639 4737 2859 4790 modum
2892 4737 3401 4794 administraretur.

281 4837 378 4889 καὶ
409 4836 492 4897 εἰς
521 4834 772 4906 ιέϐδόμην
799 4833 1016 4904 ἡμέραν
1053 4834 1080 4885 ὁ
1115 4830 1374 4902 βασιλεὺς
1446 4829 1524 4900 τῷ
1570 4832 1790 4901 μεγάλῳ
1853 4835 2164 4906 δομεστίκῳ
2219 4831 2337 4900 ἅμα
2369 4832 2464 4883 καὶ
2513 4817 2963 4902 πρῶτοστροὶτορι
3006 4831 3132 4894 τούς
3204 4850 3260 4886 τε
3309 4836 3367 4886 ἐν
3418 4832 3560 4890 τέλει

285 4935 378 4988 καὶ
409 4935 537 4996 τοὺς
583 4931 818 5000 λογάδας
863 4928 1145 4991 πείθοντες
1217 4928 1318 4996 τῆς
1368 4928 1652 4996 στρατιᾶς,
1693 4929 1783 4982 καὶ
1836 4932 1904 4983 δι’
1940 4931 2120 4983 αὐτῶν
2155 4929 2299 4983 ἆπαν
2332 4929 2390 4981 τὸ
2420 4927 2644 4996 πλῆθος,
2679 4930 2905 4998 ἴσχυσαν
2937 4930 3092 4998 μόλις
3147 4930 3560 5000 εὐπαρὰδεκτον

285 5031 424 5084 πᾶσι
458 5028 558 5098 τὴν
593 5027 686 5079 ἐπὶ
723 5028 834 5089 τοῖς
863 5025 1173 5096 εἰρημένοις
1219 5026 1447 5093 εἰρήνην
1501 5026 1861 5098 καταστῆσαι.
1915 5027 2080 5098 Ἐξῆν
2115 5029 2215 5097 μὲν
2280 5025 2376 5080 οὖν
2434 5029 2527 5081 καὶ
2583 5025 2798 5094 βασιλεῖ
2833 5028 2932 5078 σὺν
2976 5027 3179 5096 ὀλίγοις
3223 5029 3331 5080 τῶν
3364 5032 3564 5098 ἐπεφα,

285 5126 393 5177 νῶν
420 5141 532 5176 τισι
559 5123 655 5192 τὴν
687 5121 909 5197 εἰρήνην
936 5117 1162 5190 κυροῦν.
1211 5119 1416 5173 Ἐδόκει
1445 5119 1500 5172 δὲ
1533 5119 1740 5190 βέλτιον
1809 5121 2063 5190 γενέσθαι
2133 5123 2300 5196 ψήφῳ
2349 5123 2528 5191 κοινῇ,
2563 5121 2659 5174 καὶ
2697 5120 2787 5172 διὰ
2851 5120 3012 5173 τοῦτο
3046 5121 3114 5176 τὰ
3163 5121 3389 5176 τοιαῦτα
3423 5123 3564 5194 ᾠκο-

285 5221 528 5290 νομείεο.

1559 5333 1776 5396 Jacobi
1815 5334 2077 5395 Pontani
2117 5343 2303 5395 noue.

366 5489 441 5560 (9i
476 5487 590 5543 lmo
619 5487 919 5560 recusavit,
954 5493 1010 5540 et
1051 5481 1256 5560 defecit
1301 5463 1664 5560 ttirpiter,_ti-t
1695 5480 1886 5560 videre

295 5552 385 5615 est
429 5561 572 5614 libro
633 5559 816 5617 tertio,
849 5555 1319 5626 quemadmodum
1352 5564 1404 5626 et
1435 5552 1792 5626 Syrgiaimes.
1820 5555 1884 5602 tle

299 5647 410 5704 quo
449 5645 645 5701 supra.
701 5621 959 5683 Solus-ex
999 5625 1179 5681 tribus
1209 5621 1573 5679 amicissimis
1613 5621 1886 5678 Cantacu-

1988 5495 2158 5554 zciius
2214 5480 2268 5554 in
2313 5476 2701 5554 lidepcrstitit
2751 5492 2926 5554 usque
2977 5477 3042 5530 ad
3115 5488 3447 5547 extremum.
3499 5473 3567 5538 Ὦ

1985 5551 2158 5619 φίλοι,
2185 5553 2363 5614 οὐδεὶς
2392 5551 2563 5618 φίλος,
2585 5549 2768 5602 aiebat
2786 5549 3067 5604 Sobralcs.
3208 5565 3212 5570 ’
