4250 6440
234 414 337 480 ἥς

1408 408 1940 466 ιιιδίιηιιήιιυδι
1984 406 2211 465 LIBER
2247 407 2293 464 I.

3332 403 3439 466 210

247 529 531 582 κατέλιπεν
568 526 684 577 ἐκεῖ
711 522 813 590 τῆς
840 524 1099 591 στρατιᾶς
1135 521 1222 574 διὰ
1246 511 1307 572 ἓὸ
1333 519 1443 571 τῶν
1471 519 1790 585 ἐπιτηδείων
1822 518 1864 576 Α
1891 533 1920 571 a

1764 536 1790 567 ν
1822 518 1864 576 Α
1891 517 2242 587 adjurabant.
2266 503 2509 572 Consilio
2536 517 2695 585 118
2715 517 2978 571 militibus
3007 516 3295 584 patefacto,
3320 532 3442 571 cum

243 624 338 689 τὴν
374 617 532 669 πόλιν
556 614 833 682 εὐπορεῖν.
860 612 1029 673 Αὐτὸς
1054 612 1108 663 δέ
1153 612 1251 677 τῆς
1291 612 1547 677 στρατιᾶς
1580 609 1789 673 ὀλίγους

244 710 356 777 ἅμα
387 708 465 776 τῷ
493 704 712 774 μεγάλῳ
736 700 1041 771 δομεστίκῳ
1074 700 1402 768 παραλαϐὼν
1428 699 1527 767 τὴν
1557 700 1614 760 ἐς
1633 699 1790 749 Διδυ-

247 801 490 869 μότειχον
519 799 628 867 ᾔει.
655 795 874 858 Μεταξὺ
901 793 956 845 δέ
980 781 1079 859 τῆς
1106 809 1164 843 τε
1182 788 1458 858 Ἀδριανοῦ
1483 790 1576 841 καὶ
1603 787 1790 851 αὐτοῦ,

247 894 304 942 ἐν
361 889 546 959 χωρίῳ
601 887 708 939 τινὶ
772 883 1186 952 Προμουσούλου
1241 879 1792 949 προσαγορευομένῳ,

252 980 479 1047 στρατιᾷ
499 978 818 1044 περιέτυχον
859 974 1119 1041 Σκυθικῇ,
1149 970 1454 1039 ἀνδράποδά
1478 986 1537 1020 τε
1572 969 1665 1021 καὶ
1691 964 1796 1019 λοι-

250 1066 356 1132 πὴν
376 1065 527 1117 λείᾱν
553 1064 760 1132 ἀγούσῃ
791 1060 1014 1127 πολλὴν.
1042 1057 1200 1111 Οὕτω
1227 1057 1279 1109 δὲ
1306 1056 1400 1109 τοῦ
1430 1057 1595 1108 τόπου
1621 1071 1796 1124 παρα-
1820 1060 1823 1064 ’

252 1159 493 1225 σχόντος,
528 1156 642 1215 τοῖς
694 1152 795 1219 μὲν
838 1150 1129 1217 Ῥωμαίοις
1164 1149 1195 1217 ή
1228 1146 1337 1198 τῶν
1384 1144 1608 1198 Σκυθῶν
1638 1160 1799 1213 στρα-

250 1251 337 1300 τιὰ
368 1244 434 1316 ἦν
457 1244 775 1312 καταφανής
795 1259 808 1272 ·
832 1242 1014 1294 οὐκέτι
1036 1240 1091 1292 δὲ
1110 1238 1207 1292 καὶ
1234 1237 1563 1307 ήῬωμαίων
1591 1236 1795 1295 αὐτοῖς.

249 1338 668 1404 Βευλευσαμένῳ
696 1333 758 1403 δὴ
796 1332 870 1402 τῷ
902 1332 1113 1402 βασιλεῖ
1141 1330 1257 1398 ἃμα
1284 1329 1361 1397 τῷ
1396 1326 1618 1395 μεγάλῳ
1643 1327 1801 1395 δομε-

250 1429 417 1496 στίκῳ
440 1427 612 1478 ἐδόκει
637 1426 936 1492 ἐπιχειρεῖν
964 1423 1169 1485 αὐτοῖς,
1194 1423 1241 1472 εί
1265 1421 1357 1472 καὶ
1388 1416 1740 1487 τριπλασίους
1763 1414 1796 1484 ἢ

250 1520 344 1571 καὶ
373 1518 589 1577 πλείους
625 1516 732 1567 τῶν
764 1514 1042 1583 σφετέρων
1074 1510 1385 1579 ἐνομίζοντο
1431 1508 1797 1579 στρατιωτῶν.

246 1606 430 1661 Ἦσαν
461 1608 517 1659 δέ
539 1606 599 1658 οὐ
630 1605 770 1674 τρὶς,
800 1604 933 1655 ἀλλὰ
957 1604 1050 1654 καὶ
1072 1602 1296 1662 δεκάκις
1318 1600 1463 1652 τόσοι
1487 1616 1502 1631 ο
1530 1593 1668 1668 ἦσαν
1694 1598 1799 1666 γὰρ

251 1676 416 1766 ἐγγὺς
471 1695 647 1748 αὐτῶν
704 1695 798 1746 καὶ
858 1693 1037 1759 ἕτεροι
1100 1689 1649 1759 ἐστρατοπεδευμένοι
1705 1688 1800 1749 οὓς

251 1792 479 1858 ἀφανεῖς
523 1789 551 1839 ό
578 1786 776 1854 Ἕϐρος
843 1785 1015 1837 ἐποίει
1064 1783 1349 1850 κειμένους
1398 1782 1525 1849 παρ’
1561 1779 1799 1848 αὐτᾷ),οἶ

251 1878 656 1950 προσεϐοήθουν
694 1876 994 1945 γενομένης
1027 1874 1122 1942 τῆς
1179 1872 1478 1941 συμϐολῆς.
1542 1871 1695 1925 Uitta
1746 1870 1804 1921 δέ

248 1971 428 2034 δόξαν,
464 1968 559 2020 καί⁵
586 1967 699 2030 τοῖς
724 1965 1085 2034 στρατιώταις
1110 1964 1206 2033 τὴν
1229 1963 1456 2031 γνώμην
1478 1960 1803 2015 ἐκοινοῦντο.

262 2066 348 2126 Ὠς
390 2063 446 2116 δὲ
477 2062 568 2117 καί
590 2062 775 2121 αὐτοῖς
806 2059 982 2112 ἐδόκει
1019 2058 1266 2127 μαχητέα
1292 2054 1451 2119 εἶναι,
1485 2055 1577 2107 καὶ
1608 2056 1806 2124 μᾶλλον

248 2150 393 2223 ἦσαν
425 2152 823 2221 προθυμότεροι
862 2142 957 2202 τοῦ
994 2147 1275 2216 βασιλέως,
1313 2147 1421 2199 τῶν
1467 2148 1649 2198 ἵππων
1677 2146 1808 2198 dno-

252 2248 473 2307 ϐάντες,
506 2245 601 2295 καὶ
637 2242 771 2294 Θεὸν
800 2239 1279 2307 ἐπικαλεσάμενοι,
1316 2240 1440 2300 τοὺς
1472 2238 1569 2307 μὲν
1603 2237 1808 2295 ἀδίκως

253 2334 792 2406 ἐπιστρατεύσαντας
832 2330 1169 2385 κολάσασθαι
1220 2330 1318 2396 τῆς
1356 2329 1590 2392 ἀδικίας,
1629 2328 1809 2391 αὐτοῖς

249 2429 309 2481 δέ
364 2426 682 2496 τιμωρῆσαι
751 2422 1010 2496 δικαίως,
1046 2422 1425 2490 ἀμυνομένοις.
1480 2421 1706 2491 Σταυρῷ
1750 2439 1808 2474 τε

253 2515 682 2575 καθοπλίσαντες
721 2512 969 2577 ἑαυτοὺς,
1000 2509 1229 2578 ἔφιπποι
1270 2510 1550 2580 γενόμενοι
1578 2511 1814 2579 ἐπῄεσαν

249 2608 364 2667 τοῖς
398 2603 692 2674 βαρϐάροις
720 2601 975 2670 ἀτρέπτῳ
1001 2599 1095 2651 καὶ
1144 2598 1439 2669 παραϐόλῳ
1467 2600 1808 2667 φρονήματι·

158 2682 159 2689 γ
254 2697 350 2747 καὶ
373 2697 422 2746 oi
453 2693 656 2746 Σκύθαι
690 2693 906 2754 ἰδόντες,
942 2690 1279 2758 ἀντεπῄεσαν
1310 2690 1405 2741 καὶ
1435 2690 1608 2743 αὐτοί.
1647 2691 1817 2757 Προσ-

253 2785 513 2856 εϐοήθουν
556 2785 612 2836 δὲ
657 2786 752 2837 καὶ
780 2784 829 2833 oi
863 2781 1030 2849 ἐγγὺς
1076 2781 1658 2849 ἐστρατοπεδευμένοι.
1708 2782 1814 2868 καὶ

252 2877 555 2945 γενομένης
576 2875 756 2944 μάχης
778 2872 1077 2941 καρτερᾶς,
1104 2870 1238 2923 Θεοῦ
1267 2872 1675 2940 συμμαχοῦντος
1704 2874 1816 2930 τοῖς

265 2966 584 3035 Ῥωμαίοις,
611 2964 907 3035 ἐτρέψαντό
927 2980 988 3015 τε
1016 2962 1137 3023 τοὺς
1168 2962 1499 3032 βαρϐάρους,
1520 2964 1612 3014 καὶ
1638 2959 1821 3028 ἐνίκηέ

262 3079 361 3113 σαν
389 3060 535 3112 κατὰ
560 3061 759 3126 κράτος
785 3074 799 3089 ο
834 3056 930 3108 καὶ¹
964 3055 1090 3117 τοὺς
1125 3054 1223 3122 μὲν
1253 3055 1580 3106 ἀπέκτειναν
1611 3055 1813 3115 αὐτῶν,

1893 616 2221 676 congrueret
2276 607 2490 661 illorum
2525 608 2775 661 voluntas
2821 617 2876 661 et
2936 611 3228 671 strttetttia,
3280 625 3448 678 seque

1894 686 2224 766 imperatore
2253 699 2372 765 ipso
2405 697 2679 766 pugnandi
2708 697 3039 766 ‘cupidiores
3074 702 3445 762 ostenderent,

1895 787 1962 842 de
1991 789 2148 856 equis
2194 788 2619 852 descenderunt,
2650 788 2817 842 Deum
2848 790 3174 858 suppliciter
3203 803 3444 851 orantes.

1897 888 1955 933 ut
1993 888 2103 931 tam
2129 862 2348 946 iniquos
2377 879 2704 946 praedatores
2731 880 2946 948 punire,
2980 891 3034 935 et
3058 882 3285 950 injurias
3308 885 3454 953 juste

1896 982 1955 1021 se
2001 967 2411 1022 defendentium
2445 967 2634 1022 ulcisci
2656 969 2836 1024 vellet.
2887 969 3025 1023 Tum
3074 972 3229 1040 signo
3275 974 3452 1026 erucis

1897 1055 2243 1119 eommuniti,
2276 1070 2492 1108 rursum
2519 1071 2689 1124 equos
2727 1059 3113 1119 ascenderunt,
3153 1062 3455 1114 constanti-

1898 1160 2003 1213 que
2031 1160 2095 1199 ac
2124 1145 2310 1200 fidenti
2361 1148 2543 1199 animo
2595 1147 2647 1200 in
2697 1148 2961 1203 barbaros
3016 1165 3073 1204 se
3135 1151 3456 1206 incitarunt.

1900 1233 2118 1305 Scytha:
2167 1251 2291 1289 cum
2325 1236 2410 1291 his
2441 1238 2534 1305 qui
2584 1253 2691 1292 una
2721 1240 3032 1303 veniebant,
3063 1242 3181 1295 viso
3213 1243 3457 1299 Romanu

1898 1336 2089 1379 contra
2148 1326 2375 1394 gradum
2425 1321 2756 1383 inferebant.
2790 1330 2971 1400 Pugna
3005 1341 3159 1386 atrox
3212 1336 3457 1388 conseri-

1902 1425 2025 1477 tur;
2066 1417 2319 1483 Romani,
2354 1419 2463 1473 Deo
2483 1420 2801 1485 auxiliante,
2824 1424 2878 1474 vi
2907 1431 2961 1476 et
2981 1423 3180 1477 virtute
3219 1426 3454 1481 victores

1899 1506 2157 1571 evadunt,
2189 1508 2490 1577 partimque
2516 1511 2750 1565 hostium
2778 1524 3035 1573 mactant.
3066 1518 3262 1583 partim
3294 1518 3347 1571 in
3376 1521 3453 1574 fu-

1899 1610 2021 1664 gam
2057 1605 2320 1660 vertunt,
2376 1599 2573 1666 partim
2620 1601 2671 1651 in
2724 1598 2923 1653 ﬂumen
2956 1599 3194 1655 Hebrum
3228 1609 3466 1674 compel-

1901 1687 2022 1739 lunt
2074 1701 2135 1739 ac
2164 1686 2524 1756 submergunt
2564 1705 2577 1741 :
2614 1704 2847 1757 quorum
2901 1702 3024 1746 octo
3050 1703 3101 1747 et
3129 1695 3314 1764 viginti
3354 1709 3470 1753 tan-

1908 1782 2019 1827 tum
2073 1776 2337 1828 tranantlo
2373 1776 2536 1829 vitam
2579 1779 2945 1835 retinuerunt.
2981 1783 3208 1838 Romani
3240 1787 3471 1866 cadave-

1912 1865 2063 1918 ribus
2110 1866 2376 1934 spoliatis,
2430 1869 2681 1937 vasisque
2704 1878 2758 1923 et
2781 1872 3014 1927 sarcinis
3058 1874 3309 1945 direptis,
3345 1865 3468 1935 cum

1914 1954 2094 2023 praeda
2128 1964 2181 2010 ct
2212 1956 2462 2026 captivis.
2538 1949 2765 2027 ipseque
2816 1963 3143 2030 imperatore
3173 1966 3472 2038 Didymoti-

1913 2044 2075 2098 chum
2108 2045 2337 2115 ingressi
2372 2056 2521 2101 sunt.
2554 2048 2778 2103 Barbari
2809 2054 3133 2121 superstites
3164 2056 3229 2109 ad
3264 2060 3472 2113 exerci-

1915 2143 2029 2188 tum
2063 2136 2290 2200 re‘versi,
2316 2137 2677 2192 infortunium
2710 2156 2866 2194 suum
2900 2143 3135 2199 ducibus
3162 2162 3470 2204 narrarunt.

1916 2226 1955 2280 li
1987 2226 2405 2282 fortissimorum
2437 2230 2705 2285 delectam
2739 2248 2960 2286 manum
2996 2235 3049 2288 in
3086 2238 3341 2293 eumdem
3388 2241 3473 2295 lo-

1916 2329 2063 2377 cum,
2113 2314 2204 2369 uhi
2253 2318 2499 2386 przelium
2538 2330 2656 2373 erat
2712 2320 2937 2387 factum,
2971 2324 3277 2380 miserunt:
3330 2338 3389 2381 ut
3429 2330 3476 2383 si

1919 2404 2194 2460 Romanos
2224 2410 2549 2476 reperirent,
2597 2427 2831 2481 pugnam
2884 2415 3275 2481 instaurarent,
3312 2421 3477 2475 victo—

1919 2510 2116 2564 resque
2147 2498 2435 2554 vincerent
2474 2503 2599 2565 :sin
2644 2505 2846 2570 minus,
2877 2507 3029 2562 certe
3069 2524 3301 2578 corpora
3349 2528 3478 2567 suo-

1919 2602 2038 2639 rum
2072 2592 2376 2645 exanimata
2403 2595 2626 2648 tumulis
2657 2597 3018 2665 mandarent,
3070 2610 3123 2654 et
3146 2603 3189 2654 si
3222 2617 3361 2671 quos
3393 2607 3479 2659 itt-

1922 2689 2004 2733 ter
2031 2695 2127 2736 eos
2151 2682 2333 2738 adhuc
2362 2687 2633 2754 spirantes
2659 2687 3017 2753 oll‘enderent,
3057 2692 3324 2749 relevatos
3351 2713 3479 2750 cura

1924 2759 2178 2841 diligenti
2212 2782 2538 2831 tractarent.
2582 2778 2662 2832 Illi
2716 2780 2887 2834 sociis
2937 2783 3217 2851 sepultura
3269 2787 3483 2842 donatis

1923 2860 2127 2930 (vivum
2158 2864 2303 2917 enim
2325 2866 2535 2920 nullum
2568 2868 2923 2937 invenerunt)
2955 2872 3022 2925 ad
3054 2876 3349 2929 exercitum
3374 2893 3482 2931 non

1928 2952 2233 3019 redierunt,
2267 2955 2489 3010 domum
2537 2974 2691 3012 suam
2723 2961 2958 3030 quisque
2995 2963 3279 3020 abeuntes.
3314 2968 3479 3037 Impe-

1925 3053 2091 3105 rator,
2125 3053 2185 3098 ut
2231 3048 2556 3117 Scytharum
2594 3052 2780 3121 copias
2805 3054 2957 3122 justa
2990 3055 3261 3112 Morrltam
3306 3064 3482 3115 emisi-

259 3154 390 3212 τοὺς
415 3150 473 3202 δέ
504 3147 724 3209 λοιποὺς
753 3146 1063 3209 ἀπέπνιξαν
1099 3147 1178 3206 είς
1210 3143 1305 3196 τδν
1330 3144 1529 3213 Ἕϐρον
1561 3143 1819 3213 ἐμϐαλόν-
1847 3170 1890 3225 c
1923 3151 1937 3189 ε

1801 3174 1819 3184 .
1847 3170 1890 3225 c
1923 3147 2070 3191 stere
2100 3137 2314 3202 didicit,
2340 3140 2715 3211 Didymnticlto
2749 3161 2909 3215 quant
2934 3150 3114 3216 putuit
3138 3149 3397 3205 festinato
3429 3155 3479 3206 in

259 3257 387 3304 τες·
440 3238 776 3308 διεσώθησαν
825 3238 882 3289 δὲ
923 3237 984 3288 ού
1015 3236 1233 3296 πλείους
1281 3235 1427 3287 ὀκτὼ
1481 3236 1575 3286 καὶ
1619 3234 1823 3285 εἴκοσιν
1924 3241 1937 3277 4

1806 3253 1823 3285 ν
1924 3240 2021 3279 eos
2045 3225 2220 3281 duxit.
2248 3229 2354 3293 Qui
2386 3247 2508 3283 cum
2547 3229 2786 3286 Hebrum
2832 3249 3001 3304 prope
3027 3236 3218 3291 urbem
3249 3239 3484 3296 Tzernu—

256 3333 461 3396 αὐτῶν,
503 3330 697 3392 οίτινες
739 3330 967 3399 ἴσχυσαν
1025 3323 1385 3397 διανήξασθαι
1433 3324 1523 3377 τὸν
1557 3325 1820 3394 ποταμόν.
1927 3333 1934 3369 1

1805 3366 1820 3380 ,
1927 3319 2165 3373 mianunt
2202 3322 2635 3392 transjeeissent.
2667 3335 2723 3378 et
2775 3326 3072 3395 imperator
3112 3345 3242 3384 suos
3290 3336 3483 3386 eodem

260 3426 325 3478 οἱ
364 3426 423 3478 δὲ
460 3424 720 3493 Ῥωμαῖοι
774 3423 898 3484 τούς
949 3436 1008 3470 τε
1037 3420 1264 3487 νεκροὺς
1292 3417 1686 3480 σκυλεύσαντες
1718 3417 1825 3469 τῶν
1926 3406 1938 3456 Ι

1807 3435 1825 3468 ν
1926 3406 2045 3459 loco
2075 3409 2434 3478 transjieeret,
2462 3413 2635 3466 relicti
2661 3414 2730 3468 ab
2755 3429 2822 3469 eo
2857 3414 3210 3487 Adrianopoli
3234 3438 3340 3476 una
3363 3439 3485 3477 cum

258 3517 561 3587 πολεμίων,
604 3514 697 3565 καί⁵
722 3511 824 3581 τήν
854 3510 1019 3579 ἄλλην
1048 3508 1449 3579 διαρπάσαντες
1487 3508 1825 3575 ἀποσκευὴν,

259 3607 358 3660 καὶ
385 3607 486 3669 τὴν
515 3603 665 3656 λείαν
702 3603 796 3654 καὶ
838 3600 962 3661 τοὺς
989 3596 1369 3667 αίχμαλώτους
1394 3597 1671 3663 λαϐόντες,
1692 3592 1827 3669 ἦχον

260 3702 340 3760 είς
388 3695 768 3764 Διδυμότειχον
821 3694 936 3761 ἅμα
984 3693 1061 3759 τῷ
1116 3690 1348 3757 βασιλεῖ.
1378 3688 1499 3740 Τῶν
1532 3688 1590 3741 δὲ
1637 3689 1830 3741 διασω-

262 3792 465 3843 θέντων
494 3789 558 3857 βα
573 3787 786 3855 ρϐάροιν
810 3786 886 3846 είς
906 3783 969 3835 τὸ
991 3782 1132 3850 μέγα
1152 3780 1515 3849 στρατόπεδον
1541 3780 1821 3845 ἐλθόντων,

258 3881 335 3947 ὡς
371 3882 483 3941 τοῖς
512 3877 838 3947 στρατηγοῖς
888 3873 1131 3943 ἠγγέλθη
1174 3873 1234 3925 τὸ
1284 3874 1521 3941 συμϐὰν,
1560 3875 1826 3944 στρατιάν

265 3946 329 4024 ἐκ
360 3971 473 4023 τῶν
507 3946 748 4038 ἀρίστων
787 3966 886 4018 οὐκ
918 3964 1110 4034 ὀλίγην
1147 3963 1551 4034 ἐπιλεξάμενοι,
1583 3964 1830 4016 ἀπίστει-

262 4061 360 4114 λαν
393 4059 516 4111 καθ’
540 4058 598 4111 ὃν
631 4058 665 4127 ἡ
704 4056 852 4125 μάχη
895 4055 1058 4107 τόπον
1105 4055 1372 4122 ἐγεγόνει,
1416 4053 1494 4115 ὠς
1542 4054 1610 4107 ἂν
1648 4054 1695 4106 εί
1732 4053 1829 4122 μὲν

263 4150 544 4217 ἐντύχοιεν
572 4148 683 4208 τοῖς
713 4146 968 4214 νικήσασι
1009 4143 1319 4212 Ῥωμαίων,
1370 4145 1830 4213 άναμαχέσωνται

263 4240 363 4310 τὴν
392 4234 589 4309 ἧτταν·
615 4236 723 4289 ηδ’
747 4233 829 4300 οὓ,
852 4234 988 4288 ἀλλὰ
1040 4235 1165 4297 τούς
1204 4251 1261 4285 τε
1296 4233 1592 4303 σφετέρους
1620 4234 1831 4302 θάψωσι

265 4331 523 4399 νεκροὺς,
563 4329 656 4380 καὶ
692 4330 743 4380 εἴ
767 4343 910 4388 τινες
935 4325 992 4377 ἐν
1026 4326 1213 4387 αὐτοῖς
1234 4324 1535 4395 εὑρεθῶσιν
1564 4327 1833 4393 ἐμπνέον-

266 4441 358 4485 τες
385 4420 743 4492 τραυματίαι,
770 4418 1082 4486 ἀνελόμενοι
1126 4415 1435 4481 ἀξιώσωσιν
1489 4417 1828 4484 ἐπιμελείας.

1926 3498 2161 3555 ducibus
2191 3502 2307 3556 suis
2334 3503 2424 3558 hic
2450 3520 2508 3559 se
2531 3520 2655 3559 cum
2681 3505 2774 3560 illo
2827 3511 3257 3579 conjunxerunt,
3304 3530 3489 3585 repor-

1930 3599 2093 3644 tatam
2124 3591 2192 3644 de
2236 3591 2493 3648 Barbaris
2543 3595 2824 3655 victoriam
2863 3602 3233 3670 gratulantes;
3270 3622 3491 3661 verum-

1930 3693 2111 3737 tamen
2143 3684 2410 3749 dolentes,
2439 3703 2549 3740 non
2588 3703 2647 3742 se
2682 3689 2736 3743 in
2767 3699 3009 3761 tempore
3034 3710 3229 3765 pugna:
3256 3698 3386 3754 huic
3414 3698 3493 3755 afa

1930 3774 2140 3839 fuisse,
2194 3791 2321 3830 eum
2369 3779 2841 3838 commilitonibus
2889 3783 3168 3855 fugientes
3219 3793 3493 3858 persecuti

1929 3875 2079 3920 sunt.
2116 3866 2219 3922 Ubi
2257 3867 2327 3922 ad
2358 3868 2626 3925 Tuntzam
2658 3872 2883 3927 fluvium
2934 3890 3310 3944 pervenerunt
3356 3882 3492 3951 (:28),

1930 3957 2159 4029 Scythas
2177 3959 2341 4014 modo
2373 3963 2655 4017 transiisse
2684 3963 3051 4035 significatum
3081 3978 3188 4025 est.
3209 3971 3292 4026 lbi
3322 3973 3392 4028 ob
3421 3975 3495 4030 si-

1930 4055 2045 4101 tum
2070 4049 2174 4105 loci
2204 4049 2347 4105 idem
2377 4051 2522 4120 quod
2554 4064 2682 4107 ante
2710 4055 2963 4126 contigit.
2990 4059 3206 4131 Quippe
3238 4079 3364 4118 eum
3391 4066 3494 4135 ipsi

1931 4149 2105 4194 totum
2137 4156 2329 4210 agmen
2368 4142 2685 4213 Scythicum
2722 4148 3091 4220 intuerentur,
3144 4155 3213 4208 ab
3255 4157 3362 4211 illis
3412 4169 3497 4212 ta-

1930 4246 2055 4285 men
2086 4230 2353 4302 (exceptis
2405 4236 2568 4303 paulo
2616 4238 2799 4293 minus
2829 4248 3053 4296 centum
3106 4246 3397 4314 primanis.
3437 4250 3491 4303 in

1930 4323 2133 4392 quibus
2164 4326 2280 4395 ipse
2311 4325 2632 4400 imperator)
2664 4347 2771 4385 non
2825 4336 3324 4403 conspiciebantur.
3352 4341 3497 4396 Visis

1933 4414 2192 4471 Romanis
2216 4418 2380 4471 etiam
2398 4421 2496 4488 ipsi
2529 4422 2718 4490 pedem
2742 4440 3144 4493 represserunt,
3168 4430 3261 4482 sed
3285 4431 3352 4484 ad
3380 4448 3499 4488 cer-

277 4516 559 4575 ῚΞλθόντες
590 4513 647 4564 δέ
702 4515 793 4564 καὶ
857 4510 1039 4579 ταφῆς
1097 4509 1394 4578 ἠξιωκότες
1454 4509 1828 4579 τοὺς¹νεκροὺς
1864 4509 1955 4564 Dt

1820 4527 1828 4573 ;
1864 4509 1908 4564 D
1939 4513 2117 4560 tamen
2151 4523 2257 4562 non
2290 4519 2701 4579 processerunt,
2745 4525 2857 4568 tum
2914 4519 3059 4586 quod
3112 4518 3311 4577 ﬂuvius
3376 4512 3498 4579 vere

269 4608 472 4678 (ζῶντα
503 4608 610 4673 γὰρ
643 4605 831 4657 οὐδένα
864 4597 1069 4670 εὗρον),
1112 4602 1249 4674 πρὸς
1288 4601 1388 4671 μὲν
1440 4601 1499 4653 τὸ
1528 4604 1827 4670 στρατόπε-

264 4700 355 4752 δον
386 4695 733 4766 ὑπέστρεψαν
760 4694 965 4755 οὐκέτι,
1000 4692 1095 4761 τὴν
1148 4690 1205 4743 δὲ
1248 4691 1383 4758 πρὸς
1415 4692 1483 4745 τὰ
1522 4692 1697 4744 οἰκεία
1739 4693 1831 4759 eg-

269 4806 483 4861 paucav
521 4788 682 4855 ήνυον
726 4785 861 4839 ὀδόν.
909 4784 998 4843 Ὠς
1036 4782 1093 4835 δὲ
1129 4782 1373 4850 ἠγγέλθη
1434 4782 1647 4852 βασιλεῖ
1701 4784 1830 4847 περὶ

268 4882 501 4952 Μόρῤαν
556 4875 696 4931 εῖναι
758 4875 1031 4943 Σκυθικὴν
1103 4875 1394 4943 στρατιὰν,
1451 4875 1827 4945 Διδυμοτείχου

268 4970 525 5036 ἐξελθὼν,
567 4964 799 5040 ήλαυνεν
831 4967 904 5029 ὡς
942 4962 1055 5036 εἶχε
1097 4966 1297 5035 τάχους
1331 4965 1418 5017 ἐπ’
1453 4968 1672 5029 αύτούς.
1708 4972 1832 5020 Δια-

244 5066 479 5117 ’ϐάντων
506 5061 563 5114 δὲ
593 5061 774 5114 αὐτῶν
797 5060 887 5112 τὸν
915 5060 1114 5128 Ἕϐρον
1135 5057 1276 5110 κατά
1303 5059 1401 5127 τὴν
1433 5058 1831 5128 Τζερνομιάνου

265 5155 572 5223 λεγομένην
597 5153 772 5217 πόλιν,
812 5154 933 5204 ἐπεὶ
962 5152 1056 5201 καὶ
1081 5150 1111 5200 ό
1147 5148 1399 5218 βασιλεὺς
1431 5149 1571 5201 κατὰ
1603 5152 1692 5202 τὸν
1741 5151 1837 5202 αύ-

266 5248 360 5300 τδν
380 5245 662 5299 διεϐίϐασε
703 5242 871 5311 πόρον
918 5243 983 5311 ἢν
1030 5236 1133 5309 ἦγε
1170 5241 1452 5308 στρατιὰν,
1486 5242 1518 5310 ἡ
1554 5240 1693 5293 κατὰ
1735 5242 1836 5310 τὴν

280 5334 725 5407 ⁹Δδριανούπολιν
745 5331 1174 5399 καταλειφθεῖσα
1201 5331 1352 5400 παρὰ
1386 5330 1648 5399 βασιλέως
1673 5348 1838 5401 στρα-

266 5431 363 5483 τιὰ
397 5431 515 5498 ἅμα
547 5429 656 5490 τοῖς
688 5424 968 5495 σφετέροις
1000 5424 1261 5494 ἄρχουσιν
1305 5422 1539 5477 ἐνταῦθα
1574 5425 1842 5492 προσέμι-

1931 4599 2041 4669 jam
2074 4601 2406 4668 procedente
2468 4613 2802 4674 restagnaret
2836 4647 2851 4671 ,
2888 4617 2999 4662 tum
3035 4607 3195 4682 119
3223 4618 3367 4684 quod
3400 4619 3499 4671 lm-

1912 4676 2117 4747 νειίῢυε
2142 4693 2383 4748 nondum
2420 4697 2679 4751 omnibus
2706 4703 3015 4769 conspectis
3042 4717 3371 4775 metuerent,
3408 4728 3497 4776 ne,

1936 4784 1981 4836 si
2016 4800 2245 4838 numero
2284 4789 2525 4855 superati
2554 4786 2762 4850 essent.
2801 4807 2993 4860 parum
3029 4796 3257 4854 honeste
3307 4804 3500 4871 praelii)

1937 4877 2386 4947 defungerentur.
2420 4881 2650 4936 Romani
2683 4884 2937 4941 similiter
2973 4890 3181 4945 cladem
3216 4894 3498 4958 timebant,

1938 4972 1979 5026 si
2016 4972 2197 5040 plures
2224 4971 2407 5026 decem
2444 4974 2687 5040 partibus
2712 4985 2767 5030 et
2791 4978 3027 5046 amplius
3056 4985 3499 5051 aggrederentur.

1938 5062 2206 5117 Caeterum
2246 5063 2543 5132 imperator
2570 5080 2692 5119 cum
2751 5065 2945 5135 primis
2974 5071 3080 5125 illis
3127 5074 3417 5143 Romanis,
3449 5091 3504 5133 et

1941 5154 2219 5225 Taspugas
2252 5169 2392 5208 unus
2426 5171 2453 5207 e
2486 5155 2811 5227 Scytharum
2859 5161 3093 5218 ducibus
3123 5181 3246 5221 cum
3278 5169 3501 5225 totidem

1944 5245 2199 5299 llarbaris
2226 5264 2291 5300 ex
2328 5247 2499 5301 altera
2531 5249 2645 5317 ripa
2676 5249 2919 5307 fluminis
2955 5253 3178 5310 brevem
3211 5262 3503 5328 quemdam

1943 5335 2219 5405 dialogum
2259 5336 2591 5392 liabUerunt.
2625 5338 3007 5411 interrogante
3038 5346 3257 5415 Scytha,
3280 5352 3503 5419 quinam

1949 5427 2205 5480 mortales
2237 5437 2441 5486 essent.
2492 5430 2792 5499 imperator
2826 5448 2926 5502 per
2973 5439 3264 5503 quemdam
3305 5440 3509 5497 Graczt:

744 5604 752 5610 .
1415 5600 1422 5606 .
1495 5544 1708 5606 Jacobi
1742 5547 2004 5608 Pontatti
2043 5553 2261 5607 notua”

336 5651 453 5733 βε)
488 5650 549 5703 In
591 5647 786 5733 07?“).
819 5655 922 5727 es}.
952 5644 1160 5733 Νξςάἳε
1208 5654 1465 5733 corrupte
1498 5648 1706 5733 utique,
1736 5660 1835 5716 pro
1943 5650 2043 5733 eive
2078 5648 2259 5733 tabula
2327 5650 2472 5705 tertii
2527 5651 2887 5708 additamenti
2948 5654 3173 5712 Theatri
3235 5661 3508 5722 Orteliani

272 5715 536 5784 τοῧντζαν
559 5758 573 5780 ,
602 5729 656 5771 ει
680 5718 727 5770 is
755 5716 955 5771 llmius
1010 5715 1285 5771 Maritzam
1308 5755 1321 5775 .
1353 5716 1468 5769 sive
1510 5715 1793 5770 Mariscam
1815 5758 1829 5782 ,

274 5789 696 5851 olimllebrum,
736 5786 1004 5842 illabitur.
1070 5785 1129 5839 In
1164 5786 1441 5839 Romaniae
1487 5786 1600 5840 sive
1655 5786 1829 5841 Thra-

1944 5719 2295 5774 describitur.
