4250 6440
759 410 870 476 295

1922 408 2243 474 JOANNIS
2281 411 2806 477 CANTACUZENI
2857 494 2864 500 I

3873 387 3979 493 ρο,
4007 463 4010 466 ι

761 533 866 585 tus,
900 532 953 575 et
992 523 1332 586 Theodorus,
1361 538 1424 576 ac
1466 523 1584 576 tilizc
1618 525 1748 578 item
1808 535 1938 579 tres.
1975 527 2110 579 Aliis
2145 526 2310 594 igitur
2340 528 2358 581 Α

2421 526 2816 586 Κωνστανττνος
2853 529 2881 578 6
2915 528 2970 579 ὲν
3001 532 3063 598 τῇ
3095 530 3349 600 πορφύρα
3383 531 3624 598 τεχθεὶς,
3653 534 3745 586 καὶ
3766 533 3976 590 Θεόδω-

759 608 846 667 alii
884 615 1039 668 fuere
1080 615 1263 676 liberi,
1298 615 1350 667 id
1385 616 1529 682 quod
1561 618 1611 668 in
1649 617 1922 670 vestibulo
1950 618 2114 686 hujus
2143 619 2314 672 histo-

759 707 851 759 τίω
881 706 1313 758 demonstratum
1341 716 1424 758 est
1454 707 1585 773 (64).
1623 708 2122 778 Porphyrogenitus
2151 709 2313 763 Joan—

756 809 880 846 nem
922 795 1107 847 habuit
1143 795 1451 862 ttnigo'nam,
1491 797 1579 848 cui
1611 795 1929 851 Mctochites
1963 812 2188 866 magnus
2229 801 2315 852 Io-

757 887 975 954 gotheta
1004 887 1195 939 lrenen
1227 887 1388 938 tiliam
1424 887 1770 940 matrimonio
1797 890 2081 957 conjunxit
2111 909 2122 942 :
2159 906 2315 943 eum-

757 980 879 1031 dem
917 980 1210 1047 imperator
1254 991 1482 1047 patruus
1525 979 2013 1048 panhypersebasti
2053 981 2314 1050 dignitate

757 1069 1227 1121 rahonestaverat.
1247 1069 1343 1121 llic
1364 1069 1891 1140 panhypersebastus
1905 1071 2069 1125 etiam
2093 1073 2313 1124 tertium

757 1147 1155 1213 Thessalonica:
1209 1160 1552 1228 aliarumque
1614 1162 1833 1215 urbium
1882 1159 2313 1215 Occidentalium

754 1250 1129 1318 praefecturam
1155 1265 1373 1318 gerens,
1408 1261 1520 1304 tum
1556 1251 1660 1304 alia
1687 1252 1996 1313 constituit,
2032 1260 2097 1305 ut.
2120 1269 2317 1305 unum-

752 1340 1009 1408 quodque
1036 1341 1405 1393 rectissimum
1443 1341 1680 1402 censuit,
1715 1349 1828 1392 tum
1875 1340 2154 1408 Stephano
2182 1340 2315 1395 Cra-

753 1430 836 1491 lie,
866 1429 1226 1482 Triballorum
1254 1430 1508 1498 principi,
1530 1431 1751 1484 Mariam
1779 1430 1944 1484 ﬁliam
1967 1430 2189 1484 uxorein
2221 1430 2316 1486 de-

751 1520 850 1571 dit.
873 1520 988 1584 Quo
1004 1518 1142 1571 farto
1160 1522 1224 1571 ad
1245 1535 1502 1586 generum
1524 1534 1581 1573 se
1609 1519 1903 1590 adjungere
1922 1521 2163 1575 decrevit
2180 1522 2315 1590 (65),

751 1611 910 1678 cujus
949 1611 1155 1663 viribus
1199 1595 1440 1679 atlj'utus,
1476 1617 1745 1678 quotquot
1783 1619 1965 1678 posset
1993 1611 2221 1664 urbibus
2249 1611 2316 1664 ad

749 1713 900 1752 Suam
919 1699 1293 1766 praefecturam
1312 1700 1710 1767 pertinentibus
1727 1701 1977 1769 presidia
1995 1703 2316 1769 imponeret,

749 1801 803 1843 et
825 1791 933 1842 illis
957 1791 1058 1843 sub
1078 1783 1396 1858 potestatem
1412 1790 1692 1860 subjectis,
1712 1791 1780 1845 ab
1800 1788 2126 1860 imperatore
2143 1794 2320 1850 desci-

749 1895 930 1940 secus.
958 1882 1283 1948 peculiarem
1319 1882 1422 1935 sibi
1455 1882 1794 1935 dominatum
1828 1896 2188 1956 compararet.
2213 1887 2314 1940 Ta-

751 1971 820 2023 lia
859 1971 1250 2031 metlitahatur.
1284 1980 1339 2024 et
1382 1971 1494 2039 jam
1528 1972 1592 2025 ad
1645 1987 1758 2024 rrm
1797 1971 2044 2026 conferre
2075 1974 2312 2042 occipie-

750 2061 866 2121 bat,
907 2076 1029 2113 cunt
1059 2069 1168 2113 tota
1193 2061 1395 2129 quippe
1418 2060 1580 2114 domo
1600 2061 1666 2115 ad
1692 2062 1961 2117 Triballos
1986 2067 2309 2128 transierat;

749 2150 844 2205 sed
880 2161 1112 2204 eventus
1158 2166 1308 2218 spem
1365 2151 1636 2206 destituit.
1688 2154 1820 2207 Nam
1876 2169 2067 2209 omnes
2125 2157 2308 2220 urbes,

748 2240 950 2308 quibus
995 2248 1242 2307 praeerat,
1278 2239 1587 2296 defectione
1637 2243 1756 2312 ejus
1803 2241 2101 2308 intellecta,
2138 2246 2312 2301 IIOslis

747 2347 873 2384 eum
905 2331 1023 2384 loro
1051 2331 1383 2386 habuerunt.
1421 2333 1497 2386 Ex
1528 2333 1904 2403 hujuscemodi
1939 2336 2104 2404 igitur
2149 2352 2312 2392 causa

747 2421 1062 2477 Occidentis
1092 2423 1288 2492 oppida
1309 2439 1417 2478 non
1447 2424 1796 2479 mediocriter
1816 2427 2130 2493 perturbata
2161 2439 2310 2483 sunt.

750 2514 864 2567 Sub
904 2515 1046 2568 idem
1085 2524 1300 2583 tempus
1331 2531 1362 2568 e
1400 2514 1526 2568 ﬁliis
1566 2517 1741 2584 magni
1779 2517 2071 2585 logothette
2117 2519 2314 2573 Deme-
2348 2513 2359 2523 ’

750 2608 913 2667 trius,
951 2615 1311 2675 cognomento
1354 2605 1610 2674 Angelus.
1659 2607 2036 2672 Strumbitzae,
2087 2609 2313 2664 Michael

748 2711 879 2750 vero
911 2697 1161 2751 Lascaris
1192 2698 1452 2750 Melenico
1477 2697 1803 2751 Macedoniae
1838 2700 2151 2754 civitatibus
2178 2717 2314 2769 pra:-

749 2787 1020 2840 sidebant.
1060 2787 1124 2840 lli
1169 2787 1366 2841 fratres
1397 2789 1589 2841 uxoris
1616 2789 2121 2859 pauhypersebasti,
2153 2792 2313 2846 litte-

753 2892 840 2930 ras
871 2877 936 2930 ad
1001 2893 1126 2932 cum
1167 2891 1521 2946 sororemque
1573 2878 1819 2938 mittunt,
1852 2881 2053 2948 quibus
2091 2881 2312 2936 illorum

749 2968 984 3022 defectio
1035 2983 1142 3021 non
1191 2967 1412 3036 quidem
1459 2977 1648 3036 aperte
1686 2969 2054 3038 arguebatur,
2091 2974 2312 3028 occasio
2354 3011 2357 3015 ι

749 3066 929 3114 tamen
950 3061 1260 3127 suspicandi
1284 3074 1390 3112 non
1405 3060 1541 3114 levis
1561 3062 1931 3130 praebebatur.
1953 3064 2123 3118 Erant
2143 3066 2314 3134 siquis

2422 631 2514 684 ρος
2537 618 2734 681 τρίτος,
2765 617 2856 667 καὶ
2881 618 3173 688 θυγατέρες
3202 621 3484 674 τοσαῦται.
3506 623 3628 685 Ἰζοίς
3655 624 3751 692 μὲν
3769 625 3863 678 οὖν
3883 626 3979 681 ἀλ-

2417 703 2525 764 λοις
2560 702 2706 754 ἄλλοι
2741 709 3091 773 γεγέννηνται
3129 711 3333 769 παῖδες,
3354 709 3603 776 καθάπερ
3629 713 3684 763 ὲν
3707 714 3979 784 ἀρχῇ-τῆς

2417 792 2657 862 ἱστορίας
2692 797 2928 864 ἐδήλωσε
2959 799 3170 866 φθάσας
3202 803 3229 852 6
3260 803 3417 867 λόγος
3444 820 3458 833 ·
3491 803 3566 871 τῷ
3600 794 3979 874 Πορφυρογενν

2416 885 2560 954 νήτῳ
2623 885 2680 939 δὲ
2750 889 3144 959 Κωνσταντίνῳ
3207 894 3235 944 6
3291 893 3660 962 ῐιαλαιολόγος
3720 896 3977 966 Ἰωάννης

2420 977 2710 1047 μονογενὴς
2751 978 3076 1048 γεγέννηται
3127 984 3275 1044 παῖς,
3339 977 3382 1050 ᾧ
3414 986 3768 1054 Μετοχίτηςὸ
3793 988 3978 1055 ⁴μέγας

2415 1065 2700 1136 λογοθέτης
2751 1069 2980 1131 ἐξέδωκε
3047 1071 3143 1141 τὴν
3202 1073 3477 1144 θυγατέρα
3545 1077 3781 1146 Εἰρήνην
3838 1079 3978 1146 πρὸς

2416 1157 2613 1226 γάμον,
2637 1161 2702 1227 τῇ
2727 1159 2821 1210 τοῦ
2849 1164 3366 1230 πανυπερσεϐἀστου
3403 1167 3538 1232 πρὸς
3578 1167 3674 1220 τοῦ
3706 1168 3854 1220 θείου
3882 1171 3978 1221 καὶ

2419 1247 2683 1315 βασιλέως
2737 1249 2863 1319 ἀξίᾳ
2906 1251 3277 1321 τετιμημένῳ.
3312 1250 3481 1316 Οὗτος
3520 1254 3583 1324 δὴ
3642 1258 3670 1308 6
3695 1273 3976 1326 πανυπερ-

2419 1339 2679 1402 σέϐαστος
2736 1341 2833 1410 οὐχ
2875 1340 3045 1405 ἅπαξ,
3078 1342 3212 1394 ἀλλά
3243 1345 3337 1396 καὶ
3386 1346 3466 1407 δὶς
3501 1345 3594 1398 καὶ
3622 1347 3740 1416 τρὶς
3767 1347 3976 1400 Θεσσα-

2415 1429 2632 1496 λονίκης
2659 1447 2718 1481 τε
2744 1432 2837 1484 καὶ
2866 1432 2974 1484 τῶν
3007 1433 3181 1486 ἀλλων
3214 1437 3484 1504 ἑσπερίων
3511 1437 3716 1489 πόλεων
3746 1440 3974 1506 emt-po-

2420 1517 2646 1578 πεύσας,
2683 1518 2751 1569 τά
2807 1535 2866 1570 τε
2909 1520 3043 1572 ἀλλα
3087 1520 3275 1588 διῴκει
3399 1523 3546 1592 αὺτῷ
3575 1523 3748 1577 ὲδὸκει
3775 1527 3976 1594 ἄριστα

2419 1602 2578 1670 εἶναι,
2615 1609 2707 1658 καὶ
2741 1608 2818 1676 τῷ
2870 1610 2981 1660 τῶν
3039 1612 3082 1661 Τ
3091 1611 3326 1679 ρι6α).ῶν
3357 1615 3574 1682 ἄρχοντι
3615 1617 3872 1687 Στεφάνῳ
3899 1618 3976 1686 τῷ

2420 1697 2610 1766 Κράλῃ
2646 1697 2862 1766 Μαρίαν
2911 1697 3008 1767 τὴν
3049 1698 3212 1751 αὑτοῦ
3254 1701 3603 1771 κατηγγύησε
3661 1704 3972 1770 θυτατέρα’

2418 1778 2478 1837 οὗ
2527 1785 2590 1852 δὴ
2645 1785 2962 1853 γενομένου,
3019 1785 3313 1856 νοῦνίσχε
3392 1787 3470 1853 τῷ
3526 1788 3635 1841 τῶν
3689 1789 3974 1858 Τριϐαλῶν

2419 1863 2639 1945 ἄρχοντι
2705 1877 3100 1946 προσχωρῆσαι
3151 1877 3266 1930 ὄντι
3326 1879 3582 1948 κηδεστῇ,
3639 1880 3713 1942 ὡς
3774 1881 3840 1932 ἂν
3905 1871 4010 1949 τῇ

2417 1969 2626 2020 ἐκείνου
2705 1967 2933 2034 δυνάμει
3013 1967 3298 2037 χρώμενος
3378 1969 3825 2038 συμμαχοῦντος,
3898 1963 3976 2024 ὧν

2415 2061 2746 2129 ἐπετρόπευε
2809 2061 3020 2112 πόλεων
3067 2061 3199 2119 ὅσας
3244 2061 3310 2113 ἂν
3359 2056 3471 2113 οἷόν
3528 2078 3586 2114 τε
3705 2065 3976 2132 φρουραῖς

2416 2149 2706 2219 κατασχὼν
2753 2151 2846 2202 καὶ
2907 2150 3408 2218 ίδιοτΐοιησάμενος,
3459 2150 3594 2204 ἰδίαν
3642 2151 3821 2218 ἐαυτῷ
3873 2169 3977 2204 xa-

2414 2241 2656 2311 ταστήσῃ
2715 2241 3056 2302 δυναστείαν,
3087 2240 3406 2310 ἀποστήσας
3449 2242 3734 2311 βασιλέως.
3782 2243 3841 2296 '0
3873 2245 3978 2313 μὲν

2413 2329 2504 2383 οὖν
2535 2329 2759 2384 τοιαῦτά
2810 2347 2869 2382 τε
2899 2329 3151 2383 διενοεῖτο
3201 2332 3294 2381 καὶ
3337 2332 3414 2393 είς
3457 2331 3618 2401 ἔργον
3664 2332 3849 2401 ἐξῆγε,
3880 2336 3976 2387 καὶ

2415 2414 2735 2491 πανοικεσίᾳ
2790 2421 2889 2490 μὲν
2930 2419 3177 2492 ἐχώρησε
3232 2421 3371 2490 πρὸς
3427 2421 3754 2489 Τριϐαλοίίς,
3807 2410 3980 2477 κατα-

2414 2513 2725 2584 πράξασθαι
2764 2514 2820 2566 δὲ
2874 2515 3097 2582 ἴσχυσεν
3137 2507 3214 2568 ὧν
3265 2515 3497 2583 ἤλπισεν
3550 2515 3724 2568 οὐδέν.
3757 2516 3823 2568 Al
3867 2516 3978 2584 γὰρ

2414 2605 2518 2657 ὑπὸ
2552 2605 2716 2656 αὑτὸν
2755 2605 2926 2656 πᾶσαι
2960 2604 3144 2666 πόλεις
3186 2605 3284 2674 τὴν
3325 2605 3664 2658 ἀποστασίαν
3706 2607 3975 2666 συνεῖσαι,

2413 2691 2497 2748 οἷα
2551 2696 2614 2762 δὴ
2672 2696 2906 2764 ἐχρῶντο
2965 2697 3233 2765 πολεμίῳ.
3284 2698 3379 2750 Ἐκ
3432 2697 3533 2766 τῆς
3585 2697 3847 2767 τοιαύτης
3909 2694 3978 2767 δῆ

2413 2789 2609 2850 αἰτίας,
2663 2790 2908 2857 ταραχῆς
2972 2788 3030 2838 οὐ
3087 2788 3296 2856 φαύλης
3363 2788 3504 2852 τινὸς
3556 2790 3611 2842 ai
3677 2792 3819 2843 κατά
3873 2791 3978 2859 τὴν

2415 2880 2649 2946 ἑσπέραν
2679 2878 3088 2946 ἐνεπλήσθησαν
3131 2879 3334 2941 πόλεις.
3376 2879 3518 2932 Ὑπὸ
3549 2879 3606 2932 δέ
3624 2883 3749 2943 τοὺς
3778 2881 3978 2944 αὐτοὺς

2414 2972 2638 3041 χρόνους
2688 2971 2794 3021 τῶν
2834 2969 2927 3022 τοῦ
2975 2969 3214 3038 μεγάλου
3253 2969 3545 3037 λογοθέτου
3598 2971 3754 3036 υἱῶν,
3787 2971 3977 3042 Δημή-

2413 3078 2562 3130 τριος
2592 3061 2691 3129 μιν
2720 3061 2747 3111 6
2770 3059 3068 3127 ,Ἃγγελος,
3101 3059 3513 3130 Στρουμσίτξης
3551 3063 3846 3132 siti-epam;
3881 3059 3973 3133 ἦν,

748 3153 871 3205 dem
906 3153 1117 3206 refertae
1152 3152 1334 3205 verbis
1364 3151 1657 3221 ambiguis,
1715 3155 2026 3223 veterisque
2057 3158 2358 3219 amicitiaet

2421 3152 2629 3221 Μιχαὴλ
2677 3152 2733 3204 δὲ
2776 3154 2802 3202 6
2837 3153 3139 3220 Λὰσκαρις,
3170 3153 3492 3218 Μελενίκου,
3537 3155 3744 3207 πόλεων
3784 3157 3974 3208 Μακε-

749 3254 802 3298 et
819 3243 1235 3297 consuetudinis
1258 3243 1573 3296 memoriam
1597 3233 1949 3309 refricabam;
1963 3261 2026 3299 ac
2043 3246 2109 3300 de
2128 3258 2314 3303 mutua

749 3334 1125 3388 benevolentia
1151 3333 1456 3402 praestanda
1482 3332 1866 3399 admonebant,
1893 3352 2016 3390 cum
2049 3337 2170 3392 aliis
2196 3339 2313 3406 plu-

748 3426 904 3479 ribus
931 3424 999 3477 de
1041 3425 1244 3486 causis,
1275 3433 1388 3478 tum
1419 3423 1490 3478 ob
1519 3424 1800 3479 vinculum
1849 3426 2130 3482 aliinitatis
2161 3430 2315 3484 vide-

748 3517 900 3571 licet.
941 3516 1098 3586 130
1143 3516 1360 3582 Milites,
1419 3526 1642 3584 propter
1688 3517 1888 3571 bellum
1937 3521 2313 3590 eum'panhy-

748 3609 1086 3678 persebasto,
1125 3608 1228 3662 viis
1249 3607 1630 3673 custodiendis
1661 3609 1964 3677 prmpnsiti,
1999 3610 2314 3665 tabellarios

748 3699 1123 3768 intercipiunt,
1155 3700 1366 3754 litteras
1391 3699 1649 3754 auferunt
1674 3717 1689 3754 ι
1718 3715 1817 3754 nec
1845 3708 2026 3754 tamen
2055 3699 2118 3753 ad
2147 3700 2316 3770 impe—

749 3801 987 3844 ratorem
1015 3807 1199 3844 senem
1238 3791 1478 3859 perferre
1510 3792 1735 3854 audent,
1769 3792 1914 3860 quod
1946 3807 1974 3844 a
2011 3808 2209 3862 magno
2234 3794 2314 3846 lo-

750 3881 991 3947 gotheta,
1023 3879 1116 3947 qui
1158 3881 1298 3947 apud
1328 3895 1453 3933 eum
1503 3879 1799 3947 plurimum
1839 3879 2070 3943 valebat,
2105 3891 2316 3933 metue-

752 3977 892 4022 tent.
923 3969 1065 4037 Ergo
1092 3969 1457 4038 Didymotichi
1506 3969 1711 4038 juniori
1745 3984 1840 4022 eas
1879 3970 2137 4023 reddunt.
2166 3971 2314 4035 Quos

749 4061 862 4120 ille,
911 4070 966 4114 ut
1013 4060 1221 4121 debuit,
1273 4069 1529 4128 tanquam
1576 4059 1876 4128 prudentes
1931 4069 1986 4113 et
2030 4062 2316 4117 consultos

749 4155 991 4211 laudavit
1023 4171 1084 4209 ac
1125 4155 1352 4208 dimisit.
1392 4155 1689 4224 Epistolatn
1730 4167 1862 4208 vero
1893 4155 2213 4226 Byzantium
2244 4158 2312 4211 ad

750 4262 1003 4316 magnum
1055 4246 1390 4316 logothetam
1442 4246 1839 4306 transmittens,
1879 4247 2052 4300 amice
2103 4249 2316 4301 monuit

749 4353 812 4391 ac
840 4338 1008 4390 suasit
1037 4347 1095 4390 ut
1121 4337 1381 4404 quoniam
1413 4335 1508 4389 lilii
1533 4336 1651 4405 ejus
1681 4336 1779 4389 has
1810 4336 2023 4390 litteras
2046 4339 2312 4406 suspicio-

748 4431 994 4482 sissimas
1026 4428 1091 4481 ad
1129 4428 1343 4481 attinent
1389 4427 1684 4494 portandas
1717 4426 2018 4488 dedissent,
2052 4427 2166 4496 ipse
2197 4438 2314 4482 tan-

749 4535 910 4587 quam
945 4534 1134 4571 eorum
1175 4533 1389 4585 parens,
1425 4519 1720 4586 omniaque
1758 4528 1970 4571 summa
1999 4516 2174 4572 oﬂicia
2208 4520 2314 4572 rei-

750 4609 979 4678 publica:
1005 4610 1261 4662 Romanae
1289 4607 1496 4661 debens
1522 4608 1761 4676 (quando
1793 4623 1890 4676 per
1917 4622 2040 4661 eum
2073 4611 2191 4680 ejus
2221 4625 2308 4663 res

749 4698 1290 4762 administrarentur)
1317 4704 1374 4750 et
1403 4696 1509 4750 illis
1537 4711 1566 4749 a
1600 4696 1742 4748 malo
1775 4705 2012 4758 caveret,
2044 4707 2100 4750 et
2131 4699 2308 4750 itnnti-

751 4788 900 4840 nenti
926 4787 1055 4840 huic
1087 4785 1416 4839 detrimento
1439 4799 1651 4837 mature
1679 4783 1894 4836 obviam
1934 4784 2054 4836 iret.
2092 4784 2144 4837 id
2171 4783 2310 4839 eﬂici

2413 3243 2638 3296 δονικῶν
2663 3257 2674 3269 ·
2709 3241 2756 3292 οἶ
2782 3240 2845 3309 δὴ
2868 3241 3125 3307 γυναικὸς
3155 3241 3372 3309 ἀδελφοὶ
3393 3241 3546 3304 ὅντες
3574 3244 3668 3295 τοῦ
3699 3261 3976 3313 πανυπερο

2417 3334 2700 3394 σεὸἅστου,
2736 3333 3043 3402 γράμματα
3073 3332 3354 3401 πέμπουσι
3387 3335 3525 3402 πρός
3559 3350 3621 3393 τε,
3648 3336 3853 3385 ἐκεῖνον
3880 3337 3978 3388 καὶ

2414 3422 2512 3489 τὴν
2545 3420 2799 3489 ἀδελφὴν,
2839 3421 3131 3489 προφανῶς
3182 3423 3282 3488 μὲν
3321 3422 3501 3474 αὐτῶν
3548 3424 3883 3474 ἀποστασίαν
3914 3426 3976 3473 οὐ

2414 3512 2844 3582 κατηγοροῦντα,
2881 3495 3152 3580 πρόφασιν
3206 3510 3389 3578 μέντοι
3450 3513 3549 3564 οὐκ
3592 3511 3812 3580 ’ἀγεννῆ
3855 3528 3978 3563 τινα

2416 3604 2763 3672 παρεχόμενα
2840 3600 3093 3667 ὑποψίας.
3153 3598 3366 3662 Λέξεὼν
3424 3617 3482 3651 τε
3544 3601 3649 3668 γὰρ
3703 3599 3977 3667 εὐπόρουν

2414 3694 2754 3764 ἀμφιϐόλων,
2800 3692 2894 3744 καὶ
2930 3691 3112 3760 φιλίας
3151 3691 3562 3759 ἀνεμίμνησκον
3613 3691 3846 3759 ἀρχαίας
3881 3691 3977 3741 καὶ

2418 3785 2818 3854 συνδιατριὸἧς,
2854 3783 2950 3838 καὶ
2984 3783 3076 3836 τοῦ
3109 3783 3219 3836 δεῖν
3248 3783 3498 3852 ἀλλήλοις
3531 3781 3760 3843 εὐνοεῖν,
3797 3781 3976 3832 ἄλλων

2412 3895 2472 3929 τε
2507 3876 2668 3928 ἕνεκα
2703 3875 2982 3935 πλειόνων,
3015 3873 3108 3926 καὶ
3142 3873 3376 3942 μάλιστα
3415 3869 3522 3922 τῶν
3552 3873 3614 3921 ὲκ
3639 3869 3735 3938 τῆς
3772 3885 3971 3934 συγγε-

2414 3969 2559 4030 νείας
2585 3966 2873 4036 ἐνεχύρων.
2915 3966 3051 4027 Τοὺς
3081 3967 3148 4016 τά
3183 3959 3405 4016 τοιαῦτα
3443 3961 3623 4014 τοίνυν
3662 3961 3974 4028 γράμματα

2413 4058 2732 4126 κομίζοντας
2810 4055 3138 4124 στρατιῶται
3217 4051 3574 4113 συλλαϐόντες
3652 4050 3794 4102 κατά
3877 4051 3977 4116 τὴν

2411 4130 2628 4216 ὁδὸν’(οϊ
2653 4141 2793 4216 ἦσαν
2847 4144 2933 4197 ἐπ’
2973 4145 3105 4196 αὐτὸ
3135 4143 3291 4196 τοῦτο
3325 4142 3652 4210 τεταγμένοι
3684 4141 3976 4208 φυλάττειν

2412 4241 2509 4303 τὰς
2560 4239 2712 4302 ὁδοὺς
2760 4237 2856 4290 τοῦ
2919 4237 3055 4307 πρὸς
3109 4237 3199 4290 τὸν
3237 4235 3758 4307 πανυπερσέὸαστον
3812 4233 3977 4286 ἓνεκα

2414 4330 2695 4400 πολέμου),
2737 4331 2830 4383 καὶ
2864 4327 2932 4382 τὰ
2964 4328 3269 4398 γράμματα
3313 4327 3662 4396 ἀφελόμενοι,
3709 4325 3844 4394 πρὸς
3879 4325 3977 4395 μὲν

2413 4425 2705 4489 Βυζάντιον
2726 4424 2800 4486 ὡς
2821 4422 3043 4493 βασιλέα
3071 4424 3161 4476 τὸν
3191 4438 3290 4490 πρε
3301 4420 3458 4474 σσύτε
3468 4437 3559 4489 ρον
3580 4419 3648 4470 τά
3671 4419 3979 4487 γράμματα

2417 4515 2637 4583 κομίσαι
2675 4513 2775 4566 οὐκ
2799 4514 3038 4581 ἔγνωσαν
3068 4513 3198 4574 δεῖν,
3236 4513 3328 4564 τὸν
3364 4510 3541 4580 μέγαν
3578 4509 3870 4577 λογοθὲτην
3906 4509 3976 4562 τὰ

2419 4605 2648 4674 μέγιστα
2700 4603 2851 4673 παρά
2917 4602 3128 4672 βασιλεῖ
3175 4602 3471 4670 δυνάμενον
3515 4598 3841 4662 δεδοικότες,
3893 4598 3976 4659 εις

2417 4693 2791 4763 Διδυμότειχον
2847 4692 2904 4744 δὲ
2952 4687 3114 4762 ἦλθον
3175 4693 3432 4759 φέροντες
3489 4687 3567 4757 τῷ
3597 4688 3706 4757 νέῳ
3739 4685 3974 4756 βασιλεῖ.

2428 4784 2750 4844 Ἐπαινέσας
2787 4785 2844 4837 δὲ
2883 4786 3078 4847 αὐτοὺς
3117 4784 3212 4852 τῆς
3247 4782 3514 4842 συνέσεως
3545 4779 3640 4831 καὶ
3671 4777 3977 4843 εὐϐουλίας,

1967 4948 2181 5009 Jacobi
2223 4951 2484 5011 Pontani
2523 4960 2707 5010 notae.

817 5088 930 5154 (66)
973 5087 1109 5160 Hinc
1158 5098 1304 5157 patet
1350 5089 1591 5143 historia:
1652 5091 1816 5160 hujus
1866 5091 2103 5160 primum
2153 5100 2316 5160 caput

748 5159 1010 5225 assignari
1045 5159 1302 5211 debuisse
1342 5161 1406 5211 ad
1446 5161 1562 5213 haec
1594 5159 1760 5214 verba
1790 5161 2037 5226 epistolae
2063 5159 2314 5215 Christo-

748 5230 875 5299 ιίιιΙί
894 5243 1013 5294 pag.
1037 5227 1070 5280 4
1104 5229 1203 5299 z't).
1221 5229 1473 5295 βασιλεὺς
1495 5231 1676 5281 τοίνυν
1702 5230 1960 5296 Ἀλέξιος,
1984 5231 2013 5281 6
2040 5231 2137 5299 τὴν
2168 5231 2310 5282 tm-

750 5297 943 5360 νυμίαν
976 5296 1259 5363 Ἄγγελος.
1296 5306 1402 5350 etc.

819 5367 932 5432 (535)
976 5365 1082 5418 l-lac
1111 5367 1178 5419 tle
1225 5381 1281 5417 re
1323 5365 1596 5434 Gregoras
1644 5369 1696 5420 in
1753 5370 1894 5422 hunc
1938 5366 2320 5424 modusze-

751 5438 926 5503 attenti
955 5452 1097 5488 anno
1123 5436 1590 5506 pan/typersebasti
1613 5436 1727 5504 ﬁlia
1752 5439 1901 5492 Crali
1944 5439 2140 5493 Servio:
2172 5440 2318 5506 priu-

750 5507 848 5560 ctm'
891 5516 1122 5575 nuptura
1186 5505 1397 5568 abitat;
1452 5505 1612 5574 paulo
1667 5517 1780 5575 post
1835 5517 1883 5561 et
1949 5505 2316 5574 mater,iejus

751 5574 972 5645 vtsendw
1017 5577 1228 5642 .gratt'a,
1269 5576 1446 5628 eodem
1485 5592 1540 5628 se
1586 5574 1870 5641 contut'it;_
1899 5594 2060 5645 quam
2103 5592 2222 5630 mox
2269 5586 2317 5628 et

751 5644 1254 5715 mmhypersebastus
1295 5654 1372 5698 est
1415 5655 1753 5710 consecutus,
1796 5646 1976 5700 nolens
2010 5648 2319 5715 imperatori

751 5713 925 5790 diutus
983 5713 1234 5792 obn_oa_;ius
1275 5730 1424 5792 esse,_
1465 5715 1555 5792 sed
1607 5716 1847 5792 sibiipsi
1891 5713 2124 5792 quaerere
2162 5716 2322 5792 irrige-

751 5787 907 5845 rt'um,
949 5788 1084 5847 quod
1121 5785 1460 5838 htereditario
1495 5786 1615 5846 iure
1657 5786 1725 5838 ad
1763 5782 1818 5839 se
1863 5782 2168 5840 nErtitteret.
2221 5782 2323 5835 Re-

2424 5093 2548 5146 licta
2579 5093 2740 5161 igitur
2791 5091 3164 5144 Thessalonica
3203 5104 3329 5140 cura
3352 5096 3401 5140 et
3423 5087 3902 5161 administratione,
3926 5097 3979 5140 et

2421 5164 2531 5231 ipse
2558 5158 2626 5214 ad
2657 5161 2866 5215 Cralem
2895 5174 3142 5231 generum
3189 5174 3344 5209 suum
3396 5158 3526 5231 coiit
3548 5195 3562 5219 ,
3593 5173 3625 5231 tr
3647 5172 3756 5231 quo
3789 5159 3860 5208 ad
3889 5173 3981 5210 ea:-
4064 5181 4070 5186 -

2423 5225 2684 5300 sequenda
2713 5225 2979 5282 destinata
3013 5227 3379 5294 adjuvaretur.
3414 5226 3560 5280 Abeo
3587 5225 3751 5300 igitur
3773 5241 3980 5294 suscep-

2426 5295 2529 5357 tus,
2555 5309 2604 5352 et
2626 5317 2730 5352 una
2761 5315 2876 5351 cum
2910 5313 2968 5350 eo
2997 5311 3248 5362 egressus,
3285 5311 3488 5348 omnem
3522 5295 3784 5362 regionem
3812 5310 3978 5362 usque

2425 5369 2493 5421 ad
2527 5367 2856 5437 Strymonem
2924 5377 2970 5419 et
3027 5362 3568 5437 senas-populatur.
3629 5362 3978 5437 Quamobrem

2423 5439 2598 5491 senior
2621 5431 2916 5506 imperator
2961 5436 3224 5506 majorum
3255 5431 3517 5506 malorum
3563 5441 3724 5506 metu,
3773 5431 3974 5506 legatos

2424 5509 2491 5559 ad
2512 5523 2627 5559 eum
2660 5499 2776 5558 cum
2807 5499 3355 5571 Cwsarts'insigttibus
3385 5503 3544 5556 misit.
3575 5501 3704 5566 Quae
3741 5515 3860 5553 cum
3887 5499 3979 5552 ille

2427 5575 2626 5642 Scopiis
2657 5574 2905 5644 oppidulo
2931 5573 3205 5644 accepisset
3235 5613 3248 5635 ,
3281 5573 3521 5644 gestauit,
3550 5586 3707 5644 seque
3736 5571 3978 5644 deinceps

2428 5639 2735 5707 quieturum
2759 5659 2867 5696 esse
2900 5643 3169 5712 promisit,
3225 5639 3390 5712 neque
3435 5639 3719 5712 quidquam
3749 5639 3982 5709 amplius

2429 5717 2732 5781 petiturum.
2767 5713 2869 5765 Sed
2888 5709 3006 5780 jam
3050 5709 3470 5764 Thessalotticam
3519 5710 3800 5781 rediturus,
3851 5723 3980 5781 gra—

2430 5779 2633 5836 cissimo
2659 5779 3069 5846 morboaﬂ'ectus
3089 5819 3103 5846 ,
3135 5781 3281 5834 intra
3312 5795 3504 5839 paucos
3531 5779 3639 5833 dies
3671 5779 3905 5832 decessit.
