4250 6440
277 446 379 512 301

1449 441 1984 509 HISTORIARUM
2026 438 2256 511 LIBER
2296 447 2339 508 Ι.

3402 443 3509 507 302

283 583 401 627 νοις
435 565 509 626 ῶς
536 564 878 619 λυσιτελέσιν
926 566 953 620 ὁ
992 566 1249 637 βασιλεὺς
1288 566 1557 629 πεισθεὶς,
1594 566 1703 617 εἴτε
1738 564 1840 632 τὴν
1869 573 1913 629 Α

1946 563 2056 618 sive
2100 567 2318 634 nepotis
2358 564 2685 633 probitatem
2723 564 3015 625 reveritus.
3055 562 3108 617 in
3147 565 3509 634 protovestia-

284 658 381 710 τοῦ
412 658 530 711 νέου
561 657 968 726 καλοκαγαθίαν
998 658 1291 722 αἰδεσθεὶς,
1316 657 1412 711 τοῦ
1446 657 1633 720 κακῶς
1668 659 1846 709 ποιεῖν

283 752 378 803 τὸν
407 752 911 821 πρωτοϐεστιάριον
930 754 1164 819 ἀπέστη.
1198 751 1357 807 Οὕτω
1388 751 1487 819 μὲν
1514 752 1846 819 ἀμφοτέροις

287 841 315 891 ὀ
345 842 466 903 νέος
496 841 771 911 βασιλεὺς,
819 841 899 910 τῷ
946 842 1047 911 μὲν
1078 841 1173 894 τοῦ
1217 842 1291 910 μὴ
1324 840 1562 906 πληγαῖς
1602 838 1738 907 προς
1767 836 1845 905 τῷ

280 936 650 1003 ἀτιμασθῆναι
683 935 1051 1003 ωγκοπῆναι,
1109 934 1186 1003 τῷ
1236 934 1293 987 δὲ
1338 934 1432 987 τοῦ
1467 932 1542 1003 μὴ
1590 932 1679 985 διὰ
1728 930 1843 999 βίου

279 1024 656 1095 δεσμωτήριον
691 1031 883 1089 οἰκεῖν,
926 1024 1251 1087 αἰτιώτατος
1293 1025 1559 1091 ἐγεγόνει.
1595 1024 1758 1076 Αὐτοὶ
1787 1022 1844 1075 δὲ

286 1121 429 1185 μετά
461 1118 656 1187 μικρὸν
714 1120 779 1170 ἑκ
827 1117 920 1171 τοῦ
975 1118 1162 1184 ἄκρως
1211 1113 1710 1182 ἐκπεπολεμῶσθαι
1765 1115 1843 1175 εἰς

282 1212 470 1275 φιλίαν
496 1209 862 1269 συνελθόντες.
895 1212 988 1260 καὶ
1012 1210 1196 1276 ὅρκοις
1225 1208 1641 1274 ὲμπεδώσαντες
1672 1206 1843 1273 ἀλλή-

278 1302 405 1362 λους
434 1297 470 1369 ἦ
511 1302 616 1369 μὴν
671 1303 966 1369 φρονήσειν
1009 1299 1181 1353 ταύτά
1235 1298 1370 1368 πρὸς
1414 1299 1503 1349 τὸν
1556 1300 1697 1349 κατά
1747 1296 1841 1348 τοῦ

278 1393 403 1443 νέου
453 1390 722 1461 βασιλέως
762 1392 1024 1458 πόλεμον,
1074 1388 1229 1441 αὐτοί
1262 1406 1322 1441 τε
1363 1387 1706 1456 ἐξηρτύοντο,
1750 1387 1843 1438 καὶ

277 1483 371 1534 τὸν
419 1482 646 1550 βασιλέα
700 1482 1063 1550 παρεκάλουν,
1125 1481 1363 1541 ἀπάταις
1422 1479 1693 1549 χρώμενοι
1747 1477 1843 1533 καὶ

274 1572 575 1632 διαϐολαῖς·
609 1571 703 1623 καὶ
737 1572 837 1637 τῆς
872 1571 1195 1640 εὐεργεσίας
1221 1569 1545 1622 ἀπεδίδοσαν
1576 1570 1736 1639 χάριν
1782 1570 1843 1621 τὸ

283 1662 445 1730 μέχρι
482 1661 710 1714 θανάτου
760 1662 1044 1730 πολεμεῖν.
1099 1661 1241 1714 Ἀλλ’
1297 1662 1495 1715 ἐκεῖνοι
1550 1662 1648 1729 μὲν
1675 1661 1840 1713 οὕτωσ

281 1750 536 1816 βασιλεὺς
584 1751 639 1803 δὲ
683 1752 710 1802 6
765 1752 1143 1821 πρεσϐύτερος
1198 1751 1289 1803 τὸν
1343 1752 1842 1821 πρωτοϐεστιάριον

274 1842 513 1911 ἄρχοντα
568 1845 918 1912 καταστήσας
977 1843 1342 1912 Βαλαγράδων
1372 1883 1386 1907 ,
1446 1842 1733 1911 προσηνῶς
1779 1860 1841 1895 τε

275 1908 620 2002 καῖγημέρως
670 1908 959 2004 ὁμιλήσας.
1020 1935 1114 1988 καὶ⁷
1140 1908 1337 1988 ’πολλὰ
1372 1908 1843 2001 ἐπαγγειλάμενος
1874 1908 1916 1964 Β

275 2020 334 2077 εὖ
383 2026 658 2093 ποιήσειν,
714 2026 1049 2095 ἐξέπεμψεν,
1103 2027 1243 2079 ὅσων
1294 2024 1361 2077 ἀν
1404 2025 1515 2077 δέοι
1562 2024 1697 2093 πρὸς
1749 2022 1841 2076 τδν

272 2116 513 2184 πόλεμον
546 2113 688 2167 εἶναι
741 2116 1268 2186 παρεσκευασμένον
1320 2114 1719 2183 παραγγείλας*
1765 2114 1839 2177 ὡς

277 2209 397 2274 ἅμα
428 2206 508 2273 τῷ
538 2205 794 2269 δέξισθαι
823 2205 1126 2275 γράμματα
1149 2202 1280 2273 παρ’
1314 2205 1497 2265 αὐτοῦ,
1524 2204 1735 2271 βασιλεῖ
1763 2201 1840 2272 τῷ

276 2299 386 2366 νέῳ
412 2299 513 2362 τὴν
556 2300 621 2350 ὲκ
646 2300 744 2367 τῆς
775 2298 1011 2365 ἑσπέρας
1049 2296 1263 2359 ἐπάξων
1304 2296 1585 2365 στρατιάν.
1623 2294 1756 2346 Ἀπὸ
1782 2294 1839 2347 δὲ

274 2389 576 2452 Βυζαντίου
625 2390 763 2457 πρὸς
800 2387 893 2440 τὸν
931 2388 1052 2441 νέον
1093 2386 1439 2458 Ἀνδρόνικον
1483 2381 1619 2455 ἧκον
1646 2386 1840 2457 γράμ-

277 2498 427 2548 ματα
458 2481 611 2550 παρά
666 2481 775 2534 τῶν
825 2480 996 2548 φίλων
1053 2481 1242 2547 σαφῶς
1282 2477 1701 2544 ἀπαγγέλλοντα
1748 2478 1840 2529 τὸν

272 2570 650 2639 πρεσϐύτερον
687 2570 911 2640 βασιλέα
945 2572 1082 2638 πρὸς
1114 2570 1203 2622 τὸν
1225 2570 1461 2637 πόλεμον
1489 2568 1841 2638 παρασκευά-

274 2662 491 2726 ζεσθαι.
528 2664 618 2713 Διὶ.
652 2664 747 2716 καὶ
794 2662 971 2713 ἐδόκει
1012 2662 1125 2713 δεῖν
1164 2660 1315 2730 αὐτῷ
1364 2661 1482 2729 ἆμα-
1509 2659 1587 2728 τῷ
1622 2661 1842 2729 μεγάλῳ

271 2753 586 2821 δομεστίκῳ
615 2754 710 2805 καὶ
740 2753 1186 2822 πρωτοστράτορι
1223 2751 1519 2820 βουλευτέα
1544 2746 1682 2803 εἶναι
1710 2750 1841 2819 περὶ

268 2844 370 2897 τοῦ
440 2846 706 2913 πολέμου.
802 2844 1263 2913 Βουλευσαμένοις
1334 2843 1391 2895 δὲ
1470 2842 1842 2911 μεγαλοψυχίᾳ

268 2936 467 3005 ὥσπερ
528 2936 624 2989 καὶ
681 2936 774 2988 ἐπὶ
845 2936 955 2988 τῶν
1035 2937 1320 3003 προτέρων
1365 2934 1620 3002 πολέμων
1666 2932 1840 2985 ἐδόκει

266 3028 526 3097 χρῆσθαι,
558 3028 652 3079 καὶ
686 3027 760 3095 μὴ
785 3024 1301 3095 προεξανίστασθαι,
1335 3024 1473 3077 ἀλλά
1492 3025 1580 3076 τὸν
1607 3022 1713 3075 ἀπὸ
1732 3023 1839 3074 τῶν

273 3120 616 3191 πραγμάτων
648 3119 868 3189 ἔλεγχον
900 3119 1237 3188 περιμένειν·
1271 3119 1385 3187 ἅμα
1413 3118 1504 3170 καὶ
1526 3116 1840 3181 ἐλπίζοντες

1949 656 2089 709 rium
2116 656 2553 710 animadvertere
2579 657 2908 725 supersedit.
2943 656 3018 709 Ita
3050 656 3238 723 junior
3270 655 3509 724 impera-

1948 755 2032 800 tor
2082 748 2172 800 uni
2208 748 2440 801 maxime
2470 748 2695 817 profuit,
2726 765 2793 802 ne
2820 764 2942 801 cum
2984 748 3204 801 infamia
3242 756 3299 801 et
3341 747 3510 801 dede-

1946 855 2073 893 core
2112 840 2432 895 verberibus
2463 843 2933 905 contunderetur;
2970 840 3149 897 alteri.
3176 855 3245 894 ne
3286 840 3506 893 aeternis

1946 930 2178 983 vinculis
2211 931 2564 984 mandaretur
2587 950 2599 984 :
2621 934 2711 1001 qui
2745 948 2859 985 non
2893 932 2985 984 diu
3026 940 3147 999 post
3173 946 3238 985 cx
3269 929 3508 985 infestis-

1944 1019 2099 1073 simis
2134 1020 2275 1073 odiis
2309 1022 2360 1075 in
2386 1022 2614 1089 gratiam
2648 1032 2889 1075 mutuam
2923 1023 3228 1077 redierunt.
3261 1020 3509 1087 Cumque

1946 1109 2089 1162 inter
2110 1126 2167 1163 se
2183 1111 2248 1164 ad
2275 1111 2416 1164 idem
2443 1112 2788 1165 sentiendum
2811 1111 3195 1179 jusjurandum
3219 1112 3509 1163 contirma-
3552 1174 3555 1179 _

1947 1201 2113 1254 tionis
2142 1216 2274 1271 ergo
2298 1203 2701 1281 adhibuissent,
2732 1204 2834 1271 ipsi
2874 1204 3072 1256 bellum
3103 1203 3506 1267 instruxerunt,
3537 1182 3571 1223 (ι’

1944 1293 2192 1361 dolisque
2219 1304 2273 1347 et
2302 1295 2593 1348 calumniis
2630 1310 2813 1347 senem
2846 1296 3108 1349 adversus
3140 1305 3392 1365 nepotem
3427 1296 3510 1347 iu-

1942 1384 2281 1445 cenderunt,
2330 1396 2384 1439 et
2440 1387 2705 1440 bent-licia
2767 1388 2905 1440 bene
2943 1388 3195 1441 meritum
3227 1403 3397 1455 usque
3441 1386 3508 1441 ad

1945 1485 2177 1530 mortem
2225 1478 2591 1546 oppugnando
2639 1490 3027 1546 pensaverunt.
3073 1479 3247 1546 Atque
3298 1478 3351 1530 hi
3390 1478 3513 1545 qui-

1942 1567 2066 1621 ιιι-ιη
2095 1571 2167 1621 ita
2198 1584 2256 1621 se
2285 1580 2593 1638 gesserunt.
2638 1569 2937 1638 [inperator
2971 1585 3107 1623 avus
3143 1570 3510 1637 protovcstia-

1920 1658 2086 1719 _rium
2119 1659 2539 1729 Balagradorum
2577 1663 2861 1730 praesidem
2913 1663 3139 1724 creavit,
3170 1662 3510 1731 benigneque

1942 1764 2005 1803 ac
2024 1764 2305 1806 mansuete
2327 1762 2779 1813 tractatum,cum
2802 1754 3096 1807 multorum
3118 1753 3509 1806 beneficiorum

1945 1841 2337 1910 pollicitatione
2354 1846 2569 1898 emisit:
2591 1860 2714 1899 cum
2735 1846 3081 1914 praacepissct
3107 1844 3514 1913 utquibuscun-

1944 1946 2051 2001 que
2074 1931 2143 1987 ad
2177 1934 2377 1988 bellum
2405 1951 2544 2003 opus
2570 1944 2735 1999 esset,
2772 1946 2955 2003 parata
2992 1935 3240 1997 haberet,
3270 1948 3381 2002 quo
3405 1942 3514 1986 sta-

1945 2023 2042 2076 tim
2099 2031 2264 2093 atque
2293 2040 2324 2078 a
2383 2041 2442 2080 se
2498 2026 2710 2079 litteras
2742 2027 3068 2094 accepisset,
3108 2041 3175 2080 ex
3214 2023 3511 2078 Occidente

1943 2113 2127 2181 copias
2161 2114 2216 2168 in
2264 2123 2515 2185 nepotem
2565 2117 2811 2171 duceret.
2844 2116 2945 2170 Cui
2993 2116 3260 2184 scriptum
3314 2124 3397 2169 est
3443 2114 3511 2167 ab

1944 2205 2135 2259 amicis
2158 2205 2436 2275 Byzantio.
2458 2222 2617 2261 avum
2658 2208 2935 2276 propalam
2975 2206 3175 2260 bellum
3213 2207 3508 2259 adornare.

1942 2296 2310 2361 Quamobrem
2343 2299 2417 2361 ei,
2444 2305 2502 2353 et
2528 2314 2722 2366 magno
2757 2300 3081 2358 domestico.
3115 2313 3215 2354 nec
3245 2314 3351 2352 non
3383 2312 3513 2364 pro-

1944 2388 2221 2442 tostratori
2255 2389 2322 2441 de
2350 2388 2495 2442 bello
2530 2388 2583 2442 in
2614 2390 2903 2443 consilium
2937 2392 3014 2443 ire
3046 2390 3273 2459 placuit,
3310 2390 3514 2442 visum-

1941 2492 2046 2545 que
2069 2477 2461 2542 adhibendam,
2490 2489 2548 2532 ut
2573 2480 2854 2548 prioribus
2887 2480 3064 2541 bellis,
3098 2480 3264 2531 animi
3296 2479 3507 2547 magni-

1944 2569 2187 2623 tudinem
2227 2590 2238 2624 :
2272 2586 2372 2625 nec
2395 2571 2547 2639 prius
2578 2572 2992 2641 insurgendum.
3018 2572 3111 2627 sed
3136 2564 3267 2641 quid
3296 2581 3511 2639 tempus

1944 2672 2183 2723 moneat.
2234 2662 2687 2731 exspectandum.
2735 2664 2872 2730 Spes
2899 2662 3064 2716 etiam
3099 2662 3345 2716 victoria:
3378 2678 3515 2729 prm-

1942 2752 2087 2805 clara
2134 2752 2254 2805 illos
2285 2751 2649 2815 sustentabat,
2694 2751 2841 2820 quod
2877 2752 3047 2805 Deum
3087 2751 3189 2805 sibi
3214 2751 3383 2806 fracto
3414 2751 3515 2805 fte-

1942 2843 2073 2897 dere
2124 2843 2268 2897 hesis
2326 2858 2718 2897 succursurum
2796 2843 3137 2896 conﬁderent
3188 2860 3202 2896 :
3249 2844 3315 2895 ad
3364 2844 3510 2911 quod

1943 2936 2306 3005 frangendum
2354 2936 2455 3003 ipsi
2510 2952 2610 2988 nec
2643 2951 2723 2998 re,
2764 2950 2863 2989 nec
2899 2934 3067 2987 verbo
3114 2935 3166 2986 in
3203 2949 3365 2987 causa
3403 2935 3513 2987 ulla

1946 3028 2107 3078 modo
2152 3025 2401 3080 fuissent.
2436 3023 2774 3091 Experiundi
2806 3036 2988 3077 tamen
3021 3024 3214 3091 gratia,
3246 3024 3513 3077 Constan-

1945 3116 2213 3186 tinopolin
2255 3117 2687 3185 procedendum,
2730 3117 2875 3183 quod
2919 3114 3044 3167 belli
3075 3114 3308 3178 molitio,
3351 3114 3510 3167 simul

269 3212 732 3297 περιγενήσεσθαι
756 3211 851 3264 τοῦ
896 3214 1165 3281 πολέμου,
1195 3211 1495 3281 ἀμύνοντας
1530 3210 1711 3271 αὐτοῖς
1742 3209 1837 3260 καὶ
1866 3243 1907 3301 c

1946 3226 2008 3265 ac
2043 3225 2111 3264 eo
2147 3210 2526 3266 accessissent.
2560 3208 2705 3261 clare
2736 3206 3069 3275 apparitura,
3108 3216 3202 3260 aut
3243 3215 3514 3274 perterre-

265 3304 362 3356 τοῦ
392 3302 530 3356 Θεοῦ
566 3291 1165 3373 παρασπονδουμένοις.
1190 3304 1357 3355 Αὐτοὶ
1388 3304 1497 3371 γὰρ
1530 3300 1654 3354 οὔτε
1687 3300 1833 3370 λόγῳ
1870 3291 1907 3301 ⁷

1946 3302 2103 3356 factis
2146 3303 2241 3370 qui
2295 3300 2428 3354 illud
2469 3301 2822 3361 suscitarant,
2858 3298 2910 3350 in
2966 3298 3202 3350 nihilum
3253 3313 3512 3351 recasura

269 3396 453 3447 αἰτίαν
485 3397 791 3466 παρασχεῖν
823 3394 919 3447 τοῦ
972 3394 1231 3449 λελῦσθαι
1289 3395 1390 3457 τὰς
1425 3394 1683 3453 σπονδάς.
1720 3392 1843 3445 Helo

1946 3402 2113 3447 esset.
2149 3392 2274 3446 llaec
2307 3389 2717 3444 consiliantium
2750 3392 3019 3441 sententia
3052 3386 3176 3441 fuit.

268 3506 371 3559 ρας
421 3490 481 3543 δι
522 3492 682 3559 χάριν
712 3491 888 3543 ἐδόκει
921 3488 1059 3559 πρὸς
1090 3489 1388 3553 Βυζάντιον
1422 3490 1683 3543 ἀπελθεῖν
1707 3488 1781 3553 ὡς
1812 3489 1843 3555 ἢ
1887 3487 2123 3557 φανεροῦ
2159 3487 2525 3557 γενησομένου
2558 3486 2675 3554 ἅμα
2737 3483 2814 3550 τῷ
2847 3484 3044 3545 αὐτοὺς
3103 3480 3397 3549 ἀφικέσθαι
3421 3480 3514 3532 τοῦ

268 3584 530 3653 πολέμου,
575 3584 607 3654 ἢ
644 3582 1101 3654 διαλυθησομένου
1126 3623 1141 3649 ,
1198 3582 1306 3636 τῶν
1349 3582 1645 3637 κινούντων
1677 3580 2160 3653 καταπληξάντων.
2202 3580 2419 3633 Βασιλεῖ
2478 3580 2580 3642 μὲν
2638 3577 2729 3630 οὖν
2754 3576 2829 3645 τῷ
2889 3578 2991 3642 νέςιι
3039 3577 3134 3627 καὶ
3185 3577 3299 3637 τοῖς
3334 3575 3506 3642 φίλοις

261 3674 448 3736 οὕτως
486 3674 685 3728 ἐδόκει.

1536 3828 1541 3833 .
1569 3789 1727 3862 133
1772 3783 1999 3847 CAPUT
2043 3789 2226 3846 xuv.

270 3879 377 3955 Per
409 3882 611 3953 legatos
642 3900 769 3939 aras
819 3896 1058 3955 nepotem
1095 3895 1287 3944 monet.
1343 3903 1406 3939 ne
1454 3884 1770 3955 Byzantium
1801 3887 2160 3955 ingrediatur.
2198 3883 2302 3938 Ille
2348 3884 2527 3938 dolens
2586 3899 2647 3937 ea
2699 3884 3114 3942 denuntiatione,
3149 3883 3314 3937 Deum
3341 3893 3516 3938 testem

337 3954 653 4009 innocentia:
680 3972 790 4009 sum
817 3954 1087 4025 appellat,-
1119 3973 1212 4009 nec
1235 3966 1463 4011 recusat.
1486 3954 1532 4008 si
1562 3955 1792 4025 legitime
1818 3954 2097 4009 accusatus
2138 3971 2193 4006 se
2237 3956 2515 4023 defendere
2545 3955 2857 4023 nequiverit.
2883 3955 3006 4025 quin
3042 3970 3219 4021 pinnas
3244 3957 3347 4007 det.
3390 3955 3517 4022 bjus

337 4025 645 4077 memoriam
680 4041 708 4078 ε
738 4024 906 4079 sacris
938 4042 1031 4093 per
1067 4028 1248 4080 omnia
1273 4026 1470 4095 templa
1496 4024 1625 4078 tolli
1651 4027 1762 4079 vult
1792 4042 1955 4091 avus;
1985 4026 2294 4096 patriarcha
2326 4025 2519 4078 diserte
2567 4026 2743 4093 nepoti
2768 4024 3157 4089 patrocinatus,
3184 4028 3517 4095 refragatur.

336 4135 453 4188 Καὶ
486 4135 715 4207 ὕστερον
743 4137 804 4197 οὐ
832 4138 1053 4200 πολλαῖς
1082 4138 1321 4207 ἡμέραις
1350 4139 1493 4191 κατὰ
1530 4138 1627 4201 τὰς
1664 4139 1837 4208 ἀρχὰς

276 4214 612 4297 ’ὁκτωϐρίου
651 4232 750 4299 τῆς
798 4229 1035 4298 δεκάτης
1078 4228 1443 4292 ίνδικτιῶνος,
1498 4230 1563 4282 εκ
1609 4229 1839 4299 Διδύμο-

258 4325 451 4394 τείχου
473 4320 638 4394 ἦλθον
666 4325 746 4386 είς
778 4321 1086 4392 Σηλυϐρίαν
1110 4363 1127 4387 ,
1163 4323 1428 4393 στρατιὰν
1479 4322 1577 4392 μὲν
1615 4322 1717 4376 οὐκ
1744 4325 1840 4375 tit--

267 4416 556 4481 αγόμενοι,
597 4412 693 4466 τοῦ
741 4413 817 4483 μὴ
861 4412 1041 4466 δοκεῖν
1086 4413 1402 4483 ἐξεπίτηδες
1426 4414 1561 4485 πρὸς
1606 4414 1841 4482 πολεμον

263 4507 489 4575 χωρεῖνο
528 4504 643 4573 ἆμα
669 4505 725 4557 δὲ
745 4504 991 4567 οἰκέταις
1023 4505 1119 4564 καὶ¹
1144 4505 1254 4556 τῶν
1284 4506 1457 4573 φίλων
1485 4505 1585 4558 οὐκ
1612 4505 1839 4573 ὀλίγοις.

276 4599 364 4659 Ὠς
399 4595 457 4648 δὲ
514 4595 749 4647 ὶπύθετο
801 4598 832 4647 ὁ
896 4594 1271 4664 πρεσϐύτερος
1308 4595 1561 4664 βασιλεὺς
1587 4638 1602 4662 ,
1636 4597 1729 4648 τόν
1779 4613 1839 4649 τε

259 4687 670 4755 δικαιοφύλακα
710 4686 1012 4756 Γρηγόριον
1058 4688 1150 4739 τὶν
1192 4688 1442 4753 κλειδᾶν,
1478 4690 1572 4741 καὶ
1610 4687 1838 4756 Νίφωνα

260 4780 357 4831 τὸν
389 4780 692 4832 ἐπίσκοπον
717 4779 1042 4846 Μογλαίνων
1066 4780 1205 4848 πρὸς
1226 4781 1317 4832 τὸν
1336 4781 1560 4848 ἔγγονον
1584 4782 1840 4834 ἀπέστει-

260 4868 356 4919 λεν
420 4870 501 4931 είς
556 4868 900 4937 Σηλυϐρίαν,
959 4870 1042 4931 είς
1097 4867 1396 4931 Βυζάντιον
1462 4868 1700 4922 κελεύων
1758 4870 1833 4940 μὴ

2014 4139 2143 4193 Dies
2172 4137 2330 4208 pauci
2362 4137 2814 4200 intercesserunt,
2844 4153 2971 4193 cum
3007 4141 3234 4194 ineunte
3263 4141 3513 4204 Octobri.

1946 4230 2246 4285 indictione
2297 4229 2531 4295 decima,
2600 4228 2981 4302 Didymotieho
3044 4230 3349 4300 Seberiam
3400 4234 3517 4287 sine

1946 4323 2196 4378 exercitu
2257 4322 2346 4391 (ne
2400 4322 2588 4377 dedita
2631 4336 2799 4391 opera
2849 4322 2904 4376 in
2943 4322 3147 4377 bellum
3198 4323 3516 4378 viderentur

1948 4410 2273 4482 proficisci),
2303 4427 2590 4467 servorum
2637 4413 3051 4482 amicorumque
3072 4413 3257 4484 stipati
3285 4416 3518 4469 catervis

1949 4510 2239 4555 venerunt.
2298 4499 2454 4566 Quod
2510 4510 2568 4555 ut
2606 4501 2880 4571 competit
2935 4502 3141 4568 senior,
3194 4502 3514 4572 Gregorium

1946 4592 2156 4647 Clidam
2189 4593 2667 4663 dicasophylacem,
2698 4602 2755 4647 et
2786 4594 3093 4664 Niphonem
3129 4594 3515 4663 Magiaanorum

1947 4682 2269 4751 episcopum
2333 4680 2638 4752 Selybriam
2710 4684 2900 4745 mittit.
2963 4683 3080 4737 suis
3112 4684 3296 4738 verbis
3328 4685 3515 4752 nepoti

1946 4773 2289 4838 mandatum,
2325 4789 2394 4828 ne
2423 4773 2740 4844 Byzantium
2767 4776 2929 4831 adeat
2960 4794 2977 4833 :
3004 4792 3112 4831 non
3134 4777 3281 4831 enim
3303 4777 3516 4841 ingredi

1943 4868 2367 4935 permissurum,
2421 4869 2866 4939 quandoquidem
2917 4869 3098 4925 fmdus
3130 4870 3183 4921 in
3225 4872 3517 4937 postremis

262 4962 468 5013 ἐλθεῖν.
503 4960 639 5012 Οὐδὲ
667 4960 776 5027 γὰρ
827 4959 894 5013 ἂν
945 4960 1094 5029 αὐτῷ
1118 4960 1218 5030 τὴν
1260 4961 1466 5014 εῖσοδον
1506 4964 1838 5032 παραχωρή-
1869 4982 1912 5037 ι)

1946 4960 2230 5014 habuisset
2262 4961 2401 5030 (70).
2438 4961 2673 5017 Proinde
2713 4964 2756 5017 si
2793 4962 2924 5031 quid
2956 4963 3006 5016 ei
3040 4964 3325 5018 obveniret
3364 4967 3515 5030 mali,

261 5066 399 5115 σειν,
434 5051 517 5103 ὅτι
562 5050 664 5110 τὰς
708 5049 846 5119 πρὸς
877 5052 1041 5105 αὑτὸν
1089 5053 1321 5114 σπονδὰς
1363 5053 1698 5121 παραλύσειε
1735 5058 1831 5108 καὶ

260 5140 388 5200 τοὺς
411 5139 613 5209 ὅρκους
638 5156 653 5171 ο
701 5140 806 5192 κάν
849 5156 903 5193 τι
945 5142 1075 5209 περὶ
1110 5140 1276 5194 αὐτὸν
1323 5143 1504 5212 συμϐῇ
1539 5143 1646 5196 τῶν
1674 5145 1834 5197 ἀϐου-

256 5230 470 5299 λήτων,
521 5233 624 5283 οὐκ
658 5230 889 5298 ἐκεινῳ,
931 5232 1049 5284 ἀλλ’
1100 5232 1280 5300 ἑαυτῷ
1329 5232 1429 5301 τὴν
1468 5234 1652 5287 αίτίαν
1684 5234 1833 5302 λογί-

260 5321 456 5384 ζεσθαι
508 5323 1019 5394 παοεσπονδηκότι.
1072 5321 1293 5376 Τούτων
1344 5324 1587 5386 ἀκούσας
1640 5328 1671 5379 ὁ
1713 5328 1831 5387 νέος

1944 5064 2053 5104 non
2081 5050 2181 5115 illi,
2216 5053 2310 5106 scd
2361 5052 2466 5107 sibi
2519 5055 2740 5121 culpam
2796 5055 3139 5119 ascriberet,
3197 5057 3289 5125 qui
3340 5057 3517 5111 foedus

1943 5141 2223 5198 violasset.
2262 5144 2443 5197 Doluit
2478 5159 2806 5213 magnopere
2840 5146 2940 5199 hac
2969 5147 3387 5201 denuntiatione
3415 5164 3516 5201 ne-

1942 5250 2071 5305 pos,
2104 5238 2441 5307 paulumque
2472 5249 2786 5299 cunetatns.
2824 5239 3158 5305 Voluissem,
3188 5241 3385 5309 inquit,
3412 5241 3514 5295 do-

1940 5328 2365 5382 minummeum
2405 5337 2462 5383 et
2492 5329 2883 5399 imperatorem
2932 5332 3267 5387 obedientia:
3294 5341 3350 5387 et
3376 5334 3509 5387 sub-

1498 5440 1714 5500 Jacobi
1749 5441 2012 5503 Pontani
2051 5450 2243 5506 notae.

336 5537 749 5609 (70)7Znov6:'15,
770 5538 865 5609 καὶ
894 5538 1020 5601 τοὺς
1036 5530 1254 5607 ὅρκους.
1284 5538 1422 5593 Cum
1456 5538 1661 5594 fmdere
1703 5557 1846 5609 saepe

260 5610 442 5679 iungit
466 5608 649 5674 ὅρκος.
685 5608 790 5661 Sed
838 5613 966 5676 quia
1022 5609 1203 5662 foedus
1231 5611 1349 5662 sine
1372 5610 1687 5678 jurameuto
1718 5608 1843 5663 nul-

261 5683 376 5733 lum
409 5686 515 5739 est,
546 5689 640 5730 aut
684 5691 836 5731 certe
871 5679 1171 5745 perfectum
1220 5693 1329 5732 non
1376 5688 1481 5742 est,
1517 5694 1631 5732 non
1664 5680 1841 5734 habeo

261 5761 511 5818 necesse,
546 5761 761 5818 semper
812 5762 1002 5818 vocem
1026 5748 1398 5818 juramentum
1428 5748 1652 5811 addere,
1704 5765 1840 5818 quo-

263 5817 369 5871 ties
407 5832 606 5870 nomen
642 5814 867 5871 ftederis
909 5814 1153 5873 occurrit
1179 5854 1197 5876 .
1232 5827 1290 5871 ut
1337 5817 1536 5879 dicam.
1584 5814 1748 5881 {edas
1788 5831 1839 5872 et

1944 5543 2313 5623 jurame_ntunt
2337 5584 2352 5607 ,
2387 5562 2482 5623 seu
2527 5548 2932 5623 jusjurandum.
2967 5550 3151 5607 Grmca
3185 5553 3365 5623 copia.
3415 5569 3513 5609 seu

1954 5618 2257 5693 loquacitas
2310 5618 2507 5693 crebro
2550 5618 2669 5673 sine
2722 5636 2885 5675 causa
2938 5623 3102 5675 Verba
3161 5618 3542 5693 multiplicat,~

1950 5680 2131 5763 Lat-ini
2167 5686 2476 5739 severiores
2517 5700 2645 5741 sunt
2670 5730 2684 5752 ,
2720 5703 2773 5743 et
2819 5707 2939 5760 quae
2962 5708 3028 5745 ex
3054 5694 3219 5747 dictis
3264 5680 3396 5747 saiis
3433 5680 3516 5747 in;

1950 5754 2295 5824 telliguntur,
2338 5766 2432 5809 aut
2468 5762 2778 5815 necessario
2800 5754 3091 5833 conjuncta
3118 5772 3269 5829 sunt,
3301 5774 3505 5819 tacent.
