4250 6440
737 455 843 516 303

1931 451 2254 517 JOANNIS
2293 452 2845 540 CANTACUZENI.

3855 455 3960 518 306

732 567 987 638 jectionis
1017 584 1171 631 meae,
1219 583 1379 638 quam
1412 584 1539 635 erga
1578 583 1700 622 cum
1738 567 1894 622 factis
1927 564 2162 629 oStendi.
2194 559 2300 620 non

2410 559 2683 635 βασιλεὺς,
2720 566 2925 640 ἤλγησε
2980 565 3080 635 μὲν
3118 566 3215 636 οὐχ
3272 564 3478 636 ἥκιστα
3511 566 3606 617 ἐπὶ
3639 565 3755 628 ταῖς
3791 567 3961 633 ἀγγε-

737 676 906 728 usque
959 661 1096 712 adeo
1131 659 1454 727 deposuisse
1494 659 1835 712 memoriam.
1871 658 1975 712 Sed
2005 659 2129 727 quia
2166 672 2292 725 pec-

733 751 868 802 catis
894 750 1029 803 meis
1064 750 1265 801 factum
1301 758 1406 812 est,
1443 757 1502 800 ut
1534 747 1641 801 huc
1665 748 2068 816 prolaberetur,
2100 763 2295 815 meque

733 838 1014 906 pcrjurum
1051 846 1104 889 et
1139 845 1422 904 pactorum
1465 845 1978 903 conventorumque
2043 843 2296 886 eontem-

735 931 949 992 ptorem
994 924 1270 994 judicaret
1295 939 1359 977 ac
1389 924 1617 987 diceret,
1660 939 1786 978 cum
1829 925 2059 994 probum
2093 924 2298 991 potius,

661 1011 684 1031 ‘
739 1016 908 1082 patris
943 1026 1243 1075 amantem,
1279 1015 1496 1082 sibique
1544 1015 2010 1082 subjectissimum
2043 1022 2296 1082 reputare

736 1107 1040 1166 debuisset,
1071 1107 1305 1174 primum
1335 1105 1557 1171 quidem
1592 1113 1900 1174 opportune
1936 1119 2032 1158 vos
2065 1104 2172 1157 huc
2200 1120 2295 1156 ve-

736 1198 885 1250 nisse
916 1197 1180 1259 arbitror,
1231 1196 1377 1248 viros
1417 1194 1740 1262 prudentes,
1786 1195 1992 1263 quique
2041 1193 2297 1246 facillime

707 1302 803 1341 ‘ex
847 1289 1097 1339 oratione
1144 1300 1260 1338 mea
1297 1286 1581 1338 veritatem
1608 1295 1664 1338 et
1697 1283 1932 1337 ollicium
1967 1284 2296 1337 intellecturi

738 1380 866 1432 sint.
922 1377 1128 1431 Deinde
1192 1377 1492 1445 interrogo,
1550 1375 1745 1443 ecquid
1800 1375 1868 1428 ab
1913 1389 2016 1426 aro
2073 1387 2196 1426 meo
2243 1372 2297 1424 in

741 1466 1011 1522 mandatis
1045 1467 1397 1534 acceperitis,
1436 1476 1495 1519 ut
1547 1465 1614 1518 de
1648 1465 1866 1532 injuriis
1897 1466 1973 1520 illi
2003 1481 2030 1518 a
2066 1478 2152 1516 me
2182 1464 2298 1516 illa-

738 1560 807 1613 tis
833 1575 1041 1613 mecum
1067 1557 1446 1627 expostuletis.
1502 1571 1786 1624 meamque
1811 1567 2002 1610 contra
2027 1555 2300 1609 defensio-

739 1666 862 1704 nem
898 1649 1152 1704 audiatis.
1202 1647 1414 1701 Etenim
1449 1646 1514 1700 ad
1542 1646 1756 1714 objecta
1804 1645 2126 1713 depellenda
2152 1644 2298 1714 quod

739 1742 942 1802 dicam,
980 1739 1414 1806 superfuturum,
1475 1737 1674 1790 nedum
1739 1736 2054 1790 defuturum
2113 1750 2304 1805 spero.

743 1826 1242 1900 Respondentibus,
1293 1846 1399 1883 non
1436 1831 1557 1899 plus
1599 1829 1708 1883 sibi
1736 1825 2104 1896 Epréeeptum,
2132 1843 2296 1896 quam

2395 659 2574 721 λίαιςο
2613 661 2813 728 μικρὸν
2859 658 2914 709 δὲ
2986 659 3259 726 ἐπισχὼν,
3310 658 3663 727 Ἐϐουλόμην,
3713 654 3858 719 εἷπε,
3887 657 3963 724 μὴ

2395 747 2658 800 τοσοῦτον
2706 749 2997 817 ἀμνήμονα
3034 750 3126 801 τὸν
3177 750 3308 817 ἐμὸν
3350 750 3540 816 κύριον
3585 751 3680 801 καὶ
3735 749 3965 815 βασιλέα
4059 734 4069 742 ’

2394 828 2462 905 ἧς
2494 836 2679 904 ἔργοις
2713 835 2877 898 αὐτὸς
2921 837 3238 898 εὐπειθείας
3289 837 3384 888 καὶ
3415 835 3660 896 δουλείας
3702 835 3842 903 πρὸς
3873 835 3966 886 αύ-

2395 923 2488 976 τδν
2534 925 2890 993 ἐνεδειξάμην
2942 926 3176 994 ὀφθῆναι
3231 925 3348 977 νῦνο
3380 926 3501 977 ἐπεὶ
3526 926 3571 977 δ’
3607 925 3639 994 ἡ
3678 924 3787 976 τῶν
3812 925 3964 992 ἐμῶν

2398 1014 2812 1084 ἁμαρτημάτων
2848 1015 3061 1085 πληθὺς
3095 1017 3351 1084 ἐπίορκον
3379 1018 3469 1068 καὶ
3500 1015 3607 1066 τῶν
3639 1015 3776 1084 πρὸς
3799 1015 3966 1066 αὐτὸν

2399 1107 2726 1174 συμϐάσεων
2780 1107 3052 1177 ἀθετητὴν
3123 1109 3216 1161 καὶ
3279 1107 3493 1160 οἴεσθαι
3557 1108 3812 1159 ἀνέπεισε
3867 1108 3966 1158 καὶ

2398 1197 2601 1264 λέγειν,
2650 1197 2766 1250 δέον
2804 1199 3126 1266 εὐγνώμονα
3167 1200 3260 1250 καὶ
3311 1199 3647 1266 φιλοπάτορα
3685 1201 3779 1250 καὶ
3813 1195 3968 1265 αὐτῷ

2398 1289 2694 1341 ὑπείκοντα
2734 1291 3052 1356 λογίζεσθαι
3096 1293 3296 1350 πάντα,
3339 1291 3561 1361 πρῶτον
3603 1292 3699 1358 μὲν
3750 1293 3808 1342 ἐν
3840 1305 3967 1342 και-

2401 1380 2501 1447 ρίῳ
2553 1381 2736 1448 οἴομαι
2778 1381 2876 1450 τὴν
2925 1383 3062 1449 προς
3097 1381 3195 1448 ἐμὲ
3231 1383 3384 1450 ὑμῶν
3419 1381 3605 1450 ἄφιξιν
3634 1381 3965 1450 γεγενῆσθαι

2404 1471 2640 1522 συνετῶν
2693 1471 2862 1523 ὄντων
2914 1474 3006 1524 καὶ
3061 1473 3380 1540 δυναμένων
3433 1474 3668 1541 μάλιστα
3709 1472 3816 1523 ἀπὸ
3857 1471 3967 1522 τῶν

2399 1560 2708 1628 λεγομένων
2729 1561 2795 1612 τά
2816 1561 2990 1630 ἀληθῆ
3025 1563 3122 1614 καὶ
3145 1564 3213 1613 τὰ
3230 1563 3418 1614 δέοντα
3452 1565 3717 1614 συνεῖναι’
3751 1561 3966 1626 ἔπειτα,

2400 1653 2588 1719 ἐρωτῶ
2629 1653 2678 1703 εξ
2727 1653 2820 1704 καὶ
2862 1655 3010 1722 παρὰ
3055 1653 3147 1705 τοῦ
3181 1653 3316 1722 ἐμοῦ
3351 1653 3542 1720 κυρίου
3569 1653 3662 1704 καὶ
3699 1652 3968 1721 βασιλέως

2406 1744 2810 1811 ἐπιτέτραπται
2868 1745 3028 1812 ὑμῖν,
3087 1743 3184 1796 ἅτε
3245 1744 3483 1811 ὴδῖκηκα
3533 1744 3824 1809 ἐγκαλεῖν,
3872 1746 3969 1796 καὶ

2403 1833 2607 1885 τούτων
2639 1835 2738 1900 τὴν
2772 1834 3069 1899 ἀπολογίαν
3101 1834 3352 1901 δέχεσθαι
3388 1833 3697 1895 διεξιόντος.
3731 1832 3968 1894 Ἐλπίζω

740 1932 802 1976 ut
837 1923 884 1975 ei
919 1921 1332 1984 denuntiarent,
1389 1934 1458 1974 ne
1509 1920 1825 1988 Byzantium
1885 1919 2300 1988 ingrederetur,

2404 1925 2513 1992 γάρ
2549 1925 2611 1976 ἐκ
2657 1923 2855 1977 πολλοῦ
2890 1924 2984 1976 τοῦ
3023 1925 3307 1994 περιόντος
3340 1922 3718 1976 ἀποδύσασθαι
3758 1922 3826 1973 τά
3878 1923 3971 1988 ἐγ-

741 2014 1039 2082 statimque
1098 2020 1512 2066 reverterentur
1551 2011 1926 2064 :Renuntiate
1971 2009 2157 2080 igitur,
2204 2011 2300 2075 ait,

741 2105 967 2158 domino
990 2119 1112 2160 meo
1142 2113 1198 2158 et
1228 2103 1567 2172 imperatori,
1600 2117 1685 2155 me
1715 2102 1882 2156 Deum
1911 2100 2159 2156 veritatis
2179 2101 2304 2155 vin-

740 2197 945 2259 dicem,
968 2205 1128 2264 atque
1145 2195 1282 2249 adeo
1300 2195 1475 2262 ipsam
1498 2194 1781 2247 veritatem
1802 2194 1940 2262 (ipse
1954 2193 2100 2246 enim
2122 2201 2304 2258 etest,

741 2294 800 2339 et
823 2284 1137 2338 nominatur
1152 2285 1376 2352 veritas)
1401 2281 1610 2346 testari,
1629 2296 1714 2335 me
1731 2290 2008 2349 nequeant
2023 2296 2306 2350 ea,-neque

744 2377 908 2429 modo
935 2374 1079 2429 bello
1107 2385 1214 2428 tam
1248 2374 1434 2442 inique
1461 2373 1784 2442 appetitum,
1823 2371 1956 2424 mihi
1986 2370 2215 2440 alicujus
2252 2370 2306 2424 in

744 2467 924 2533 ipsum
945 2465 1219 2525 criminis.
1245 2478 1341 2518 seu
1367 2478 1448 2528 re,
1465 2477 1561 2516 seu
1582 2461 1752 2516 verbo
1773 2460 1996 2514 admissi
2023 2461 2308 2514 conscium

742 2573 885 2618 esse,
922 2564 1018 2610 aut
1071 2555 1262 2610 fuisse.
1311 2553 1496 2620 Quare
1529 2553 1785 2621 illumper
1819 2553 1986 2605 Deum
2026 2551 2335 2604 immorta-'

745 2651 851 2702 lem
882 2649 1134 2710 obsecro,
1163 2654 1221 2698 ut
1245 2647 1382 2700 iram
1413 2645 1672 2714 deponat,
1693 2640 1852 2712 135
1873 2657 2044 2711 seque
2065 2641 2130 2695 ad
2163 2641 2306 2696 leni-

748 2748 917 2793 tatem
945 2739 1145 2799 det,ac
1182 2752 1252 2791 ne
1297 2736 1430 2806 quid
1480 2743 1682 2805 praeter
1737 2749 1955 2802 acquum
2002 2743 2057 2788 et
2106 2733 2310 2787 bonum

744 2839 1000 2884 attentet.
1030 2827 1186 2893 Quod
1215 2827 1261 2881 si
1285 2826 1688 2881 cacodiemonis
1713 2825 2044 2894 malignitas,
2078 2833 2311 2894 propter

743 2933 909 2989 quam
956 2919 1158 2972 multas
1200 2917 1361 2972 toties
1399 2930 1674 2971 aerumnas
1709 2914 1937 2984 pertuli,
1969 2922 2210 2982 paratam
2243 2913 2310 2967 ad

742 3014 867 3082 ejus
901 3019 1093 3064 nutum
1146 3009 1487 3061 voluntatem
1544 3021 1722 3059 meam
1787 3005 2011 3074 (quam,
2063 3002 2311 3072 quoties-

744 3115 964 3171 cunque
1012 3101 1230 3155 occasio
1276 3099 1400 3163 fuit,
1441 3112 1554 3167 prae
1590 3112 1678 3150 me
1729 3096 1852 3165 tuli)
1880 3111 1946 3149 ex
1986 3095 2176 3149 animo
2223 3093 2303 3148 illi

744 3196 1015 3255 excussit,
1087 3191 1556 3246 obtrectatoribus
1607 3200 1790 3243 autem
1852 3197 1906 3242 et
1957 3186 2312 3256 sycophantis

2391 2013 2682 2083 -κλήματα,
2725 2015 2846 2067 Τῶν
2877 2016 2933 2067 δέ
2972 2015 3238 2067 εἰπόντων
3282 2015 3446 2083 μηδὲν
3481 2015 3645 2066 πλέον
3679 2014 3970 2080 ἐπιτετρά-

2408 2106 2542 2174 φθαι
2610 2107 2643 2176 ἢ
2701 2107 2824 2159 ὅσον
2885 2106 2957 2176 μὴ
3023 2107 3102 2170 είς
3169 2105 3466 2168 Βυζάντιον
3526 2105 3971 2173 ἀπαγγεῗλαντας

2404 2198 2582 2266 ἥκειν,
2637 2194 2794 2260 αὖθις
2852 2198 3244 2267 ἀναστρέφειν,
3319 2199 3714 2264 Ἀπαγγείλατε
3756 2198 3968 2259 τοίνυν,

2407 2287 2535 2356 ἔφη,
2573 2287 2650 2354 τῷ
2681 2289 2799 2354 ἐμῷ
2833 2288 3007 2356 κυρίῳ
3025 2293 3114 2339 καὶ
3147 2289 3376 2357 βασιλεῖ,
3403 2290 3486 2340 ὅτι
3524 2287 3616 2340 τὸν
3643 2289 3840 2356 ἔφορον
3870 2287 3972 2353 τῆς

2408 2377 2668 2447 ἀληθείας
2704 2380 3153 2448 ἐπιμαρτύρομαι
3197 2380 3358 2443 Θεὸν,
3383 2382 3474 2432 καὶ
3519 2381 3682 2432 αὑτὸν
3705 2379 3970 2449 ἀλήθειαν

2409 2468 2748 2536 καλούμενον
2773 2471 2867 2522 καὶ
2901 2470 3048 2533 ὄντα,
3080 2471 3156 2533 ὥς
3186 2470 3311 2522 οὔτε
3345 2471 3636 2540 πρότερον,
3663 2471 3778 2523 οὔτ’
3813 2474 3872 2524 ἐν
3894 2470 3973 2538 τῷ

2409 2559 2505 2614 νῦν
2537 2560 2738 2626 ἀδίκως
2799 2563 2925 2613 κατ’
2983 2561 3120 2629 ἐμοῦ
3186 2564 3492 2631 κινουμένῳ
3543 2563 3797 2632 πολέμῳ,
3853 2562 3972 2616 οὖτ⁹

2409 2648 2595 2718 ἔργοις
2650 2649 2775 2702 οὔτε
2827 2651 2934 2719 μὴν
2993 2653 3049 2703 ἐν
3083 2652 3329 2720 ῥήμασιν
3375 2653 3596 2720 ἐμαυτῷ
3648 2669 3701 2704 τι
3752 2653 3974 2706 σύνοιδα

2413 2741 2810 2810 πεπραγμένον
2862 2741 3004 2795 κατά
3053 2742 3173 2795 σοῦ.
3228 2745 3318 2794 Διδ
3368 2745 3462 2796 καὶ
3510 2744 3695 2811 ἱκέτης
3747 2745 3974 2813 γίνομαί

2413 2847 2508 2883 σου
2543 2831 2680 2897 πρὸς
2710 2831 2876 2884 αὑτοῦ
2917 2832 3014 2884 τοῦ
3055 2833 3217 2897 Θεοῦ,
3249 2834 3310 2886 τὸ
3342 2834 3657 2904 ὀργίζεσθαι
3699 2835 3976 2903 ἀποθέμεδ

2411 2940 2526 2987 νον,
2567 2923 2881 2992 συμπαθείᾳ
2938 2923 3247 2994 χρήσασθαι
3295 2924 3391 2978 καὶ
3425 2926 3713 2995 πραότητι,
3749 2929 3840 2978 καὶ
3874 2926 3970 2979 τοῦ

2409 3013 2621 3067 δικαίου
2660 3015 2756 3068 καὶ
2805 3014 3213 3079 λυσιτελοῦντος
3260 3017 3365 3082 ἔξω
3411 3021 3587 3070 ποιεῖν
3620 3017 3807 3086 μηδέν.
3838 3017 3899 3070 Εί
3924 3019 3971 3070 δ’

2411 3107 2521 3175 ἄρα
2555 3105 2648 3158 τοῦ
2704 3105 2962 3174 δαίμονος
2989 3109 3021 3175 ὴ
3053 3107 3372 3177 δυσμένεια,
3404 3108 3472 3161 δι’
3505 3110 3572 3179 ην
3603 3109 3868 3171 πολλάκις
3914 3112 3974 3162 ἐν

2417 3198 2611 3259 κακοῖς
2656 3197 3142 3268 τεταλαιπώρηκα,
3198 3199 3300 3267 τῆς
3332 3200 3432 3267 μὲν
3462 3199 3710 3261 δουλείας
3753 3201 3847 3252 καὶ
3883 3201 3976 3252 εὑ-

745 3301 908 3340 aures
950 3285 1104 3348 dare,
1153 3292 1209 3336 et
1256 3281 1427 3336 armis
1463 3297 1551 3335 me
1582 3279 1843 3350 persequi
1877 3278 2175 3348 persuasit,
2211 3276 2311 3330 ite-

2417 3258 2666 3350 πειθείας
2695 3291 2762 3359 ἣν
2796 3258 2988 3358 ἔργοις
3015 3258 3198 3353 αὐτοῖς
3231 3258 3593 3361 ἐπεδειξάμην
3627 3258 3872 3346 ἐν’παντὶ
3899 3293 3982 3362 τῷ

746 3392 869 3430 rum
901 3390 1025 3440 oro,
1079 3390 1149 3427 ne
1191 3372 1397 3427 indicta
1449 3386 1612 3425 causa
1666 3385 1752 3424 me
1790 3367 2145 3432 condemnet,
2213 3366 2309 3422 sed

745 3467 976 3521 caimina
1013 3465 1275 3535 proferat,
1307 3462 1640 3517 defendendi
1675 3462 1857 3515 locum
1900 3460 2200 3528 relinquat.
2253 3458 2308 3512 Si

743 3557 1002 3630 refutatis
1031 3556 1140 3610 illis
1172 3555 1577 3609 damnationem
1609 3552 1875 3621 effugero.
1900 3550 2037 3605 bene
2090 3548 2258 3604 habet
2291 3566 2308 3605 :

745 3651 831 3702 sin
866 3647 1110 3717 perfidus
1132 3655 1191 3700 et
1219 3645 1544 3714 fmdifragus
1573 3645 1831 3698 inventus
1887 3641 2070 3706 fuero,
2112 3656 2180 3696 ne
2220 3655 2316 3694 ve-

747 3742 894 3794 niam
927 3754 1272 3801 consequar,
1327 3747 1384 3791 et
1435 3737 1523 3790 vel
1585 3735 1908 3804 mejudice,
1954 3733 2310 3804 quantumiis

749 3849 945 3902 magno
985 3832 1255 3900 supplicio
1285 3830 1508 3884 multer.
1541 3829 1664 3883 Haec
1696 3841 1870 3896 nepos
1901 3841 2025 3880 avo.
2057 3825 2314 3891 Quaeren-

747 3925 894 3978 tibus
923 3924 1107 3977 adhuc
1134 3923 1348 3990 legatis.
1383 3921 1578 3990 ecquid
1596 3920 1992 3990 juramentum,
2035 3917 2181 3986 quod
2210 3931 2313 3970 avo

740 4016 974 4088 jurarit,
1012 4015 1220 4068 nullam
1255 4023 1468 4082 partem
1505 4013 1769 4067 violarit:
1801 4011 1929 4074 rati,
1961 4025 2068 4063 non
2093 4007 2315 4062 diﬂlcile

739 4103 1168 4160 reconciliatum
1214 4103 1284 4158 iri
1328 4117 1541 4166 senem,
1573 4102 1619 4157 si
1667 4100 2032 4172 jurisjurandi
2067 4110 2314 4153 tenacem

751 4213 876 4259 eSSe
912 4197 1189 4263 audierit;
1228 4197 1703 4265 confirmanteque
1737 4195 1851 4256 illo,
1893 4208 1953 4248 se
1989 4191 2055 4248 ad
2089 4191 2140 4245 id
2175 4199 2316 4244 tem-

751 4307 856 4362 pus
887 4305 1059 4360 usque
1093 4288 1232 4342 nihil
1263 4285 1456 4341 foederi
1479 4285 1818 4339 contrarium
1845 4283 2044 4352 egisse,
2070 4283 2315 4336 lsi-tantes

749 4398 814 4438 ac
853 4383 995 4436 bene
1035 4389 1343 4449 sperantes,
1367 4377 1567 4432 bellum
1593 4378 1830 4444 sepitum
1873 4375 1966 4438 iri,
1993 4375 2314 4444 Byzantium

750 4477 1076 4544 repetivere.
1109 4472 1310 4526 Verum
1349 4470 1510 4523 aliter
1546 4469 1747 4522 accidit
1791 4482 1954 4537 quam
1994 4465 2312 4534 sperabant.

2416 3381 2756 3450 παρασχόντι
2811 3382 3231 3451 παρεσκεύασεν
3263 3382 3636 3451 ἐπιλελῆσθαι,
3705 3388 3819 3447 τοῖς
3861 3386 3979 3438 δια·

2412 3471 2668 3524 ϐάλλουσι
2698 3472 2753 3524 δέ
2804 3475 2897 3524 καὶ
2921 3474 3352 3543 συκοφαντοῦσιν
3379 3476 3638 3528 ἀνέπεισε
3662 3477 3979 3546 προσέχειν,

2414 3560 2625 3613 καὶτὸν
2648 3560 2773 3612 κατ’
2806 3559 2942 3630 ἐμοῦ
2983 3562 3221 3631 πόλεμον
3248 3564 3443 3627 κινεῖ-ι,
3471 3563 3663 3632 δέομαι
3709 3563 3864 3626 αὖθις
3898 3567 3980 3634 μὴ

2413 3653 2631 3721 ἐρήμην
2663 3652 2807 3704 οῦτω
2843 3653 3354 3721 καταψηφίσασθαι·
3386 3655 3526 3706 ἀλλά
3568 3657 3636 3710 τά
3683 3673 3742 3708 τε
3777 3657 3980 3726 ἐγκλή-

2418 3761 2568 3812 ματα
2597 3743 2858 3808 δηλῶσαι,
2906 3746 2999 3796 καὶ
3029 3745 3191 3796 τόπον
3222 3745 3518 3811 ἀπολογίας
3544 3749 3871 3816 παρασχεῖν.
3913 3747 3978 3800 Εἰ

2418 3836 2518 3905 μὲν
2554 3832 2651 3889 οῦν
2680 3837 2927 3903 διαφύγω
2962 3836 3061 3906 τὴν
3104 3837 3282 3907 δίκην,
3321 3841 3387 3889 τὰ
3412 3837 3733 3908 ἐγκλήματα
3771 3842 3980 3894 ἀπολυ-

2415 3928 2653 3997 σάμενος
2675 3968 2690 3992 ,
2723 3925 2786 3981 εῦ
2831 3929 2898 3981 ἂν
2931 3929 3068 3997 ἔχον
3113 3930 3179 3982 ἂν
3210 3929 3251 3981 δ’
3287 3929 3559 4000 ἐπιορκῶν
3594 3931 3708 3985 ἀλῶ
3744 3933 3839 3986 καὶ⁵
3866 3949 3979 3986 παο

2417 4021 2761 4091 ρασπονδῶν,
2790 4020 3048 4088 οὐδεμιᾶς
3080 4021 3221 4086 ἀξιῶ
3246 4025 3430 4091 τυχεῖν
3461 4023 3812 4094 συγγνώμης,
3839 4026 3980 4080 ἀλλά

2415 4113 2526 4164 πᾶν
2552 4110 2734 4164 ὁτιοῦν
2766 4112 3000 4181 πάσχειν
3049 4112 3215 4174 αὐτὸς
3267 4113 3542 4182 τιμῶμαι.
3577 4114 3844 4179 Βασιλεὺς
3877 4119 3981 4186 μὲν

2415 4201 2510 4256 οῦν
2537 4204 2566 4256 6
2594 4203 2715 4266 νὲος
2752 4205 2866 4265 τοῖς
2920 4203 3187 4270 πρέσϐεσι
3233 4205 3312 4274 τῷ
3356 4207 3566 4274 πάππῳ
3603 4206 3826 4261 τοιαῦτα
3859 4210 3984 4261 ἐκέ-

2417 4293 2573 4346 λευεν
2610 4293 2999 4362 ἀπαγγέλλειν·
3030 4295 3079 4346 οξ
3118 4294 3163 4346 δ’
3213 4295 3582 4349 ἐπυνθάνοντο
3611 4297 3770 4361 αὖθις
3799 4301 3846 4351 εί
3875 4283 3983 4370 μη-

2415 4384 2504 4438 δὲν
2554 4384 2736 4454 ἑαυτῷ
2769 4385 2980 4439 σύνοιδε
3014 4386 3140 4448 τοὺς
3181 4387 3317 4458 πρὸς
3360 4387 3582 4457 βασιλέα
3615 4391 3706 4442 τὸν
3758 4392 3984 4444 πάππον

2417 4477 2827 4546 γεγενημένους
2873 4478 3072 4548 ὅρκους
3129 4479 3558 4549 παραϐεϐηκὼς,
3596 4484 3832 4552 οἰόμενοι
3863 4487 3984 4536 πεί-

749 4553 1026 4634 Expositis
1064 4576 1302 4630 namque
1331 4560 1534 4628 quibus
1559 4559 1748 4628 junior
1768 4558 1916 4627 rupti
1935 4555 2161 4611 foederis
2199 4555 2314 4610 cul-

2422 4585 2514 4621 σαι
2547 4567 2615 4622 ἀν
2643 4568 2874 4638 βασιλέα
2909 4570 3109 4640 ῥᾳδίως
3142 4571 3502 4626 διαλύσασθαι
3535 4575 3672 4643 πρὸς
3701 4574 3987 4642 τὸνιιγγο-

750 4673 873 4727 pam
919 4657 988 4711 ab
1045 4671 1104 4709 se
1148 4653 1412 4708 amolitus
1463 4662 1642 4714 esset,
1697 4649 1868 4704 nihilo
1910 4648 2080 4717 magis
2132 4646 2318 4701 senior

749 4750 887 4802 iram
916 4748 1120 4817 posuit.
1153 4745 1211 4798 Et
1245 4743 1439 4813 legatis
1469 4741 1693 4812 quidem
1725 4739 2188 4807 nihilrespondit,
2222 4752 2318 4806 pa-

752 4840 1006 4894 triarchae
1051 4853 1184 4891 vero
1221 4835 1398 4890 Esaiae
1445 4832 1729 4902 praecepit.
1761 4841 1822 4885 ut
1850 4832 1994 4884 inter
2032 4843 2315 4884 sacrorum

751 4929 1046 4991 solemnia,
1098 4942 1276 4996 neque
1331 4927 1384 4980 in
1417 4923 1664 4994 Sophia,
1691 4937 1872 4991 neque
1924 4921 1978 4974 in
2013 4920 2135 4974 aliis
2182 4928 2319 4974 tem-

749 5023 855 5092 plis
885 5021 1006 5090 ejus
1059 5034 1261 5073 nomen
1317 5016 1406 5071 edi
1460 5017 1719 5080 sineret;
1771 5028 1895 5067 nam
1942 5021 1998 5066 et
2029 5011 2083 5065 in
2116 5010 2316 5081 palatio

748 5115 870 5182 ejus
915 5111 1240 5165 memoriam
1294 5123 1325 5163 e
1367 5107 1540 5162 sacris
1565 5106 1795 5175 eiectam
1821 5118 1959 5158 esse.
1997 5102 2316 5157 Patriarcha

749 5205 913 5276 hujus
941 5202 1021 5258 rei
1056 5216 1275 5256 causam
1315 5200 1608 5255 sciscitari.
1643 5198 1778 5251 Nam
1812 5197 1856 5251 si
1883 5196 1966 5251 vel
2015 5196 2071 5249 in
2118 5195 2316 5264 dogma

750 5293 970 5366 aliquod
994 5295 1062 5348 ab
1094 5293 1353 5348 Ecclesia:
1387 5291 1606 5360 placitis
1641 5289 1922 5344 diversum
1975 5287 2316 5356 praecipitas-

751 5401 858 5456 set,
893 5405 961 5443 ne
1011 5389 1092 5443 sic
1123 5385 1369 5456 quidem,
1405 5384 1542 5438 citra
1572 5380 2009 5436 admonitionem
2042 5388 2098 5433 et
2146 5394 2314 5434 cona-

754 5495 868 5537 tum
901 5483 1019 5551 ejus
1057 5477 1306 5541 sanandi,
1341 5491 1371 5530 e
1415 5477 1588 5530 sacris
1638 5474 1875 5542 ejectum
1933 5473 2083 5526 illius
2115 5486 2314 5525 nomen

751 5573 1085 5647 Oportuisse.
1123 5569 1268 5639 Quin
1301 5568 1567 5637 seipsum,
1599 5581 1629 5620 a
1669 5565 1780 5619 Deo
1817 5578 2098 5618 sacrorum
2130 5561 2317 5616 Eccle-

758 5665 853 5718 size
886 5661 1204 5730 dogmatum
1245 5656 1546 5711 antistitem
1601 5655 2022 5720 animarumque
2052 5665 2315 5719 procura-

753 5742 929 5808 torem
967 5753 1304 5814 institutum,
1341 5764 1450 5802 non
1486 5747 1756 5816 Rhegium
1785 5745 1970 5810 modo,
2011 5743 2315 5814 ubijunior

751 5852 917 5911 esset,
951 5845 1046 5899 sed
1106 5843 1172 5898 ad
1233 5840 1452 5897 ultimas
1489 5847 1667 5894 terras
1698 5839 1862 5893 etiam
1891 5850 1987 5906 pro
2034 5837 2212 5890 anima
2261 5835 2314 5888 in

2416 4676 2530 4724 νον,
2576 4661 2624 4712 εί
2668 4659 2836 4730 μηδὲν
2883 4661 3239 4730 ἐπιορκοῦντα
3290 4662 3513 4716 πύθοιτο
3543 4664 3734 4718 αὐτόν.
3769 4665 3876 4718 Τοῦ
3923 4665 3984 4719 δὲ

2419 4752 2843 4820 ίσχυρισαμένου
2886 4752 3017 4822 ἄχρι
3079 4753 3201 4805 τότε
3262 4755 3775 4825 παρεσπονδηκέναι
3809 4759 3984 4825 μηδα-

2420 4841 2557 4910 μῶς,
2588 4842 2870 4912 χαίροντες
2895 4845 2976 4906 είς
3007 4842 3305 4908 Βυζάντιον
3337 4846 3635 4913 ἐπανῆκον,
3663 4847 3980 4910 ἐλπίζοντες

2415 4931 2506 4982 τὸν
2540 4931 2776 5001 πόλεμον
2808 4933 2919 4986 τῶν
2953 4934 3223 5004 βασιλέων
3255 4937 3600 4988 καταλύσειψ
3625 4939 3685 4990 τὸ
3731 4939 3780 4991 δ’
3825 4941 3983 4990 ἐναν-

2415 5020 2542 5084 τίως
2597 5022 2842 5093 ἀπέϐηὴ
2901 5025 3278 5094 προσεδόκων.
3347 5028 3823 5093 Ἀπαγγειλάντων
3870 5033 3981 5099 γάρ

2415 5114 2514 5166 ὅσα
2550 5113 2803 5182 βασιλεὺς
2845 5116 2874 5167 6
2907 5116 3025 5178 νέος
3065 5116 3202 5186 πρὸς
3249 5117 3312 5168 τὸ
3357 5119 3432 5188 μὴ
3463 5119 3980 5187 παρεσπονδηκέναι

2415 5207 2791 5276 παραιτεῖται,
2837 5205 2993 5257 οὐδὲν
3041 5206 3246 5274 μᾶλλον
3287 5208 3315 5258 6
3372 5208 3745 5278 πρεσϐύτερος
3799 5210 3983 5280 ὑφῆκε

2416 5296 2518 5364 τῆς
2565 5297 2759 5365 ὀργῆς.
2803 5296 2944 5349 Ἀλλ’
2995 5299 3225 5360 ἐκείνοις
3279 5299 3377 5367 μὲν
3424 5300 3761 5371 ἀπεκρίνατο
3803 5303 3984 5368 οὑδιν,

2412 5386 2494 5456 τῷ
2542 5385 2857 5458 πατριάργη
2903 5387 2960 5440 δὲ
3007 5388 3205 5458 Ἡσαΐᾳ
3252 5391 3314 5442 τὸ
3368 5392 3728 5460 μνημονεύειν
3773 5395 3834 5446 ἐν
3859 5397 3983 5458 ταῖς

2418 5479 2837 5549 ἱεροτελεστίαις
2898 5477 2994 5532 τοῦ
3045 5482 3294 5548 ἐγγόνου,
3333 5483 3459 5551 μήτ’
3507 5483 3564 5534 ἐν
3611 5483 3690 5548 τῷ
3737 5486 3835 5553 τῆς
3885 5484 3983 5538 τοῦ

2410 5569 2551 5621 Θεοῦ
2586 5570 2775 5637 σοφίας
2807 5569 2935 5640 νεῷ,
2974 5571 3100 5641 μήτ’
3133 5575 3190 5625 ἐν
3225 5575 3336 5636 τοῖς
3360 5573 3539 5638 ἀλλοις
3564 5576 3729 5644 ἱεροῖς
3756 5575 3983 5630 ἐκέλευε

2417 5665 2746 5729 συγχωρεῖν.
2773 5663 2884 5715 Καὶ
2928 5664 3110 5716 αὐτῶν
3141 5666 3250 5732 γάρ
3281 5667 3389 5718 τῶν
3415 5667 3473 5718 ἐν
3503 5666 3794 5736 βασιλείοις
3819 5668 3983 5738 ίερῶν

2416 5747 2822 5817 ἀπεληλακέναι
2858 5750 2958 5817 τὴν
2986 5751 3176 5805 τούτου
3227 5756 3470 5823 μνήμην.
3528 5756 3586 5809 '0
3629 5757 3985 5826 πατριάρχης

2417 5836 2471 5888 δὲ
2498 5835 2597 5906 τὴν
2629 5837 2810 5889 αἰτίαν
2847 5838 3037 5908 ἠρώτα
3063 5840 3131 5892 δι’
3156 5841 3220 5910 ἠν
3246 5841 3311 5895 ἂν
3337 5843 3652 5897 ἐκϐάλλοιτο
3680 5838 3788 5895 τῶν
3809 5845 3985 5914 ίερῶν
