4250 6440
697 389 792 452 311

1907 393 2151 454 ,ΙΟΑΝΝ
2165 393 2234 454 IS
2269 395 2800 459 CANTACUZENI
2856 464 2862 470 _

3879 396 3989 460 3l2

700 503 930 551 tartasse
967 498 1018 551 id
1049 500 1424 568 exigentibus,
1469 504 1848 572 contigerunt.
1880 505 2012 570 Qua
2043 505 2278 560 omniurr

2397 525 2576 575 τινος,
2611 510 2699 564 διὰ
2733 511 2832 574 τὰς
2877 513 3152 582 ἁμαρτίας
3192 513 3358 581 φαέην
3393 510 3459 563 ἂν
3485 508 3658 578 ἔγωγε
3689 508 3786 572 τὰς
3825 512 3986 579 ἐμά.

698 603 884 642 rerum
921 589 1144 658 sapiens
1193 593 1510 647 moderator
1575 594 1719 650 Deus
1763 596 1921 652 facile
1969 596 2280 667 dissipavit,

694 681 1165 752 concordiamque
1209 701 1482 740 summam
1538 687 1775 758 largitus
1825 699 1930 744 est.
1987 688 2123 745 Cum
2168 690 2282 760 jant

693 775 924 832 remotis
957 792 988 831 e
1022 778 1206 832 medio
1234 778 1538 835 obstaculis
1598 781 2125 852 impedimentisque
2168 798 2285 836 0111-

694 868 863 922 nibus
899 870 1357 938 tranquillissima
1393 873 1581 941 quiete
1612 874 1949 938 fruerentur,
1986 875 2110 930 belli
2144 861 2281 928 civi-

693 961 762 1013 lis
799 960 955 1015 obliti
995 961 1269 1027 hinditus,
1322 967 1624 1034 derepente
1668 977 1855 1022 vastus
1907 969 2132 1038 quidam
2182 969 2283 1022 llu-

691 1063 816 1107 etus
854 1065 910 1107 et
943 1054 1263 1110 turbulenta
1303 1065 1605 1122 tempestas
1642 1059 1852 1113 exstitit
1878 1101 1890 1120 .
1931 1076 2052 1128 qua:
2083 1061 2286 1114 Roma-

693 1161 824 1198 uutu
868 1147 1160 1215 imperium
1198 1149 1348 1202 velut
1383 1149 1564 1203 uavim
1611 1151 1724 1222 (74)
1766 1165 1891 1206 cum
1925 1151 2056 1220 ipsis
2089 1161 2281 1206 vecto-

693 1237 848 1291 ribus
883 1254 1322 1295 summersuram
1355 1257 1415 1297 se
1447 1243 1776 1298 minaretur.
1831 1246 1909 1299 A'c
1940 1245 2102 1301 nobis
2133 1244 2279 1300 idem

689 1330 837 1398 quod
869 1324 1092 1402 :egrotis
1124 1336 1404 1391 usuvenit.
1439 1337 1519 1392 llli
1548 1354 1784 1408 namque
1811 1339 1863 1393 iu
1892 1340 2072 1410 primo
2102 1340 2278 1395 morbi

689 1437 954 1501 accessu,
1004 1429 1363 1493 quantumvis
1410 1430 1627 1498 rapido,
1680 1440 1938 1500 potenter
1986 1434 2278 1488 resistunt.

692 1515 788 1567 Sin
825 1528 1108 1572 recreatos
1159 1518 1358 1573 iterum
1417 1519 1560 1577 forte
1601 1537 1665 1576 ac
1702 1525 1926 1577 tertium
1969 1525 2279 1594 occuparit,

689 1606 908 1661 viribus
933 1609 1042 1679 jatn
1079 1610 1404 1667 debilitatos
1454 1613 1748 1670 inveniens
1777 1657 1791 1681 ,
1830 1618 1944 1672 cito
1993 1617 2279 1672 interﬁcit.

692 1700 782 1754 Sic
821 1716 923 1755 nos
953 1705 1339 1768 superioribus
1371 1705 1532 1763 bellis
1574 1708 1875 1780 civilibus,
1918 1718 1975 1763 et
2011 1709 2277 1774 externis,

687 1809 810 1862 qua:
841 1794 1073 1850 Barbari
1115 1795 1425 1854 intulerunt
1457 1844 1471 1867 ,
1533 1801 1937 1870 propemodum
1993 1803 2232 1858 confecti
2261 1842 2275 1864 ,

687 1891 959 1946 adversus
995 1894 1281 1962 surgentia
1321 1895 1460 1950 nnla
1489 1913 1558 1952 ne
1590 1898 1784 1953 oculos
1819 1898 2044 1967 quidem
2083 1899 2276 1954 tollere

687 1984 995 2045 poterimus
1023 2025 1037 2048 ,
1083 1987 1176 2040 sed
1221 1988 1429 2042 mutuis
1484 1991 1729 2044 caedibus
1778 1990 2107 2060 peribimus.
2146 1990 2314 2056 Que-

685 2082 872 2136 omnia
929 2100 1054 2137 cum
1088 2095 1144 2139 ct
1191 2087 1308 2154 ipse
1359 2088 1834 2154 animadvertam,
1877 2099 1933 2144 et
1965 2091 2275 2162 periculum

686 2192 795 2228 nou
844 2176 1121 2244 privatum
1177 2178 1344 2250 (esset
1400 2183 1547 2236 enim
1603 2183 1658 2237 id
1707 2183 2045 2253 ferendum),
2088 2199 2275 2238 verum

688 2268 968 2335 publicum
1005 2273 1354 2328 considerem
1384 2317 1396 2335 .
1433 2275 1544 2346 jam
1593 2275 1996 2345 Sexagesimqu
2046 2277 2276 2332 omnino

683 2361 871 2423 diem,
915 2373 973 2418 ut
1024 2367 1196 2421 uoStis
1225 2407 1239 2428 ,
1284 2383 1454 2437 prope
1508 2368 1779 2439 Rhegium
1837 2370 2006 2424 sedeo
2034 2411 2048 2432 .
2089 2371 2276 2440 quoti-

682 2457 881 2510 dianisl
908 2460 1191 2526 precibus,
1234 2478 1340 2530 qua
1369 2479 1464 2531 par
1490 2465 1934 2527 estrevercutia,
1981 2465 2272 2529 tnodes:ia,
2330 2504 2340 2514 ι

682 2559 739 2601 «ιι
793 2550 1163 2622 ευῆεοιὶυηρ,
1208 2555 1427 2610 veniam
1469 2556 1539 2610 ab
1578 2556 1915 2627 imperatore
1984 2557 2270 2628 ﬂagitans,

683 2644 899 2695 tametsi
949 2645 1088 2698 nihil
1128 2649 1255 2702 mali
1290 2648 1554 2704 iocineris
1597 2652 1650 2704 in
1695 2668 1780 2704 uie
1833 2652 2076 2721 reperio,
2120 2652 2270 2722 quod

679 2737 802 2804 ejus
843 2738 921 2792 ira
961 2739 1187 2809 dignum
1213 2742 1302 2796 sit.
1341 2743 1642 2812 Postquam
1681 2760 1811 2797 vero
1851 2745 2081 2798 multum
2117 2745 2274 2799 labu-

681 2843 798 2882 retn
841 2829 1044 2886 [rustra
1076 2835 1421 2903 consumpsi,
1447 2836 1553 2889 alia
1584 2845 1847 2905 expeitus
1873 2852 1993 2891 sum
2027 2841 2138 2900 via,
2186 2853 2273 2891 ro-

677 2935 837 2988 gans,
881 2933 941 2977 ιιι
974 2923 1109 2977 1111111
1139 2939 1263 2978 cmn
1295 2925 1646 2994 paucissimis
1669 2927 1722 2980 iu
1749 2927 1871 2996 ejus
1909 2937 2272 2995 conspectum

679 3013 897 3083 venire,
919 3015 1078 3086 139
1097 3015 1419 3088 ibidemque
1435 3018 1764 3073 criminibus
1787 3019 2126 3089 respondere
2143 3021 2274 3076 lice-

679 3119 804 3162 ret:
833 3117 927 3162 aut
953 3108 996 3162 si
1029 3109 1081 3162 id
1105 3126 1212 3163 non
1233 3111 1493 3179 placeret.
1526 3127 1754 3179 magnus
1783 3110 2122 3166 domesticus
2149 3128 2272 3166 rueo

2389 603 2573 657 Ταῦτα
2608 605 2707 675 μὲν
2739 601 2834 658 οῦν
2865 607 2893 658 ό
2922 605 3100 658 πάντα
3137 606 3314 674 σοφῶς
3355 603 3684 673 οἰκονομῶν.
3716 602 3850 664 Θεὸς
3904 604 3986 655 δι-

2389 697 2550 751 έλυσε
2567 715 2623 751 τε
2645 698 2865 769 ῥαδίως,
2887 699 2978 751 καὶ
2996 697 3221 767 βαθεῖαν
3242 697 3579 767 ἐχορήγησεν
3596 695 3984 766 εἰρήνην.ὐτε

2385 792 2441 845 δέ
2474 792 2652 845 πάντα
2681 791 2750 844 τὰ
2782 794 2838 844 ἐν
2872 791 3024 860 μέσω
3053 791 3234 843 σκῶλα
3264 790 3358 844 καὶ
3386 789 3792 861 προσκόμματα
3823 805 3982 857 περι-

2388 883 2587 956 ῃρέθη,
2619 885 2712 938 καὶ
2750 883 2974 954 βαθείας
3023 882 3369 952 ἀπελαύομεν
3413 883 3680 953 γαλήνης,
3710 881 3821 936 οὐδ’
3851 880 3982 954 ἄχρι

2384 977 2653 1049 λογισμοῦ
2689 977 2957 1049 ἐμφυλίου
2989 979 3119 1047 πέρι
3156 977 3321 1048 μηδὲν
3351 977 3594 1046 πολέμου
3630 974 3936 1036 ἐννοοῦντες
3961 1013 3979 1040 ,

2385 1071 2655 1138 αἰφνίδιον
2705 1070 2914 1140 ἀνερρά
2931 1088 2990 1140 γη
3025 1069 3232 1122 κλύδων
3263 1068 3459 1138 βαρὺς,
3495 1068 3590 1121 καὶ
3621 1065 3832 1137 χαλεπὴ
3859 1083 3982 1135 19t-

2386 1165 2561 1234 κυμία
2586 1164 2686 1234 τὴν
2719 1163 3009 1233 Ῥωμαξων
3032 1162 3326 1230 ἄντανδρον
3351 1161 3654 1231 ἡγεμονίαν
3677 1157 3980 1212 ἀπειλοῦσα

2385 1255 2716 1321 καταδύειν,
2768 1258 2862 1309 καὶ
2922 1254 3241 1326 συμόέΰηκέ
3299 1272 3351 1307 τι
3410 1253 3797 1326 παραπλήσιον
3849 1252 3983 1320 ἡμῖν

2384 1348 2576 1416 ὥσπερ
2605 1349 2697 1400 καὶ
2729 1347 2841 1408 τοῖς
2874 1343 3146 1400 νοσοῦσιν.
3195 1344 3428 1399 Ἐκεῖνοι
3462 1361 3522 1398 τε
3557 1345 3670 1414 γὰρ
3704 1341 3840 1396 κατὰ
3883 1341 3982 1411 μὲν

2382 1441 2480 1510 τὴν
2511 1439 2737 1511 πρώτην
2773 1438 3007 1508 μάλιστα
3034 1438 3134 1507 τῆς
3160 1437 3318 1490 νόσου
3338 1435 3670 1510 προσϐολὴν,
3703 1434 3806 1488 κᾶν
3843 1451 3977 1502 σφο-

2383 1533 2486 1601 δρὰ
2513 1532 2652 1604 τύχῃ
2694 1527 2828 1586 οὖσα
2858 1530 3093 1602 χαλεπὴ,
3135 1530 3457 1599 ἀντέχουσιν
3507 1526 3744 1598 ἰσχυρῶς
3771 1545 3783 1559 ·
3827 1526 3893 1580 ἂν
3921 1526 3978 1578 δὲ

2385 1626 2606 1697 ραἳσασι
2637 1624 2904 1695 ιδεύτερον
2954 1619 3112 1685 αὖθις
3165 1623 3199 1693 ἢ
3250 1621 3345 1674 καὶ
3391 1620 3575 1690 τριτον
3620 1619 3898 1687 ἐπὶθηται,
3931 1619 3980 1670 εἰ

2383 1722 2570 1790 τύχοι,
2631 1717 3048 1786 ἀσθενεστέροις
3099 1711 3508 1784 περιτυχοῦσα,
3571 1709 3979 1780 κατεργάζεται

2317 1858 2359 1910 Β
2391 1811 2591 1884 ῥᾳὶιως
2618 1809 2746 1872 τοὺς
2773 1807 3096 1878 ἀνθρώπους
3115 1822 3130 1838 ·
3156 1808 3250 1860 καὶ
3273 1807 3404 1877 ἡμῖν
3425 1804 3487 1857 τὸ
3509 1802 3642 1856 αὐτὸ
3661 1800 3980 1869 συμϐέϐηκε

2387 1904 2505 1958 νῦν.
2551 1901 2688 1956 ’Υπό
2720 1917 2770 1954 τε
2799 1902 2909 1971 γὰρ
2934 1899 3044 1953 τῶν
3072 1900 3340 1970 πρότερον
3369 1897 3648 1967 ἐμφυλίων
3669 1893 3981 1964 γεγενημέ-

2385 2014 2491 2051 νων
2529 1995 2804 2066 πολὲμων,
2834 1993 3058 2048 καὶτῶν
3098 1991 3300 2056 ἔξωθεν
3330 1992 3461 2061 ἡμῖν
3496 1990 3601 2043 ὑπὸ
3631 1988 3742 2041 τῶν
3775 1985 3981 2056 βαρϐά-

2391 2109 2501 2160 ρων
2534 2087 2938 2158 ἐπενεχθέντων
2965 2086 3042 2156 τῷ
3073 2085 3281 2139 πλείονι
3307 2081 3765 2154 κατειργασμένοι
3798 2081 3978 2150 μέρει.

2386 2185 2506 2239 οὐδέ
2539 2183 2603 2237 ἄν
2632 2200 2684 2236 τι
2715 2180 2909 2253 βλέψαι
2953 2178 3300 2249 δυνησόμεθα
3341 2177 3477 2246 πρὸς
3522 2176 3588 2228 τε
3625 2174 3979 2242 ἀναφυόμενα

2386 2277 2555 2339 κακὲ,
2573 2271 3211 2345 ἀλλὰδιαφθαρησόμεθα
3239 2271 3392 2324 αὐτοὶ
3416 2267 3507 2338 ὑφ’
3536 2266 3746 2321 ἑαυτῶν
3762 2283 3774 2295 ⁸
3795 2266 3978 2334 "Amp

2384 2368 2885 2442 ἆπανταῗσυνορῶν
2934 2367 3032 2422 καὶ
3082 2367 3264 2432 αὐτὸς,
3316 2365 3410 2420 καὶ
3457 2363 3548 2416 τὸν
3580 2362 3827 2416 κίνδυνον
3879 2360 3980 2412 οὐκ

2385 2460 2628 2536 ι’διονα(ἦν
2645 2463 2754 2535 γὰρ
2781 2461 2848 2516 ἂν
2867 2460 3140 2526 ἀνεκτὸν),
3168 2459 3305 2512 ἀλλὰ
3330 2457 3510 2511 κοινὸν
3538 2455 3647 2509 τῶν
3689 2450 3981 2520 Ῥωμαίων

2381 2559 2644 2614 άπάιτων
2699 2555 2829 2610 ὅντα
2873 2553 3062 2622 σαφῶς
3105 2551 3283 2622 ὀρῶν,
3340 2552 3396 2604 ἐν
3426 2549 3690 2620 ἐξήκοντα
3742 2546 3981 2617 ἡμέραις

2381 2653 2481 2725 ήδη
2533 2650 2772 2720 μάλιστα
2810 2647 2944 2717 περὶ
2991 2647 3216 2719 Ῥήγιον
3250 2645 3500 2716 κάθημαι
3525 2685 3539 2706 ,
3573 2643 3825 2712 καθάπερ
3861 2642 3978 2694 ἴστε

2383 2745 2478 2800 καὶ
2524 2743 2701 2808 αὐτοὶ,
2760 2741 3025 2813 βασιλέως
3073 2739 3329 2810 δεόμενος
3377 2737 3650 2809 ὁσημέραι
3693 2736 3832 2805 μετὰ
3879 2735 3980 2801 τῆς

2385 2839 2779 2910 προσηκούσης
2811 2833 2993 2898 αἰδοῦς
3027 2835 3153 2904 ἐμοὶ
3197 2834 3294 2886 καὶ
3337 2830 3690 2903 μετριότητος
3725 2831 3816 2880 καὶ
3853 2827 3980 2880 δου-

2380 2931 2554 2996 λείας,
2585 2929 2918 3000 συγγνώμης
2941 2929 3144 2998 τυχεῖν,
3172 2926 3415 2992 καίτοιγε
3454 2923 3619 2994 μηδὲν
3643 2920 3819 2990 ἑαυτῷ
3851 2937 3982 2972 συν-

2383 3025 2538 3088 ειδὼς
2567 3022 2741 3093 ὀργῆς
2771 3021 2920 3086 ἄξιον
2949 3019 3351 3091 πεπραγμένῳ.
3388 3016 3478 3079 Ὠς
3499 3016 3554 3070 δέ
3582 3015 3753 3069 πολλὰ
3783 3012 3980 3083 μοχθή-

2383 3137 2515 3183 σας,
2571 3117 2833 3187 εῦρισκον
2883 3115 3141 3185 οὐδεμίαν
3191 3113 3382 3180 ὄνησιν
3436 3111 3544 3165 άπὸ
3598 3109 3707 3162 τῶν
3763 3106 3976 3168 πόνων,

676 3201 901 3256 nomine
929 3202 1072 3257 idem
1103 3202 1347 3258 facturus
1371 3204 1599 3258 veniret.
1635 3205 1854 3271 ltejecta
1883 3216 2113 3275 utraque
2139 3222 2275 3260 cou-

2382 3211 2703 3282 ἐτραπόμην
2737 3208 2933 3279 ἑτέραν
2955 3224 2969 3238 ο
3001 3209 3140 3276 μετὰ
3168 3204 3363 3275 κομιδῇ
3394 3219 3556 3255 τινων
3589 3199 3979 3288 εὐαριθμήτων

676 3297 834 3357 ditio,
869 3307 1036 3367 atque
1066 3301 1138 3352 ita
1182 3311 1372 3354 contra
1424 3299 1672 3355 oumium
1707 3300 1890 3369 legum
1920 3301 2065 3371 jura,
2112 3301 2271 3370 quasi

674 3389 897 3443 deserto
930 3389 1245 3444 vadimonio
1269 3429 1285 3454 ,
1333 3401 1389 3445 et
1419 3391 1622 3446 indicta
1658 3406 1824 3446 causa
1859 3392 2271 3447 damnationem

677 3481 873 3536 subeo.
927 3481 1093 3550 Atqui
1142 3483 1186 3538 si
1239 3499 1377 3538 avus
1429 3500 1619 3553 punzas
1653 3495 1835 3539 certas
1869 3501 1966 3554 pro
1998 3486 2273 3541 arbitratu

677 3592 782 3629 suo
815 3574 1057 3645 pendere
1088 3591 1175 3630 me
1201 3576 1462 3646 jussisset
1487 3618 1499 3638 ,
1549 3593 1643 3646 pro
1674 3577 1743 3632 iis
1777 3593 1901 3646 qua:
1956 3575 2090 3630 mihi
2121 3577 2276 3647 obje-

675 3667 1059 3732 ctautur,'non
1087 3685 1245 3738 teqno
1276 3681 1510 3735 tantum,
1539 3673 1631 3723 sed
1659 3671 1824 3723 etiam
1861 3669 2275 3739 promptissimo

676 3763 864 3817 animo
899 3763 1301 3833 pependissem.
1335 3763 1492 3817 Nune
1519 3779 1642 3817 cum
1674 3765 1791 3833 ejus
1830 3763 1882 3817 in
1914 3780 2000 3816 me
2032 3762 2274 3816 furorem

678 3856 945 3912 Romanis
1007 3856 1282 3912 universis
1345 3857 1671 3924 pestiferum
1727 3857 1844 3912 fore
1900 3856 2271 3927 praavideam,

677 3966 850 4020 angor
883 3951 1398 4006 vehementissime.
1456 3950 1727 4016 Quocirca
1790 3951 1856 4004 ad
1920 3949 2272 4008 sanctitatem

678 4055 922 4100 vestram
957 4045 1142 4100 scribo
1169 4084 1184 4110 ,
1238 4060 1503 4115 rogoque,
1536 4045 1580 4098 si
1615 4059 1682 4098 ex
1718 4043 1828 4098 Deo
1859 4044 2015 4108 estis,
2055 4053 2116 4100 ut
2150 4045 2272 4114 paci

678 4138 1127 4208 redintegrandte
1169 4138 1388 4193 navetis
1423 4153 1670 4207 operam.
1710 4137 1789 4192 Ne
1839 4139 2143 4206 permittite
2172 4153 2276 4194 nos

678 4241 1043 4303 cognatorum
1090 4231 1357 4300 sanguine
1412 4229 1675 4284 iucestari
1706 4250 1719 4284 :
1753 4229 1848 4283 sed
1880 4230 2274 4299 imperatorem

674 4341 745 4380 eo
784 4335 1122 4394 perniovete,
1161 4335 1220 4377 ut
1252 4333 1346 4375 aut
1384 4339 1470 4376 me
1506 4322 1638 4376 itlue
1672 4322 1734 4374 ad
1763 4337 1859 4374 vos
1887 4322 2184 4389 prolicisci,
2220 4331 2277 4376 et

681 4419 734 4471 in
792 4418 1083 4480 praesentia
1137 4426 1316 4470 vestra
1386 4432 1486 4484 pro
1548 4431 1633 4468 me
1659 4430 1880 4469 causam
1941 4429 2125 4479 orare,
2179 4426 2275 4470 aut

677 4510 836 4564 vobis
868 4510 975 4563 huc
1013 4509 1277 4578 protei-tis
1307 4549 1321 4572 ,
1358 4508 1594 4577 idipsum
1648 4509 1735 4561 hie
1788 4507 1971 4562 facere
2001 4508 2273 4561 conceda-

2380 3306 2474 3357 ἐπὶ
2494 3304 2591 3357 τοῦ
2619 3301 2884 3372 βασιλέως
2916 3297 3302 3360 ἐ).θεῖνοαίτῶν,
3335 3298 3429 3350 καὶ
3454 3295 3592 3365 ὑπὲρ
3621 3287 3696 3346 ὧν
3715 3291 3980 3362 ἐγκαλοῦ-

2387 3414 2486 3466 μαι
2530 3395 2764 3458 εὐθύνας
2813 3393 2991 3464 ταύτῃ
3047 3394 3392 3462 παρασχεῖνο
3445 3390 3479 3459 ἦ
3532 3391 3580 3442 εἰ
3629 3389 3766 3460 μηδὲ
3814 3385 3978 3441 τοῦτο

2384 3493 2529 3545 κατὰ
2557 3493 2784 3560 γνώμην
2819 3488 2906 3557 εἴη
2937 3486 3168 3557 βασιλεῖ,
3204 3486 3294 3538 τὸν
3329 3485 3504 3554 μέγαν
3534 3484 3854 3552 δομὲστικον
3887 3483 3978 3532 ἐλ-

2384 3583 2582 3649 θόντα,
2629 3582 2768 3650 ὑπὲρ
2817 3579 2952 3650 ἐμοῦ
3005 3575 3417 3645 ἀπολογεῖσθαι.
3468 3575 3579 3630 Καὶ
3623 3575 3709 3627 ἐπ’
3744 3573 3975 3641 οὐδεμιᾷ

2384 3673 2688 3744 προκλήσει
2727 3666 3116 3740 εἰσηκούσθην,
3166 3665 3282 3719 ἀλλ’
3333 3665 3507 3729 οὕτως
3559 3665 3776 3736 ἐρήμην
3827 3662 3979 3731 παρὰ

2382 3767 2562 3818 πάντα
2593 3764 2684 3818 τοῦ
2709 3765 2919 3818 δικαίου
2942 3761 3108 3832 νόμον
3140 3759 3600 3829 καταδικάζομαι.
3645 3755 3790 3824 Ἐγὼ
3820 3756 3895 3812 δέ.
3930 3755 3983 3808 εἴ

2383 3876 2447 3926 γε
2484 3857 2741 3928 βασιλεὺς
2772 3840 3138 3925 αὐτὸςρητήν
3165 3871 3290 3908 τινα
3321 3853 3479 3922 δίκην
3505 3851 3697 3905 ὁποίαν
3731 3850 3798 3904 ἂν
3826 3850 3980 3919 αὐτῷ

2382 3952 2558 4006 ἐδόκει
2593 3949 2845 4003 ἐκέλευεν
2875 3948 3015 4019 ὐπέρ
3047 3942 3124 4002 ὧν
3171 3944 3516 4015 ἐγκαλοῦμαι
3579 3942 3796 4003 δοῦναι,
3839 3942 3980 4009 ὴγα·

2387 4063 2539 4114 πησα
2580 4044 2668 4103 ἂν.
2704 4044 2796 4095 καὶ
2835 4043 2933 4096 σὺν
2976 4040 3257 4112 προθυμίᾳ
3297 4037 3468 4108 πολλῇ
3507 4037 3786 4108 παρέσχον
3811 4050 3827 4067 ⁸
3858 4039 3978 4088 νυνὶ

2384 4138 2441 4190 δὲ
2471 4138 2615 4207 ὀρῶν
2647 4137 2748 4205 τὴν
2777 4138 2856 4197 εἰς
2893 4135 2994 4204 ἐμὲ
3036 4134 3205 4205 ὀργὴν
3250 4133 3393 4186 κατὰ
3422 4132 3642 4185 πάντων
3687 4127 3981 4197 Ῥωμαίων

2386 4229 2690 4294 ἐξάγουσαν
2719 4228 2814 4298 τὴν
2845 4226 3070 4297 βλάϐην,
3092 4226 3194 4278 οὐκ
3219 4223 3462 4288 ἀνεκτῶς
3489 4223 3658 4290 ἀλγῶ.
3690 4221 3789 4273 Διὰ
3816 4220 3981 4272 τοῦτο

2385 4325 2480 4376 καὶ
2516 4324 2773 4390 δεόμενος
2813 4323 2912 4386 τῆς
2953 4321 3107 4390 ὐμῶν
3139 4319 3450 4388 ἁγιότητος,
3474 4319 3695 4388 γράφω,
3733 4315 3848 4381 εἴγε
3881 4312 3978 4366 τοῦ

2383 4416 2518 4469 Θεοῦ
2556 4417 2676 4467 ἐστε
2712 4415 2874 4484 ὑμεῖς
2896 4456 2910 4479 ,
2952 4414 3256 4467 σπουδάσαι
3290 4412 3432 4482 ὑπὲρ
3457 4413 3555 4478 τῆς
3585 4412 3810 4480 εἰρήνης
3832 4450 3847 4471 ,
3885 4409 3980 4460 καὶ

2389 4512 2463 4581 μὴ
2492 4511 2758 4579 περιῖδεῖν
2783 4510 2928 4578 ἡμᾶς
2958 4510 3071 4571 τοῖς
3101 4506 3401 4577 ὁμοφύλοις
3428 4506 3626 4573 αἵμασι
3661 4519 3981 4584 καταχραν-

680 4615 786 4658 tur.
828 4603 922 4657 Sic
981 4603 1354 4674 patriarcham
1389 4613 1445 4656 et
1503 4603 1796 4670 pontificis
1853 4617 1952 4671 per
1981 4603 2272 4672 epistulam

2389 4605 2580 4665 θέντας
2604 4621 2618 4634 ·
2646 4603 2762 4655 ἀλλ’
2794 4603 2828 4674 ἢ
2866 4606 3050 4654 πεῖσαι
3082 4602 3307 4668 βασιλέα
3337 4599 3473 4667 πρὸς
3507 4599 3651 4667 ὑμᾶς
3689 4597 3787 4666 ἐμὲ
3820 4596 3981 4662 γενόο

679 4707 746 4750 de
786 4711 918 4764 pace
951 4695 1262 4750 obtestatus
1316 4703 1402 4747 est
1449 4694 1640 4760 juniur
1700 4693 2020 4762 imperator.
2081 4690 2196 4759 Qua
2248 4709 2278 4746 a

680 4791 971 4846 tabellario
1009 4791 1336 4860 patriarcha:
1363 4790 1416 4842 in
1448 4804 1646 4842 manus
1679 4789 1915 4849 reddita,
1961 4796 2017 4842 et
2052 4787 2105 4841 in
2137 4803 2276 4842 eon-

677 4904 834 4943 sessu
854 4888 1244 4956 epist-oliorum
1279 4885 1526 4946 recitata,
1553 4894 1610 4937 ut
1634 4883 1751 4937 visa
1782 4892 1866 4936 est
1884 4898 2040 4953 aequa
2062 4882 2273 4953 petitio,

679 4999 878 5036 omnes
909 4983 1163 5051 protinus
1213 4983 1279 5034 ad
1319 4981 1595 5034 seniorem
1662 4978 1911 5041 adeunt,
1945 4994 2064 5032 eam
2123 4993 2280 5032 mou-

679 5085 887 5142 strant,
921 5085 976 5130 et
1005 5084 1063 5129 ut
1104 5075 1251 5144 justa
1279 5073 1524 5142 cupienti
1568 5071 1968 5142 suffragantur.
2003 5069 2139 5124 Nam
2175 5070 2280 5125 hoe

2385 4714 2546 4767 μενον
2567 4697 2671 4749 ὐπὸ
2695 4689 2772 4750 ὧν
2800 4695 3145 4764 ἐγκαλοῦμαι
3175 4693 3335 4761 λόγον
3362 4693 3640 4759 ὑποσχεῖν,
3674 4690 3704 4758 ἢ
3737 4687 3978 4740 ἐνταῦθα

2382 4790 2696 4860 γενομένων
2719 4789 2873 4858 ὑμῶν
2891 4788 3033 4859 ὑπὲρ
3056 4788 3161 4840 τῶν
3179 4789 3313 4842 ἴσων
3330 4789 3427 4856 τὴν
3443 4784 3737 4852 ἀπολογίαν
3759 4783 3974 4835 θέσθαι.

2381 4867 2636 4939 Τοσαῦτα
2690 4884 2790 4954 μὲν
2837 4883 3096 4954 βασιλεῦς
3129 4884 3156 4934 ὁ
3190 4882 3308 4944 νέο..
3359 4880 3700 4949 πατριάρχου
3742 4876 3978 4929 καὶτῶν

2380 4978 2580 5044 ἄλλωνρ
2604 4979 2862 5048 δεόμενος
2894 4980 3220 5048 ἀρχιερέων,
3259 4973 3498 5046 ἔγραψεν
3534 4972 3675 5042 ὐπέρ
3696 4973 3791 5041 τῆς
3823 4972 3980 5040 εἰρή-

2378 5090 2477 5142 νης
2503 5089 2514 5101 ·
2549 5072 2584 5126 ἂ
2615 5076 2708 5126 καὶ
2745 5075 2925 5145 φέρων
2958 5075 2984 5126 ὀ
3015 5070 3400 5142 διακομιστὴς,
3435 5067 3732 5139 ἐνεχείρισε
3761 5065 3838 5136 τῷ
3871 5083 3979 5117 πα-

1948 5235 2164 5296 Jacobi
2199 5235 2467 5298 Pontani
2504 5242 2694 5297 notte.

751 5413 867 5482 (74)
910 5409 1030 5482 Non
1079 5420 1165 5465 est
1200 5424 1306 5482 vos
1333 5409 1482 5482 nauis
1528 5407 1582 5460 in
1615 5405 1845 5482 C_t':PCO;
1889 5402 2166 5482 sententia
2199 5410 2280 5455 ta-

681 5474 808 5537 men
853 5474 1057 5552 exigit,
1113 5497 1239 5536 cum
1297 5479 1430 5552 belli
1493 5479 1793 5552 tumultum
1854 5474 2169 5552 tempestati
2223 5482 2278 5552 et

679 5555 874 5609 ﬂuctui
920 5545 1228 5625 comparet,
1268 5561 1328 5606 et
1372 5549 1629 5625 imperio_
1661 5545 2146 5625 summersionem_
2174 5545 2280 5625 ini-

681 5615 1091 5681 nariallirmet.
1141 5615 1286 5679 Sane
1342 5615 1470 5677 cuni
1507 5619 1633 5674 navi
1696 5618 1901 5688 saepius
1959 5615 2279 5686 respublica

677 5695 984 5753 confertur.
1022 5695 1215 5751 Horat.

749 5766 795 5840 ρ
821 5769 990 5840 uanis,
1023 5767 1340 5840 refcreutju
1363 5781 1512 5819 mare
1543 5773 1592 5817 te
1624 5761 1752 5840 novi.
1815 5762 2172 5840 ﬂuctus,_ete.
2238 5827 2249 5840 .

751 5838 870 5895 Ode
904 5839 994 5902 l4,
1038 5831 1139 5894 lib.
1178 5855 1218 5894 1.
1242 5832 1440 5894 Cicero
1465 5850 1692 5911 quoque
1741 5831 1820 5911 in;
1843 5831 2280 5911 perturbationi-

682 5915 786 5970 bus
827 5911 1146 5982 rcipuhlicx
1189 5920 1316 5968 ante
1367 5905 1558 5966 oculos
1599 5905 1876 5978 ponenda,
1937 5905 2281 5975 tempestati-

2387 5401 2495 5456 bus
2543 5411 2596 5454 et
2643 5399 2925 5462 ﬂuctibus,
2975 5399 3085 5459 his.
3135 5412 3383 5462 Inquam,
3430 5394 3664 5448 vocibus
3711 5396 3979 5453 translate

2387 5477 2670 5542 eleganter
2713 5481 2798 5525 est
2847 5487 2979 5524 usus
3021 5471 3118 5523 lib.
3145 5486 3180 5531 t,
3225 5468 3298 5542 De
3333 5466 3736 5542 Θναιηὶῑι-ΙιοιςΔ
3770 5476 3978 5534 ιεηῳηε

2383 5537 2537 5596 omne
2582 5550 2694 5607 post
2745 5543 3082 5595 consulatum
3133 5541 3419 5609 objecimus
3462 5538 3528 5591 iis
3569 5537 3834 5609 fluctibus,
3885 5542 3979 5607 qui

2380 5630 2474 5680 per
2505 5630 2598 5666 nos
2628 5631 2658 5667 a
2689 5613 2959 5667 communi
2982 5625 3125 5680 peste
3159 5608 3388 5678 depulsi,
3431 5611 3482 5662 iu
3517 5608 3863 5674 nosmetipsos
3894 5628 3979 5663 re-

2382 5684 2714 5738 dundaruut.
2774 5685 2879 5738 l’ro
2922 5683 3123 5738 Milone
3164 5704 3175 5735 :
3223 5683 3482 5748 Equidem
3550 5690 3769 5733 cwterus
3829 5693 3978 5733 tem-

2382 5765 2614 5827 pestates
2653 5766 2701 5809 et
2745 5754 3008 5825 procellas
3042 5754 3239 5827 111-11118
3267 5750 3802 5827 duntaxat/luctibus
3844 5768 3977 5827 conf

2381 5821 2594 5880 eieiium
2633 5821 2841 5897 semper
2870 5826 3056 5897 putavi
3099 5824 3303 5897 Miloni
3327 5841 3437 5878 esse
3481 5821 3807 5891 subeundas,
3835 5824 3978 5893 quod

2379 5914 2586 5972 semper
2609 5915 2706 5971 pro
2727 5896 2878 5956 bouis
2897 5907 3083 5954 contra
3111 5896 3378 5956 improbos
3414 5903 3670 5952 senserat;
