4250 6440
307 398 376 457 13
1455 411 1992 473 HISTOIHAHUM
2044 419 2274 481 LIBER
2315 425 2359 484 Ι.

3416 439 3517 503 ειι

270 506 520 581 τριάρχῃ.
550 509 663 563 Καὶ
691 509 802 565 τῶν
836 512 1139 581 ἀρχιερέων
1177 515 1634 583 συνεδρυαζόντων
1655 558 1668 577 ,
1711 520 1842 570 ἀνα·
1875 523 1916 576 Α

1839 548 1842 556 ι
1875 523 1916 576 Α
1948 522 2127 591 ipsum
2160 529 2381 586 aiebant
2413 532 2792 591 ﬁrmissimum
2824 549 3232 609 argumentum,
3260 553 3353 597 aut
3381 548 3517 601 nihil

264 599 620 664 γνωσθέντων
640 600 699 654 δὲ
730 601 838 655 τῶν
866 605 1231 673 γραμμάτων,
1262 607 1336 669 ὡς
1362 609 1586 678 ἐδόκειή
1614 610 1841 674 ἀξίωσις

264 690 450 744 δικαία
464 691 558 746 τοῦ
585 694 707 747 νέου
735 694 1024 762 βασιλέως,
1051 696 1251 759 πάντες
1277 698 1437 761 εὐθὺς
1456 700 1591 769 πρὸς
1619 700 1844 770 βασιλέα

266 784 356 837 τον
377 801 477 855 πρε
487 784 742 855 σδύτερον
760 786 1026 852 ἐλθόντες,
1052 790 1117 842 τά
1133 805 1189 841 τε
1207 789 1508 860 γράμματα
1528 792 1844 847 ἐδείκνυσαν

264 875 359 927 τοῦ
381 876 627 944 ὲγγόνου,
651 878 745 931 καὶ
762 878 1096 949 συνηγόρουν
1113 880 1259 943 αὐτῷ
1284 881 1355 943 ὡς
1373 880 1560 936 δίκαια
1578 882 1839 948 ἀξιοῦντι.

265 968 374 1019 Καὶ
403 968 534 1021 αὐτὸ
561 970 669 1039 γὰρ
694 969 906 1037 ἔφασαν
935 971 995 1023 τὸ
1025 973 1154 1041 περὶ
1180 971 1433 1025 πλείστου
1465 973 1779 1039 ποιεῖσθαι,
1803 975 1837 1046 ἢ

263 1061 426 1114 αὐτὸν
458 1062 685 1115 ἐνταῦθα
712 1062 954 1127 ἐλθόντα,
981 1064 1119 1134 ὑπὲρ
1146 1057 1220 1117 ὧν
1244 1066 1554 1135 ἐγκαλεῖται
1579 1068 1839 1138 παρέχειν

263 1152 468 1205 ἐθέλειν
498 1153 747 1220 εὐθύνας,
779 1154 809 1224 ἢ
831 1152 927 1208 τοῦ
950 1158 1293 1227 πατρίαρχου
1323 1159 1440 1210 ἐκεῖ
1460 1160 1755 1228 γενομένου
1779 1160 1841 1213 τὸ

263 1245 395 1295 αύτδ
424 1248 616 1308 ποιεῖν,
648 1246 950 1314 τεκμήριον
981 1246 1045 1300 ἂν
1072 1246 1158 1317 εἴη
1194 1248 1450 1316 μέγιστον
1480 1249 1512 1319 ἦ
1546 1248 1638 1301 τοῦ
1674 1250 1840 1319 μηδὲν

261 1335 664 1402 ἡμαρτηκέναι.
720 1336 752 1406 ἢ
798 1338 845 1388 εί
888 1338 982 1389 καὶ
1022 1338 1259 1408 ἥμαρτε,
1291 1339 1383 1391 τοῦ
1437 1339 1722 1408 βούλεσθαι
1771 1342 1837 1392 ἂν

261 1425 640 1492 διορθωθῆναι.
677 1424 880 1478 Τούτου
909 1426 965 1479 δὲ
995 1424 1166 1489 οὕτως
1197 1428 1253 1493 ἐξ
1283 1428 1463 1481 αὐτῶν
1496 1428 1837 1498 πραγμάτων

261 1515 724 1584 ἀποδεικνυμένου
749 1557 763 1581 ,
812 1516 1017 1570 δίκαιον
1055 1517 1122 1570 ἂν
1155 1517 1243 1588 εῖη
1278 1519 1372 1569 καὶ
1404 1519 1516 1588 ἅμα
1560 1518 1833 1580 λυσιτελὲς

261 1608 358 1658 καὶ
390 1609 705 1674 ἀναγκαῖον,
739 1610 802 1663 ὲκ
826 1610 920 1663 δύο
948 1610 1057 1662 τῶν
1082 1612 1431 1680 ζητουμένων
1462 1610 1713 1680 γενέσθαι
1744 1611 1840 1662 θά-

260 1714 445 1767 τερον.
483 1697 654 1768 Ὀρῶν
680 1700 772 1753 οὖν
806 1701 900 1754 καὶ
929 1701 956 1754 δ
988 1700 1261 1771 βασιλεὺς,
1294 1704 1353 1755 τό
1386 1719 1446 1756 τε
1511 1702 1839 1772 ἀναντίρρη-

260 1807 352 1842 τον
382 1792 479 1860 τῆς
510 1792 806 1858 ἀξιώσεως,
842 1794 933 1846 καὶ
970 1796 1066 1864 τὴν
1103 1794 1196 1847 τοῦ
1231 1796 1569 1866 πατριάρχου
1602 1797 1694 1847 καὶ
1727 1794 1837 1847 τῶν

259 1881 561 1950 ἀρχιερέων
593 1884 725 1950 πρὸς
759 1881 917 1936 τοῦτο
951 1884 1205 1954 σπουδὴν,
1242 1886 1301 1937 τὸ
1338 1887 1435 1954 μὲν
1463 1887 1554 1939 τδν
1584 1887 1704 1939 νέον
1736 1886 1834 1955 βα-

261 1972 415 2026 σιλέα
447 1975 581 2045 προς
611 1978 817 2028 ἐκεῖνον
841 1977 997 2045 ἥκειν
1049 1978 1415 2047 ἀπηγόρευεν,
1437 1978 1630 2049 ὥσπερ
1655 1980 1745 2031 καὶ
1773 1980 1835 2033 τὸ

258 2067 351 2116 τὸν
384 2068 733 2137 πατριᾶρχην
759 2069 873 2120 ἐκεῖ
898 2068 1171 2136 γενέσθαι,
1198 2070 1352 2122 οὖδὲν
1383 2066 1521 2124 εἶναι
1556 2070 1834 2140 προῦργου

260 2156 503 2225 φάμενος
546 2158 829 2228 ἑκάτερον.
876 2160 1168 2212 Ἐπένευσε
1206 2160 1262 2213 δὲ
1295 2162 1403 2214 τῶν
1436 2178 1495 2214 τε
1532 2164 1836 2233 ἀρχιερέων

258 2253 353 2300 καὶ
382 2248 491 2301 τῶν
525 2249 620 2319 τῆς
653 2250 960 2318 συγκλήτου
983 2252 1135 2313 τινὰς
1155 2290 1171 2314 ,
1202 2252 1263 2305 ού
1297 2253 1405 2323 μὴν
1447 2253 1581 2307 ἀλλά
1609 2257 1702 2306 καὶ
1728 2253 1836 2306 τῶν

256 2344 358 2411 τῆς
384 2339 706 2410 Ἐκκλησίας
724 2340 999 2411 ἀρχόντων
1016 2342 1233 2395 καὶτῶν
1251 2343 1684 2413 ἀρχιμανδριτῶν
1699 2345 1834 2413 πρὸς

256 2434 349 2484 τὸν
390 2432 613 2501 ἔγγονον
644 2434 1163 2509 παραγενομένους,
1191 2435 1260 2488 τά
1288 2452 1347 2489 τε
1390 2436 1711 2507 ἐγκλήματα
1741 2453 1834 2490 κο-

259 2523 459 2591 μίζειν,
494 2525 587 2576 καὶ
626 2524 925 2591 ἀπολογίαν
954 2525 1137 2595 ζητεῖν
1181 2526 1321 2597 ὑπὲρ
1351 2526 1552 2584 αὐτῶν.
1585 2528 1834 2596 Πέμπον-

256 2634 347 2670 ται
379 2616 559 2672 τοίνυν
584 2619 693 2671 ἀπὸ
726 2619 826 2688 μὲν
857 2620 966 2672 τῶν
1000 2621 1317 2691 ἀρχιερέων,
1353 2621 1445 2686 ἐξ·
1470 2623 1563 2675 καὶ
1591 2622 1834 2677 τοσοῦτοι

259 2710 618 2780 συγκλητικοί
636 2729 647 2739 ·
666 2712 728 2765 ἐκ
751 2729 809 2764 τε
840 2712 947 2765 τῶν
965 2710 1061 2778 τῆς
1090 2712 1415 2781 Ἐκκλησίας
1438 2713 1714 2783 ἀρχόντων
1742 2715 1835 2768 καὶ

255 2802 832 2871 τ‹ῖ›ν’ἀρχιμανδριτῶν
860 2802 1169 2873 λεγομένων
1200 2803 1407 2873 ἀνδρῶν
1435 2805 1701 2871 εύλαδῶν,
1729 2808 1833 2860 ῖσοι

255 2892 347 2943 τον
383 2893 617 2961 ἀριθμὸν
648 2894 706 2960 ἐξ
748 2895 1044 2965 ἑκατέρων.
1079 2895 1186 2949 Σὺν
1217 2895 1429 2959 τούτοις
1473 2897 1566 2948 καὶ
1592 2898 1640 2949 ol
1681 2896 1835 2968 παρὰ

259 2986 526 3055 βασιλέως
556 2988 818 3056 πρότερον
864 2989 1287 3053 ἀποσταλέντες,
1320 2990 1347 3043 ὃ
1374 3007 1434 3042 τε
1462 2990 1570 3043 τῶν
1596 2992 1836 3058 Μογλαί-

255 3094 365 3128 νων
408 3080 705 3143 ἐπίσκοπος
740 3082 965 3150 Νίφων,
998 3088 1091 3135 καὶ
1128 3082 1351 3144 Κλειδᾶς
1390 3084 1418 3136 δ
1456 3083 1831 3153 δικαιοφύλαξ.

255 3163 353 3230 Οἷς
383 3168 447 3235 δὴ
488 3172 581 3223 καὶ
612 3170 681 3223 τά
716 3175 857 3225 κατὰ
886 3174 979 3226 τοῦ
1011 3174 1129 3227 νέου
1161 3175 1427 3245 βασιλέως
1453 3177 1772 3248 ἐγκλήματα
1803 3182 1831 3232 ό

258 3261 632 3330 πρεσϐύτερος
660 3264 960 3334 ἐνεχείρισε
991 3265 1265 3335 βασιλεύς.
1308 3271 1430 3325 Ἐπὶ
1458 3273 1670 3336 τούτοις
1695 3275 1828 3327 πᾶσι

253 3354 353 3405 καὶ
398 3356 425 3407 ὁ
462 3355 891 3424 ἀρχιεπίσκοπος
937 3357 1281 3430 Βουλγαρίας
1325 3362 1646 3434 Γρηγόριος,
1690 3366 1830 3436 ἀνὴρ

258 3446 425 3514 σοφός
455 3462 514 3498 τε
551 3445 627 3508 είς
656 3446 847 3515 λόγους
867 3489 881 3507 .
915 3450 1009 3501 καὶ
1041 3450 1343 3519 θαυμάσιος
1370 3457 1427 3507 ὲν
1455 3458 1665 3511 συνέσει
1690 3496 1706 3521 ,
1739 3459 1832 3511 καὶ

252 3536 355 3603 τῆς
378 3537 547 3598 δντως
573 3538 761 3622 σοφίρις
780 3539 961 3607 ἄκρως
982 3540 1403 3612 ἐπειλημμένος.
1430 3546 1535 3597 Καὶ
1566 3548 1661 3599 σὺν
1686 3548 1832 3617 αὐτῷ

253 3629 534 3698 θεόδωρος
568 3632 596 3684 δ
644 3631 1047 3699 Ξανθόπουλος,
1086 3636 1179 3687 καὶ
1227 3638 1388 3701 αὐτὸς
1415 3640 1580 3710 ἀρετῇ
1628 3656 1686 3691 τε
1736 3640 1832 3692 καὶ

256 3723 471 3774 συνέσει
517 3723 608 3775 καὶ
648 3723 869 3795 παιδείᾳ
916 3728 1352 3796 κεκοσμημένος.
1397 3725 1558 3784 Οὗτοι
1609 3730 1707 3801 μὲν
1739 3727 1833 3785 οὖν

251 3815 334 3873 είς
379 3814 598 3884 Ῥήγιον
628 3814 824 3877 πάντες
862 3813 1046 3889 ἦλθον,
1081 3822 1180 3883 τὰς
1200 3822 1313 3874 τοῖν
1345 3821 1610 3891 βασιλέοιν
1646 3822 1834 3889 ἐξετά-

256 3924 445 3970 σοντες
475 3908 759 3978 διαφοράς.
812 3910 956 3964 Ἰδὼν
990 3911 1045 3965 δὲ
1094 3914 1291 3976 αὐτοὺς
1323 3914 1578 3984 βασιλεὺς
1616 3921 1643 3972 ό
1675 3918 1794 3981 νέος
1815 3962 1831 3987 ,

253 3999 415 4061 εὐθὺς
449 4000 548 4069 μὲν
577 4001 772 4071 ἡδονῆς
802 4003 1085 4067 ἀνάπλεως
1110 4009 1206 4059 καὶ
1236 4006 1503 4079 θυμηδίας
1533 4006 1621 4081 ἦν,
1654 4012 1748 4066 ἆτε
1769 4015 1833 4087 δὴ

256 4091 469 4162 μέλλων
512 4093 651 4165 ὑπὲρ
688 4088 762 4148 ὧν
794 4101 1152 4165 κατηγορεῖτο
1193 4100 1394 4154 διδόναι
1434 4102 1610 4171 λόγον.
1658 4105 1834 4177 Προσ-

252 4186 562 4255 αγορεύσας
589 4187 645 4240 δὲ
668 4188 885 4254 αὐτους,
906 4190 1155 4244 ἐκέλευεν
1172 4193 1491 4265 ἀναπαύλης
1514 4198 1831 4266 ἀπολαύειν,

252 4278 330 4341 ὼς
361 4280 414 4341 ἐς
443 4278 538 4349 τὴν
567 4280 860 4351 ὑστεραίαν
890 4280 1007 4351 ἅμα
1031 4284 1174 4353 πρωῒ
1204 4286 1297 4337 τοῦ
1329 4287 1589 4359 συλλόγου
1611 4310 1837 4364 γενησο-

259 4372 447 4438 μένου.
490 4373 551 4424 Ol
587 4374 687 4442 μὲν
721 4370 815 4426 οὖν
845 4372 1021 4437 οὕτως
1050 4377 1268 4432 ἐποίουν
1289 4395 1304 4411 ⁸
1345 4380 1601 4448 βασιλεὺς
1632 4386 1685 4439 δὲ
1718 4387 1834 4459 ἅμα

252 4463 329 4532 ἕῳ
380 4463 489 4516 τῶν
524 4482 582 4517 τε
627 4465 773 4518 ἰδίων
819 4468 946 4531 τοὺς
974 4469 1438 4540 ὲπιφανεστὲρους
1481 4478 1575 4528 καὶ
1610 4481 1733 4543 τοὺς
1770 4484 1834 4535 ὲκ

1946 630 2070 669 eum
2106 620 2399 689 deliquisse
2428 663 2443 687 ,
2504 638 2599 681 aut
2628 628 2673 683 si
2714 628 2849 696 quid
2895 631 3190 700 deliquerit
3222 673 3236 698 ,
3274 635 3326 688 id
3380 637 3519 692 velle

1946 710 2243 781 corrigere,
2275 716 2420 783 quod
2449 718 2504 771 in
2534 718 2805 774 beneflcio
2834 732 3174 785 numeraret,
3204 724 3247 778 si
3279 734 3373 780 aut
3399 728 3515 791 hic,

1944 810 2042 854 aut
2073 803 2172 869 ibi,
2202 806 2513 875 patriarcha
2567 823 2862 879 praesente,
2898 823 3081 881 posset
3111 815 3377 870 intentata
3408 818 3515 871 sibi

1945 894 2151 949 scelera
2175 897 2470 964 depellere.
2497 901 2765 966 Quoniam
2791 903 2955 973 igitur
2980 920 3066 958 res
3090 904 3202 973 ipsa
3232 906 3536 970 clamaret,»

1936 984 2150 1055 justum
2176 988 2381 1056 pariter
2405 998 2461 1044 et
2490 992 2645 1056 utile,
2677 1008 2739 1047 ac
2765 995 3138 1049 necessarium
3176 996 3283 1050 sibi
3318 998 3511 1059 videri.

1942 1090 2009 1129 ex
2046 1076 2259 1134 duobus
2288 1095 2409 1149 qua:
2444 1081 2916 1149 desiderarentur,
2972 1087 3207 1140 alterum
3261 1088 3511 1142 concedi.

1942 1169 2243 1240 Imperator
2273 1175 2602 1239 postulatum
2660 1176 3021 1241 irrel’ntabile,
3080 1187 3135 1231 et
3189 1179 3517 1240 patriarchae

1942 1262 2435 1333 episcoporumqne
2461 1268 2511 1317 in
2535 1281 2599 1319 eo
2622 1267 2866 1335 urgendo
2887 1268 3128 1321 Studium
3152 1270 3511 1337 perspiciens,

1943 1364 2196 1421 nepotem
2227 1355 2294 1408 ad
2330 1371 2388 1409 se
2424 1357 2648 1421 venire,
2684 1366 2779 1410 aut
2834 1358 3201 1426 patriarcham
3258 1360 3323 1412 ad
3359 1360 3513 1413 illum

1942 1447 2091 1498 abire
2122 1447 2292 1499 veluit
2322 1466 2335 1511 ;
2369 1458 2625 1501 neutrum
2657 1448 2806 1502 enim
2839 1465 2961 1503 esse
3009 1465 3190 1518 opera:
3245 1452 3512 1520 pretium.

1940 1537 2009 1592 Ut
2035 1552 2099 1590 ex
2146 1538 2419 1606 episcopis
2471 1550 2523 1592 et
2572 1541 2914 1608 proceribus,
2951 1542 3078 1592 item
3131 1557 3194 1595 ex
3255 1541 3514 1596 Ecclesiae

1942 1628 2300 1696 principibus.
2333 1640 2387 1682 et
2430 1629 2878 1683 archimandritis
2907 1630 3196 1700 religiosis,
3257 1642 3317 1686 ut
3368 1633 3514 1685 fere-

1941 1718 2123 1785 batur,
2162 1718 2480 1773 hominibus
2536 1720 2678 1774 irent
2708 1720 2939 1787 aliquot,
2971 1722 3064 1788 qui
3102 1722 3509 1776 accusationem

1942 1807 2018 1862 illi
2054 1817 2444 1878 proponerent,
2479 1808 2547 1861 ab
2595 1823 2772 1877 eoque
2806 1810 3217 1876 responsionem
3248 1812 3514 1880 require-

1940 1910 2081 1965 rent,
2126 1900 2177 1953 id
2213 1900 2425 1954 annuit.
2482 1899 2773 1954 Mittuntur
2809 1900 2992 1969 itaque
3023 1902 3140 1955 seni
3177 1902 3246 1956 de
3274 1903 3511 1971 singulis

1938 2008 2078 2061 quos
2109 1992 2381 2045 nominavi
2413 1992 2722 2057 ordinibus,
2773 2008 2965 2047 omnes
2995 1994 3157 2047 simul
3187 2004 3425 2062 quatuor
3456 2004 3515 2047 et

1939 2086 2129 2154 viginti
2162 2086 2294 2154 (75).
2355 2086 2670 2148 Adduntur,
2705 2100 2844 2155 quos
2875 2086 3175 2154 imperator
3208 2096 3334 2139 ante
3367 2086 3514 2155 lcga-

1939 2186 2113 2241 verat,
2154 2178 2371 2248 Niphon
2420 2178 2808 2247 Moglzenorum
2842 2178 3089 2241 antistes,
3133 2187 3189 2231 et
3213 2176 3395 2231 Clidas
3426 2178 3511 2230 di-

1938 2269 2271 2340 caaupbylax,
2303 2268 2505 2339 quibus
2530 2268 2898 2322 accusationis
2921 2268 3100 2336 capita
3124 2269 3511 2321 transduntur.

1942 2359 2101 2431 140
2152 2361 2281 2416 Post
2312 2361 2412 2416 hos
2444 2375 2636 2414 omnes
2673 2359 2967 2429 Gregorius
3011 2358 3276 2430 Bulgaria:
3326 2358 3511 2412 archi-

1934 2451 2353 2521 episc0pns,vir
2382 2460 2437 2506 et
2471 2451 2777 2521 disciplinis
2798 2450 3073 2513 eruditus,
3109 2460 3165 2504 et
3197 2448 3509 2503 admirabili

1936 2546 2226 2615 prudentia
2255 2547 2514 2614 praeditus
2542 2586 2556 2607 .
2591 2553 2648 2599 et
2705 2545 2760 2598 in
2815 2544 3085 2613 sapientia
3124 2542 3308 2595 divina
3351 2542 3513 2609 plane

1935 2635 2211 2705 perfectus
2244 2634 2355 2703 (76)
2387 2651 2401 2687 :
2436 2647 2675 2701 cumque
2705 2647 2771 2687 eo
2819 2630 3149 2686 Theodorus
3181 2629 3509 2697 Xanthopu-

1935 2728 2043 2791 Ius,
2080 2729 2195 2795 ipse
2221 2741 2441 2796 quoque
2475 2726 2700 2789 virtute,
2738 2724 3097 2793 intelligentia
3154 2730 3210 2775 et
3256 2721 3508 2775 doctrina

1934 2820 2337 2875 ornatissimus.
2401 2818 2464 2872 lli
2522 2832 2715 2872 omnes
2755 2816 3049 2887 Rhegium,
3104 2815 3512 2868 controversias

1936 2913 2332 2982 imperatorum
2390 2911 2771 2979 disceptaturi,
2817 2916 3087 2962 venerunt
3120 2925 3135 2961 :
3163 2921 3400 2976 quorum
3479 2922 3511 2959 e

1934 3013 2231 3077 conspectu
2285 3016 2536 3071 magnam
2588 3001 2791 3054 laetitia:
2820 2999 3157 3067 voluptatem
3210 2996 3503 3066 persensit,

1934 3097 2079 3167 quod
2113 3103 2256 3149 esset
2289 3094 2508 3148 tandem
2537 3092 2601 3146 ad
2636 3092 2853 3161 objecta
2905 3104 3296 3157 responsurus.
3351 3087 3507 3141 Salu-

1936 3199 2079 3245 tatos
2115 3188 2282 3258 igitur
2312 3186 2556 3255 quietem
2594 3198 2797 3253 capere
2839 3183 3026 3252 jussit,
3058 3182 3196 3234 etin
3226 3180 3369 3233 diem
3408 3193 3508 3246 po-

1941 3288 2154 3335 sterum
2189 3291 2364 3347 usque
2395 3292 2424 3330 a
2464 3276 2735 3329 matutino
2785 3282 3115 3328 conventum
3148 3270 3367 3325 indixit.
3424 3268 3506 3325 illi

1939 3374 2014 3429 ita
2046 3352 2317 3428 fecerunt.
2368 3370 2532 3424 Initio
2560 3369 2702 3422 lucis
2728 3368 3027 3423 nobiliores
3057 3367 3125 3421 de
3156 3366 3292 3429 suis,
3322 3376 3378 3419 et
3408 3378 3505 3417 eos

1938 3468 2032 3539 qui
2077 3467 2163 3521 avi
2214 3465 2385 3518 missu
2438 3462 2798 3523 advenerant,
2856 3460 2909 3514 in
2943 3468 3145 3513 caelum
3200 3458 3363 3525 cogit.
3404 3456 3507 3511 Ubi

1938 3575 2133 3616 omnes
2169 3556 2446 3613 ail‘uerunt
2472 3597 2486 3617 ,
2524 3554 2922 3619 consederunt,
2954 3552 3343 3622 paulisperque
3371 3566 3509 3604 con-

1941 3654 2239 3715 ticucrunt,
2274 3660 2332 3703 et
2374 3648 2570 3717 singuli
2629 3657 2689 3699 ut
2724 3646 2849 3699 novi
2905 3645 3186 3713 quippiam
3243 3642 3507 3705 audituri,

1939 3759 2101 3799 aures
2134 3749 2480 3803 arrexerunt,
2513 3738 2962 3808 archiepiscopus
2992 3737 3079 3789 his
3111 3735 3341 3815 vocibus
3379 3748 3511 3787 usus

1939 3848 2067 3895 est:
2101 3837 2331 3906 Propter
2370 3842 2558 3887 natum
2598 3832 2741 3885 inter
2792 3840 2843 3883 te
2888 3843 3161 3896 avumque
3192 3825 3508 3887 dissidium,

1942 3931 2241 3999 imperator
2271 3924 2499 3995 optime,
2536 3921 2736 3991 rogasti
2766 3928 2828 3974 ut
2857 3920 2953 3973 tibi
3002 3918 3324 3989 Byzantium
3359 3925 3511 3984 pate-

1942 4030 2027 4077 ret
2057 4022 2337 4089 ingressus
2363 4056 2378 4080 ,
2431 4032 2541 4084 quo
2593 4013 2706 4067 illic
2755 4012 2897 4081 apud
2934 4026 3059 4065 eum
3099 4023 3321 4063 causam
3362 4018 3510 4061 tuam

1941 4128 2132 4185 ageres
2163 4129 2176 4164 :
2208 4118 2303 4165 aut
2332 4108 2525 4163 saltem
2562 4115 2621 4160 ut
2650 4105 2968 4176 patriarcha
2992 4102 3057 4157 ad
3090 4112 3142 4156 te
3175 4101 3511 4163 mitteretur,

1941 4223 2051 4279 quo
2075 4204 2260 4274 judice
2298 4201 2349 4256 id
2381 4201 2559 4269 ipsum
2594 4207 2903 4267 praestares.
2933 4196 3199 4251 Neutrum
3233 4201 3354 4248 erat
3384 4208 3517 4246 con-

1942 4314 2101 4355 cessu
2136 4295 2317 4350 facile.
2352 4291 2695 4348 Auctoritate
2724 4298 2905 4343 tamen
2943 4286 3290 4356 imperatoris
3343 4292 3401 4339 et
3428 4300 3517 4354 pa-

1944 4389 2194 4445 triarchae
2226 4400 2331 4439 nos
2365 4383 2709 4442 advenimus.
2746 4380 3121 4435 defensionem
3178 4388 3324 4431 luam
3355 4378 3515 4431 audi-

1946 4481 2076 4538 turi.
2116 4480 2192 4533 Te
2223 4489 2440 4545 aequum
2494 4480 2578 4528 est
2632 4470 2848 4534 alierre,
2885 4470 2929 4523 si
2960 4469 3091 4539 quid
3126 4469 3300 4523 habes
3332 4469 3514 4525 dicere

255 4557 524 4625 βασιλέως
549 4558 887 4626 ἀφιγμένους
917 4561 997 4621 είς
1024 4561 1114 4613 τὸν
1141 4562 1399 4633 σύλλογον
1430 4569 1631 4625 ἐκάλει.
1671 4574 1756 4636 Ὠς
1781 4576 1836 4630 δὲ
1872 4576 1915 4629 1)

1671 4574 1756 4636 Ὠς
1781 4576 1836 4630 δὲ
1872 4576 1915 4629 1)
1945 4576 2012 4631 ad
2043 4590 2106 4629 ea
2139 4586 2261 4641 quae
2290 4569 2387 4623 tibi
2422 4567 2794 4633 objectantur.
2827 4564 2965 4618 Tum
3002 4564 3303 4632 imperator
3332 4580 3343 4617 :

252 4656 455 4712 πάκτες
510 4653 783 4721 παρῆσαν,
834 4654 1011 4723 σιωπὴ
1062 4655 1161 4724 μὲν
1208 4658 1266 4710 τὸ
1298 4660 1521 4730 θὲιτρον
1567 4671 1831 4740 κατέσχεν
1873 4672 1965 4725 ἐπὶ
1995 4667 2219 4739 μικρόν’
2250 4665 2343 4716 καὶ
2374 4663 2572 4721 πάντες
2634 4659 2709 4721 ὡς
2771 4660 2861 4714 ἐπὶ
2887 4662 3093 4723 καινοῖς
3118 4677 3225 4712 τισι
3260 4660 3519 4726 παρεῖχον

254 4745 567 4814 μετεώρους
624 4744 724 4807 τὰς
770 4744 960 4807 ἀκοάς.
1017 4746 1257 4815 Ἤρξατο
1343 4751 1388 4804 δ’
1434 4756 1863 4825 ἀρχιεπίσκοπος
1897 4761 2067 4822 οὕτως
2115 4753 2320 4810 εἰπών’
2369 4751 2645 4823 Κράτιστε
2714 4749 2959 4820 βασιλεῦ,
3008 4751 3116 4803 τῶν
3155 4749 3359 4819 μεταξῦ
3400 4751 3512 4800 τῶν

252 4835 524 4903 βασιλέων
566 4834 722 4902 ὑμῶν
766 4837 1143 4907 κεκινημένων
1188 4840 1284 4894 νῦν
1330 4843 1494 4898 ἕνεκα
1530 4847 1823 4919 διαφορῶν,
1862 4852 2025 4912 αὐτὸς
2061 4850 2158 4918 μὲν
2188 4848 2395 4918 ᾔτησας
2455 4846 2535 4906 είς
2568 4841 2860 4907 Βυζάντιον
2912 4841 3084 4895 ἐλθὼν
3111 4843 3201 4895 ἐπὶ
3229 4842 3322 4895 τοῦ
3360 4842 3517 4910 βασι-

250 4933 389 4997 λέως
429 4930 530 4993 τὰς
568 4930 797 4997 εὐθύνας
822 4934 1083 5005 παρέχειν
1107 4952 1121 4968 ·
1157 4933 1191 5006 ἢ
1224 4938 1273 4990 εἰ
1307 4938 1382 5010 μὴ
1412 4938 1589 5007 τοῦτο,
1617 4941 1713 4995 τοῦ
1740 4944 2079 5015 πατριάρχου
2110 4940 2362 4995 ἐνταυθοῖ
2383 4940 2698 5009 γενομένου,
2740 4936 2867 5009 δίκῃ
2897 4935 3295 5013 διαλύεσθαιτά
3318 4935 3520 5007 ὲγκλήο

1486 5054 1703 5116 Jacobi
1737 5056 2003 5118 Pontani
2054 5060 2241 5117 notae.

329 5149 444 5219 (75)
472 5150 745 5223 Gregoras
769 5149 919 5205 hunc
957 5150 1141 5205 locum
1174 5153 1515 5223 negligenter
1549 5158 1828 5215 tractavit.

254 5219 423 5282 Duos,
453 5222 652 5289 inquit.
687 5233 980 5281 senatores.
1004 5226 1133 5276 duos
1169 5219 1465 5291 pontiﬁces.
1510 5228 1639 5280 duos
1676 5228 1837 5283 selec-

253 5300 337 5364 tos
368 5293 689 5364 sacerdotes,
731 5301 782 5364 et
822 5302 1053 5364 quatuor
1118 5294 1334 5347 selectos
1363 5295 1557 5364 eplebe
1602 5300 1671 5350 ad
1717 5315 1833 5352 cum

254 5362 425 5413 misit.
468 5362 664 5415 Decem
730 5362 985 5417 homines
1037 5374 1311 5429 numerat,
1354 5362 1477 5421 cum
1522 5380 1711 5422 noster
1764 5370 1831 5424 ad

253 5432 477 5500 triginta
511 5442 785 5487 numeret.
1284 5472 1311 5482 ι,

328 5502 443 5567 (76)
472 5502 646 5556 Viden
673 5502 841 5577 Qeum
871 5505 1137 5558 nominari
1163 5505 1252 5577 τὸν
1283 5505 1431 5577 ὄντα;
1459 5506 1622 5577 idque
1645 5517 1836 5564 aucto-

1943 5157 2297 5227 Scpluaginta
2326 5152 2607 5227 θειηξΕγώ
2630 5152 2750 5227 εἰμι
2786 5150 2931 5227 δῶν,
2964 5152 3071 5205 Καὶ
3118 5147 3294 5227 εἴπεν
3332 5151 3523 5210 ϋῦτως

1945 5222 2092 5297 ἐρεῖς
2123 5222 2236 5288 τοῖς
2281 5227 2415 5286 υἱοῖς
2439 5222 2678 5297 Ἰσραήλ·
2797 5222 2871 5297 {iw
2907 5223 3242 5297 ἀπεσταλκέ.
3275 5239 3341 5289 με
3384 5227 3522 5297 πρδς

1945 5293 2110 5367 ὑμᾶς.
2144 5296 2375 5367 Seneca.
2405 5294 2567 5367 epist,
2598 5294 2690 5355 58,
2712 5293 2860 5367 rbbv
2892 5309 3001 5346 non
3038 5293 3170 5367 satis
3202 5295 3337 5346 bene
3366 5294 3519 5348 reddi

1944 5362 2121 5437 putat,
2157 5366 2295 5436 quod
2326 5365 2615 5437 est,_quia,
2651 5365 3022 5437 iiitluit,cogOi'
3052 5362 3263 5437 uerbum
3294 5379 3394 5437 pro?
3427 5381 3521 5437 uo-

1943 5435 2132 5492 cabulo
2171 5435 2390 5507 ponere.
2424 5435 2583 5507 idem
2638 5435 2971 5507 censendum
3047 5435 3114 5487 de
3147 5449 3279 5488 voce
3346 5436 3518 5507 virili,

1938 5524 2063 5561 nam
2103 5504 2297 5561 melius
2328 5505 2531 5559 dicitur
2562 5504 2703 5558 Deus
2727 5504 2801 5555 ὢν
2831 5504 3036 5567 Graece,
3074 5519 3263 5573 quam,
3298 5506 3388 5572 qui
3418 5516 3516 5571 est,

254 5572 423 5646 ritate
452 5584 654 5646 sanctze
684 5573 1007 5642 Scripturze.
1044 5577 1175 5629 Nam
1214 5576 1387 5630 Exod.
1429 5572 1549 5646 cap:
1597 5596 1677 5641 Ill,
1710 5596 1836 5634 cum
1939 5578 2152 5632 Latine.
2177 5578 2428 5633 Justinus
2480 5577 2702 5642 Martyr,
2738 5574 2961 5627 I'Ixhort.
2995 5578 3064 5627 ad
3097 5584 3297 5644 gentes,
3356 5577 3518 5630 docet

254 5644 551 5716 qiuesisset
584 5662 611 5695 a
641 5645 751 5716 Deo
784 5646 959 5699 Moses
1008 5647 1071 5699 ad
1120 5646 1263 5699 filios
1298 5649 1457 5700 Israel
1498 5644 1833 5716 mittendus,

1934 5650 2176 5707 erudite.
2212 5664 2311 5701 cur
2342 5646 2484 5700 Deus
2515 5646 2733 5714 Moysen
2762 5648 2828 5699 ad
2871 5646 3131 5700 llebrzeos
3174 5647 3419 5707 mittens,
3451 5662 3516 5700 ac

253 5710 313 5788 Si
356 5714 591 5788 dixerint
640 5714 785 5778 milii,
825 5718 962 5784 quod
988 5726 1063 5788 est
1095 5734 1279 5769 nomen
1312 5718 1474 5788 ejus?
1507 5721 1633 5788 quid
1664 5710 1838 5775 dicunt
1935 5719 2003 5773 de
2050 5735 2106 5772 se
2151 5720 2407 5788 loquens,
2434 5787 2448 5788 ἡ
2467 5710 2757 5784 participio
2791 5734 2922 5773 usus
2954 5717 3046 5781 sit,
3080 5724 3136 5770 et
3180 5715 3422 5772 Platonis
3454 5718 3515 5771 τὸ

256 5783 375 5856 ei}?
410 5783 1001 5856 audivitgresppnsum,
1043 5787 1151 5856 Ego
1180 5804 1297 5841 sum
1331 5783 1421 5855 qui
1448 5783 1583 5843 sunt.
1625 5789 1689 5842 Et
1734 5793 1833 5856 ait,

259 5855 345 5906 Sic
391 5854 531 5907 dices
583 5854 708 5924 ﬁliis
763 5853 957 5929 Israel,
990 5853 1103 5924 Qui
1121 5867 1215 5924 est,
1266 5853 1402 5913 milii:
1428 5877 1507 5914 me
1539 5862 1607 5919 ad
1634 5879 1739 5918 vos.
1777 5853 1835 5917 In

1934 5788 1994 5843 ὃν
2022 5806 2146 5846 cum
2180 5787 2348 5845 Mosis
2374 5790 2397 5841 ὁ
2424 5787 2497 5840 ὢν
2536 5788 2770 5844 confert.
