4250 6440
227 411 349 478 325

1408 411 1948 474 HISTORIARUM
1991 413 2226 472 LIBER
2273 413 2317 474 Ι.

3381 414 3482 479 326

246 536 362 594 πῶς
402 530 558 584 οὐδὲν
613 529 853 599 γράφετε
903 529 998 583 καὶ
1030 529 1331 598 ἀναφέρετε
1367 529 1420 583 τί
1476 531 1682 582 ποιεῖτε
1715 530 1810 582 καὶ

1886 530 2143 599 ,εῙιιειιιιε
2181 529 2465 585 beneﬂciis
2492 529 2774 595 fruuntur,
2827 524 3023 600 partim
3054 530 3106 584 in
3139 531 3477 587 administra-

240 624 358 684 πῶς
399 623 693 691 πράττετε.
720 621 802 673 Τὰ
828 620 923 674 νῦν
952 621 1008 673 δὲ
1037 621 1338 686 ἀπεδέξατο
1369 622 1469 691 μὲν
1509 622 1592 674 δτι
1648 621 1811 688 ἐγρά-

241 715 388 777 ψατε
419 729 433 742 ·
465 714 754 782 ἐμέμψατο
783 714 842 765 δὲ
894 714 1027 781 ὑμῖν
1064 714 1216 776 ὅπως
1269 713 1442 775 οὕτως
1473 713 1814 780 ἀπερισκέπέ

240 817 344 866 τως
383 805 666 872 ἐπέμψατε
689 804 786 865 τὰς
812 804 1088 872 ἀναφορὰς
1123 803 1300 870 ὑμῶν,
1331 806 1424 857 καὶ
1483 803 1646 871 εἴπερ
1688 819 1816 854 συν-

246 895 462 949 έόιινεν
498 899 761 964 ἐμπεσεῖν
819 898 897 958 είς
932 897 1032 959 τὰς
1088 898 1278 965 χεῖρας
1327 896 1421 948 τοῦ
1453 895 1811 964 ἐγγόνουητοῦ

244 987 534 1055 βασιλέως,
585 969 1035 1055 ὁμολογουμένως
1086 985 1400 1055 γνωσθῆναι
1455 986 1680 1057 ἔμελλεν
1729 988 1812 1040 ὅτι

242 1081 346 1148 πρὸ
381 1079 578 1148 καιροῦ
617 1080 722 1130 καὶ
755 1081 892 1146 μετὰ
924 1080 1414 1148 μεμεριμνημένω
1461 1079 1664 1132 σκοποῦ
1697 1079 1812 1131 ἐκι-

241 1170 377 1238 νήθη
432 1173 462 1236 ἡ
521 1169 778 1238 παροῦσα
813 1169 980 1236 μάχη.
1039 1169 1216 1237 Ὅπερ
1246 1168 1305 1221 οὐ
1367 1169 1554 1236 γέγονε
1588 1167 1766 1230 καλῶς
1793 1184 1809 1200 ο

242 1263 383 1317 ἀλλὰ
423 1263 614 1333 ὥσπερ
667 1262 810 1315 κατὰ
865 1263 925 1314 τὸ
959 1262 1137 1331 παρὸν
1169 1264 1332 1331 ἡμεῖς
1369 1264 1428 1314 τὸ
1476 1264 1812 1332 πρόσταγμα

242 1357 334 1406 καὶ
364 1357 464 1422 τὴν
499 1355 781 1422 παροῦσαν
812 1354 1033 1424 γραφὴν
1058 1354 1324 1422 ἐδάλομεν
1355 1355 1504 1414 ἐντὸς
1550 1353 1810 1416 πούκλου,

243 1445 359 1511 (καὶ
405 1443 488 1504 τίς
536 1443 761 1494 δύναται
815 1441 1193 1511 ἐνθυμηθῆναι
1253 1443 1336 1494 ὃτι
1401 1444 1515 1495 ἐστί
1547 1461 1600 1496 τι
1657 1443 1812 1505 ἐντὸς

239 1535 333 1586 τοῦ
367 1533 607 1586 πούκλου
636 1552 651 1597 ς
683 1535 700 1602 )
740 1534 912 1591 οὕτως
953 1539 1156 1587 ποιεῖτε
1201 1537 1294 1587 καὶ
1327 1535 1484 1601 ὑμεῖς
1514 1550 1530 1562 ο
1563 1536 1660 1586 καὶ
1703 1534 1811 1587 ἀπὸ

239 1623 334 1675 τοῦ
392 1623 486 1674 νῦν
521 1622 759 1690 ἄρξασθε
782 1639 795 1654 ⁸
831 1625 914 1676 ὅτι
945 1623 1128 1686 καθὼς
1163 1625 1255 1675 καὶ
1289 1625 1396 1677 ἀπὸ
1426 1623 1518 1674 τοῦ
1567 1614 1810 1692 προστάο

241 1731 454 1782 γματος
483 1715 698 1782 μέλλεις
737 1713 950 1782 μαθεῖν,
991 1715 1100 1766 ἰδοὺ
1130 1715 1223 1767 καὶ
1285 1717 1311 1766 ὁ
1343 1714 1598 1783 βασιλεὺς
1649 1715 1812 1784 ἄρχε-

241 1821 360 1856 ται.
405 1803 596 1871 Ὅμως
626 1803 777 1856 δοκεῖ
807 1821 898 1872 μοι.
954 1804 1036 1855 ὃτι
1069 1804 1175 1874 πρὸ
1201 1802 1295 1856 τοῦ
1323 1803 1552 1857 ἀκοῦσαι
1579 1805 1678 1875 τὴν
1712 1807 1804 1874 άρσ

1922 623 2195 686 tionibus,
2231 626 2430 692 partim
2477 623 2533 677 in
2577 623 2739 677 bullis
2769 629 2988 692 aureis;
3021 627 3303 697 paratique
3332 637 3486 693 sunt,

1920 722 1976 767 et
2002 714 2132 782 quid
2153 713 2407 769 dominus
2433 724 2620 770 noster
2644 725 2866 771 sanctus
2891 716 3192 785 imperator
3215 719 3480 773 decernat

1919 813 2241 873 exspectant
2267 824 2281 871 ;
2311 814 2371 859 ut
2396 807 2616 876 quando
2642 807 2718 860 illi
2751 807 3042 876 placuerit,
3076 818 3332 877 nepotem
3365 811 3486 864 vin-

1920 909 2067 949 ctum
2093 898 2145 950 in
2177 913 2370 951 manus
2412 899 2462 952 ei
2494 900 2733 973 tradant.
2764 899 2843 952 Tu
2875 915 3097 968 quoque
3129 901 3254 955 hinc
3277 910 3484 971 satage,

1919 988 2361 1056 cegnitionisque
2395 999 2449 1042 et
2475 991 2828 1058 experientiae
2871 1005 3033 1060 quam
3065 992 3120 1043 in
3153 993 3363 1059 agendo
3395 992 3490 1042 lia-

1923 1078 2042 1139 lies.
2098 1081 2402 1148 exemplum
2434 1081 2654 1150 aliquod
2692 1083 2884 1150 prode.
2920 1085 2990 1134 Ex
3021 1083 3106 1136 liis
3141 1099 3271 1152 ergo
3308 1082 3490 1135 omni-

1921 1168 2044 1233 bus,
2079 1181 2196 1224 uter
2219 1172 2396 1227 fmdus
2425 1182 2796 1240 transgressus
2822 1173 2910 1236 sit,
2941 1188 3040 1226 vos
3063 1175 3217 1225 eritis
3247 1173 3488 1242 judit-‘es.

1920 1260 2075 1325 Quod
2104 1261 2149 1315 si
2204 1263 2320 1330 ipse
2352 1271 2472 1332 post
2516 1265 2902 1333 jusjurandum
2939 1263 3076 1316 adeo
3114 1263 3289 1330 palam
3323 1263 3488 1314 viola-

1921 1361 2036 1405 tum
2086 1353 2364 1423 quippiam
2397 1363 2587 1406 contra
2641 1353 2822 1408 fwdus
2867 1353 3099 1422 patravi.
3144 1367 3253 1404 non
3308 1360 3488 1419 potest

1920 1446 2116 1498 merito
2145 1455 2345 1500 etcum
2376 1445 2587 1500 ratione
2615 1447 2667 1498 itt
2721 1447 2963 1515 pe‘rjurio
2983 1446 3278 1498 numerari.
3306 1444 3486 1510 Quare

1918 1537 2130 1592 etiamsi
2189 1539 2480 1607 pecuniam
2536 1548 2723 1592 contra
2771 1538 2948 1592 l'iedus
3001 1538 3209 1606 accepi,
3262 1548 3321 1590 ut
3384 1535 3487 1603 ipsi

1918 1627 2195 1693 dictitant,
2229 1644 2338 1682 non
2377 1629 2585 1683 ideirco
2612 1643 2826 1698 poenam
2861 1629 3007 1696 rupti
3037 1628 3257 1680 ltederis
3290 1626 3488 1680 debeo.

1919 1718 2032 1787 Ego
2055 1735 2186 1774 vero
2217 1728 2273 1773 et
2319 1721 2498 1782 aliter,
2549 1720 2800 1787 quamvis
2833 1724 3120 1788 pecuniam
3155 1718 3489 1786 acceperim,

1920 1828 2006 1865 me
2033 1813 2393 1865 nihilominus
2419 1815 2719 1866 secundum
2744 1813 3132 1882 jusjurandum
3149 1813 3322 1881 pactis
3343 1821 3491 1872 stare

244 1895 342 1962 χὴν
377 1894 606 1958 μέλλετε
669 1895 799 1945 ἰδεῖν
839 1893 898 1945 τὸ
957 1893 1132 1957 τέλος.
1169 1896 1378 1951 Πάντες
1410 1897 1518 1964 γὰρ
1573 1897 1622 1949 οἱ
1677 1896 1816 1965 μετά

1886 1894 1889 1932 ⁵
1920 1893 2266 1959 convincam.
2297 1905 2667 1974 Perscriptum
2707 1905 2911 1972 quippe
2939 1914 3043 1958 stat
3073 1905 3124 1957 in
3148 1906 3483 1974 juramento,

247 1984 337 2036 τοῦ
369 1986 596 2051 ὲγγὸνου
628 1983 723 2037 τοῦ
778 1984 1044 2053 βασιλέως
1107 1986 1498 2056 εὑρισκόμενοι
1556 1989 1819 2059 ἄρχοντες

248 2077 338 2127 mi
379 2077 447 2128 τὰ
473 2077 913 2144 ἀρχοντόπουλα,
944 2078 1368 2144 κατεστάθησαν
1402 2080 1507 2132 ὑπὸ
1540 2081 1637 2134 τοῦ
1662 2081 1819 2150 βασι-

244 2171 402 2229 λέως,
433 2171 526 2219 καὶ
553 2170 651 2232 τὰς
676 2169 845 2221 αξιτοῦ
879 2170 1208 2240 εὐεργεσίας
1238 2173 1420 2240 έχουσι
1461 2175 1551 2228 διά
1577 2192 1637 2227 τε
1668 2178 1816 2230 οίκο-

241 2261 474 2329 νομιῶν,
495 2261 584 2314 διά
611 2277 670 2312 τε
695 2261 1128 2330 χρυσοσούλλων·
1152 2263 1248 2316 καὶ
1280 2265 1480 2328 πάντες
1507 2266 1646 2318 είσὶν
1673 2267 1818 2320 ἐτει-

247 2371 342 2422 μοι
399 2359 497 2406 καὶ
558 2355 870 2424 ἐκδέχονται
907 2357 1138 2425 ὁρισμὸν
1176 2354 1276 2408 τοῦ
1330 2356 1596 2411 αὑθέντου
1658 2360 1818 2430 ἡμῶν

243 2446 338 2498 τοῦ
393 2445 657 2514 βασιλέως
705 2447 806 2500 τοῦ
856 2448 1039 2513 ἁγίου,
1105 2449 1190 2500 ῖνα
1241 2448 1448 2517 ἐάνπερ
1497 2451 1660 2522 ὁρίσῃ
1716 2455 1814 2504 αὐ-

245 2538 372 2600 τοὺς
392 2537 456 2610 (Ι.
489 2538 672 2602 αὐτοῖς
700 2539 779 2592 vel
806 2540 1014 2611 αὑτὸςῙ,
1033 2541 1243 2610 φέρωσι
1266 2541 1356 2593 τὸν
1382 2541 1602 2609 ἔγγονιν
1651 2543 1817 2596 αὐτοῦ

246 2629 537 2699 δεδεμένον
589 2635 669 2693 είς
708 2634 804 2694 τὰς
842 2635 1031 2701 χεῖρας
1056 2648 1070 2662 ο
1113 2635 1209 2685 καὶ
1258 2633 1369 2686 ἀπὸ
1397 2634 1492 2686 τοῦ
1528 2634 1695 2688 αὑτοῦ
1721 2635 1818 2688 νῦν

244 2722 615 2792 ἐπιμελήθητι
651 2724 747 2775 καὶ
783 2725 873 2784 σὺ.
908 2724 994 2776 ἵνα
1024 2723 1204 2795 δείξῃς
1237 2725 1403 2794 ἔργον
1435 2727 1534 2794 τῆς
1561 2727 1818 2794 γνώσεως

249 2815 344 2866 καὶ
367 2815 466 2882 τῆς
531 2814 727 2884 πείρας
779 2811 845 2885 ἧς
901 2815 1045 2885 ἔχεις
1078 2817 1216 2885 πρὸς
1250 2818 1310 2869 τὺ
1368 2819 1654 2888 πράττειν.
1723 2819 1817 2872 Ἐκ

246 2905 463 2957 τούτων
525 2908 649 2973 μὲν·
676 2903 770 2958 οὖν
833 2909 1112 2972 ἁπάντων,
1152 2911 1410 2980 ὁπότερος
1464 2911 1656 2964 λέλυκε
1692 2914 1818 2976 τοὺς

242 2999 470 3066 ὅρκους,
512 2998 667 3049 αὐτοὶ
696 3002 937 3065 κρινεῖτε
963 3017 978 3031 ο
1019 2999 1152 3052 ὥστ’
1208 3004 1257 3054 εί
1323 3003 1419 3056 καὶ
1476 3004 1639 3066 αὐτὸς
1675 3007 1816 3074 μετὰ

247 3085 347 3154 τὴν
373 3084 518 3138 οὕτω
564 3088 840 3156 περιφανῆ
878 3087 1197 3152 παράὸασιν
1239 3091 1349 3143 τῶν
1399 3091 1817 3162 ὀμωμοσμένων

247 3178 356 3242 ἔξω
383 3195 438 3229 τι
473 3180 774 3248 εἴργασμαι
822 3180 928 3233 τῶν
982 3181 1292 3251 συνθηκῶν.
1340 3182 1400 3235 οὐ
1437 3184 1648 3236 δίκαιον
1696 3183 1816 3236 οὐδὲ

247 3269 408 3336 λόγον
460 3272 583 3339 ἕχον
618 3273 907 3340 ἐπιορκίαν
938 3274 1215 3342 ἐγκαλεῖν.
1251 3275 1415 3328 Ὥστε
1452 3280 1511 3350 εί
1553 3279 1647 3329 καὶ
1683 3279 1815 3348 χρή-

251 3380 400 3430 ματα
429 3363 654 3430 εἴληφα,
692 3364 765 3425 ὡς
796 3365 954 3418 αὐτοί
986 3383 1144 3434 φασι,
1183 3367 1338 3432 παρὰ
1385 3369 1482 3431 τὰς
1516 3368 1814 3437 συνθήκας,

248 3457 349 3506 οὐκ
381 3455 621 3522 ὀφείλειν
651 3458 809 3526 δίκην
835 3458 1148 3525 λελυμένων
1175 3461 1286 3512 τῶν
1317 3460 1627 3529 συνθηκῶν.
1673 3460 1818 3529 Ἐγὼ

245 3545 303 3595 δὲ
333 3547 428 3595 καὶ
453 3546 658 3598 τούτων
687 3553 855 3615 χωρὶς
887 3550 1136 3618 εὐορκεῖν
1159 3551 1428 3617 ἀποδείξω
1457 3552 1719 3620 ἐμαυτὸν,
1751 3555 1819 3604 τὰ

245 3635 510 3700 χρήματα
542 3633 799 3702 εἰληφώς.
856 3635 947 3688 Ἐν
978 3639 1091 3700 τοῖς
1119 3639 1302 3706 ὅρκοις
1357 3640 1464 3709 γὰρ
1506 3639 1820 3710 γέγραπται

245 3725 320 3786 ὡς
373 3724 442 3776 ἂν
476 3725 541 3776 ὲκ
591 3726 700 3777 τῶν
750 3726 1030 3796 δημοσίων
1091 3730 1396 3798 χρημάτων
1433 3731 1544 3782 τῶν
1602 3747 1660 3782 τε
1714 3733 1819 3799 τῆς

249 3814 392 3882 ἐμῆς
427 3816 604 3878 οἰκίας
659 3817 824 3870 ἕνεκα
855 3817 1230 3886 ἀναλωμάτων
1267 3820 1360 3871 καὶ
1406 3819 1678 3888 βασιλίδος
1719 3822 1818 3890 τῆς

249 3903 390 3968 ἐμῆς
416 3904 696 3969 γυναικὸς,
729 3903 811 3956 ἔτι
849 3904 1031 3956 δὲκαὶ
1058 3905 1158 3972 τῆς
1192 3906 1522 3975 μισθοφόρου
1559 3909 1823 3977 στρατιᾶς

252 3995 518 4063 χρήματα
552 3995 677 4062 ἐμοὶ
706 3996 1056 4064 χορηγεῖσθαι
1087 3997 1187 4048 ὅσα
1235 3996 1551 4065 γέγραπται
1603 4003 1663 4051 ἐν
1702 4003 1822 4063 ταῖς

251 4086 575 4156 συνθήκαις.
610 4089 719 4140 Καὶ
747 4088 907 4140 τοῦτο
940 4090 1038 4159 οὐχ
1081 4088 1291 4155 ἁπλῶς,
1347 4091 1481 4143 ἀλλὰ
1518 4091 1588 4144 δι’
1641 4094 1824 4161 ὅρκων

252 4182 576 4250 ὲγγρὰςεων,
599 4182 675 4244 ὡς
701 4182 968 4251 πάρεστιν
991 4185 1124 4253 ὀρᾷν
1152 4186 1216 4236 ἐκ
1239 4184 1647 4253 χρυσοϐούλλου
1672 4187 1828 4255 βασις

252 4272 394 4334 λὲως
423 4273 518 4325 τοῦ
550 4275 687 4343 πρὸς
716 4275 839 4343 ὲμέ.
887 4276 980 4328 Ἐκ
1000 4276 1184 4327 τοίνυν
1215 4277 1323 4328 τῶν
1353 4277 1564 4346 καιρῶν
1594 4278 1824 4332 ἐκείνων

251 4365 341 4416 ὅτε
369 4367 695 4432 ἐγεγένηντο
728 4368 777 4418 oi
811 4369 966 4434 ὅρκοι
1001 4369 1132 4436 ἀχρι
1157 4373 1252 4421 καὶ
1275 4369 1393 4435 νῦν,
1435 4372 1695 4439 τέτταρες
1726 4371 1814 4423 ἐπ’

255 4456 402 4507 ἔτεσι
436 4457 694 4527 τέτταρσι
728 4458 1006 4528 παρῆλθον
1039 4461 1228 4529 μῆνες,
1267 4461 1324 4512 ὲν
1364 4456 1446 4523 οἷς
1475 4462 1565 4516 ἐκ.
1594 4461 1702 4512 τῶν
1735 4474 1827 4529 γεὸ

1923 2007 1981 2050 ut
2019 1996 2153 2050 mihi
2183 1995 2252 2049 de
2280 1996 2502 2065 publico
2531 1999 2762 2065 pecunia
2794 1999 2846 2051 in
2875 2007 3151 2065 sumptqu
3178 1997 3394 2057 domus,
3425 2011 3492 2049 ac

1919 2087 2159 2150 lamiliaa,
2191 2099 2247 2141 et
2283 2087 2470 2142 uxoris
2498 2103 2650 2149 mea},
2679 2088 2808 2142 item
2842 2088 2906 2141 ad
2944 2087 3214 2154 stipendia
3252 2087 3487 2140 militum

1920 2188 2175 2249 erogetur
2202 2219 2216 2245 ,
2254 2162 2468 2249 quanta
2500 2180 2701 2234 ibidem
2743 2181 3069 2248 exprimitur
3100 2196 3114 2232 :
3143 2181 3193 2232 id
3245 2178 3391 2249 quod
3421 2195 3490 2232 ex

1920 2287 2086 2326 aurea
2118 2272 2266 2326 bulla
2300 2273 2386 2326 avi
2432 2273 2498 2327 ad
2549 2289 2636 2327 me
2673 2275 2838 2326 missa
2868 2273 3100 2342 perspici
3132 2282 3330 2341 potest.
3367 2271 3489 2326 Jam

1918 2380 1984 2418 ex
2020 2379 2132 2434 quo
2173 2373 2440 2432 concepta
2495 2379 2622 2418 sunt
2653 2365 2990 2435 juramenta,
3045 2365 3110 2418 ad
3164 2364 3311 2418 hunc
3341 2364 3489 2417 dietn

1919 2467 2154 2527 quatuor
2170 2457 2299 2510 atmi
2348 2473 2471 2512 cunt
2497 2459 2779 2517 mensibus
2799 2457 3024 2511 totidem
3046 2457 3487 2527 interlluxerunt,

1920 2549 2118 2618 quibus
2141 2549 2272 2602 milii
2293 2550 2374 2618 (ut
2400 2550 2666 2603 rationem
2697 2548 2968 2617 subduco)
2997 2559 3238 2603 trecenta
3262 2549 3497 2619 etquin-

1918 2643 2177 2711 quaginta
2207 2657 2501 2695 aureorum
2537 2643 2706 2696 millia
2737 2641 3032 2694 debentur.
3057 2642 3123 2695 Et
3151 2642 3256 2694 hoc
3283 2643 3494 2708 perspi-

1920 2748 2084 2786 cutttn
2114 2731 2172 2786 lit
2197 2748 2260 2786 ex
2302 2733 2535 2793 tabellis.
2561 2749 2698 2802 quas
2726 2733 2791 2785 ad
2819 2733 3223 2786 testiﬁcandum
3258 2733 3494 2800 vectiga-

1919 2824 2054 2878 lium
2081 2834 2366 2878 exactores
2383 2823 2872 2890 conliciuut.Quod
2903 2825 3070 2894 igitur
3089 2823 3240 2877 ticius
3265 2824 3488 2883 admisi,

1921 2916 1966 2969 si
2004 2931 2126 2969 cum
2163 2925 2267 2968 tam
2286 2919 2454 2969 mttlta
2489 2917 2619 2968 mihi
2645 2917 3009 2978 debebantur,
3029 2917 3095 2969 de
3112 2917 3298 2967 multis
3320 2932 3496 2983 puum

1919 3005 2174 3074 sumpsi?
2206 3005 2287 3082 ᾼιι
2312 3013 2445 3059 vero
2483 3007 2695 3074 justum
2727 3015 2782 3058 et
2807 3020 3021 3074 aequum
3048 3014 3155 3068 est,
3187 3021 3370 3069 avum,
3400 3006 3493 3072 qui

1932 3113 2020 3151 me
2063 3106 2211 3152 tanta
2247 3114 2455 3152 summa
2485 3099 2738 3166 privat-it,
2773 3113 2953 3166 neque
2985 3097 3287 3169 iujustitim,
3315 3113 3496 3165 neque

1845 3210 1890 3269 α
1922 3187 2148 3257 periurii
2184 3189 2541 3242 insimulari?
2577 3204 2682 3250 me,
2713 3189 2840 3258 quia
2865 3204 2932 3242 ex
2966 3191 3102 3242 meis
3131 3191 3335 3243 debitis
3358 3205 3498 3256 quu-

1929 3294 2258 3352 tamcunque
2311 3291 2514 3351 partem
2566 3281 2837 3351 decerpsi,
2891 3284 2956 3336 ad
3019 3283 3312 3336 tribunalia
3367 3299 3496 3348 rap-

1927 3375 2052 3439 tari,
2080 3385 2139 3428 ut
2163 3377 2441 3445 perjurum
2474 3375 2742 3436 accusari,
2771 3375 2824 3428 in
2889 3375 3140 3428 exsiliqu
3166 3374 3320 3443 pelli,
3353 3380 3409 3427 et
3440 3375 3496 3427 iu

1924 3479 2200 3522 extremas
2223 3469 2471 3522 miserias
2501 3468 2755 3521 devolvi?
2787 3467 2950 3536 Atqui
2979 3468 3021 3520 si
3044 3481 3106 3519 ea
3136 3475 3345 3520 tatttum
3366 3481 3500 3535 pen-

1926 3561 2102 3637 sione_
2142 3559 2430 3613 fraudatus
2503 3573 2684 3614 essent
2713 3597 2729 3624 ,
2771 3575 2893 3627 quae
2935 3558 3122 3612 domui
3184 3573 3319 3611 mea:
3377 3567 3499 3612 erat

1929 3654 2244 3716 constituta,
2293 3668 2485 3722 parum
2548 3653 2696 3722 juste
2731 3651 2926 3705 fuisset
2978 3659 3158 3703 aetum
3223 3664 3439 3703 mecum
3481 3667 3496 3702 :

1927 3745 2201 3800 siluissem
2280 3751 2461 3797 tamen
2498 3785 2512 3806 ,
2549 3759 2673 3797 cum
2716 3742 3108 3810 imperatorem
3161 3753 3165 3757 ‘
3197 3742 3494 3800 reveritus.

1932 3846 2044 3890 tum
2096 3837 2225 3904 quia
2249 3835 2647 3888 existimassem
2713 3833 3128 3903 qualescunque
3192 3835 3412 3888 tandem
3467 3853 3498 3888 ει

1930 3940 2084 4000 patre
2108 3940 2434 3983 crearentur
2459 3927 2746 3992 molestiae,
2778 3916 2890 3981 lilio
2917 3942 3070 3995 mqua
3117 3938 3298 3980 mente
3331 3927 3502 3982 suﬂ'e-

1930 4024 2168 4086 rendas;
2200 4038 2376 4092 neque
2407 4021 2798 4083 accusandum,
2822 4036 2998 4089 neque
3030 4020 3220 4075 turbas
3252 4022 3325 4074 illi
3353 4021 3506 4081 cieu?

1929 4116 2047 4176 das.
2077 4115 2174 4170 sed
2232 4116 2528 4183 rogandum
2582 4112 2882 4175 duntaxat,
2914 4121 2973 4164 tit
3023 4114 3234 4182 ptacido
3289 4113 3500 4167 lumine

1933 4205 2101 4258 lilium
2128 4203 2455 4273 dignaretur
2494 4203 2762 4272 aspicere,
2792 4203 3043 4268 malaque
3075 4203 3359 4258 ιιλωὸιὶίῖοτι
3400 4213 3432 4256 ιι
3457 4204 3505 4257 Ι-

1929 4298 2064 4356 lcre.
2086 4297 2243 4351 Nunc
2286 4295 2481 4350 ablatis
2517 4296 2679 4348 simul
2715 4295 2782 4348 iis
2809 4310 2932 4364 qua:
2964 4296 3019 4349 in
3049 4311 3230 4360 annua
3262 4296 3507 4350 militum

1934 4388 2207 4458 stipendia
2257 4395 2417 4441 erant
2449 4387 2816 4451 conferenda,
2853 4396 2907 4440 et
2938 4402 3004 4439 ex
3037 4387 3238 4456 quibus
3263 4387 3394 4440 solis
3423 4387 3502 4440 vi-

1935 4492 2044 4536 tam
2085 4489 2391 4535 sustentare
2431 4481 2726 4540 habebant.
2759 4479 3067 4549 improbum
3125 4481 3254 4533 duxi
3291 4480 3502 4534 alienas

255 4553 596 4617 γραμιιένων
641 4550 952 4618 ὀφείλονταί
1010 4567 1099 4619 μοι
1158 4550 1496 4622 λογιζομένῳ
1529 4550 1693 4604 πέντε
1729 4556 1825 4606 καὶ.

1886 4555 2268 4628 ’ρειθιηίιοιεε
2339 4572 2556 4627 excelso
2629 4572 2813 4624 animo
2868 4571 3005 4626 velle
3067 4572 3222 4642 147
3277 4573 3501 4626 intueri.

256 4646 562 4710 τρ.άκοντα
603 4644 834 4712 χρυσίου
889 4644 1170 4713 μυριάδες.
1237 4646 1349 4698 Καὶ
1401 4644 1563 4698 τοῦτο
1618 4645 1830 4710 ἔξεστιν

258 4733 645 4786 ἀποδεικνύειν
688 4735 940 4802 ὶναργῶς
978 4739 1041 4787 ἐκ
1087 4735 1195 4787 τῶν
1253 4736 1659 4808 γραμματείων
1721 4738 1832 4799 τῷν

260 4827 335 4881 εἰς
379 4823 663 4888 ἀπόδειξιν
719 4824 1027 4893 γινομένων
1082 4825 1237 4896 παρὰ
1289 4827 1410 4894 τῶν,
1449 4827 1520 4880 τὰ
1573 4831 1831 4898 χρήματα

262 4917 695 4985 εἰσκομιζόντων
747 4919 1187 4986 προστάττοντος
1240 4919 1529 4990 βασςλέως.
1555 4922 1620 4974 Τί
1647 4924 1830 4975 τοίνυν

264 5009 463 5069 ἀδικῶ,
495 5011 545 5061 εἰ
600 5009 874 5062 τοσούτων
909 5011 1033 5081 ἐμοὶ
1078 5013 1382 5083 χρημάτων
1434 5013 1827 5084 ὀφειλομένων,

261 5101 416 5167 ὀλίγα
445 5100 582 5154 ἄττα
613 5100 818 5170 εἴληφα
856 5105 919 5156 ὲκ
940 5103 1159 5159 πολλᾶν
1187 5121 1203 5170 ς
1241 5088 1383 5176 ἦπου
1415 5105 1648 5169 δίκαιον,
1680 5105 1834 5176 βασμ-

263 5190 359 5244 λέα
399 5194 500 5263 μὲν
532 5195 632 5262 ἐμὲ
669 5194 943 5248 τοσούτων
999 5197 1411 5268 ἀποστεροῦντα
1446 5198 1573 5269 μήτ’
1623 5198 1833 5252 ἀδικεῖν

226 5286 496 5350 ὀῖεσθαι,
552 5288 692 5356 μήτε
739 5289 850 5360 μὴν
894 5291 1215 5360 ἐπιορκεῖνς
1274 5290 1375 5360 ἐμὲ
1417 5291 1474 5344 δέ
1526 5293 1579 5344 εί
1618 5309 1672 5346 τι
1724 5293 1834 5346 τῶν

261 5378 631 5449 ὀφειλομένων
660 5381 952 5436 πολλοστὸν
981 5384 1491 5456 ἀπείληφαιμέρος,
1545 5385 1629 5448 εἰς
1677 5383 1832 5440 δικαο

265 5472 467 5540 στήρια
517 5471 776 5529 ἕλκεσθαι
835 5476 932 5528 καὶ
994 5477 1285 5546 ἐπιορκίαν
1337 5476 1694 5545 ἐγκαλεῖσθαι
1742 5479 1836 5532 καὶ

260 5556 667 5621 ἀπελαύὸινσθαι
694 5570 787 5622 καὶ
814 5570 882 5622 τὰ
909 5568 1115 5640 ἔσχατα
1139 5569 1438 5641 ὑπομένειν
1473 5588 1488 5637 ;
1545 5574 1750 5636 καίτοι,
1783 5571 1838 5624 εί

1930 4666 2254 4736 Perpendite
2273 4667 2516 4734 paulum,
2540 4674 2743 4733 quanta
2767 4663 2873 4717 illis
2899 4666 2988 4718 [lat
3008 4664 3222 4735 injuria.
3257 4665 3501 4718 Primum

1928 4754 2200 4824 siquidem
2229 4769 2406 4824 neque
2437 4765 2767 4818 mercatura,
2799 4770 2980 4824 neque
3015 4755 3374 4824 agricultura,
3407 4771 3504 4808 ne-

1929 4864 2039 4918 que
2084 4848 2313 4901 aiiarunt
2348 4861 2529 4900 rerum
2557 4845 2774 4908 studiis,
2808 4845 2879 4899 de
2921 4845 3122 4914 quibus
3150 4845 3355 4900 rictum
3395 4831 3502 4900 sibi

1931 4948 2210 5011 pararent.
2267 4955 2294 4992 a
2348 4938 2506 4992 nobis
2538 4939 2800 4992 sinuntur
2832 4938 3090 5006 occupari
3144 4948 3504 5007 :propterea

1928 5031 2075 5103 quod
2137 5030 2204 5084 ad
2257 5029 2638 5098 expeditiones
2675 5038 2730 5083 et
2775 5029 3020 5083 militiam
3062 5045 3279 5097 semper
3328 5029 3502 5098 parati

1928 5141 2050 5182 esse
2083 5132 2377 5196 coguntur,
2412 5138 2589 5192 neque
2631 5122 2734 5175 ulla
2762 5122 3150 5190 impedimenta
3181 5132 3502 5188 praetexere.
3555 5163 3586 5197 .,

1931 5216 2003 5270 ob
2029 5231 2156 5284 qum
2187 5213 2337 5267 domi
2363 5224 2640 5266 maneant.
2671 5213 2880 5266 Deinde
2919 5211 2989 5265 ab
3019 5214 3356 5279 imperatore
3408 5213 3506 5265 de-

1933 5307 2132 5361 stiuata
2155 5289 2418 5359 mercede
2439 5303 2677 5356 fraudati
2696 5312 3023 5371 sunt,quam
3050 5303 3140 5358 ille
3169 5318 3275 5356 non
3295 5302 3506 5371 simpli-

1933 5403 2096 5464 citer.
2123 5397 2218 5454 sed
2249 5399 2574 5468 interposito
2610 5405 2955 5452 sacramento
2983 5397 3038 5450 in
3064 5412 3243 5450 annos
3260 5398 3507 5467 s'ngtttos

1932 5507 1991 5547 se
2048 5489 2451 5560 persoluturum
2491 5487 2805 5557 spopondit.
2853 5486 3082 5541 Accedit
3131 5487 3372 5552 tertium,
3404 5501 3507 5540 ne-

1931 5585 2094 5655 glecti
2124 5592 2255 5637 sunt
2284 5595 2316 5636 a
2351 5596 2438 5636 me
2479 5579 2690 5645 tandiu,
2734 5595 2802 5636 ne
2845 5594 2947 5632 avo
2973 5593 3242 5634 onerosus
3278 5593 3342 5632 ac
3393 5592 3510 5633 mo-

1492 5675 1705 5737 Jacobi
1741 5677 2003 5739 Pontani
2043 5687 2235 5738 noue.

260 5775 468 5854 Graecis
495 5776 636 5854 idem
669 5778 740 5854 sit
762 5781 1222 5854 άρχοντόπουλον,
1247 5782 1395 5852 quod
1423 5783 1626 5854 ἄρχων.
1653 5827 1658 5830 .
1687 5779 1827 5849 Quid

1886 5792 2051 5838 Iulem
2085 5783 2282 5839 melius
2320 5784 2412 5848 sit,
2474 5798 2661 5853 quam,
2730 5783 2882 5835 duces
2920 5789 2969 5840 et
3019 5781 3271 5851 pra-fecti.
3317 5792 3367 5832 tt!
3407 5796 3508 5836 nos

265 5847 516 5910 let-imus,
549 5848 692 5903 baud
723 5847 906 5906 video.
