4250 6440
231 384 344 447 333
1416 384 1956 445 lllSTORlARUM
2000 384 2226 442 LIBER
2268 383 2315 439 Ι.
3330 376 3433 441 334

232 498 511 561 κινδύνους
545 500 603 551 ὲν
629 498 705 567 τῷ
730 497 991 566 πολεμεῖν
1024 495 1427 564 ὑφισταμένων,
1458 498 1565 551 τῶν
1607 496 1784 550 ἄθλων
1817 505 1855 559 Α
1886 511 1910 549 ι·

1755 516 1784 550 ν
1817 505 1855 559 Α
1886 510 1975 550 res
2011 495 2299 551 discrimen
2351 492 2483 545 mihi
2536 491 2948 561 periculumque
2993 490 3289 546 attulisset.
3321 492 3433 562 Ego

230 590 289 643 δὲ
326 592 417 642 καὶ
450 590 558 643 τῶν
586 589 765 659 γερῶν
794 590 1284 657 ἀποστερουμένων
1318 589 1425 659 (διὰ
1466 588 1526 640 τὸ
1557 588 1656 656 ἐμὲ
1688 589 1782 641 σοῦ
1887 601 1908 637 v

1756 589 1782 641 ὖ
1887 600 2016 638 vero
2061 594 2120 637 ut
2168 584 2263 637 tibi
2317 581 2667 650 gratificarer,
2720 581 3045 649 persuadere
3100 582 3204 636 illis
3249 585 3434 637 enisus

238 669 663 748 προστάττοντος
693 681 854 742 εὐθὺς
894 681 1130 748 ἄσμενον
1166 682 1367 749 χωρεῖν
1401 680 1536 749 πρὸς
1564 680 1665 749 τὴν
1711 681 1787 732 εἰ·
1888 687 1913 727 s

1764 708 1787 718 -
1888 687 2027 735 sum,
2062 687 2171 725 uno
2216 679 2310 724 aut
2338 670 2554 724 duobus
2601 669 2983 738 adjuvantibus
3035 670 3165 739 (9f),
3210 679 3266 725 et
3317 688 3437 741 qua!

238 773 428 839 ρήνην,
459 772 551 823 καὶ
594 771 814 822 πάντων
846 787 927 822 σοι
965 772 1319 839 παραχωρεῖν
1359 763 1433 823 ὧν
1491 772 1789 838 ἐκτήσαντο
1892 772 1908 814 ι

1761 787 1789 821 ο
1892 762 2145 815 timebam
2189 760 2509 828 contempsi,
2559 760 2871 823 arbitratus,
2916 760 2960 813 si
3002 759 3157 814 factis
3212 762 3305 815 tibi
3355 778 3438 817 me

237 860 392 910 αὐτοὶ
418 858 742 926 κρατοῦντες
764 859 821 910 έν
850 859 928 926 τῷ
949 859 1214 927 πολέμῳ),
1248 860 1636 929 ἀμφοτέρωθεν
1665 861 1793 927 ἐμοὶ
1890 852 1915 905 1]

1788 895 1793 910 .
1890 852 2480 913 benevolentissimum,
2536 850 3128 919 perturbatisslmisquc
3177 856 3441 922 tempori-

243 948 520 1001 συνέϐαινε
549 949 608 1000 τὸ
636 948 1001 1019 θορυϐεῖσθαι.
1037 950 1110 1002 Τό
1157 967 1214 1001 τε
1248 951 1356 1019 γὰρ
1389 951 1597 1002 πείθειν
1625 934 1795 1004 κατα·
1893 944 1921 995 Ι]

1763 980 1795 998 ν-
1893 944 1993 996 bus
2026 958 2129 995 non
2158 942 2429 1003 hostilem,
2457 942 2549 995 sed
2580 941 2812 994 amicum
2848 940 2900 993 in
2927 948 2975 994 te
2994 940 3231 995 animum
3256 952 3441 996 osten-

222 995 428 1089 losses:
468 1037 567 1090 τὸν
584 995 838 1105 πόλετμον,
878 1038 1138 1089 ἐπίπονον
1171 995 1793 1108 ἧνίαεύτω-νηδίκαιξλέ-
1893 1054 1900 1083 ε

1764 1060 1793 1087 ι-
1893 1033 2118 1097 dissem,
2149 1032 2422 1085 conflderc
2455 1046 2611 1099 posse
2644 1032 2805 1083 etiam
2839 1029 3023 1083 odium
3053 1030 3106 1083 in
3156 1047 3241 1085 me
3292 1042 3442 1086 tuum

243 1145 358 1195 γειν
408 1110 856 1196 ἰσχυριζομένων,
900 1131 996 1181 καὶ
1066 1130 1225 1198 μέχρι
1273 1127 1473 1190 παντὸς
1518 1129 1795 1191 ἐπεξιέναι
1894 1139 1920 1179 8

1762 1145 1795 1180 ιι
1894 1133 2240 1179 sanaturum.
2283 1121 2434 1191 151
2470 1121 2622 1185 Quod
2656 1134 2804 1203 nunc
2836 1134 3014 1182 secus,
3062 1138 3222 1191 quam
3267 1124 3440 1183 rebar.

242 1220 366 1281 τοὺς
401 1219 769 1286 πολεμοῦντας
808 1220 1102 1284 ἀξιούντων
1133 1219 1372 1287 πολέμου
1409 1220 1558 1289 νόμῳ
1586 1236 1605 1253 η·
1641 1221 1700 1270 τό
1734 1235 1795 1270 τε
1894 1228 1920 1265 v

1769 1235 1795 1270 ε
1894 1211 2111 1265 videtur
2142 1211 2408 1263 evenisse.
2456 1207 2649 1261 Omnia
2700 1206 2972 1274 siquidem
3030 1208 3139 1273 illa,
3188 1210 3446 1278 quodque

245 1309 489 1361 ἀκόντων
514 1310 691 1361 αὐτῶν
718 1326 769 1361 τι
808 1313 1007 1375 ποιεῖν,
1048 1312 1145 1362 οὐκ
1178 1310 1353 1371 ἀδεές.
1381 1310 1535 1379 Φιλίᾳ
1567 1311 1674 1378 γὰρ
1701 1310 1794 1374 ξυ-
1896 1317 1922 1355 S

1776 1340 1794 1350 .
1896 1315 2170 1355 summum
2231 1309 2334 1360 est,
2389 1298 2669 1351 veritatem
2720 1297 2891 1365 ipsam
2955 1312 3052 1364 pro
3115 1299 3282 1353 nihilo
3346 1302 3448 1351 du-

249 1399 653 1467 στρατευόντων
680 1400 787 1451 τῶν
817 1401 1100 1463 πλειόνων,
1133 1401 1227 1452 καὶ
1257 1402 1433 1455 ἐλπίδι
1476 1402 1569 1453 τοῦ
1601 1402 1798 1470 ἄρξαν-
1898 1404 2047 1450 cells,
2115 1388 2431 1441 Ῑιοιιὶίηίδυε
2484 1393 2664 1437 “Nom
2732 1386 3024 1452 Ρθτνετείδυ
3079 1395 3135 1439 ει
3180 1385 3451 1439 ωεηάιὶῦί·

246 1506 312 1541 τα
337 1491 774 1559 ὰντευποιήσειν,
804 1491 851 1541 εἰ
880 1491 954 1559 μὴ
981 1492 1176 1561 γνώμῃ
1202 1490 1378 1544 αὐτῶν
1413 1491 1704 1560 ἐπράττετο
1731 1494 1797 1545 τὰ
1898 1480 1924 1532 ll

1773 1494 1797 1545 ιι
1898 1479 2095 1547 loquis,
2122 1494 2228 1531 non
2264 1475 2575 1545 reipublicae
2598 1478 2988 1541 emolumenta,
3016 1475 3110 1530 sed
3168 1491 3264 1530 sua
3302 1477 3451 1545 ipso-

245 1581 343 1643 τῆς
371 1567 614 1648 εἰρήνης,
648 1578 793 1640 εἰκδς
832 1576 900 1648 ἦν
929 1581 1126 1640 αὐτοὺς
1170 1584 1649 1651 περικακήσαντας
1695 1602 1800 1650 χω-
1899 1587 1923 1624 ι’

1779 1614 1800 1623 -
1899 1584 2023 1624 rum
2074 1568 2393 1637 compendia
2454 1569 2791 1622 sectantibus
2846 1569 3003 1621 Iidem
3056 1567 3275 1631 habens,
3309 1566 3452 1621 bello

253 1670 365 1738 ρεῖν
397 1670 531 1738 πρὸς
580 1670 705 1731 τοὺς
742 1671 1036 1737 ἐναντίους,
1078 1672 1213 1741 ὅπερ
1262 1674 1561 1736 ἀκινδύνως
1605 1676 1702 1726 οὐκ
1735 1675 1799 1727 ἂν
1902 1678 1931 1714 Π

1772 1692 1799 1727 ν
1902 1677 1987 1715 me
2023 1668 2229 1714 tentare
2263 1659 2503 1712 voluisti.
2535 1658 2632 1712 Ast
2661 1674 2760 1727 ego
2787 1660 3034 1727 quamvis
3069 1660 3191 1728 jure
3222 1660 3450 1727 Optimo,

250 1760 550 1829 ἐπράττετο
592 1760 729 1828 ἐμοί.
783 1761 921 1826 Ἐγὼ
965 1762 1019 1813 δὲ
1048 1762 1142 1814 τοῦ
1185 1763 1252 1815 τὰ
1281 1764 1407 1829 φίλα
1436 1765 1597 1817 ἕνεκα
1631 1766 1802 1834 πράτ-
1838 1822 1873 1834 “
1904 1760 1924 1804 ί

1776 1795 1802 1805 -
1838 1760 2159 1834 “tanquam
2228 1749 2376 1818 prior
2436 1748 2647 1802 insidiis
2705 1750 3017 1816 appetitus,
3086 1757 3454 1827 tenueratoque

248 1822 362 1900 τείν
394 1866 499 1912 σοι,
525 1822 648 1910 τούς
690 1865 749 1900 τε
790 1822 984 1912 πόνους
1030 1822 1341 1921 ὑφιστάμην
1381 1855 1437 1904 ὲν
1477 1852 1552 1920 τῷ
1594 1822 1802 1905 πείθειν
1838 1822 1926 1895 ΒΓ

1775 1870 1802 1904 ν
1838 1822 1875 1875 Β
1902 1841 2108 1896 foedere
2127 1841 2376 1902 violatus,
2401 1840 2707 1919 promptius
2727 1854 2789 1893 ac
2820 1840 2969 1907 prius
2996 1855 3144 1893 arma
3172 1822 3453 1908 capessere

251 1938 371 1999 ἑνός
406 1954 549 2000 τινος
583 1938 615 2007 ἢ
644 1939 735 1991 καὶ
764 1937 857 1991 δύο
880 1941 1305 2009 συναιρομένων,
1341 1943 1435 1994 καὶ
1457 1942 1562 1994 τῶν
1594 1944 1803 2011 ὑφορω·
1904 1950 1929 2001 [1

1776 1971 1803 1987 .-
1904 1942 2181 2001 poteram;
2220 1944 2399 1985 tamen
2432 1930 2639 1998 pudore
2671 1947 2799 2001 erga
2834 1940 2906 1994 te.
2936 1940 2988 1985 et
3014 1933 3160 2001 pacis
3185 1933 3454 1987 desiderio

256 2024 433 2092 μένων
475 2024 738 2077 κινδύνων
798 2028 1189 2095 κατεφρόνουν,
1232 2028 1471 2097 νομίζων
1517 2029 1583 2082 ἂν
1621 2030 1803 2091 αὐτοῖς
1904 2027 1934 2080 ii

1778 2046 1803 2091 ς
1904 2026 2236 2088 incredibili,
2270 2028 2493 2079 tertium
2522 2025 2631 2093 jam
2660 2039 2900 2097 mensem
2936 2025 3025 2078 hic
3057 2034 3301 2087 contero,
3332 2040 3454 2092 sup.

253 2114 435 2182 ἔργοις
477 2114 780 2183 ἀποδειχθῶ
810 2092 997 2179 εὔνους
1031 2118 1087 2180 ές
1134 2116 1204 2170 τὰ
1239 2092 1475 2187 μάλιστά
1503 2136 1584 2171 σοι
1625 2120 1717 2171 καὶ
1749 2122 1805 2172 ἐν
1903 2134 1931 2188 p

1778 2136 1805 2171 ν
1903 2119 2130 2188 plicans.
2156 2125 2210 2171 et
2246 2116 2377 2170 iram
2413 2126 2557 2168 tuam
2592 2092 2909 2183 deprecans.
2934 2115 3087 2169 Nunc
3126 2131 3248 2169 cum
3282 2116 3450 2168 venis~

252 2208 361 2267 τοῖς
386 2206 772 2271 κατεπείγουσι
796 2209 1006 2274 καιροῖς
1036 2208 1095 2260 οὐ
1130 2209 1423 2279 πελεμίως,
1455 2211 1588 2265 ἀλλὰ
1618 2212 1806 2279 φιλίως
1904 2225 1930 2265 s

1797 2229 1806 2274 :
1904 2218 2045 2271 sent,
2082 2223 2219 2277 quos
2250 2208 2314 2260 ad
2345 2207 2703 2283 exercendam
2743 2205 2810 2259 de
2849 2220 2933 2259 me
2962 2206 3313 2273 quaestionem
3360 2206 3475 2283 mia

250 2296 616 2365 διακείμενος,
644 2296 919 2369 θαρρῆσαι
944 2298 1150 2369 ἂνέμοὶ
1176 2276 1388 2370 καὶντῆν
1411 2302 1609 2372 ἔχθραν
1630 2276 1807 2357 κατα·
1905 2315 1928 2354 s

1783 2333 1807 2344 -
1905 2300 2045 2363 sisti,
2080 2276 2277 2368 gaudio
2309 2276 2707 2365 exsiluifquod
2742 2305 2953 2363 tempus
2993 2294 3095 2348 mei
3134 2294 3454 2351 defendendi

253 2387 415 2439 λῦσαι
438 2388 501 2440 τὸ
528 2388 572 2440 δ’
602 2390 858 2451 ἐναντίως
888 2389 1011 2459 ἕχον
1040 2391 1135 2444 νῦν
1180 2393 1214 2463 ἢ
1263 2395 1611 2463 προσεδόκων
1647 2396 1807 2459 αύτδς
1904 2406 1931 2444 11

1780 2412 1807 2459 ς
1904 2399 2099 2444 nactus
2132 2402 2332 2443 essem.
2370 2387 2429 2443 1n
2461 2394 2731 2439 conventu
2762 2400 2924 2453 porro
2967 2384 3033 2438 ad
3079 2384 3253 2453 capita
3297 2400 3455 2438 accu-

255 2477 472 2544 όρᾶται.
505 2477 687 2529 Πάντα
718 2479 825 2547 γὰρ
853 2481 1054 2544 ἐκεῖνα,
1088 2481 1203 2545 καὶ,
1238 2482 1298 2535 τὸ
1334 2485 1611 2553 μέγιστον,
1640 2485 1807 2555 αὐτὴν
1908 2497 1933 2536 s

1780 2502 1807 2534 ν
1908 2482 2134 2536 sationis
2165 2494 2291 2533 vere
2314 2479 2542 2545 acjuste
2575 2475 2875 2545 respondi;
2909 2474 2972 2530 de
3001 2491 3111 2544 quo
3167 2476 3266 2549 ip'si
3316 2475 3458 2544 apud

260 2568 517 2636 ἀλήθειαν
546 2568 766 2636 θέμενος
793 2573 849 2622 έν
872 2574 1066 2639 οὐδενὶ,
1090 2574 1398 2643 ἀνθρώποις
1427 2577 1484 2629 δὲ
1501 2577 1807 2647 διεφθορόσι
1908 2579 1938 2623 ιι

1781 2595 1807 2630 ιι
1908 2579 1961 2625 te
1987 2570 2383 2624 memorabunt.
2425 2566 2661 2620 Rursum
2690 2576 2741 2619 te
2762 2580 2878 2626 oro.
2908 2566 3219 2638 imperator,
3247 2575 3303 2617 ut
3328 2580 3459 2619 neve

259 2660 351 2711 καὶ
375 2658 721 2727 ψευδομένοις
747 2662 841 2713 καὶ
866 2662 1032 2730 μηδὲν
1056 2665 1116 2728 ἐξ
1135 2656 1210 2717 ὧν
1236 2665 1302 2718 ἂν
1333 2668 1400 2719 τὰ
1429 2670 1580 2720 κοινὰ
1604 2669 1810 2737 βέλτιον
1910 2681 1937 2718 n

1783 2685 1810 2721 ν
1910 2680 2030 2730 nos,
2049 2680 2183 2743 neve
2204 2664 2473 2718 Romanos
2494 2660 2651 2721 alios,
2674 2659 2841 2712 nostri
2864 2673 3023 2712 causa
3052 2658 3247 2711 acerba
3272 2673 3458 2727 perpe-

264 2749 438 2817 σχοίη,
477 2749 591 2801 ἀλλ’
621 2751 677 2816 ἐξ
708 2744 781 2803 ὧν
810 2750 875 2804 ἂν
908 2754 1015 2824 ίδίᾳ
1044 2772 1094 2806 τι
1120 2755 1449 2826 ὠφεληθεῖεν
1476 2759 1650 2820 αὐτοὶ,
1690 2776 1809 2811 σκοιρ
1911 2758 1942 2811 ti

1780 2782 1809 2809 ιφ
1911 2758 1949 2811 ti
1966 2772 2028 2810 ac
2045 2755 2197 2825 perdi
2216 2756 2394 2818 sinas;
2426 2752 2517 2806 sed
2541 2750 2733 2805 diebus
2761 2757 2883 2803 octo
2904 2749 3032 2818 quid
3052 2764 3187 2817 Opus
3207 2749 3458 2803 sitconsi-

263 2837 424 2889 ποῦσι
472 2839 729 2904 πεισθεὶς,
773 2841 922 2893 εἵλου
978 2843 1177 2921 μᾶλλον
1218 2846 1476 2914 πολεμεῖν
1506 2849 1664 2916 ἐμοί·
1703 2846 1812 2913 ἐγὼ
1912 2856 1941 2909 d

1785 2847 1812 2898 ἱ)
1912 2856 2093 2917 deres,
2135 2863 2389 2921 tuamque
2415 2852 2574 2905 nobis
2602 2850 2929 2907 sententiam
2957 2848 3219 2905 declares.
3249 2848 3303 2902 Si
3336 2849 3463 2913 Deo,

263 2925 316 2977 δὲ
344 2927 524 2978 καίτοι
565 2928 768 2990 δίκαιος
823 2929 918 2992 ὢν,
949 2927 1038 2983 οἷα
1076 2916 1660 3004 προεπιϐουλευόμενος
1719 2936 1813 2987 καὶ
1912 2964 1941 3017 ῃ

1790 2936 1813 2987 ὶ
1912 2946 2060 3017 pacis
2082 2916 2332 3006 auctore,
2367 2941 2698 3011 approbante
2732 2940 2995 3010 placidam
3021 2939 3075 2993 in
3108 2955 3207 2997 nos
3232 2949 3464 2993 mentem

265 3019 830 3087 παρασπονδούμενος,
859 3021 1216 3092 ιὲτοιμότερον
1264 3025 1400 3095 πρὸς
1430 3026 1522 3079 τὸν
1577 3027 1813 3096 πόλεμον
1915 3040 1943 3093 ί]

1787 3044 1813 3077 ν
1915 3039 2177 3100 indueris,
2213 3049 2508 3106 pacemque
2554 3031 2880 3100 susceperis,
2914 3031 3051 3085 bene
3092 3030 3257 3084 facies
3295 3031 3465 3083 modis

264 3110 651 3212 χωρεῖν,.αίδοῖ
676 3127 735 3162 τε
787 3114 851 3181 τῇ
886 3114 1014 3182 περὶ
1055 3115 1115 3166 σὲ
1162 3114 1257 3167 καὶ
1309 3115 1454 3183 πόθῳ
1486 3118 1697 3186 ἀσχέτῳ
1737 3118 1814 3187 τῷ
1842 3162 1881 3212 ί,
1915 3147 1942 3183 ο

1789 3118 1814 3187 ἶ)
1842 3162 1881 3212 (χ
1915 3129 2186 3183 omnibus.
2218 3127 2312 3180 Sin
2350 3134 2693 3192 peccatorum
2724 3129 3035 3177 nostrorum
3066 3118 3381 3181 multitudo,
3416 3128 3467 3173 et

265 3202 395 3275 πρὸς
447 3201 547 3268 τὴν
594 3202 838 3270 εἰρήνην,
882 3204 1069 3272 τρίτον
1119 3206 1221 3274 ήδη
1264 3206 1409 3275 μῆνα
1443 3208 1689 3276 κάθημαι
1732 3209 1817 3258 ὲν-
1842 3193 1881 3212 υ
1918 3224 1943 3273 ί]

1791 3235 1817 3246 “
1842 3193 1881 3212 υ
1918 3224 2135 3285 incensa
2162 3215 2376 3271 videndi
2405 3215 2655 3270 interitus
2680 3210 2847 3265 nostri
2876 3208 3147 3277 cupiditas
3194 3206 3375 3277 potius
3418 3207 3469 3262 in

273 3290 469 3353 ταῦθα,
506 3292 763 3345 ἱκετεύων
792 3294 887 3345 καὶ
916 3296 1349 3364 παραιτούμενος
1380 3297 1479 3365 τὴν
1505 3298 1600 3367 σὴν
1625 3300 1815 3368 ὀργήν.
1919 3315 1948 3366 ι,

1792 3324 1815 3353 ‘-
1919 3313 2117 3366 bellum
2149 3322 2198 3362 te
2235 3307 2565 3378 przeeipitcm
2601 3312 2780 3376 agent,
2812 3301 2975 3355 etiam
3026 3301 3104 3354 sic
3156 3298 3375 3352 modum
3421 3309 3470 3350 te

266 3380 399 3432 Νυνὶ
413 3380 465 3434 δὲ
482 3382 586 3432 τῶν
605 3382 713 3433 ὑπὸ.
728 3383 817 3438 σοῦ
842 3384 1139 3453 ἀρχιερέων
1158 3387 1369 3439 καὶτῶν
1386 3388 1560 3441 ἄλλων
1584 3390 1819 3457 συγκλησ
1919 3404 1944 3457 d

1796 3418 1819 3433 '
1919 3404 2127 3457 docebo
2180 3392 2573 3453 validiSsimum
2641 3410 2727 3448 me
2784 3393 2950 3446 armis
3005 3389 3370 3458 Oppugnandi,
3416 3399 3468 3442 ul

266 3472 431 3521 τικῶν
466 3473 915 3541 ἀπεσταλμένων,
943 3476 1035 3526 ἐπὶ
1064 3476 1123 3527 τὸ
1158 3476 1225 3528 τὸ.
1256 3477 1578 3547 ἐγκλήματα
1606 3480 1671 3533 τὰ
1711 3480 1818 3547 ὲμὰ
1919 3510 1944 3545 (ε

1794 3480 1818 3532 ξ
1919 3493 2199 3551 citissime,
2237 3491 2487 3556 citraque
2514 3484 2814 3554 periculum
2867 3481 3130 3533 molestiis
3162 3479 3472 3550 absolvere.

267 3562 516 3623 ἐξετάσαι
572 3563 836 3630 ἡκόντων,
875 3565 1035 3626 αὐτὸς
1072 3566 1173 3635 μὲν
1220 3567 1437 3635 πολλῆς,
1480 3568 1819 3639 ἐνεπλήσθην
1920 3584 1945 3636 [

1796 3586 1819 3619 ν
1920 3584 2060 3637 Deus
2108 3583 2378 3634 bonorum
2452 3576 2696 3630 omnium
2761 3570 3152 3640 suppeditator,
3208 3570 3367 3622 Pater
3421 3575 3474 3620 et

268 3650 479 3718 ἡδονῆς,
515 3650 587 3712 ὡς
629 3652 820 3720 καιρὸν
862 3654 1157 3721 ἀπολογίας
1194 3656 1475 3725 εὑρηκώς·
1525 3658 1819 3725 ἐκκλησίας
1920 3674 1946 3726 [

1793 3676 1819 3721 ς
1920 3673 2180 3728 Dominus
2207 3683 2394 3737 regum
2425 3666 2689 3726 omnium,
2723 3660 3099 3715 admirabilem
3150 3658 3247 3717 tibi
3292 3667 3346 3711 et
3396 3658 3464 3709 in-

267 3741 320 3792 δὲ
350 3741 669 3813 γενομένης,
718 3741 814 3811 τὴν
842 3742 1136 3810 ἀπολογίαν
1169 3746 1253 3813 ἐφ’
1305 3741 1385 3808 οἷς
1424 3747 1816 3816 ὲνεκαλούμην,
1918 3781 1945 3818 ε

1802 3786 1816 3812 ν
1918 3761 2332 3833 expugnabilem
2365 3758 2659 3827 patentiam
2695 3752 2863 3817 dedit,
2903 3749 2989 3804 cui
3023 3765 3130 3803 non
3167 3748 3340 3802 solum
3388 3763 3476 3801 ro-

269 3832 444 3904 ἁληθῆ
482 3835 573 3887 καὶ
601 3833 815 3891 δικαίαν
864 3834 1229 3906 ἐποιησάμην.
1272 3838 1338 3890 Ἀ
1395 3839 1494 3906 μὲν
1538 3838 1632 3892 οὖν
1670 3835 1820 3893 εἶπον
1919 3875 1945 3907 δ

1799 3859 1820 3893 ν
1919 3853 2135 3914 sistere,
2171 3847 2263 3902 sed
2320 3854 2509 3900 contra
2547 3857 2709 3913 quam
2760 3856 2828 3894 ne
2879 3839 3075 3893 intueri
3123 3838 3341 3906 quidem
3393 3850 3477 3889 uie

270 3921 497 4012 tle-beri
520 3922 873 4012 -έγκλήματα,
902 3925 1057 3976 αὐτοὶ
1096 3926 1341 3988 ἐλθόντες
1373 3927 1778 3993 ἀπαγγελοῦσιν
1800 3944 1815 3960 ο
1919 3959 1948 4012 p

1800 3944 1815 3960 '
1919 3957 2076 4012 posse
2102 3940 2294 3995 fateor.
2331 3937 2424 3991 Est
2447 3942 2628 3989 autem
2670 3932 2803 3996 bam,
2838 3929 2980 3999 quod
3027 3938 3083 3982 tu
3131 3927 3383 3983 dominus
3424 3935 3478 3985 et

271 4008 379 4076 ἐγὼ
408 4010 451 4061 δ’
479 4010 638 4102 αὖθις
678 4011 769 4069 σοῦ
797 4014 1008 4080 δέομαι,
1050 4015 1292 4083 βασιλεῦ,
1324 4019 1452 4087 μήθ’
1487 4021 1650 4087 ἡμᾶς,
1682 4022 1819 4089 μήτε

1801 4037 1819 4071 ε
1918 4008 2095 4102 pater,
2127 4044 2226 4098 ego
2254 4027 2420 4091 ﬁlius,
2452 4037 2508 4080 et
2531 4039 2722 4079 servus
2764 4022 3009 4075 omnino.
3061 4024 3171 4072 Ilac
3221 4034 3349 4071 usus
3386 4033 3479 4087 pc.

268 4104 391 4160 τοὺς
428 4101 620 4162 ἄλλους
648 4102 907 4169 περιιδεῖν
939 4104 1245 4173 Ῥωμαίους
1270 4108 1357 4160 διὰ
1383 4108 1474 4161 τὸν
1499 4110 1631 4177 πρὸς
1658 4111 1820 4180 ἀλλή-

1801 4145 1820 4156 -
1921 4101 2111 4183 tentia,
2138 4119 2288 4175 brevi
2321 4132 2442 4186 que
2472 4115 2712 4170 volueris
2750 4114 2935 4167 omnia
2986 4110 3217 4164 feliciter
3255 4109 3479 4162 eflicies.

270 4190 389 4251 λους
424 4192 579 4259 ἡμῶν
623 4192 853 4260 πόλεμον
887 4193 1310 4264 φθειρομένους*
1345 4198 1461 4251 ἀλλ’
1497 4200 1554 4251 ἐν
1590 4200 1821 4269 ἡμέραις
1923 4214 1948 4267 ε

1799 4218 1821 4263 ς
1923 4214 1976 4267 Si
2003 4213 2148 4266 enim
2174 4210 2420 4279 jusseris,
2448 4215 2507 4261 ut
2541 4214 2715 4275 pater,
2756 4220 2843 4258 me
2894 4201 3039 4267 boia,
3077 4216 3170 4254 seu
3212 4196 3477 4273 [collaris]

271 4281 432 4345 ὀκτὼ,
470 4282 539 4339 τά
579 4299 636 4333 τε
674 4282 862 4339 δέοντα
908 4284 1233 4353 σκέψασθαι,
1275 4288 1369 4339 καὶ
1394 4290 1525 4357 ήμῖν
1574 4291 1648 4350 ὼς
1679 4292 1821 4359 ἔχεις
1923 4303 1949 4356 ίι

1799 4309 1821 4353 ς
1923 4303 1974 4356 in
1999 4303 2197 4357 collum
2221 4300 2416 4368 injecta
2445 4298 2652 4359 venire,
2675 4304 2730 4349 et
2766 4294 2876 4353 illic
2904 4308 3178 4350 earccrem
3209 4290 3477 4349 habitare.

271 4373 491 4441 γνώμης
522 4372 778 4441 δηλῶσαι.
798 4375 893 4428 “Av
921 4377 1020 4444 μὲν
1041 4373 1133 4431 οὖν
1157 4379 1249 4431 καὶ
1281 4379 1419 4433 Θεοῦ
1447 4380 1544 4432 τοῦ
1583 4382 1819 4453 χορηγοῦ
1926 4393 1949 4445 ί;

1804 4382 1819 4434 3
1926 4393 2186 4460 imperata
2220 4386 2622 4457 promptissime
2652 4400 2938 4452 exsequar.
2971 4382 3109 4449 Quid
3144 4390 3328 4434 autem
3359 4380 3482 4432 dico

268 4464 364 4534 τῆς
398 4466 624 4534 εἰρήνης
658 4465 1103 4529 συνευδοκοῦντος
1137 4470 1437 4538 πραότερον
1466 4472 1595 4539 ἡμῖν
1614 4473 1814 4525 ’διατε-
1852 4478 1895 4532 ι)
1923 4483 1946 4535 ι]

1803 4503 1814 4513 ·
1852 4478 1895 4532 ι)
1923 4482 1991 4535 de
2022 4495 2262 4543 carcere,
2290 4489 2344 4531 et
2391 4476 2651 4531 cellaria?
2701 4475 2745 4528 si
2794 4473 2928 4543 quid
2985 4470 3134 4528 aliud
3183 4471 3349 4523 etiam
3398 4469 3481 4521 vel

164 4606 167 4615 ,
271 4552 390 4623 θῇς,
424 4556 520 4606 καὶ
557 4554 755 4624 μᾶλλον
790 4556 931 4608 ἕλοιο
970 4558 1067 4625 τὴν
1096 4560 1342 4628 εἰρήνην,
1389 4563 1729 4629 πανταχόθεν
1759 4563 1842 4615 ἂν

1806 4579 1849 4615 ν’
1926 4568 2503 4638 ignominiosissimum
2535 4564 2899 4624 mandaveris,
2921 4561 3189 4632 perferam
3217 4560 3484 4613 hilariter.

270 4645 377 4713 ἔχοι
412 4646 613 4707 καλῶς.
648 4646 748 4699 Ἂν
789 4648 834 4700 δ’
885 4650 919 4718 ή
968 4650 1079 4701 τῶν
1102 4651 1383 4718 ἡμετέρων
1410 4653 1822 4722 ἁμαρτημάτων
1929 4661 1948 4714 ξ

1804 4671 1822 4704 ν
1929 4661 1984 4714 Si
2015 4660 2117 4712 liae
2141 4657 2379 4727 potentia
2406 4656 2627 4716 omissa,
2683 4654 2748 4707 ad
2801 4653 3025 4707 alteram
3079 4660 3131 4705 te
3178 4659 3482 4711 convertes,

270 4736 500 4805 πληθὺς,
542 4736 637 4789 καὶ
695 4737 754 4790 τὸ
810 4738 1044 4805 μάλιστα
1094 4739 1376 4809 βούλεσθαι
1425 4744 1822 4813 διαφθαρέντας
1927 4766 1948 4818 ς

1808 4761 1822 4806 ἱ
1927 4765 2087 4818 quam
2127 4748 2333 4817 pridem
2382 4744 2497 4807 tibi,
2549 4743 2778 4797 credens
2812 4752 2864 4795 te
2918 4742 3109 4800 latere,
3156 4748 3211 4792 et
3264 4753 3486 4805 sperans

268 4830 412 4897 ήμᾶς
441 4829 592 4891 ίδεῖν,
622 4829 753 4897 πρὸς
786 4830 846 4881 τὸ
871 4830 1128 4898 πολεμεῖν
1162 4832 1364 4911 μᾶλλον
1385 4835 1822 4901 παρασκευάσω·
1923 4842 1946 4894 1

1806 4862 1822 4873 -
1923 4842 2069 4894 bello
2130 4854 2215 4892 me
2256 4836 2653 4897 conlecturum,
2701 4833 2982 4904 paravisti,
3040 4846 3234 4885 vereor
3281 4830 3484 4891 dicere,

269 4937 352 4973 σιν
374 4920 640 4988 ὁρμῆσαι,
672 4922 766 4971 καὶ
793 4919 965 4982 οὕτως
993 4921 1101 4988 ἐγώ
1119 4939 1201 4974 σοι
1236 4922 1438 4991 τρόπον
1470 4924 1822 4992 ὑφηγήσομαι
1924 4949 1947 4986 s

1809 4942 1822 4976 ι
1924 4931 2019 4986 sed
2048 4931 2221 4983 dicam
2259 4938 2458 4987 tamen,
2512 4940 2724 4989 vereor,
2773 4939 2839 4977 ne
2888 4933 2948 4976 ut
2994 4921 3146 4983 alias,
3196 4920 3275 4973 sic
3325 4919 3487 4971 modo

270 5011 622 5078 ἰσχυρότατον
656 5009 748 5062 τοῦ
776 5011 909 5080 πρὸς
937 5012 1033 5081 ἐμὲ
1062 5014 1300 5082 πολέμου
1324 5029 1338 5044 ο
1378 5014 1452 5078 ὠς
1501 5016 1566 5068 ἂν
1594 5016 1826 5084 τάχιστὰ
1926 5040 1948 5075 ιη

1802 5018 1826 5068 ει
1926 5024 2065 5076 male
2098 5021 2195 5073 tibi
2255 5016 2598 5073 consuluisse
2652 5015 2769 5083 ipso
2818 5022 3016 5068 eventu
3053 5009 3480 5076 deprehendere.

268 5116 323 5150 τε
350 5107 446 5151 και
472 5101 643 5169 χωρὶς
668 5100 931 5153 κινδύνων
958 5106 1296 5172 πραγμάτων
1329 5103 1671 5174 ἀπαλλαγῇς.
1694 5106 1825 5169 Θεὸς
1928 5114 1946 5166 '1

1810 5123 1825 5169 ῖ
1928 5113 2080 5166 Tunc
2114 5113 2279 5180 igitur
2319 5120 2372 5162 et
2400 5107 2508 5161 Dco
2549 5107 2599 5158 in
2652 5105 2860 5175 primis,
2912 5112 2966 5156 et
3007 5102 3091 5155 bis
3144 5100 3488 5155 amicissim’s

268 5189 564 5280 ὁ.χορηγὸς
615 5191 834 5243 πάντων
876 5193 984 5244 τῶν
1018 5194 1262 5259 ἀγαθῶν,
1301 5196 1328 5245 ὁ
1362 5195 1549 5265 Πατήρ
1586 5196 1824 5258 πάντων,
1930 5216 1946 5253 ι

1809 5238 1824 5258 .
1930 5203 2065 5254 meis
2094 5198 2496 5268 adjuvantibus,
2530 5194 2685 5265 152
2718 5192 2898 5245 multis
2928 5191 3223 5245 sudoribus
3251 5205 3313 5243 ac
3342 5190 3482 5241 labo-

268 5278 360 5333 καὶ
386 5278 588 5347 Κύριος
608 5278 716 5332 τῶν
735 5280 1017 5348 βασιλέων,
1046 5284 1255 5353 ἄμαχόν
1272 5301 1391 5337 τινα
1408 5288 1502 5336 καὶ
1524 5284 1828 5354 θαυμασίαν
1929 5308 1946 5345 ι

1929 5291 2101 5351 ribus,
2134 5304 2239 5342 non
2268 5288 2411 5356 quod
2453 5297 2509 5338 tu
2550 5286 2847 5351 singulare,
2894 5294 2950 5337 et
2990 5282 3055 5335 ad
3096 5280 3489 5349 perficiendum
3540 5350 3548 5358 ~

268 5373 571 5441 παρέσχετο
590 5372 820 5441 δύναμίν
851 5391 934 5429 σοι
960 5390 974 5406 ο
1005 5375 1140 5445 πρὸς
1168 5378 1233 5446 ήν
1258 5377 1355 5449 οὐχ
1384 5376 1465 5430 ὅτι
1495 5393 1555 5445 γε
1580 5378 1831 5446 ἁντιστῆ-
1932 5395 1946 5433 ι

1828 5408 1831 5416 -
1932 5380 2308 5435 difficillimum
2347 5390 2483 5445 opus
2509 5376 2876 5437 existimabas,
2912 5372 3004 5426 sed
3047 5371 3191 5442 quod
3244 5370 3299 5425 iu
3346 5362 3506 5437 cogi-'

1454 5571 1461 5577 .
1487 5516 1703 5579 Jacobi
1738 5518 2003 5579 Pontnni
2036 5526 2221 5579 noue.

272 5639 447 5763 ωῑεξιι)
493 5641 685 5765 Μὲειξο
706 5640 1051 5767 ddomestico,
1108 5652 1165 5699 et
1217 5652 1637 5715 protostratore.
1699 5640 1835 5697 Vide
1878 5661 2039 5716 supra
2101 5659 2220 5714 cap.
2272 5643 2359 5697 5‘2.
2403 5641 2507 5697 Sed
2558 5655 2651 5695 cos
2708 5647 2926 5709 propter
2973 5632 3230 5692 invidiam
3266 5647 3366 5689 avo
3396 5644 3494 5688 no-

383 5728 533 5767 arcn
576 5727 609 5764 n
669 5728 699 5763 u
744 5734 771 5767 ο
804 5750 819 5764 .
2268 5740 2271 5743 »

328 5726 475 5766 mare
498 5726 609 5767 non
631 5726 819 5769 3006b.

592 5727 609 5763 ι
631 5726 819 5769 audet.
2268 5740 2270 5743 ’
