4250 6440
166 429 364 495 “337

1449 427 2000 493 ΗῙΞΤΟΒῘΑΒΠΜ
2042 421 2272 514 LIBER
2313 431 2357 489 ι.

3434 429 3537 491 323

260 539 357 598 οἷν
394 542 595 615 ἡμέραι
637 543 1062 623 παρῆλθονίκαὶ
1114 545 1190 624 ίής
1240 544 1541 615 πρεσϐείας
1588 546 1746 613 λόγος
1773 537 1892 616 ἦν]

1960 542 2296 604 ailluxerant,
2323 541 2472 596 nulla
2508 541 2730 596 interim
2755 540 3046 611 legationis
3070 542 3350 597 mentione
3374 545 3533 604 facta.

262 636 462 698 οὐδείς.
501 635 827 705 Ἀχθόμενσς
873 635 930 689 δὲ
965 635 992 688 ὁ
1055 636 1416 707 πατριάρχης
1469 637 1563 690 ἐπὶ
1619 639 1686 708 τῇ
1749 635 1842 688 τοῦ

264 727 460 798 χρόνου
488 727 817 798 παρατάσει,
855 729 1141 799 μεμήνυκε
1176 729 1314 800 πρὸς
1347 728 1593 798 βασιλέα,
1636 730 1711 790 ὡς
1750 727 1849 794 Ἓξ

267 823 494 892 ἡμερῶν
515 821 932 893 παρελθουσῶν,
959 822 1112 876 οὐδὲν
1145 823 1299 893 παρὰ
1323 822 1434 875 τῶν
1462 824 1602 893 πρὸς
1623 821 1849 892 βασιλέα

267 913 361 967 τὰν
385 914 610 982 ἔγγονον
639 915 730 968 τὸν
757 915 851 968 σὶν
879 914 1315 985 ἀπεσταλμένων
1354 915 1661 986 ἀρχιερέων
1715 914 1851 968 ἐπύ-

269 1003 387 1057 θου.
415 1007 547 1057 Δέον
570 1001 686 1070 οὖν,
721 1005 849 1058 επεὶ
879 1011 971 1058 καὶ
993 1007 1021 1059 ὀ
1049 1007 1239 1078 χρόνος
1266 1003 1403 1074 πρὸς
1428 1003 1712 1073 διάσκεψιν
1735 1006 1852 1057 ίκα-

266 1094 380 1157 νὸς.
426 1095 694 1148 πυθέσθαι
718 1095 900 1149 αὐτῶν
923 1096 952 1148 ὃ
983 1113 1034 1149 τι
1073 1096 1344 1162 λέγουσιν.
1379 1094 1441 1149 Ὀ
1471 1096 1529 1148 δὲ
1582 1097 1850 1167 ἐπηγγεί-

268 1187 400 1240 λατο
431 1188 701 1257 ποιήσειν.
734 1189 822 1251 Ὠς
870 1188 916 1241 δ’
954 1188 1139 1257 ἕτεραι
1183 1187 1445 1240 τοσαῦται
1475 1187 1856 1258 διεληλύθασιν

268 1279 503 1348 ἡμέραι,
541 1279 636 1332 καὶ
671 1279 827 1347 λόγος
856 1280 1032 1343 οὐδεὶς
1053 1279 1266 1348 ἐγίνετο
1285 1279 1491 1345 αὐτῶν,
1520 1281 1684 1334 πάλιν
1711 1283 1853 1351 πέμ-

271 1371 381 1440 ψας
425 1372 454 1423 ὁ
516 1372 887 1441 πατριάρχης,
943 1372 1115 1425 ἐδεῖτο
1149 1370 1246 1424 τοῦ
1307 1371 1574 1442 βασιλέως
1601 1374 1677 1444 μὴ
1712 1373 1858 1427 οὕτω

269 1462 560 1533 τρίϐεσθαι
607 1463 700 1516 τὸν
740 1465 961 1535 καιρόν·
1003 1464 1140 1517 ἀλλὰ
1182 1465 1274 1517 τόν
1319 1482 1378 1516 τε
1424 1465 1858 1537 ἀρχιεπίσκοπον

273 1554 796 1624 μετακαλεσάμενον
825 1555 1072 1617 καὶτοὺς
1111 1556 1304 1620 ἄλλους
1335 1559 1616 1629 ἀρχιερεῖς
1654 1562 1680 1613 ὃ
1712 1578 1766 1613 τι
1799 1578 1859 1614 τε

272 1650 299 1699 ό
320 1650 545 1716 ἐγγονος
563 1647 917 1716 ἀπολογεῖται
929 1647 1184 1714 ἆκοΰσαι,
1210 1652 1302 1702 καὶ
1325 1651 1488 1703 αὑτὸν
1518 1652 1861 1722 σκεψάμενον

271 1740 332 1804 ἐξ
355 1741 540 1793 αὐτῶν
564 1741 634 1793 τὰ
679 1739 1065 1795 λυσιτελοῦντα
1106 1742 1382 1812 Ῥωμαίοις
1408 1746 1600 1798 ποιεῖν.
1620 1745 1677 1798 Ὀ
1712 1745 1862 1816 βασιο

274 1832 404 1894 λεὺς
431 1832 489 1885 δὲ
515 1831 875 1903 ἀπεκρίνατο,
899 1835 1093 1904 μηδενὶ
1113 1835 1279 1888 αὑτὸν
1300 1835 1503 1900 ἐξεῖναι
1535 1838 1839 1910 ἀνερευνᾷν

271 1923 421 1985 ὅπως
458 1923 528 1977 τὰ
555 1925 678 1977 κατ’
712 1919 864 1977 οἷκον
899 1926 1207 1996 πράγματα
1247 1927 1519 1996 διεξάγειο
1555 1929 1703 2000 αὐτῷ
1745 1934 1853 2002 γὰρ

275 2014 537 2083 μελήσειν
563 2016 722 2069 ὁπότε
754 2015 849 2070 καὶ
877 2017 1031 2080 ὅπως
1059 2019 1198 2072 αὐτὰ
1232 2019 1343 2073 δέοι
1386 2022 1713 2092 οίκονομεῖν.
1751 2025 1858 2078 Αὐ-

271 2108 363 2161 τδν
398 2107 455 2160 δὲ
483 2111 837 2180 πατριάρχην
881 2110 1030 2174 ὄντα,
1072 2111 1182 2165 τῶν
1215 2113 1697 2182 ὲκκλησιαστικῶν
1743 2119 1858 2172 ὲκέο
1887 2158 1893 2169 .

271 2202 432 2255 λευεν
471 2203 692 2274 ἔχεςΘαι
728 2205 1030 2274 ,φροντίδων
1052 2247 1066 2270 ,
1117 2205 1227 2264 τῶν
1278 2208 1475 2260 κοινῶν
1512 2209 1589 2262 δὲ-
1625 2212 1721 2266 καὶ
1745 2213 1858 2268 τῶν

277 2291 578 2361 βασιλικῶν
636 2294 942 2365 ἀπέχεσθαι
989 2296 1358 2366 πραγμάτων.
1390 2299 1630 2354 Τοιαῦτα
1699 2301 1798 2371 μὲν
1831 2304 1858 2357 ὁ

278 2380 539 2448 βασιλεὺς
605 2382 848 2453 εἴρηκεν,
884 2384 1130 2455 οἰόμενος
1174 2387 1282 2472 τὸν.
1308 2391 1658 2462 πατριάρχην
1691 2412 1859 2448 κατα-

278 2472 564 2541 πτήξαντα
593 2474 719 2536 τοὺς
759 2474 975 2542 λόγους,
1025 2477 1226 2543 μᾶλλον
1269 2479 1335 2532 ἂν
1378 2483 1732 2537 ἀσπάσασθαι
1761 2488 1860 2557 τὴν

278 2565 518 2633 σιωπήν.
537 2564 598 2616 Ὀ
631 2564 711 2628 δὲ,
751 2567 832 2628 είς
859 2569 960 2636 τὴν
988 2568 1284 2637 ὑστεραίαν
1319 2573 1548 2626 τοιαῦτα
1582 2578 1675 2629 καὶ
1700 2577 1862 2642 αὐτὸς

280 2655 568 2724 μεμήνυκε
604 2655 742 2726 πρὸς
784 2655 1045 2726 βασιλέα·
1079 2659 1358 2727 Κράτιστε
1409 2663 1661 2733 βασιλεῦ,
1696 2667 1754 2720 τὸ
1793 2669 1861 2722 τὰ

273 2747 470 2801 δέοντα
511 2752 799 2818 παραινεῖν
835 2750 932 2803 καὶ
962 2752 1358 2821 συμϐουλεύειν
1403 2757 1496 2808 καὶ
1543 2757 1622 2811 ἔτι
1653 2775 1862 2830 προσα-

276 2839 582 2906 ναγκάζειν
623 2842 910 2912 πράττειν,
941 2842 1058 2896 οὗθ’
1117 2845 1260 2898 ἑκὼν
1296 2849 1613 2919 προήσομαι
1672 2852 1860 2919 αὐτὸς,

275 2933 394 2985 οὒτ’
423 2933 594 2998 ἄκων,
640 2933 750 2987 δέει
776 2934 1025 3003 ληφθείς.
1062 2937 1123 2989 Ei
1151 2939 1197 2991 δ’
1240 2939 1400 3002 αὐτὸς
1432 2944 1658 3015 τοιαύτῃ
1689 2945 1862 3015 συζῆν

275 3026 381 3095 ἐμὲ
415 3025 819 3108 ἀπραγμοσύνῃ
859 3029 1051 3093 ἀξιοῖς,
1078 3029 1218 3082 ὥστε
1256 3031 1332 3102 μὴ
1361 3033 1698 3113 φθέγγεσθαι
1734 3038 1864 3108 μήτ’

274 3117 503 3172 ἀκούειν
538 3119 674 3188 μήτε
695 3121 849 3189 ὀρᾷν,
882 3121 1048 3190 ἐχρῆν
1078 3121 1210 3191 πρὶν
1232 3124 1328 3191 τῆς
1373 3123 1703 3196 Ἐκκλησὶας
1733 3147 1865 3199 προ-

1949 657 2073 696 cum
2115 635 2429 710 patriarcha
2466 634 2612 688 diem
2645 633 2884 703 proferri
2920 650 3063 704 :egre
3102 635 3310 698 ferens,
3341 637 3534 692 admo-

1949 741 2060 798 net,
2099 731 2246 785 diem
2270 739 2486 783 sextum
2505 727 2615 794 jam
2643 725 2998 793 praeteriisse,
3027 742 3130 781 nec
3158 729 3340 783 adhuc
3375 732 3535 799 quid-

1951 824 2116 893 quain
2167 821 2236 875 ab
2274 819 2581 889 episc0pis‘
2604 816 2670 871 ad
2707 827 2964 887 nepotem
3006 818 3188 872 missis
3219 836 3343 874 cum
3378 821 3532 875 audi-
3556 806 3561 815 ”

1955 916 2122 969 visse.
2151 911 2425 982 Oportere
2470 911 2661 981 igitur,
2693 911 2916 979 quando
2940 911 3075 965 satis
3106 912 3198 965 diu
3233 913 3539 968 deliberas-

1955 1017 2060 1072 set,
2119 1004 2313 1059 audire
2343 1003 2478 1072 quid
2518 1003 2792 1056 dicerent.
2825 1002 3123 1056 Facturum
3157 1018 3216 1057 se
3244 1005 3538 1072 promittit.

1956 1098 2208 1152 Totidem
2240 1095 2436 1149 diebus
2469 1095 2694 1164 elapsis,
2747 1109 2970 1147 rursum
3008 1096 3174 1149 mittit
3204 1097 3541 1165 patriarcha,

1960 1205 2158 1260 rogans
2224 1202 2295 1242 ne
2345 1187 2421 1240 ita
2469 1195 2688 1254 tempus
2714 1195 2917 1240 tereret
2952 1202 2966 1238 :
3002 1187 3095 1238 sed
3131 1187 3543 1255 archiepiscopo

1955 1292 2008 1336 et
2053 1281 2330 1351 episcopis
2356 1280 2660 1339 accersitis.
2694 1293 2804 1346 quo
2833 1287 2995 1347 pacto
3028 1292 3087 1331 se
3124 1293 3297 1346 nepos
3338 1280 3541 1332 defen-

1958 1373 2148 1436 disset,
2197 1380 2578 1442 cognosceret,
2625 1370 2860 1438 indeque
2897 1371 3108 1423 videret
3149 1371 3281 1439 quid
3319 1371 3372 1424 in
3432 1387 3544 1425 rem

1960 1466 2262 1520 Romanam
2323 1473 2492 1518 esset.
2552 1461 2889 1530 Respondet,
2945 1463 3077 1515 nulli
3130 1478 3322 1516 eorum
3378 1464 3547 1519 licere.

1961 1556 2242 1627 inquirere
2317 1571 2557 1626 quonam
2617 1555 2781 1608 modo
2821 1554 2939 1623 ipse
2978 1555 3204 1609 domum
3241 1565 3420 1617 suam,
3449 1573 3547 1611 seu

1963 1663 2050 1702 res
2097 1648 2426 1701 domesticas
2480 1646 2839 1711 moderetur;
2880 1645 2984 1698 sibi
3040 1646 3187 1700 enim
3221 1661 3368 1701 curae
3405 1647 3546 1710 fore.

1963 1739 2210 1810 quando,
2253 1753 2433 1808 quave
2485 1738 2703 1791 ratione
2752 1739 2872 1791 illas
2905 1739 3261 1818 adiniiiistrct
3292 1753 3306 1792 :
3342 1740 3547 1808 ipsum,

1969 1843 2028 1888 ut
2071 1834 2470 1906 patriarcliam,
2503 1832 2917 1887 ecclesiasticas
2965 1846 3129 1886 curas
3163 1847 3407 1894 versare,
3436 1842 3492 1886 et
3519 1847 3550 1885 a

1963 1926 2210 1996 politicis
2257 1925 2775 1995 imperatorumque
2821 1923 3060 1993 negotiis
3114 1923 3399 1977 abstinere
3450 1923 3550 1978 de-

1965 2017 2119 2072 bere.
2161 2017 2316 2072 Talia
2371 2016 2718 2070 denuntiavit
2770 2015 3095 2084 imperator,
3129 2014 3274 2084 quod
3315 2014 3550 2085 patriar-

1965 2107 2124 2162 cliam
2155 2121 2221 2162 ea
2250 2106 2674 2160 denuntiatione
2711 2106 3089 2171 terreiactum,
3117 2105 3383 2162 libentius
3417 2107 3550 2163 taci-

1967 2209 2154 2253 turum
2183 2198 2490 2253 con‘lideret
2518 2238 2531 2260 ,
2562 2199 2656 2268 qui
2686 2199 2940 2268 sequenti
2977 2199 3097 2254 luce
3131 2217 3230 2270 per
3259 2201 3548 2254 internun-

1969 2290 2105 2343 tium
2141 2290 2221 2344 sic
2273 2289 2559 2359 respondit
2593 2307 2605 2342 :
2652 2289 2788 2359 Ego,
2821 2289 3128 2359 imperator
3171 2292 3380 2360 optime
3412 2293 3549 2361 (92),

1967 2383 2203 2449 hortari,
2221 2385 2474 2448 suadere,
2493 2392 2548 2436 et
2566 2398 2759 2452 cogere
2779 2383 3005 2453 insuper
3023 2382 3088 2438 ad
3109 2383 3354 2439 ollicium‘
3373 2403 3474 2452 neq
3485 2403 3552 2440 ue

1967 2477 2177 2539 volens,
2220 2491 2399 2546 neque
2435 2475 2645 2529 invitus
2677 2475 2960 2545 (nimirum
2995 2477 3039 2530 si
3081 2477 3550 2547 comprehendar)

1967 2569 2403 2640 prastermittam.
2441 2567 2597 2635 Quod
2635 2570 2680 2623 si
2728 2578 2782 2624 tu
2827 2569 2883 2622 in
2914 2569 3008 2623 tali
3037 2568 3152 2623 otio
3181 2569 3314 2624 mihi
3347 2570 3550 2640 degen-

1969 2663 2099 2716 dum
2153 2663 2420 2731 opinare,
2471 2672 2532 2716 ut
2575 2677 2678 2716 nec
2726 2663 2911 2730 lingua
2958 2669 3101 2726 utar,
3154 2677 3257 2716 nec
3303 2664 3552 2725 auribus,

1968 2771 2072 2810 nec
2119 2756 2314 2822 oculis,
2366 2755 2419 2808 id
2475 2755 2609 2808 mihi
2645 2764 2940 2823 antequam
2970 2754 3227 2810 Ecclesize
3265 2753 3429 2824 hujus
3459 2769 3555 2808 an-

1973 2847 2126 2900 tistes
2151 2847 2380 2916 legerer,
2408 2845 2726 2916 signiﬁcare
2754 2845 3018 2901 debuisti.
3049 2846 3106 2900 Si
3136 2856 3252 2901 tum
3284 2861 3384 2916 ego
3415 2862 3556 2916 quo-

1970 2951 2077 3005 quc
2143 2936 2195 2990 id
2255 2951 2354 3006 pro
2398 2951 2557 3005 requa
2618 2943 2676 2991 et
2730 2936 2878 2991 bono
2927 2937 3351 3006 probavissem,
3409 2954 3554 2991 nunc

1973 3044 2198 3083 necesse
2255 3028 2514 3083 haberem
2568 3029 2700 3084 boni
2751 3031 3041 3085 consulere
3096 3050 3107 3085 :
3155 3032 3242 3085 sin
3273 3031 3421 3086 aliud
3455 3048 3552 3100 pa-

1975 3121 2270 3176 triarcbam
2318 3121 2518 3175 decere
2552 3121 2914 3191 judicassem,
2946 3121 3127 3187 alteri,
3161 3125 3250 3178 cui
3283 3125 3409 3179 talis
3443 3127 3556 3180 vita

279 3210 490 3280 στάτην
545 3211 937 3282 προϐαλέσθαι,
1000 3215 1214 3267 είπείνο
1267 3215 1372 3269 κᾶν
1409 3217 1509 3287 μὲν
1566 3221 1661 3274 καὶ
1713 3213 1864 3293 αὐτῷ

1973 3215 2252 3284 proposita
2319 3213 2542 3278 fuisset,
2594 3213 2852 3268 thronum
2917 3216 3234 3274 cessissem.
3283 3216 3553 3283 Quoniam

283 3322 377 3375 μοι
405 3306 501 3359 καὶ
528 3305 716 3359 δίκαια
745 3306 918 3360 ταύτά
937 3308 1029 3361 καὶ
1057 3308 1437 3365 λυσιτελοῦντα
1468 3313 1664 3389 ἐδόκει,
1706 3317 1865 3389 στέρ-

274 3416 404 3466 γειν
431 3395 498 3470 ἦν
528 3399 741 3470 ἀνάγκη
767 3399 898 3454 νῦνο
963 3401 1029 3456 ἂν
1059 3403 1106 3456 δ’
1166 3403 1331 3474 ἕτερα
1371 3387 1637 3477 ἐνόμιζον
1661 3387 1868 3484 προσή-

276 3509 403 3543 κειν
434 3491 776 3562 πατριάρχῃ,
813 3492 1174 3562 παρεχώρουν
1205 3494 1269 3548 ἂν
1298 3496 1471 3566 ἑτέρῳ
1501 3497 1611 3550 τῶν
1634 3499 1862 3568 Ορόνων,

275 3582 428 3635 οὕτω
476 3582 575 3652 ζῇν
612 3585 1006 3655 προῃρημένῳ.
1047 3584 1204 3637 Ἐπεὶ
1259 3585 1316 3639 δὲ
1372 3587 1508 3640 Θεοῦ
1572 3590 1757 3659 χάριτι
1799 3592 1861 3644 οὐ

274 3674 389 3723 τῶν
419 3671 598 3742 ὀρθῶν
647 3673 745 3741 τῆς
788 3672 1118 3744 Ἐκκλησίας
1154 3675 1446 3743 δογμάτων
1478 3678 1866 3751 προσέϐλημαι

277 3768 468 3836 μόνον,
505 3763 637 3817 ἀλλὰ
676 3764 770 3817 καὶ
816 3765 923 3817 τῶν
958 3765 1336 3837 ἀδικουμένων
1382 3770 1713 3838 προῖσταθαι
1768 3773 1865 3826 καὶ

277 3860 628 3926 ὑπερμαχεῖν
661 3858 909 3926 ανάγκην
936 3860 1065 3927 ἔχω,
1103 3862 1214 3921 τοῖς
1246 3861 1456 3914 ἀδικεῖν
1487 3863 1731 3918 ἐθέλουσι
1768 3867 1863 3919 καὶ

276 3952 633 4002 πλεονεκτεῖν
660 3949 720 4000 οὗ
754 3948 1037 4017 παύσομαι
1063 3950 1464 4021 διαφερόμενος
1508 3955 1603 4007 καὶ
1653 3958 1864 4009 ἀντιλέ-

278 4058 421 4107 γων,
452 4041 518 4092 ἄν
560 4057 618 4092 τε
654 4041 762 4092 τῶν
813 4041 1165 4107 φαυλοτάτων
1193 4043 1336 4099 τινὲς
1370 4037 1526 4109 ὦσιν,
1563 4047 1628 4100 ἄν
1658 4063 1718 4099 τε
1755 4049 1864 4102 τῶν

276 4133 701 4202 ὑπερλαμπρων
726 4133 818 4184 καὶ
839 4135 918 4195 είς
945 4133 1077 4185 αὐτὸ
1112 4132 1174 4185 τὸ
1205 4135 1509 4204 ἀκρότατον
1540 4140 1863 4212 ἀφιγμένων

272 4229 378 4295 τῆς
411 4224 690 4292 εὐτυχίας,
737 4226 832 4276 καὶ
874 4225 1078 4293 μᾶλλον
1113 4228 1250 4292 πρῦς
1291 4230 1564 4296 ἐκείνους,
1599 4235 1711 4305 ὅσῳ
1762 4240 1861 4290 καὶ

272 4322 349 4370 τὰ
379 4317 700 4385 ἀδικήματα
731 4315 926 4382 μείζω,
972 4320 1066 4369 καὶ
1111 4319 1248 4388 πρὸς
1285 4321 1541 4384 πλείονας
1590 4324 1860 4392 ἐξάγοντα

274 4410 382 4480 τὴν
440 4409 666 4477 β),ά6ην.
705 4408 766 4460 Ei
805 4409 915 4477 γὰρ
962 4408 1255 4479 μέλλοιμεν
1311 4415 1424 4474 τοῖς
1486 4415 1585 4482 μὲν
1641 4425 1862 4490 μικροῖς

279 4501 463 4573 μικρά
500 4518 623 4552 τινα
668 4500 918 4553 ἀδικοῦσι
973 4503 1134 4570 μόνον
1171 4503 1428 4569 ἐγκαλεῖν
1467 4508 1560 4558 καὶ
1609 4510 1710 4578 τὴν
1738 4513 1858 4565 ἀδι-

280 4597 411 4648 κίαν
441 4594 746 4656 ὀνειδίζειν,
788 4595 923 4663 πρδς
955 4594 1010 4646 δὲ
1040 4595 1167 4656 τοὺς
1202 4597 1496 4664 μεγίστους
1526 4601 1623 4654 καὶ
1647 4603 1733 4655 τὰ·
1765 4607 1864 4675 μέ..

276 4704 450 4756 γιατα
481 4685 823 4753 βλάπτοντας
853 4685 1068 4747 ἑκόντες
1093 4685 1246 4757 ὄντες
1278 4686 1364 4738 διὰ
1395 4687 1454 4739 τὸ
1485 4689 1700 4759 ἀξίωμα
1743 4711 1868 4747 σιω-

279 4784 394 4835 πᾶν
450 4783 545 4833 καὶ
613 4777 748 4847 μηδὲ
800 4777 1025 4847 γρύζειν
1083 4777 1314 4847 τολμᾷν,
1373 4779 1527 4832 οὐδὲν
1585 4782 1867 4855 διοίσομεν

281 4875 492 4944 ἰατρῶν
525 4873 635 4926 τῶν
665 4873 795 4940 περὶ
824 4871 1014 4942 τρίχας
1049 4870 1148 4936 μὲν
1184 4869 1278 4921 καὶ
1319 4871 1518 4940 ὄνυχας
1559 4875 1868 4946 ἠσχολημέ.

275 4989 406 5032 νων,
443 4969 538 5021 καὶ
569 4967 666 5037 τὴν
707 4965 905 5034 τέχνην
935 4965 992 5016 ἐν
1019 4963 1207 5026 αὐτοῖς
1241 4963 1736 5035 ἐπιδεικνυμένων,
1771 4970 1867 5024 ἐὰν

277 5061 340 5114 δέ
368 5078 424 5114 τι
453 5060 669 5128 νόσημα
691 5057 1026 5128 παρεμπέσῃ
1055 5055 1133 5127 τῷ
1159 5055 1283 5128 ζὼῳ
1311 5059 1708 5128 λυμαινόμενον
1739 5064 1867 5132 ὅλῳ,

277 5155 481 5208 τούτου
528 5153 586 5206 δὲ
649 5150 923 5222 μηδεμίαν
983 5151 1247 5219 πρόνοιαν
1310 5157 1691 5222 ποιουμένων,
1751 5155 1869 5208 ἀλλ’

278 5246 610 5318 ἡγουμένων
643 5244 835 5313 ἀρκεῖν
877 5244 992 5310 ετγε
1041 5243 1139 5298 καὶ
1173 5245 1326 5297 αὐτοὶ
1376 5245 1677 5315 καθήμενοι
1727 5248 1864 5317 μετὰ

1975 3318 2158 3362 autem
2213 3307 2400 3362 divino
2454 3321 2682 3363 munere
2735 3323 2844 3362 non
2889 3299 3067 3368 solum
3113 3325 3426 3378 germanam
3453 3313 3555 3367 Ec-

1975 3401 2157 3454 clesize
2187 3399 2498 3454 doctrinam
2528 3400 2789 3467 defendo,
2826 3403 2920 3455 sed
2959 3405 3128 3457 etiam
3158 3405 3413 3472 injuriam
3439 3419 3560 3473 pas-

1977 3493 2055 3546 sis
2110 3493 2467 3562 patrocinari,
2509 3508 2812 3562 eorumque
2847 3497 3074 3549 tutelam
3126 3484 3320 3566 gerere
3358 3497 3556 3561 debeo,

1975 3584 2257 3638 adversari
2332 3595 2388 3639 et
2432 3587 2818 3640 contradicere
2873 3586 2958 3641 his
3013 3603 3120 3642 non
3173 3569 3425 3652 cessabo,
3463 3591 3556 3661 qui

1974 3677 2188 3731 deserta
2232 3679 2511 3746 aequitate,
2568 3678 2691 3747 plus
2743 3678 2915 3732 nimio
2948 3679 3052 3734 sibi
3093 3690 3392 3750 arrogant,
3441 3683 3557 3736 sive

1976 3767 2048 3822 illi
2080 3768 2278 3832 infimi,
2316 3770 2434 3824 sive
2473 3768 2634 3842 154
2661 3771 2864 3824 summi
2911 3772 3125 3825 ordinis
3158 3781 3214 3826 et
3250 3773 3556 3827 beatissimi

1975 3861 2204 3914 iuerint.
2257 3861 2440 3930 Atque
2485 3862 2604 3916 istis
2647 3861 2872 3930 quidem
2903 3862 3316 3928 vehementius,
3349 3875 3556 3932 quanto

1978 3955 2236 4009 videlicet
2274 3970 2466 4010 eorum
2520 3955 2735 4024 injuria:
2782 3957 3038 4025 majores,
3088 3965 3144 4009 et
3179 3957 3432 4024 pluribus
3463 3958 3559 4011 de-

1979 4047 2317 4101 trimentosae
2351 4057 2503 4101 sunt.
2549 4047 2606 4100 Si
2649 4047 2797 4101 enim
2840 4048 3110 4101 obscuros
3173 4049 3561 4117 tantummodo

1975 4149 2028 4194 et
2073 4141 2284 4194 n.o;liee
2331 4139 2626 4208 injuriosos
2658 4140 2714 4194 in
2755 4139 2846 4209 jus
2872 4140 3216 4205 vocabimus,
3247 4150 3303 4194 et
3342 4127 3560 4209 injusii-

1979 4233 2106 4285 tiam
2137 4231 2244 4284 illis
2270 4229 2748 4298 exprobrabimus,
2784 4230 3078 4283 adversum
3105 4227 3349 4286 summos
3373 4245 3555 4284 autem

1977 4306 2190 4377 sumine
2241 4331 2524 4386 nocentes,
2566 4337 2762 4374 eorum
2814 4322 3164 4391 splendorem
3206 4323 3558 4379 dignitatem-

1975 4433 2081 4486 que.
2107 4415 2352 4479 rereriti,
2389 4416 2589 4468 mutire
2618 4411 2725 4468 non
2760 4414 3112 4478 audebimus,
3150 4414 3287 4467 nihil
3314 4431 3343 4466 ιι
3383 4415 3558 4466 rnedi-

1977 4513 2056 4566 cis
2109 4511 2447 4570 diﬂ'eremus.
2495 4506 2589 4577 qui
2632 4507 2686 4560 in
2733 4507 2948 4574 capillis
2979 4515 3036 4559 et
3087 4505 3362 4574 unguibus
3391 4522 3552 4559 occu~

1969 4602 2115 4672 pati,
2155 4617 2306 4654 suam
2359 4599 2431 4653 ibi
2486 4599 2774 4652 scientiam
2814 4605 3115 4651 ostentant.
3159 4598 3282 4650 Sitr
3330 4599 3555 4652 morbus
3622 4666 3630 4679 '

1967 4694 2284 4761 arripuerit,
2314 4692 2408 4759 qui
2443 4700 2617 4743 totum
2645 4688 2853 4742 animal
2880 4688 3098 4758 perdat,
3143 4689 3192 4741 ei
3225 4689 3553 4756 depellerrlo

1967 4783 2105 4837 nihil
2148 4782 2385 4844 faczunt;
2432 4779 2552 4844 sed,
2581 4780 2626 4832 si
2662 4795 2768 4832 una
2800 4792 2926 4832 cum
2963 4777 3089 4830 aliis
3120 4777 3395 4842 sedentes,
3431 4779 3552 4847 ejus

1969 4877 2250 4930 interitum
2282 4872 2577 4941 aspiciant,
2613 4869 2863 4923 sullicere
2896 4870 3265 4923 arbitrantur.
3295 4870 3406 4923 Nec
3437 4885 3546 4922 me-

1967 4967 2229 5021 dioeriter
2271 4963 2462 5025 miror,
2508 4962 2639 5014 dum
2680 4961 2966 5023 recordor,
2993 4960 3225 5029 jussisse
3255 4969 3328 5023 te,
3364 4968 3420 5012 ut
3461 4977 3549 5012 res

1960 5057 2218 5114 Ecclesia:
2264 5069 2483 5116 curem,
2539 5053 2756 5119 illisque
2801 5052 2932 5104 solis
2977 5066 3185 5117 vacem,
3268 5062 3318 5104 te
3348 5067 3447 5123 pro
3485 5052 3547 5104 li-i

1962 5147 2150 5201 bidinc
2204 5143 2495 5211 imperium
2548 5155 2736 5209 regere
2788 5141 2987 5193 sinam.
3021 5140 3212 5195 Simile
3235 5142 3382 5194 enim
3420 5154 3542 5206 est,

1967 5253 2026 5298 ut
2063 5240 2106 5295 si
2137 5252 2337 5308 corpus
2369 5237 2564 5291 anima:
2587 5234 2796 5288 diceret
2827 5253 2840 5287 :
2892 5237 3294 5290 (lormnunione
3325 5247 3381 5290 et
3411 5252 3545 5289 cou—

278 5339 392 5390 τῶν
428 5336 609 5390 ἄλλων
639 5335 1018 5404 ἀπολλύμενον
1070 5335 1266 5404 ὁρῷεν.
1306 5337 1451 5404 Ἐγὼ
1482 5338 1539 5390 δὲ
1589 5341 1680 5391 καὶ
1724 5344 1865 5396 πάνυ

1960 5335 2242 5408 junctione
2286 5341 2375 5385 tua
2413 5344 2524 5384 non
2571 5327 2808 5397 indigeo,
2858 5343 3035 5395 neque
3081 5329 3134 5380 in
3171 5328 3336 5382 rebus
3367 5343 3530 5396 agun-

281 5430 560 5498 θαυμάζω
593 5431 944 5498 μεμνημένος
968 5428 1044 5492 ὡς
1069 5429 1372 5491 ἐκέλευσας
1402 5429 1501 5499 ἐμὲ
1535 5433 1637 5500 μὲν
1666 5432 1735 5486 τὰ
1768 5438 1868 5504 τῆς

292 5525 632 5597 Ἐκκλησίας
688 5523 944 5594 πράττειν
1001 5523 1259 5594 καὶπερὶ
1313 5523 1454 5577 αὐτὰ
1517 5525 1860 5598 ἠσχολῆσοαι

1964 5432 2044 5487 d-is
2097 5426 2477 5483 administram
2547 5431 2602 5476 et
2649 5420 2970 5489 adiutricem
3023 5419 3292 5481 sustineo,
3347 5435 3538 5474 verum

1963 5543 2059 5599 per
2111 5538 2220 5588 me,
2274 5527 2334 5574 ut
2385 5525 2577 5588 potero
2618 5521 2676 5568 et
2721 5512 2967 5576 voluero,
3010 5512 3228 5578 negotia
3262 5526 3385 5566 mea
3416 5529 3540 5581 pro-

1519 5649 1734 5712 Jacobi
1780 5650 2040 5714 Pontani
2078 5653 2263 5709 notae.
2711 5682 2723 5715 ι

355 5751 467 5818 (92)
502 5748 693 5804 Oratio
754 5745 1082 5818 patriarchae
1138 5747 1410 5802 libertatis
1469 5751 1856 5805 ecclesias-dere

281 5821 601 5887 plenissima
649 5817 765 5876 est,
818 5817 1065 5886 rubique
1117 5818 1264 5872 illam
1295 5819 1405 5873 divi
1442 5821 1716 5874 Ambrosii
1757 5822 1854 5872 ιιιΙ-

282 5887 874 5945 \ersus'l'lteodosiuttt
925 5889 1238 5942 liberlatetn
1296 5889 1349 5942 iu
1401 5899 1636 5945 mentem
1701 5908 1854 5944 revo-
1907 5939 1917 5958 ,

1963 5759 2070 5814 cat,
2123 5761 2230 5817 qua
2274 5744 2439 5817 illum
2489 5749 2570 5794 tot
2617 5735 2856 5817 caedibus
2931 5734 3333 5817 innocentium“
3391 5735 3534 5802 apud

1963 5805 2408 5872 Thessalonicam
2442 5809 2900 5868 contaminatum,
2949 5805 3100 5857 aditu
3151 5805 3335 5871 templi
3371 5820 3534 5858 ausus

1966 5899 2049 5945 est
2083 5885 2393 5950 prohibere.
2428 5879 2750 5948 Νἱειιιιιιπ..
2787 5876 2880 5928 lib.
2915 5889 3006 5939 xta,
3031 5891 3148 5944 cap.
3186 5876 3264 5929 il.
