4250 6440
208 412 309 477 341
1373 405 1886 468 ΙΠΞΤΟΒῘΛΠΙΠ

1769 405 1917 466 ωλι
1958 402 2186 465 LIBER
2235 402 2284 461 Ι.
3338 388 3447 453 3ιῖ

206 529 474 599 ἀληθείας
505 529 697 598 αὐτῆς,
729 530 781 581 εί
824 544 875 582 τι
916 529 1009 583 καὶ
1042 524 1362 599 παρεσύρής
1394 528 1643 590 πεισθεὶς
1678 530 1772 580 ἀν·
1807 529 1845 581 Α
1879 533 1884 573 ι

1764 554 1772 563 -
1807 529 1845 581 Α
1879 523 1915 574 ti
1945 519 2377 589 (96):profeetos
2393 532 2525 571 vero
2556 516 2623 569 ad
2657 524 2909 583 nepotem
2936 514 3442 582 episeopos,neque

208 620 456 689 θρώποις
484 619 818 689 διεφθορόσι,
847 621 1071 688 ταχεῖαν
1122 620 1455 688 ποιήσασθαι
1493 619 1593 687 τὴν
1627 619 1775 683 διόρ-
1879 617 1886 668 i

1767 646 1775 658 -
1879 614 2244 684 ipsosaedibus
2265 611 2378 665 suis
2402 611 2592 678 pedem
2612 607 2828 669 eﬂ‘erre,
2845 620 3020 672 neque
3037 606 3101 657 ad
3119 603 3241 655 illos
3257 615 3445 668 quem—

212 688 404 767 θωσιν.
434 710 529 763 καὶ
554 710 626 779 μὴ
653 688 728 778 τῷ
757 709 1238 781 ψεύδεινκατῒτῆς
1270 710 1527 778 ἀληθείας
1558 711 1775 778 ἰσχύσαι
1875 721 1890 758 ‹

1760 727 1775 761 ι
1875 720 2040 773 quam
2087 703 2378 757 ventitare.
2421 700 2586 754 Facta
2633 696 2699 749 ad
2754 696 2882 769 ejus
2913 692 3200 746 arbitrium
3233 688 3438 742 omnia.

209 798 399 853 603w:
424 803 598 869 ῥοπήν
635 800 892 878 ⁴Τοιαῦτα
924 800 1022 868 μὲν
1046 803 1075 853 6
1108 803 1457 871 πατριάρχης
1490 801 1777 870 μεμήνυκε
1880 801 1887 853 l

1763 817 1777 852 ε
1880 800 2083 853 Diebus
2127 795 2442 865 quindecim
2478 808 2508 845 a
2536 805 2757 846 recessu
2790 790 3095 856 legatorum
3127 780 3441 838 transactis.

214 890 353 959 πρὸς
387 876 638 959 βασιλέα,
676 893 943 959 μηνυταῖς
976 892 1323 961 χρησάμενος
1370 889 1446 959 τῷ
1472 907 1531 942 τε
1576 906 1776 963 χαρτο-
1879 908 1892 944 ι

1768 918 1776 930 -
1879 906 2002 945 cum
2036 904 2215 957 neque
2248 888 2316 941 ab
2353 900 2479 947 avo,
2519 898 2703 952 neque
2728 897 2756 934 a
2787 876 3094 948 patriarcha
3125 885 3446 942 responsum

214 981 423 1049 φύλακι
455 982 745 1052 Γρηγορίῳ
771 981 850 1051 τῷ
911 983 1185 1053 Romam.
1218 983 1316 1034 καὶ
1351 981 1429 1051 τῷ
1460 980 1571 1033 τῶν
1616 965 1780 1049 μονα-
1880 996 1892 1034 :

1774 1008 1780 1020 ι
1880 980 2204 1053 aﬂerretur.‘
2233 976 2367 1030 nihil
2417 975 2547 1029 boni
2605 988 2669 1027 ex
2724 971 2828 1024 hoc
2878 967 3098 1023 silentio
3146 964 3452 1032 conjicieus

215 1073 458 1142 στηρῐων
514 1075 736 1143 ἄρχοντι
784 1074 864 1139 τῷ
924 1072 1272 1145 Κυδεριὼτῃ.
1330 1072 1598 1135 Ἀκούσας
1641 1073 1699 1126 δὲ
1750 1073 1780 1123 6
1876 1072 1893 1142 j

1764 1073 1780 1123 5
1876 1071 2097 1142 junior,
2152 1083 2277 1123 cum
2322 1081 2520 1136 magno
2579 1062 2881 1117 domestico
2938 1067 2992 1113 et
3050 1065 3442 1140 protostratore

218 1136 497 1231 βασιλεὺς.
725 1181 785 1217 τε
820 1136 1028 1232 ἐλήφθη
1069 1136 1251 1215 οὐκέτι
1319 1163 1655 1231 ἀνασχετῶς,
1687 1164 1781 1216 καὶ

1771 1179 1781 1215 ι
1876 1136 2013 1231 quid
2062 1160 2332 1229 agendum
2374 1167 2559 1221 esset,
2593 1154 3048 1209 deliberationem
3076 1136 3335 1202 instituit.
3373 1144 3449 1198 lbi

216 1254 558 1323 προσέταξεν
577 1254 736 1315 εὐθὺς
765 1251 892 1315 τοὺς
921 1254 1020 1322 μὲν
1046 1255 1392 1323 μηνύσαντας
1416 1254 1540 1315 τοὺς
1587 1253 1781 1320 λόγους
1885 1269 1894 1305 ι

1776 1272 1781 1313 τ
1885 1266 2117 1321 magnus
2159 1250 2517 1313 domesticus,
2555 1263 2663 1302 non
2692 1247 2834 1300 ultra
2863 1243 3189 1304 sedendum,
3222 1239 3316 1293 sed
3343 1253 3454 1291 ma-

215 1346 299 1407 εῖς
352 1344 735 1413 δεσμωτήριον
796 1344 1181 1415 ἐμϐληθῆναν
1239 1344 1530 1414 Μακάριον
1578 1344 1636 1396 δὲ
1691 1346 1784 1398 τὸν
1886 1358 1893 1393 1

1774 1363 1784 1394 ι
1886 1356 1989 1393 nus
2026 1341 2179 1409 operi
2228 1338 2643 1403 admoliendas;
2692 1338 2829 1390 nihil
2880 1336 3026 1390 enim
3076 1342 3285 1387 restare
3340 1347 3452 1385 am-

220 1431 629 1501 μητροπολίτην
668 1431 887 1502 Σερρὦ
920 1434 980 1485 ὲν
1011 1433 1121 1491 τοῖς
1152 1431 1448 1500 βασιλείοις
1500 1432 1591 1484 καὶ.
1624 1432 1786 1485 αὑτὸν
1888 1447 1898 1500 ι

1774 1449 1786 1483 ρ
1888 1432 2052 1500 plius,
2098 1445 2207 1499 quo
2256 1430 2325 1483 ab
2373 1430 2505 1498 ipsis
2551 1429 2815 1496 prazstito,
2870 1426 3074 1478 bellum
3135 1424 3452 1492 quieturum

218 1523 325 1575 ὑπὸ
390 1524 607 1593 φρουρᾷ
644 1518 808 1580 εἶναι.
859 1524 965 1576 Τὸν
1023 1523 1209 1593 μέντοι
1259 1527 1637 1595 πατριάρχην,
1690 1523 1786 1577 τοῦ
1889 1538 1896 1575 ι

1777 1523 1786 1574 i
1889 1536 2016 1591 spes
2066 1521 2160 1575 sit.
2200 1519 2334 1574 Nam
2364 1529 2419 1574 et
2457 1527 2674 1588 tempus
2700 1533 2810 1584 quo
2838 1517 2926 1570 hic
2955 1522 3323 1573 morarentur.
3356 1514 3455 1564 im—

220 1612 623 1682 πατριαρχείου
652 1612 1008 1681 εκδληθόντα.
1047 1614 1106 1665 ὲν
1132 1615 1197 1682 τῇ
1241 1615 1377 1682 μονῇ
1422 1613 1530 1665 τῶν
1560 1612 1785 1679 Μαγκά-
1890 1630 1898 1683 ι

1784 1646 1785 1649 η
1890 1621 2201 1683 peratorem
2242 1627 2404 1666 avum
2449 1612 2751 1679 rogitantes
2776 1650 2789 1674 ,
2844 1624 3015 1676 usque
3052 1622 3119 1660 eo
3160 1606 3462 1660 terminum

220 1723 329 1760 νων
362 1708 628 1776 ἀπρόῖτον
669 1708 878 1774 μένειν.
922 1706 1063 1768 Τοὺς
1098 1705 1155 1758 δὲ
1185 1704 1322 1776 πρὸς
1353 1704 1445 1758 τὸν
1478 1704 1603 1758 νέον
1640 1703 1793 1774 βασι·
1893 1725 1898 1753 ι

1783 1731 1793 1744 -
1893 1702 2215 1765 excessisse,
2256 1710 2317 1755 ut
2345 1702 2456 1765 jam
2490 1700 2706 1768 longior
2735 1697 3071 1765 exspectatio
3102 1709 3210 1748 non
3239 1706 3461 1761 magna-

221 1796 320 1851 ἦα
347 1798 833 1869 παραγενομένους
867 1796 1186 1867 ἀρχιερέας,
1220 1795 1346 1866 μήτ’
1385 1795 1581 1858 αὐτοὺς
1605 1795 1792 1865 προῖέ-
1819 1839 1862 1893 Β
1896 1810 1899 1817 ‘

1782 1825 1792 1836 -
1819 1839 1862 1893 Β
1896 1793 2133 1847 nimitati
2169 1808 2233 1847 ac
2266 1792 2590 1852 tolerantiae.
2623 1790 2783 1860 156
2806 1789 2899 1843 sed
2932 1783 3368 1852 consternationi
3397 1783 3460 1872 in

222 1909 311 1945 ναι
340 1892 454 1943 τῶν
490 1890 678 1944 οίκιῶν
708 1889 914 1953 αὐτῶν,
966 1888 1095 1960 μήθ’
1136 1888 1357 1956 ἑτάρους
1402 1887 1532 1958 παρ’
1589 1888 1790 1950 αὐτοὺς
1820 1876 1862 1893 ”
1892 1902 1900 1939 ι

1820 1876 1862 1893 ’³
1892 1888 2057 1941 rebus
2105 1884 2312 1947 arduis,
2358 1895 2414 1939 et
2462 1882 2690 1955 ignavia:
2732 1882 2929 1934 merito
2964 1878 3254 1934 tribuenda
3282 1876 3468 1930 videa-

224 1984 442 2053 φοιτᾷν.
480 1981 666 2035 Ταῦτα
724 1979 823 2048 μὶν
880 1974 974 2031 οὖν
1020 1972 1055 2052 ᾖ
1114 1976 1452 2048 προσέταξεν
1490 1976 1709 2045 ἐγένετο
1764 1980 1793 2029 6
1894 1988 1902 2031 1

1894 1988 1984 2032 tur
2024 1995 2040 2046 ;
2089 1986 2144 2031 et
2188 1990 2382 2031 omnes
2432 1974 2594 2028 oilicii
2649 1982 2831 2041 partes
2881 1987 3009 2040 erga
3038 1971 3190 2024 illum
3218 1968 3470 2037 expletas

226 2073 510 2144 βασιλεύς.
543 2072 699 2128 Μετά
727 2070 785 2124 δὲ
833 2069 935 2144 τὴν
987 2071 1052 2121 ὲκ
1088 2067 1185 2121 τοῦ
1222 2069 1344 2121 νέου
1386 2066 1649 2137 βασιλέως
1684 2066 1793 2119 τῶν
1892 2087 1904 2122 ι

1786 2083 1793 2114 ι
1892 2082 2034 2133 esse,
2080 2083 2205 2124 cum
2254 2076 2311 2133 et
2356 2073 2515 2121 antea
2571 2064 2733 2118 toties
2784 2077 2881 2131 per
2923 2062 3148 2130 legatos,
3202 2068 3261 2112 ut
3290 2058 3464 2128 pactis

228 2147 519 2235 πρέσϐεων
551 2161 924 2232 ἀναχωρήσιν,
961 2160 1123 2215 πέντε
1152 2160 1289 2229 πρὸς
1321 2162 1443 2223 ταῖς
1488 2158 1619 2213 δίκα
1662 2160 1797 2230 ὴμε-
1895 2177 1906 2213 ι

1786 2188 1797 2199 -
1895 2162 2182 2214 conventis
2230 2167 2442 2220 staret,
2490 2156 2559 2209 ab
2606 2170 2675 2209 eo
2714 2153 2991 2223 petiverit,
3062 2162 3119 2205 et
3161 2166 3305 2204 nunc
3339 2164 3464 2202 cum

230 2256 343 2326 ρῶν
373 2254 769 2324 διηνυσμένων,
814 2252 937 2306 ἐπεὶ
984 2252 1122 2321 μήτε
1170 2251 1324 2322 παρὰ
1370 2251 1640 2321 βασ;λέως
1700 2249 1793 2305 τοῦ
1897 2251 1908 2305 i

1789 2250 1793 2297 ἱ
1897 2251 1966 2305 iis
2005 2250 2296 2319 qui,illinc
2343 2254 2613 2303 venerant
2657 2245 2874 2315 legatis,
2909 2258 3253 2313 quascunque
3289 2240 3467 2310 potuit

229 2333 824 2416 πρεσϐυτέρου,’μήτε
869 2341 967 2396 τοῦ
1024 2343 1366 2415 πατριάρχου
1410 2343 1675 2412 ἀπολογία
1712 2360 1798 2407 τις
1898 2364 1907 2399 ι

1785 2360 1798 2407 ;
1898 2346 2170 2415 quispiam
2222 2343 2372 2414 pacis
2423 2343 2659 2412 cupidus
2688 2350 2744 2396 et
2778 2341 2869 2394 hic
2897 2354 3081 2395 coram
3124 2338 3340 2391 locutus
3373 2336 3463 2394 sit.

230 2438 466 2505 ἀφίκετο
502 2434 637 2507 πρὸς
674 2433 861 2508 αὐτὸν,
887 2434 989 2487 οὐκ
1026 2434 1112 2487 ἐπ’
1138 2433 1332 2504 ἀγαθῷ
1365 2433 1798 2505 τεκμαιρόμενος
1898 2455 1908 2490 ι

1794 2453 1798 2493 :
1898 2447 1954 2492 et
2015 2452 2112 2505 per
2160 2435 2382 2490 eosdem
2436 2450 2560 2489 cum
2614 2435 2732 2501 ipso
2779 2430 2960 2484 adhuc
3006 2429 3201 2499 egerit.
3229 2428 3472 2497 Tempus

229 2526 374 2583 εἶναι
419 2529 518 2598 τὴν
556 2528 736 2596 σιγὴν,
771 2527 889 2598 ἀμα
945 2526 1022 2596 τῷ
1069 2528 1293 2599 μεγάλῳ
1333 2527 1643 2599 δομεστίκῳ
1702 2528 1801 2582 καὶ
1900 2547 1907 2578 ι

1794 2565 1801 2578 .
1900 2528 2144 2596 elapsum
2191 2533 2312 2592 post
2346 2524 2565 2579 illorum
2595 2523 2923 2585 discessum,
2954 2519 3381 2589 atﬁcapie‘ndum
3415 2519 3472 2571 in

232 2621 685 2693 πρωτοστράτορι
718 2620 1071 2675 ἐϐουλεύοντο
1121 2622 1176 2673 τί
1229 2621 1339 2675 δέοι
1392 2624 1584 2677 ποιεῖν.
1632 2618 1801 2675 Εἶπεν
1904 2615 1910 2668 1

1795 2640 1801 2667 ι
1904 2615 2009 2669 hoc
2049 2614 2270 2684 negotio
2316 2612 2632 2676 consilium,
2674 2610 3021 2677 dandamque
3059 2606 3473 2677 responsionem

154 2771 157 2774 γ
232 2709 326 2766 οὖν
362 2713 395 2764 6
427 2712 601 2779 μέγας
650 2710 996 2779 δομίστικος,
1052 2710 1252 2764 Οὐκέτι
1296 2710 1437 2773 δῖον,
1469 2705 1515 2764 ὦ
1558 2710 1800 2780 βασιλεῦ,

1796 2754 1800 2771 ,
1905 2706 1989 2769 (si
2024 2707 2157 2777 quid
2205 2704 2549 2759 moderatum
2604 2703 2888 2773 cogitaret)
2924 2700 3174 2756 suﬂieere
3207 2699 3474 2769 potuisse.

232 2802 556 2873 ἀπράκτους
584 2800 887 2870 καθῆσθαι,
914 2801 1033 2855 ἀλλ’
1058 2802 1226 2873 ἔργου
1254 2802 1496 2873 ἔχεσθαι.
1525 2803 1661 2856 Οὐδὲ
1697 2804 1804 2874 γάρ
1906 2803 1910 2849 ἲ

1800 2827 1804 2851 μ
1906 2797 2011 2853 Sed
2061 2806 2209 2851 tanto
2254 2795 2543 2850 intervallo
2589 2803 2808 2855 tacere,
2847 2798 3173 2859 argumento
3205 2804 3325 2843 esse
3359 2804 3478 2841 ma-

235 2893 314 2948 ἔτι
354 2896 505 2958 τινδς
562 2894 754 2961 ινδεῖν,
785 2894 813 2947 6
851 2895 1167 2965 πράξαντας
1217 2895 1373 2958 ὲλπὶς
1417 2897 1508 2949 τὸν
1567 2897 1805 2967 πόλεμον
1906 2905 1913 2942 l

1906 2889 2142 2951 nifesto,
2194 2902 2383 2958 pacem
2438 2884 2743 2955 repudiari,
2778 2883 2999 2947 gbellum
3046 2889 3297 2949 apertum
3328 2878 3487 2948 cogio

238 2983 566 3039 καταλῦσαι.
596 2985 664 3039 Ὅ
694 3001 752 3038 τε
787 2984 897 3055 γὰρ
945 2985 1137 3054 χρόνος
1180 2984 1240 3038 δν
1291 2986 1527 3040 ἐνταῦθα
1566 2989 1810 3059 καθήμεο
1910 2993 1916 3035 1

1802 3013 1810 3028 ι
1910 2982 2012 3037 tari
2062 3000 2075 3036 :
2119 2980 2173 3035 id
2214 2978 2361 3048 quod
2393 2979 2557 3033 etiam
2611 2993 2677 3030 ex
2731 2991 2789 3030 re
2842 2976 2960 3044 ipsa
3012 2990 3119 3026 non
3158 2973 3322 3026 dubia
3346 2987 3480 3026 con-

238 3093 317 3129 νοι
350 3074 586 3144 δεόμεθα
620 3074 905 3145 βασιλέως,
954 3075 1209 3130 τοσοῦτον
1242 3078 1560 3148 ὕπερήλασε
1610 3080 1705 3133 καὶ
1748 3080 1810 3133 τὸ
1906 3072 1916 3141 j

1806 3105 1810 3128 ι
1906 3072 2117 3141 jectura
2171 3069 2443 3140 quispiam
2501 3076 2846 3136 assequatur.
2909 3064 3011 3131 Qui
3062 3064 3209 3118 enim
3270 3072 3484 3117 tantum

237 3168 381 3231 δέον,
411 3166 539 3221 ὥστ’
572 3167 672 3238 ήδη
704 3167 764 3219 οὐ
799 3168 1172 3238 μεγαλοψυχία
1203 3173 1298 3225 καὶ
1325 3173 1599 3241 καρτερία
1630 3172 1811 3242 ὴὲπι-
1838 3164 1881 3223 ε

1802 3164 1881 3223 .C
1915 3160 2177 3227 temporis
2213 3159 2267 3212 in
2308 3167 2572 3228 apparatu
2626 3156 2843 3210 militari
2884 3154 3327 3222 consumpserit,
3370 3163 3480 3208 tam

238 3260 405 3312 πλιον
442 3258 775 3328 παράτασις,
806 3259 925 3312 ἀλλ’
955 3259 1218 3332 ἔκπληξις
1248 3262 1384 3329 πρὸς
1423 3267 1491 3317 τὰ
1534 3262 1683 3318 δεινά
1714 3265 1811 3318 καὶ
1913 3269 1916 3306 ἒ

1802 3282 1811 3318 ι
1913 3252 2116 3316 multos
2151 3266 2213 3305 ea
2248 3250 2425 3321 gratia
2472 3250 2528 3303 in
2567 3249 2910 3303 occidentem
2939 3249 3224 3314 emiserit,
3259 3256 3320 3303 ut
3354 3264 3480 3303 cum

239 3350 474 3421 ἀτολμία
521 3349 674 3415 δόξαι
713 3350 778 3404 ἄν
832 3366 941 3403 τισι
987 3351 1217 3415 δικαίως
1245 3366 1259 3380 ·
1297 3352 1434 3423 πρός
1471 3371 1531 3407 τε
1581 3354 1811 3425 βασιλέα
1912 3356 1917 3367 ’

1805 3376 1811 3410 ι
1912 3340 2174 3404 venisset,
2220 3340 2404 3395 omnia
2457 3338 2667 3393 affatim
2718 3339 3173 3408 suppeditarent,
3219 3354 3345 3408 spes
3378 3338 3483 3393 sibi

240 3443 400 3496 οὐδὲν
426 3443 453 3494 ὃ
480 3460 532 3495 τι
558 3441 966 3512 παραλέλοιπας
1004 3444 1111 3495 τῶν
1142 3443 1391 3497 δεόντων.
1412 3446 1570 3500 Ἀλλά
1612 3449 1813 3517 πρότε-
1916 3433 1918 3484 Ῠ

1808 3476 1813 3493 ,
1916 3430 2042 3485 inde
2086 3430 2315 3500 injectas
2364 3429 2508 3482 haud
2545 3429 2703 3483 facile
2748 3428 3144 3497 proiecturum.
3172 3428 3354 3495 Quare
3384 3444 3486 3484 nec

243 3534 337 3604 96v
367 3551 429 3587 τε
484 3534 747 3597 πολλάκις
795 3535 1155 3605 ἐπρεσϐεύσω
1187 3536 1323 3606 πρὸς
1360 3539 1524 3590 αὑτὸν
1553 3540 1810 3610 δεόμενος
1912 3523 1921 3577 ί

1805 3561 1810 3601 ς
1912 3522 2050 3590 ipsis
2090 3521 2293 3575 bonum
2331 3531 2547 3589 tempus
2579 3520 2741 3575 inerti
2776 3520 2889 3574 otio
2922 3521 3357 3591 transigendum,
3389 3523 3483 3577 sed

243 3626 317 3696 μὴ
347 3623 654 3678 καταλῦσαι
682 3625 794 3695 τὴν
820 3626 1068 3697 εἰρήνην,
1101 3628 1195 3679 καὶ
1227 3626 1323 3680 νῦν
1353 3629 1490 3697 πρὸς
1514 3631 1643 3693 τοὺς
1669 3634 1813 3687 ἐκεῖ·
1913 3627 1921 3680 1

1805 3661 1813 3671 ,
1913 3613 2168 3680 pacejam
2186 3612 2491 3681 desperata,
2515 3611 2580 3665 ad
2600 3610 3023 3678 propulsandam
3046 3613 3483 3667 adversariorum

242 3717 335 3770 θεν
363 3717 700 3785 ἀφιγμένους
734 3718 992 3785 πρέσϐεις
1027 3718 1125 3769 ὅσα
1159 3715 1224 3787 ἦν
1278 3720 1676 3790 ἐπιθυμοῦντος
1714 3722 1812 3792 τὴν
1913 3720 1920 3731 “

1811 3750 1812 3759 χ
1913 3703 2026 3756 vim
2064 3704 2307 3772 undique
2344 3703 2591 3757 subsidia
2614 3703 3010 3771 comparanda.
3049 3704 3346 3773 Excipiens
3378 3721 3489 3759 ma-

240 3808 494 3877 είρήνην,
527 3805 761 3860 ενταῦθα
809 3824 868 3860 τε
901 3803 1082 3869 εἶπας.
1114 3808 1210 3861 καὶ
1263 3810 1398 3876 πρὸς
1449 3812 1656 3865 ἐκεῖνον
1705 3812 1814 3866 διε·
1915 3820 1918 3860 i

1915 3810 2081 3867 gnum
2149 3796 2512 3849 domesticum
2582 3803 2944 3863 protostrator
2993 3796 3183 3850 eadem
3238 3796 3492 3851 hortatus

241 3895 594 3965 πρεσϐεύσω.
641 3896 709 3950 '0
740 3914 800 3949 τε
862 3898 1148 3964 παρελθὼν
1181 3900 1370 3969 χρόνος
1414 3905 1553 3971 μετά
1595 3903 1658 3955 τὺ
1687 3905 1814 3969 τοὺς
1913 3911 1919 3938 ⁴

1811 3923 1814 3933 .
1913 3898 2017 3943 est.
2081 3885 2160 3951 Si,
2215 3886 2428 3954 inquit,
2476 3888 2863 3955 imperatorem
2916 3898 3107 3943 contra
3158 3905 3260 3943 nos
3284 3890 3489 3944 bellqu

243 3989 508 4057 πρέσϐεις
568 3987 819 4041 ἐντεῦθεν
851 3989 1132 4054 ἀπελθεῖν,
1188 3991 1376 4054 ίκανὸς
1431 3994 1524 4046 καὶ
1558 3996 1690 4064 περὶ
1718 3996 1813 4050 τοῦ
1914 3998 1921 4052 ]

1810 4021 1813 4044 ,
1914 3980 2128 4052 pridem
2177 3979 2588 4041 machinatum,
2630 3987 2687 4031 et
2732 3979 2977 4047 undique
3025 3982 3214 4049 c0pias
3264 3982 3317 4036 in
3357 3984 3488 4038 illud

242 4080 577 4148 πράγματος
634 4076 856 4148 βασιλέα
908 4080 1307 4149 διασκέψασθαι
1368 4085 1462 4138 καὶ
1511 4085 1815 4155 ἀπολογίαν
1916 4098 1920 4119 ⁴

1916 4072 2244 4128 contrahere
2276 4071 2676 4142 ignoraremus,
2701 4071 3264 4142 circumspiciendum
3299 4075 3494 4131 fuisset

242 4171 451 4234 δοῦναι,
476 4171 530 4222 et
554 4187 608 4222 τι
640 4170 1007 4239 μετριώτερον
1026 4172 1299 4226 διενοεῖτο,
1320 4174 1393 4237 Te
1419 4174 1463 4226 δ’
1492 4177 1551 4228 ὲν
1573 4177 1817 4250 τοσούτῳ
1917 4164 2228 4234 diligenter,
2286 4178 2356 4217 ne
2406 4165 2522 4232 ipso
2570 4177 2760 4247 pacem
2807 4170 3150 4233 capeSsente,
3201 4182 3302 4221 nos
3322 4168 3491 4223 stulte

244 4260 425 4330 χρόνῳ
465 4261 617 4331 παρά
665 4260 930 4329 βασιλέως
977 4263 1101 4314 τινά
1148 4263 1453 4331 ἀπολογίαν
1506 4267 1582 4334 μὴ
1615 4267 1815 4337 ἐλθεῖν,
1920 4256 1922 4308 λ

1920 4255 2121 4311 bellum
2170 4254 2597 4323 inceptaremus.
2641 4254 2746 4309 Sed
2804 4257 3063 4324 quoniam
3116 4258 3289 4314 multa
3328 4260 3493 4316 nobis

244 4352 551 4421 τεκμήριον
581 4352 811 4421 ἐναργὲς
856 4351 950 4404 τοῦ
983 4351 1057 4421 μὴ
1084 4353 1484 4422 προσδέξασθαι
1514 4356 1615 4426 τὴν
1657 4361 1814 4431 είρή-
1918 4347 1922 4399 Ῑ

1918 4342 2467 4425 ιὶιιυίᾱιιιηηίειοὶιιῆι.
2513 4361 2618 4401 nec
2673 4346 2905 4415 ipsemet
2947 4348 3177 4403 inﬁciari
3217 4352 3411 4419 possit,
3441 4369 3499 4409 se

246 4460 368 4513 νην,
402 4445 540 4496 ἀλλά
579 4444 713 4513 πρὸς
755 4445 845 4497 τὸν
880 4444 1114 4513 πόλεμον
1157 4446 1262 4516 ἤδη
1293 4448 1546 4518 φανερῶς
1577 4455 1814 4522 χωρεῖν.
1850 4490 1896 4522 η

1850 4490 1896 4522 ἢ
1926 4437 2098 4491 armis
2156 4438 2277 4491 istis
2328 4450 2551 4490 causam
2608 4446 2665 4491 et
2707 4445 2873 4506 caput
2919 4453 3067 4505 esse,
3118 4456 3216 4494 nos
3276 4458 3500 4510 quoque

248 4536 364 4589 Καὶ
390 4533 551 4586 τοῦτο
573 4535 639 4588 ἀν
664 4552 747 4598 τις
779 4537 874 4588 καὶ
898 4535 956 4599 ἐξ
983 4534 1149 4587 αὑτοῦ
1182 4536 1275 4589 τοῦ
1329 4538 1653 4608 πράγματος
1690 4559 1818 4598 στο-
1849 4528 1895 4546 υ

1849 4528 1895 4546 ν
1928 4528 2293 4598 undecunque
2339 4528 2547 4582 utilitas
2588 4528 2770 4598 aliqua
2810 4529 3099 4593 aﬂulserit,
3143 4549 3205 4586 ea
3242 4537 3322 4589 uti
3366 4551 3498 4589 con-

251 4626 486 4693 χάσαιτο
547 4627 831 4693 ἀσφαλῶς.
877 4625 933 4681 '0
981 4629 1090 4695 γὰρ
1123 4630 1181 4679 ὲν
1230 4629 1473 4699 τοσούτῳ
1527 4634 1704 4704 χρόνῳ
1756 4638 1825 4689 τὰ
1928 4641 1929 4647 “

1822 4656 1825 4688 ι
1928 4622 2100 4677 venit.
2142 4621 2252 4690 Ipsi
2297 4636 2518 4691 quoque
2568 4622 2894 4689 imperatori
2934 4623 3139 4689 juniori
3187 4627 3256 4680 de
3303 4639 3500 4685 caetero

251 4718 393 4787 πρὸς
434 4717 528 4771 τὸν
564 4719 804 4785 πόλεμον
854 4719 1278 4790 ἐξαρτυόμενος,
1324 4722 1418 4774 καὶ
1448 4723 1740 4789 τοσούτους
1769 4727 1826 4790 ἐς

1820 4744 1826 4787 ;
1930 4729 2042 4769 non
2073 4712 2462 4795 cunctandum,
2514 4711 2609 4795 sed
2637 4727 2667 4766 e
2700 4712 2817 4765 ’σεο
2848 4715 3163 4767 abeundum
3190 4717 3498 4785 videbatur,

252 4785 389 4864 αθτὺ
420 4802 578 4864 τοῦτο
614 4814 754 4879 πρὸς
774 4810 873 4879 τὴν
896 4785 1139 4879 ἑσπέραν
1178 4811 1470 4881 ἐκπέμψας
1502 4813 1577 4875 ὡς
1634 4815 1699 4869 ἂν

1821 4838 1835 4887 ι
1932 4786 2186 4875 belloque
2214 4805 2456 4875 gerendo
2486 4785 2878 4857 insistendum.
2910 4804 3261 4861 Admonebat
3295 4818 3499 4876 tamen,

254 4903 496 4974 χρῆσθαι
529 4903 743 4975 μεγάλῃ
771 4905 1095 4974 παρασκευῇ
1143 4904 1279 4974 πρὸς
1318 4904 1484 4956 αὑτὸν
1530 4912 1830 4975 καταστὰς,

1826 4950 1830 4968 ,
1935 4914 2086 4969 spem
2114 4900 2265 4967 pacis
2298 4911 2406 4950 non
2444 4895 2695 4949 funditus
2724 4896 3112 4966 ahjiciendam,
3145 4901 3240 4954 sed
3275 4902 3377 4971 ipsi
3410 4920 3504 4972 per

253 4998 354 5048 οὐκ
384 4994 451 5047 ἂν
492 4994 692 5064 ῥᾳδίως
720 4998 817 5056 τὰς
870 4994 1086 5047 ἐκεῖθεν
1138 4994 1375 5064 πρόηται
1426 4996 1670 5059 ἐλπίδας.
1728 5000 1820 5052 Δι’)

1939 5000 2136 5054 semet,
2189 5005 2313 5044 eum
2374 4990 2695 5059 Byzantium
2741 4991 3144 5057 pervenissent,
3197 5009 3317 5048 eam
3356 5005 3505 5063 pete-

254 5086 379 5140 οὐδὲ
410 5086 557 5156 ἡμᾶς
586 5086 904 5156 ἀπράκτους
942 5085 1024 5138 δεῖ
1047 5086 1339 5157 καθῆσθαι,
1377 5086 1512 5141 ἀλλά
1547 5089 1826 5159 πανταχό-

1825 5114 1826 5117 η
1937 5093 2079 5139 rent.
2114 5085 2192 5138 Ac
2221 5083 2489 5153 siquidem
2525 5096 2620 5135 eos
2650 5082 2870 5135 reveriti
2899 5082 3197 5137 adversarii
3231 5088 3299 5140 ab
3335 5091 3503 5144 armis

257 5185 352 5235 θεν
399 5179 788 5247 ἀπεγνωκότας
815 5178 914 5247 τὴν
965 5179 1208 5248 είρήνην,
1244 5179 1381 5249 πρὸς
1414 5179 1478 5231 τὸ
1527 5180 1833 5251 ἀμύνεσθαι

1822 5198 1833 5233 ι
1938 5175 2307 5237 discederent,
2340 5172 2622 5226 inventum
2657 5187 2778 5226 esse
2811 5174 2957 5241 quod
2992 5176 3383 5243 quaerebatur:
3419 5181 3500 5234 sin

260 5272 783 5346 παρασκευάζεσθαι
830 5273 956 5335 τοὺς
1004 5270 1282 5335 ἐπιόντας.
1322 5250 1578 5325 Τοιαῦτα
1608 5272 1702 5325 τοῦ
1738 5290 1835 5343 με-

1826 5304 1835 5317 .
1939 5270 2122 5323 minus
2154 5266 2376 5347 ,_testati
2405 5264 2576 5318 Deum
2615 5262 2873 5341 ipsosque
2911 5264 3225 5335 Byzantios,
3262 5283 3321 5323 se
3339 5250 3504 5325 enixe

1490 5386 1709 5449 Jacobi
1746 5381 2012 5449 Pontani
2051 5390 2236 5443 uota).

262 5521 474 5577 dixisse
522 5517 804 5599 omnibus.
839 5516 932 5587 qui
956 5515 1202 5597 iunioris
1227 5514 1578 5597 imperatoris
1624 5528 1827 5568 nomen
1932 5510 2000 5565 de
2027 5507 2363 5633 gatriarcha.
2399 5498 2402 5502 Α

267 5597 537 5633 mnmuL
564 5602 630 5633 ac
658 5588 904 5633 debitum
953 5596 1273 5633 imperatori
1328 5586 1595 5633 honorem
1626 5584 1830 5633 habere
2005 5582 2020 5633 (
2069 5581 2119 5633 ll
2153 5578 2402 5633 luterore

267 5597 539 5653 tacerent,
564 5602 630 5642 ac
658 5577 904 5643 debitum
953 5577 1273 5654 imperatori
1306 5577 1595 5643 'honorem
1626 5584 1830 5637 habere
1944 5649 1971 5654 _
2005 5577 2119 5649 (95)
2153 5578 2429 5646 luterpres
2470 5579 2601 5654 legit
2651 5578 2974 5654 ἀπρόσιτον.
3026 5578 3119 5634 sed
3158 5577 3249 5654 hic
3271 5587 3327 5632 et
3351 5580 3508 5654 apud

260 5648 615 5714 recusarent.
649 5648 1160 5711 Excommunicasse
1198 5656 1362 5710 etiam
1412 5654 1659 5708 adversae
1702 5668 1831 5721 par-
1933 5648 2227 5717 Gregoram
2256 5648 2647 5721 σοιςαπρόῖτον,
2682 5649 2740 5705 id
2762 5658 2869 5713 est,
2901 5648 3387 5720 [oras'prodeundi
3430 5649 3503 5704 li-

267 5732 339 5785 tis
386 5728 723 5788 sacerdotes,
754 5741 784 5779 a
812 5725 1016 5795 quibus
1041 5725 1280 5795 vicissim
1312 5739 1440 5795 cum
1472 5718 1717 5795 factione
1732 5738 1830 5775 sua
1933 5726 2171 5774 centiam
2196 5732 2303 5773 non
2335 5718 2657 5777 habentem.

268 5797 783 5854 exeatnmunicstus
823 5794 917 5850 sit.
948 5794 1157 5849 Ibidem
1204 5794 1548 5865 querimonia
1595 5794 1835 5848 senioris
