4250 6440
788 401 891 460 347

1945 407 2262 467 JOANNIS
2294 408 2822 473 CANTACL’ZENI
2856 483 2862 490 _

3905 372 4010 488 ars

789 515 904 580 ipse
945 522 1104 584 caput
1137 516 1446 571 devoraret.
1502 517 1585 570 Ad
1623 519 1725 574 hoc
1764 520 1989 574 verbum
2039 523 2334 578 subridens
2364 523 2400 581 Δ

2401 524 2602 581 ιαύτοῦ
2671 528 2828 580 πόλιν
2895 529 3200 597 περιποιεῖν
3269 528 3446 598 ἐαυτῷ
3495 529 3848 592 ἐξαπατῶντα
3913 532 4009 582 καὶ

787 601 880 654 ille
912 619 926 656 :
955 604 1141 672 Atqui,
1171 603 1370 669 Marce,
1401 607 1599 673 inquit.
1631 622 1740 660 non
1781 617 1865 662 est
1898 618 1957 662 ut
1991 611 2095 665 hoc
2128 614 2330 680 possit.-

787 690 920 745 Nam
952 693 1108 747 vivus
1132 710 1311 748 meum
1347 696 1516 764 ipsius
1540 707 1704 764 caput
1727 698 1990 754 devorare
2023 716 2262 768 nequeo,
2284 711 2342 757 et

788 787 1040 833 mortuus
1091 783 1263 835 multo
1320 785 1497 836 minus
1549 785 1802 852 q'uivero,
1851 798 1914 841 ut
1966 797 2016 842 te
2067 790 2340 854 utrimque

787 870 1076 921 mentitum
1113 880 1394 938 appareat.
1421 873 1497 927 Ac
1530 875 1713 927 Marco
1740 876 1964 943 quidem
2000 877 2192 933 ludens
2215 880 2337 932 talia

787 959 1104 1024 respondit:
1140 961 1360 1014 Marulae
1418 973 1600 1015 autem
1655 980 1755 1018 suo
1797 966 2019 1020 neruine
2063 983 2166 1022 avo
2225 969 2340 1024 haec

786 1048 1069 1102 referenda
1124 1049 1316 1103 dedit:
1346 1051 1498 1104 Scire
1533 1052 1702 1106 Deum
1751 1039 1952 1123 ipsum,
1985 1058 2126 1112 scire
2172 1058 2337 1112 etiam

783 1151 868 1197 se,
902 1137 1047 1204 quod
1100 1155 1187 1192 res
1224 1141 1354 1208 ipsa:
1391 1150 1682 1208 testentur,
1713 1145 1852 1198 nihil
1893 1161 1952 1200 se
1997 1147 2164 1200 studii
2229 1149 2340 1203 ala-

782 1226 1106 1296 critatisque
1131 1229 1197 1284 ad
1233 1245 1297 1284 ea
1340 1247 1460 1300 qua:
1492 1233 1580 1287 ille
1611 1235 1944 1297 mandasset.
1973 1237 2187 1307 sibique
2221 1239 2339 1308 pla-

781 1333 906 1371 cere
932 1320 1285 1383 ostendisset,
1322 1326 1669 1393 exsequenda
1714 1329 2145 1396 praetermisisse.
2184 1331 2342 1402 159

781 1407 1135 1465 Existimasse
1160 1428 1323 1480 porro
1349 1430 1474 1468 eum
1505 1431 1724 1484 quoque
1749 1421 1866 1473 haec
1892 1435 2002 1487 prae
2028 1421 2152 1475 aliis
2173 1423 2334 1486 scire.

783 1507 839 1551 ut
867 1503 1172 1568 Oportebat.
1204 1503 1310 1558 Sed
1345 1509 1603 1574 quoniam
1636 1507 1898 1566 daemonis
1930 1513 2159 1583 alicujus
2201 1514 2341 1570 invi-

781 1590 868 1643 dia
901 1591 973 1645 ita
1005 1606 1383 1664 comparatum
1412 1600 1508 1663 sit,
1553 1611 1612 1654 ut
1645 1603 1848 1656 amoris
1879 1613 2043 1673 atque
2076 1606 2336 1662 obedien-

782 1681 869 1730 tin-
913 1683 1148 1738 antehac
1200 1701 1312 1740 suae
1362 1702 1489 1757 erga
1553 1689 1730 1758 ipsum
1784 1703 2104 1762 argumenta
2159 1697 2339 1751 ventis

782 1772 1086 1837 tradiderit.
1124 1778 1586 1849 sycophantisque
1653 1797 1717 1836 ac
1744 1780 1974 1850 perditis
2017 1785 2336 1842 hominibus

778 1865 1096 1919 auscultans
1141 1860 1332 1933 '(multa
1381 1870 1536 1938 prius
1569 1871 1862 1926 adversum
1907 1890 1967 1929 se
2016 1877 2330 1942 meditatus,

779 1954 1155 2026 iusidioseque
1196 1960 1440 2022 molitus,
1473 1971 1534 2016 ut
1573 1973 1756 2032 pateat
1785 1980 1855 2019 ex
1901 1966 2218 2037 interceptis
2250 1970 2339 2024 lit-

777 2047 933 2108 teris,
967 2062 1104 2115 quas
1139 2065 1237 2118 per
1277 2051 1567 2122 episcopos
1605 2066 1944 2112 revertentes
1989 2057 2068 2111 illi
2102 2060 2335 2129 miserit)

775 2134 976 2189 bellum
1012 2141 1315 2206 renovarit;
1347 2152 1402 2196 et
1427 2159 1551 2198 cum
1581 2161 1722 2216 sape
1745 2150 2090 2219 multumque
2113 2169 2334 2224 rogans,

776 2224 856 2276 liti
889 2241 1079 2294 pacem
1115 2232 1414 2299 acciperet,
1448 2250 1556 2289 non
1586 2237 1917 2306 impetrarit,
1949 2251 2004 2295 et
2036 2259 2183 2298 nunc
2207 2261 2332 2300 cum

771 2313 882 2370 huc
920 2322 1165 2384 veniens,
1205 2338 1381 2391 genua
1418 2327 1537 2395 eius
1570 2330 1854 2399 amplexus
1897 2331 1990 2396 sit,
2034 2344 2090 2387 et
2137 2345 2195 2388 ut
2229 2353 2334 2408 pax

770 2411 1217 2478 consfitueretur,
1252 2415 1387 2468 nihil
1437 2431 1542 2471 non
1580 2422 1828 2482 tentarit.
1879 2423 1994 2491 ipse
2037 2435 2221 2482 tamen
2270 2445 2330 2485 se

771 2503 1015 2552 nondum
1050 2500 1294 2572 fregerit,
1330 2506 1424 2560 sed
1458 2509 1759 2576 supplicent
1787 2528 1844 2566 re
1877 2514 2074 2572 infecta
2105 2519 2331 2575 dimise-

774 2589 866 2651 rit.
924 2601 980 2646 et
1025 2602 1282 2664 tanquam
1340 2615 1437 2654 vas
1492 2603 1686 2657 inutile
1736 2605 2018 2681 abjeeerit,
2068 2627 2331 2682 speroque

771 2697 923 2735 suam
968 2684 1020 2738 iu
1056 2689 1264 2755 pardali
1320 2691 1625 2757 collocarit,
1657 2711 1819 2764 quam
1860 2700 2092 2754 solutam
2137 2715 2329 2759 contra

771 2788 830 2827 se
879 2774 1186 2844 immiserit,
1225 2782 1348 2836 ideo
1393 2800 1580 2852 pacem
1624 2795 1677 2841 et
1727 2788 1872 2844 dicta
1919 2801 2144 2861 propter
2185 2795 2329 2850 illam

770 2881 1114 2926 sacramenta
1163 2872 1271 2926 Deo
1303 2890 1360 2929 se
1410 2878 1752 2933 committere
1799 2883 1920 2950 (per
1949 2899 2112 2952 quem
2155 2886 2331 2956 iurata

773 2959 1031 3030 religiose
1077 2962 1259 3018 adhuc
1289 2969 1498 3036 servet)
1534 2978 1591 3023 et
1638 2985 1829 3026 omnes
1865 2988 1954 3028 res
1990 2990 2116 3031 suas
2155 2977 2210 3031 in
2245 2979 2332 3048 ju-

773 3058 920 3100 stum
947 3050 1191 3104 omnium
1213 3053 1451 3121 judicem
1488 3057 1717 3123 referre,
1742 3060 1966 3130 jamque
1999 3065 2327 3122 necessitate

770 3139 1130 3194 constrictum
1163 3141 1305 3196 bello
1336 3159 1557 3201 manum
1591 3149 1895 3218 implicare.
1923 3151 2211 3210 Coulidere
2246 3172 2331 3212 se-
2355 3161 2400 3224 C

773 3227 950 3298 ipsqu
995 3250 1212 3304 quoque
1244 3241 1540 3294 amentiam
1571 3257 1720 3295 suam
1765 3227 1914 3298 brevi
1957 3251 2328 3314 cogniturum,

769 3331 826 3376 et
855 3341 919 3378 ex
953 3330 1166 3381 eventis
1193 3345 1631 3401 perspecturum,
1661 3352 1723 3388 ea
1746 3337 1973 3406 elegisse
2009 3356 2131 3408 qua:
2156 3342 2330 3396 vitare

771 3415 827 3469 in
861 3419 1069 3485 primis,
1121 3436 1183 3474 ea
1229 3423 1516 3490 reliquisse
1561 3442 1681 3493 quze
1731 3436 1844 3480 toto
1874 3438 2094 3496 pectore
2136 3447 2329 3486 conse-

769 3507 907 3560 ctari
941 3510 1342 3582 complectique
1376 3515 1678 3570 debuisset.
1733 3517 1854 3572 llaec
1898 3519 2044 3574 fatus
2077 3525 2144 3575 de
2183 3539 2350 3590 equo,

771 3595 1077 3671 descendit.
1113 3596 1167 3652 et
1199 3605 1448 3669 quamvis
1494 3604 1776 3659 absentem
1808 3622 1988 3668 avum.
2045 3609 2152 3662 ritu
2199 3627 2333 3664 con.

769 3695 928 3740 sueto
961 3700 1255 3746 veneratus
1289 3703 1370 3747 est
1405 3712 1416 3746 :
1450 3710 1514 3747 ac
1539 3694 1774 3749 Marules
1808 3697 2034 3764 perinde
2071 3710 2127 3752 ut
2158 3701 2327 3768 prius,

767 3791 892 3828 eum
929 3779 1147 3832 silentio
1183 3781 1252 3835 de
1290 3783 1562 3838 mmnibus
1597 3794 1760 3852 caput
1799 3785 1850 3839 ei
1881 3787 2152 3842 submisit.
2196 3791 2330 3845 Aliis

767 3865 969 3922 deinde
1005 3869 1057 3922 in
1098 3887 1254 3922 llllll'O
1287 3873 1562 3926 stantibus
1610 3875 1881 3940 salutatis,
1915 3875 2202 3944 discessit;
2241 3896 2331 3934 ve-

767 3958 1042 4028 niensque
1105 3961 1447 4032 Selybriam,
1508 3967 1903 4034 reuipublieam
1958 3983 2058 4022 suo
2120 3969 2329 4038 judicio

767 4047 1044 4113 formavit,
1080 4062 1137 4105 et
1189 4053 1442 4122 praelecto
1491 4054 1693 4109 ibidem
1730 4055 2028 4123 declarato,
2076 4059 2331 4131 Didymo-

768 4139 974 4194 tichum
1021 4142 1177 4209 abiit,
1229 4143 1422 4200 relicto
1460 4145 1719 4217 Selybria:
1763 4148 2094 4217 Apocaucbo
2134 4167 2329 4222 magno

765 4231 1128 4298 cubiculario,
1170 4245 1228 4288 ut
1255 4236 1298 4289 si
1329 4236 1459 4304 quid
1493 4253 1630 4305 opus
1656 4246 1802 4292 essm
1825 4243 2139 4296 securitatis
2165 4259 2328 4299 causa

768 4322 821 4376 id
855 4323 1236 4388 constitueret,
1269 4335 1323 4381 et
1356 4327 1428 4380 ad
1455 4343 1516 4382 se
1547 4329 1788 4395 veniret;
1827 4331 1972 4399 quod
2013 4333 2092 4401 eis
2127 4350 2326 4402 paucos

764 4411 883 4467 dies
923 4413 1123 4468 factum
1153 4426 1259 4470 est.
1298 4415 1583 4470 Exercitus
1616 4419 1682 4471 ad
1725 4417 2164 4490 Didymotichum
2197 4439 2328 4477 con-

2442 617 2847 684 παραπείθοντα
2890 619 2980 670 τὸν
3044 613 3434 688 προστύχῶτα.
3488 618 3626 672 Οὔτε
3683 619 3790 688 γάρ
3845 619 4008 671 αὐτὸν

2438 703 2659 757 δυνατὸν
2684 707 2776 758 ἐπὶ
2801 707 2860 759 τὸ
2889 710 3064 777 τεῖχος
3093 707 3304 774 ἐλθεῖν,
3323 707 3438 761 οὔτ’
3473 708 3623 776 αὐτῷ
3649 709 3750 778 τὴν
3800 707 4006 760 εἴσοδον

2442 797 2816 865 συγχωρῆσαι,
2869 797 2987 849 ἀλλ’
3016 798 3136 850 οὐδέ
3200 799 3306 869 μὴν
3363 799 3454 852 τὸν
3513 799 3655 851 θεῖον
3710 798 3858 868 αὐτῷ
3913 797 4004 849 τὸν

2440 885 2737 956 Μαρκέσην
2761 887 3074 941 ἀποστελεῖν
3095 889 3228 958 πρὸς
3256 891 3443 943 αὐτόν.
3474 889 3704 958 Πλησίον
3731 889 3788 942 δέ
3835 887 4003 942 αὐτοῦ

2442 974 2696 1044 Μερού).η
2734 977 2827 1029 καὶ
2855 979 3078 1049 Μάρκος
3099 995 3180 1042 τις
3201 979 3571 1050 Κασαλλάριος
3596 979 4000 1048 ὠνομασμένος.

2439 1068 2467 1118 ι
2495 1065 2867 1135 Καδαλλαρίου
2899 1068 2994 1120 τοῦ
3026 1069 3204 1135 Βάρδα
3257 1070 3450 1135 ἑστὼς,
3504 1072 3570 1122 ἐκ
3615 1069 3724 1122 τῶν
3772 1070 4004 1121 οίκετῶν

2438 1157 2531 1208 τοῦ
2553 1155 2918 1226 πρεσϐυτέρου
2967 1157 3228 1227 βασιλέως
3276 1157 3375 1223 ὢν,
3433 1161 3638 1220 σκαιῶς
3692 1161 3786 1212 καὶ
3835 1161 4002 1212 ἀπαι-

2437 1243 2638 1308 δεύτως
2697 1247 2834 1316 πρὸς
2888 1247 3110 1317 βασιλέα
3149 1247 3241 1302 τδν
3299 1249 3420 1303 νέον
3467 1244 3642 1313 εἶπεν,
3693 1251 4001 1320 ἀποχωρεῖν

2437 1335 2547 1387 τῶν
2579 1335 2808 1400 ἐνθένδε,
2842 1338 2971 1407 πρὶν
3002 1337 3412 1409 κατεδηδοκέναι
3438 1340 3539 1410 τὴν
3602 1339 3844 1410 κεφαλὴν
3899 1337 4002 1409 τὴν

2438 1425 2654 1480 ἐαυτοῦ.
2703 1427 2833 1479 Ἡδὺ
2872 1428 2928 1481 δέ
2959 1427 3190 1495 γελάσας
3225 1431 3255 1482 ὁ
3281 1429 3535 1499 βασιλεὺς
3571 1431 3664 1483 ἐπὶ
3691 1430 3771 1499 τῷ
3825 1431 3996 1499 λόγῳ,

2453 1513 2593 1566 Ἀλλ’
2622 1517 2721 1567 οὐκ
2750 1517 2815 1570 ἂν
2845 1516 2931 1585 εἴη
2982 1518 3225 1582 δυνατὸν,
3257 1515 3430 1585 εἶπεν,
3470 1514 3515 1573 ὦ
3554 1521 3771 1592 Μάρκε,
3814 1521 3994 1578 τοῦτο.

2439 1606 2558 1660 Ζῶν
2605 1624 2662 1660 τε
2695 1609 2804 1678 γὰρ
2843 1611 2941 1662 οὐκ
2972 1611 3038 1662 ἂν
3075 1613 3454 1681 καταφάγοιμι
3487 1613 3586 1682 τὴν
3647 1612 3782 1665 ίδίαν
3819 1629 3996 1680 κεφα-

2437 1695 2558 1765 λήν.
2601 1698 2708 1750 Kal
2755 1697 3088 1751 ἀποθανῦντα
3138 1699 3338 1768 ὁμοίως
3379 1699 3788 1768 ἀδυνατώτερον
3835 1697 3996 1752 τοῦτο

2441 1786 2701 1856 πράττειν
2728 1803 2744 1820 ο
2773 1788 2912 1842 ὥστε
2953 1805 3013 1841 σε
3061 1790 3384 1857 συμϐαίνειν
3436 1790 3530 1842 καὶ
3581 1788 3993 1859 ἀμφωτέρωθεν

2438 1877 2720 1947 ἐψεῦσθαι.
2764 1879 2907 1948 Πρὸς
2973 1880 3071 1949 μέν
3131 1875 3224 1933 οῦν
3287 1880 3512 1952 Μάρκον
3563 1878 3790 1932 τοιαῦτα
3862 1880 3992 1933 παί-

2437 1971 2545 2035 ζων
2631 1971 2856 2041 εἴρηκεν
2927 1972 2982 2023 δ’
3030 1972 3324 2040 βασιλεὺς.
3393 1971 3486 2023 τὸν
3561 1970 3856 2040 Μαρούλην
3937 1968 3995 2022 δέ

2435 2059 2686 2116 ἐκέλευεν
2721 2063 2793 2124 ὡς
2827 2059 2887 2126 ἐξ
2931 2061 3092 2114 αὐτοῦ
3141 2061 3366 2115 τοιαῦτα
3417 2059 3784 2129 ἀπαγγέλλειν
3842 2059 3993 2130 βασι-

2434 2147 2536 2212 λεί,
2570 2148 2656 2211 Ὠς
2683 2150 2842 2212 αὐτὸς
2870 2150 2938 2202 ἂν
2967 2151 3132 2219 είδείη
3159 2150 3312 2216 Θεὸς,
3333 2145 3451 2202 οῖδα
3478 2147 3535 2202 δέ
3568 2151 3658 2202 καὶ
3680 2149 3862 2213 αὐτὸς,
3899 2149 3994 2202 καὶ

2435 2240 2613 2292 αὐτῶν
2655 2241 2775 2309 ἐμοὶ
2822 2241 3434 2310 συνεπιμαρτυροῦντων
3473 2242 3581 2295 τῶν
3624 2242 3990 2310 πραγμάτων,

2433 2325 2507 2388 ὡς
2539 2327 2689 2379 οὐδὲν
2731 2329 2976 2380 ἐνέλιπον
3029 2327 3340 2398 προθυμίας
3373 2329 3496 2382 οὐδέ
3520 2328 3759 2397 σπουδῆς
3807 2330 3888 2389 είς
3931 2327 3992 2380 τὸ

2433 2417 2743 2486 πράττεινά
2772 2435 2830 2471 τε
2865 2419 3224 2483 προσέταττες
3245 2422 3337 2471 καὶ
3361 2415 3429 2491 ἦν
3462 2437 3544 2472 σοι
3576 2418 3716 2472 κατά
3741 2418 3992 2488 γνώμην,

2350 2505 2361 2515 ’
2431 2509 2756 2578 ἐλογιζόμην
2811 2509 2854 2561 δ’
2898 2511 2981 2563 ὅτι
3011 2513 3104 2564 καὶ
3144 2512 3208 2564 σὺ
3245 2510 3446 2581 μᾶλλον
3497 2511 3564 2564 ἀν
3601 2510 3801 2580 είδείης
3852 2510 3991 2564 αὐτά

2430 2595 2540 2650 τῶν
2565 2597 2758 2663 ἄλλων,
2790 2597 2960 2669 ἐχρῆν
2996 2600 3123 2670 γάρ.
3168 2599 3322 2653 Ἐπεὶ
3349 2599 3396 2652 δ’
3417 2599 3559 2654 οὕτω
3587 2601 3654 2653 τά
3691 2599 3990 2670 πράγματα

2432 2687 2688 2758 φθονερός
2726 2706 2808 2752 τις
2840 2690 3203 2742 συνεσκεύασε
3236 2691 3467 2759 δαίμων,
3525 2693 3619 2748 καὶ
3667 2684 3745 2745 ὧν
3781 2691 3881 2762 μὶν
3933 2692 3992 2746 ἐν

2430 2780 2542 2840 τοῖς
2568 2778 2908 2849 παρασχοῦσι
2942 2782 3156 2850 καιροῖς
3180 2781 3389 2843 εὐνοίας
3420 2779 3535 2850 άμα
3560 2781 3656 2834 καὶ
3679 2782 3990 2844 εὐπειθείας

2429 2868 2529 2936 τῆς
2561 2869 2694 2938 πρὸς
2726 2870 2785 2922 σὲ
2825 2869 3202 2940 ἐπιδέδειγμαι
3249 2870 3394 2942 ἔργῳ
3434 2870 3722 2933 ἐπελάθου,
3779 2870 3994 2941 ἀνθρώ-

2433 2976 2555 3022 ποις
2587 2960 2644 3012 δέ
2685 2961 3052 3029 συκοφάνταες
3085 2971 3180 3014 και
3215 2963 3437 3032 φθόροις
3485 2962 3732 3024 πεισθεὶς
3761 2960 3989 3034 κεκίνηο

2387 3077 2393 3083 ·
2430 3064 2531 3113 Ita;
2560 3049 2715 3111 αὖθις
2744 3052 2836 3105 τὸν
2873 3052 3104 3122 πόλεμον
3130 3055 3218 3106 τὸν
3258 3051 3396 3123 πρὸς
3447 3053 3549 3121 ἐμέ
3609 3053 3803 3123 (πολλά
3854 3056 3986 3123 πρὸ·

2431 3157 2585 3211 τερον
2638 3142 2732 3195 καὶ
2805 3141 3234 3213 βουλευσάμενος
3293 3144 3388 3198 καὶ⁸
3446 3144 3789 3206 συσκευάσας
3866 3144 3990 3198 κατ’

2433 3233 2588 3304 ἐμοῦ.
2623 3233 2698 3297 ὡς
2728 3234 2941 3300 ἐγένετο
2968 3235 3272 3301 καταφανὲς
3304 3235 3428 3304 ἐμοὶ
3478 3236 3542 3288 ἐκ
3573 3236 3681 3286 τῶν
3747 3233 3988 3287 ἑαλωκό-

2429 3339 2537 3375 των
2583 3324 2945 3392 γραμμάτιον,
2987 3324 3023 3376 ἀ
3054 3326 3148 3376 καὶ
3173 3325 3313 3393 μετὰ
3363 3325 3470 3377 τῶν
3502 3324 3636 3394 πρὸς
3667 3324 3770 3395 ἐμέ
3803 3324 3990 3377 ἐλθόνο

2429 3430 2538 3466 των
2593 3415 2892 3484 ἀρχιερέων
2926 3414 3149 3484 ἔπεμψά
3179 3415 3308 3479 σοι),
3368 3417 3459 3468 καὶ
3509 3415 3677 3468 πολλά
3727 3415 3989 3476 πολλάκις

2429 3507 2564 3576 ἐμοῦ
2625 3507 2906 3575 δεηθέντος
2962 3486 3023 3560 οὐ
3074 3507 3384 3577 προσεδέξω
3442 3508 3544 3576 τὴν
3589 3508 3834 3578 είρήνην,
3893 3508 3989 3560 καὶ

2429 3599 2523 3650 νῦν
2563 3588 2808 3662 ἐλθόντος
2862 3600 3110 3653 ἐνταυθοῖ
3148 3601 3241 3652 καὶ
3270 3599 3577 3669 ἁπτομένου
3621 3617 3716 3653 σου
3746 3599 3857 3652 τῶν
3888 3601 3981 3666 γο-

2427 3688 2622 3751 νὰτων,
2658 3689 2754 3740 καὶ
2787 3688 2964 3741 πάντα
2993 3689 3326 3758 πράττοντος
3358 3687 3500 3741 ὥστε
3532 3688 3629 3757 τὴν
3659 3689 3884 3758 είρήνην
3911 3685 3984 3742 si-

2427 3795 2535 3838 ναι,
2568 3779 2716 3832 οὐδὲν
2750 3779 2949 3848 μᾶλλον
2998 3780 3210 3848 ὐφῆκας
3246 3779 3346 3847 τῆς
3386 3780 3583 3849 ὀργῆς,
3626 3779 3741 3833 ἀλλ’
3773 3780 3987 3849 ἀπρακο

2427 3887 2515 3922 τον
2545 3870 2878 3940 ἀπεπέμψω,
2912 3870 3099 3940 ὥσπερ
3132 3889 3185 3924 τι
3223 3871 3416 3933 σκεῦος
3449 3872 3723 3942 ἄχρηστον
3753 3871 3984 3940 anceps.

2425 3963 2553 4033 ψας.
2599 3965 2873 4025 Ἥλπικας
2912 3964 2957 4016 δ’
3004 3965 3096 4016 ἐπὶ
3125 3965 3222 4035 τὴν
3255 3964 3547 4033 δεδεμένην
3600 3963 3866 4032 πάρδαλιν
3919 3964 3986 4030 ἣν

2426 4051 2619 4116 ἔλυσας
2651 4057 2770 4107 κατ’
2796 4054 2954 4124 ἐμοῦ,
2989 4054 3097 4108 ίδού
3122 4056 3228 4127 ,τὴν
3268 4055 3365 4124 μέν
3389 4055 3616 4125 είρήνην
3643 4056 3735 4106 καὶ
3759 4055 3887 4116 τοὺς
3915 4053 3985 4106 δι’

2425 4141 2594 4212 αὐτὴν
2633 4143 3040 4212 γεγενημένους
3104 4134 3302 4214 ’ὅρκους
3358 4144 3703 4212 παραδίδωμι
3743 4142 3889 4212 Θεῷ,
3924 4141 3984 4194 δν

2425 4233 2586 4296 αὐτὸς
2616 4235 2850 4303 εὐορκῶ,
2881 4234 3057 4288 πάντα
3081 4235 3138 4288 δὲ
3178 4234 3257 4300 τῷ
3284 4234 3460 4288 πάντα
3492 4234 3715 4296 δικαίως
3740 4234 3984 4304 κρίνοντι

2424 4325 2644 4388 ἀναθεὶς
2663 4327 2740 4396 ’τὰ
2786 4325 2908 4379 κατ’
2936 4325 3057 4396 ἐμέ,
3093 4326 3410 4393 ἀναγκαίως
3439 4325 3538 4395 ήδη
3578 4325 3713 4394 πρὸς
3768 4325 3859 4376 τὸν
3890 4326 3984 4378 πόα

2423 4416 2590 4484 λεμον
2630 4417 2811 4485 χωρῶ.
2863 4409 3107 4470 Πέποιθα
3155 4417 3211 4469 δὲ
3259 4417 3334 4479 ὡς
3391 4417 3574 4487 δλίγου
3622 4396 3986 4484 παρελθόντος

765 4505 974 4574 ενι-εοτί
1005 4505 1213 4573 juSsus.
1253 4505 1373 4561 Non
1422 4508 1494 4562 ita
1531 4509 1716 4562 multis
1762 4487 2064 4580 interjcctis
2105 4513 2323 4580 diebus,
2359 4487 2400 4544 υ

2401 4506 2404 4525 ’
2430 4509 2641 4577 χρόνου,
2671 4509 2785 4561 οὐδ’
2821 4508 2984 4570 abre;
3013 4508 3302 4576 ἀγνοήσεις
3329 4509 3428 4578 τήν
3455 4507 3714 4560 ἀϐουλίαν
3760 4509 3859 4577 τὴν
3892 4524 3984 4559 νυ-

765 4595 858 4662 qui
882 4604 1038 4648 erant
1070 4597 1123 4650 in
1160 4597 1394 4650 Thracia
1417 4599 1691 4653 aﬂuerunt
1724 4611 2104 4664 omnes,extra
2135 4603 2328 4660 Coma-

763 4701 960 4738 norum
999 4687 1162 4755 paulo
1195 4688 1375 4743 minus
1401 4689 1510 4742 duo
1543 4690 1731 4755 millia,
1763 4691 1856 4759 qui
1886 4707 1916 4746 e
1946 4693 2208 4748 Dalmatia
2231 4695 2330 4749 Mi-

765 4775 971 4830 chaelis
997 4777 1218 4831 secundi
1243 4786 1418 4832 castra
1443 4779 1614 4832 secuti
1643 4779 1877 4836 fuerant.
1929 4781 2123 4836 Edicto
2159 4785 2330 4853 impe-

766 4869 966 4922 ratoris
1025 4868 1259 4923 senioris
1301 4868 1650 4924 Andronicus
1681 4870 1965 4938 'l‘orniees,
2006 4882 2060 4927 et
2112 4873 2324 4928 Mauuel

765 4958 1013 5012 Last-aris
1035 4957 1266 5013 Thracia
1302 4959 1461 5028 pulsi,
1489 4959 1542 5014 in
1573 4961 1764 5016 insulis
1787 4962 2015 5030 Lemno,
2040 4963 2220 5017 Thaso
2270 4975 2328 5018 et

763 5051 938 5105 Lesbo
956 5067 1013 5106 se
1028 5053 1449 5106 collocaverunt.
1469 5053 1654 5106 Exsilii
1679 5055 1839 5123 hujus
1857 5070 2022 5109 causa
2041 5056 2326 5110 manifesta

764 5155 871 5193 non
899 5143 1165 5196 exstabat.
1194 5141 1508 5208 Ferebatur,
1531 5160 1623 5199 eos
1656 5161 1780 5200 cum
1809 5145 2132 5216 Scytharum
2157 5156 2327 5200 satra-

764 5232 847 5298 pis
871 5232 1208 5286 clandestina
1229 5233 1485 5287 habuisse
1516 5235 1806 5303 colloquia,
1844 5236 1920 5288 uti
1953 5237 2006 5288 in
2033 5235 2325 5288 Thraciam

763 5325 946 5392 eupias
983 5325 1282 5389 mitterent,
1324 5340 1539 5393 unaque
1567 5339 1688 5378 cum
1725 5335 1923 5378 caztera
1964 5325 2146 5394 przeda
2180 5326 2327 5394 ipsos

761 5427 883 5466 cum
907 5414 1228 5484 coniugibus
1253 5415 1411 5486 ιθο
1460 5425 1622 5485 atque
1643 5415 1832 5470 liberis
1856 5432 1912 5468 se
1934 5417 2040 5470 illis
2065 5416 2327 5470 dedentes

762 5519 946 5558 secum
979 5506 1528 5576 abducerent.llujus
1557 5506 1802 5561 criminis
1823 5507 1969 5560 nulla
1994 5517 2112 5561 erat
2131 5507 2329 5576 proba-

763 5598 860 5650 tio.
883 5595 1061 5662 Quare
1079 5589 1267 5668 juiiior
1288 5599 1588 5669 imperator
1603 5614 1699 5654 eos
1719 5599 1912 5654 exsilio
1937 5599 2197 5654 multatus
2216 5616 2324 5652 non

764 5704 954 5756 parum
1005 5689 1429 5759 indignabatur;
1465 5691 1675 5745 ferebat
1739 5699 1918 5744 tamen
1982 5689 2229 5755 tacitus,
2259 5705 2327 5742 ne

759 5780 892 5849 quid
940 5781 1009 5837 ab
1055 5782 1140 5838 avi
1184 5784 1455 5841 sententia
1495 5783 1810 5848 discrepare
1839 5769 2131 5836 videretur.

2427 4599 2478 4651 νί
2508 4613 2522 4627 ·
2563 4599 2676 4652 ἀλλ’
2703 4601 2766 4651 ἐκ
2791 4598 2898 4650 τῶν
2933 4598 3276 4667 πραγμάτων
3315 4596 3492 4650 αὐτῶν
3523 4596 3741 4665 μαθήσῃ
3771 4596 3981 4664 σαφῶς·

2424 4690 2500 4755 ὡς
2529 4684 2601 4743 ὧν
2635 4690 2732 4759 μὲν
2760 4689 3091 4758 ἀποσχέσθαι
3160 4689 3290 4754 ἔδει,
3333 4688 3508 4740 ταῦτα
3559 4687 3830 4758 προείλου,
3870 4687 3906 4739 ἀ
3929 4689 3986 4741 δὲ

2425 4783 2648 4852 ἐκρινας
2695 4781 3040 4843 καταλιπεῖν,
3090 4779 3298 4831 τούτων
3353 4775 3422 4849 ἦν
3495 4777 3704 4846 βέλτιον
3763 4776 3984 4847 ιχεσθαι

2429 4877 2587 4925 παντὶ
2639 4873 2834 4925 σθένει.
2866 4871 3105 4923 Τοιαῦτα
3155 4871 3408 4938 βασιλεὺς
3440 4871 3467 4922 6
3501 4870 3615 4932 νέος
3671 4870 3859 4931 εἰπὼν,
3889 4886 3988 4921 και

2425 4964 2594 5027 ταὸὰς
2625 4962 2717 5014 τοῦ
2750 4963 2938 5026 ἵππου,
3001 4959 3330 5032 προσεκύνει
3363 4961 3456 5013 καὶ
3483 4960 3693 5012 ἀπόντα
3720 4959 3812 5011 τὸν
3838 4960 3987 5011 πάπ-

2428 5075 2526 5109 πον
2557 5058 2650 5107 καὶ
2683 5055 2924 5124 βασιλέα.
2961 5054 3069 5106 Καὶ
3097 5055 3126 5105 ὁ
3154 5052 3448 5122 Μαρούλης
3480 5052 3536 5113 δέ
3561 5050 3762 5120 ὁμοίως
3792 5051 3986 5120 ὥσπερ

2427 5150 2524 5201 καὶ
2555 5147 2812 5217 πρότερον
2847 5146 2952 5198 ἀπὸ
2985 5144 3078 5197 τοῦ
3107 5145 3323 5213 τείχους
3379 5146 3504 5214 σιγῇ
3535 5145 3633 5213 τήν
3673 5142 3987 5212 προσκύνη-
4062 5167 4066 5171 -
4152 5150 4161 5159 ·

2429 5256 2511 5290 σιν
2545 5240 2771 5307 παρεῖχε
2804 5237 2881 5305 τῷ
2917 5237 3020 5304 νέῳ
3046 5235 3276 5304 βασιλεῖ.
3307 5230 3442 5287 Εἶτα
3488 5235 3583 5286 καὶ
3619 5235 3746 5295 τοὺς
3791 5232 3984 5295 ἀλλους

2425 5331 2551 5391 τοὺς
2611 5327 2719 5381 ἀπὸ
2774 5326 2869 5380 τοῦ
2921 5327 3134 5394 τείχους
3194 5326 3587 5392 ἀσπασάμενος
3634 5324 3664 5375 ὁ
3704 5323 3983 5392 βασιλεὺς,

2427 5417 2774 5487 ἀνεχώρησεν
2806 5413 3035 5477 ἐκεῖθεν,
3065 5413 3160 5465 καὶ
3183 5407 3349 5482 ἦλθεν
3403 5413 3482 5474 είς
3513 5409 3841 5482 Σηλυϐρίαν.
3876 5410 3986 5462 Καὶ

2428 5509 2705 5575 διοικήσας
2749 5505 2816 5559 τά
2840 5498 3014 5575 ἐκειίῇ
3065 5502 3212 5572 αὐτῷ
3255 5502 3432 5554 ἐδόκει
3467 5501 3666 5570 ἄριστα
3698 5500 3865 5570 εχειν,
3889 5500 3986 5553 καὶ

2429 5602 2664 5668 άρχοντα
2690 5597 2987 5666 ἐπιστήσας
3023 5595 3428 5665 Σηλυϐριανοῐς,
3453 5590 3616 5665 ἦλθεν
3648 5596 3729 5656 είς
3757 5592 3986 5661 Διδυμό-

2431 5703 2627 5756 τειχον,
2661 5684 2974 5738 καταλιπὼν
2995 5685 3052 5736 ἐν
3075 5682 3344 5753 Σηλυϐρία
3371 5679 3864 5752 παρακοιμώμενον
3893 5682 3988 5734 τὸν

2442 5779 2798 5847 ’Δπὸκιυχον,
2833 5776 2928 5840 ὡς’
2974 5776 3036 5830 ἂν
3064 5773 3119 5828 εἴ
3147 5791 3199 5828 τι
3260 5774 3558 5844 ἀσφαλείας
3604 5773 3772 5826 ἐνέδει
3821 5773 3991 5843 Σηλυ-
4098 5789 4100 5792 '
