4250 6444
299 355 408 416 357

1484 343 2036 409 HISTORIARUM
2080 342 2314 401 LIBER
2365 343 2380 400 l

3481 301 3586 405 3'53

311 465 470 518 Ἐπεὶ
509 466 567 518 δὲ
599 465 894 533 ἐπεγένετο
939 461 972 530 ἠ
1007 462 1125 526 νὺξ.
1158 460 1504 530 ἀναστρέψας
1536 458 1627 526 ἀφ’
1662 453 1730 529 ἦς
1769 460 1890 510 ἐπο-

1996 455 2116 520 cst)
2170 454 2437 507 exercitui
2498 453 2565 506 ab
2617 454 2776 520 equis
2833 451 3195 516 descendere,
3251 453 3588 522 paulumque

303 557 494 624 ρεύετο
529 555 672 620 ὀδοῦ,
710 556 946 622 ἧλαυνειι
998 555 1091 606 ἐπὶ
1135 553 1536 620 Θεσσαλονίκην
1587 551 1677 602 διὰ
1721 550 1892 618 Erpu-

303 650 488 716 μόνος.
523 648 632 701 Καὶ
658 647 848 708 διαϐὰς
883 645 976 699 τὸν
1009 645 1256 715 ποταμὺν
1305 645 1445 696 κατά
1473 643 1532 694 τὸ
1562 641 1894 712 Μαρμάριον

299 737 879 806 προσαγορευόμενον,
935 736 1131 804 μικρῦν
1185 735 1442 786 ἐκέλευσε
1481 733 1580 800 τὴν
1619 731 1888 798 στρατιὰν

297 832 490 898 τυχεῖν
517 827 836 896 ἀναπαύλης
863 826 1214 890 καταϐάντας
1246 828 1354 878 ἀπο
1381 825 1491 877 τῶν
1521 824 1725 884 ἵππων,
1764 823 1896 872 ἀνα-

304 921 656 990 παυσάμενοι
707 920 763 970 δὲ
800 919 1012 988 εἴχοντο
1067 918 1230 972 πάλιν
1260 917 1359 982 τῆς
1397 917 1569 983 αὐτῆς
1609 913 1753 976 ὀδοῦ,
1799 915 1894 964 καὶ

301 1017 402 1081 τήν
436 1029 496 1064 τε
549 1010 814 1064 ἐπιοῦσαν
884 1011 982 1063 καὶ
1035 1010 1134 1080 τὴν
1185 1009 1355 1060 νύκτα
1404 1008 1500 1078 τὴν
1557 1006 1673 1074 μετ’
1719 1006 1891 1074 αὐτὴν

300 1103 650 1164 ὁδεύσαντες,
684 1101 802 1170 ἅμα
843 1101 919 1172 ἕῳ
949 1101 1092 1154 κατά
1120 1099 1219 1170 τὴν
1259 1099 1450 1170 τρίτην
1501 1094 1643 1167 ἦσαν
1673 1101 1729 1149 ὲν
1755 1098 1896 1164 Χορ-

301 1197 522 1247 ταίτου.
562 1194 640 1264 Τῇ
668 1193 973 1263 προτεραίᾳ
1005 1192 1061 1245 δὲ
1091 1192 1282 1260 αὑτῆς,
1319 1191 1476 1262 φήμη
1513 1208 1598 1252 τις
1639 1190 1729 1242 διὰ
1757 1189 1896 1242 Θεσ-

306 1287 600 1354 σαλονίκης
647 1285 810 1354 διῄει,
837 1284 936 1350 ζὼς
982 1283 1238 1354 βασιλεὺς
1269 1284 1298 1336 ὸ
1332 1283 1473 1346 νέος,
1521 1281 1582 1335 τό
1631 1299 1690 1334 τε
1729 1281 1895 1351 Ζίχνα

305 1373 422 1430 εἷλε
473 1377 862 1446 προχωρῆσαν,
908 1375 1003 1428 καὶ
1039 1376 1118 1436 είς
1159 1377 1337 1442 Φερὰς
1369 1373 1539 1426 ἐλθὼν
1578 1373 1678 1442 τὴν
1709 1376 1771 1426 ἐκ
1796 1372 1897 1440 τῆς

306 1469 556 1538 ἑσπέρας
600 1467 861 1537 στρατιὰν
906 1466 1022 1535 ἅμα
1061 1464 1388 1536 ’Τριϐαλλοῖς
1431 1465 1544 1526 τοῖς
1581 1461 1898 1532 συμμάχοις

309 1560 743 1627 ἔγγατέκλεισεν
803 1559 954 1620 ἐντὸς
991 1558 1214 1626 τειχῶν,
1270 1557 1402 1626 μηδὲ
1442 1554 1899 1624 ἀντοφθαλμῆσαι

305 1651 670 1720 δυνηθέντας·
716 1649 1022 1713 ἀναζεύξας
1057 1649 1114 1700 δὲ
1170 1648 1332 1701 πάλιν
1361 1651 1440 1711 εἰς
1472 1648 1658 1717 Ζίχνα,
1707 1649 1798 1699 τόν
1837 1665 1898 1700 τε

306 1740 812 1814 παρακοιμώμενον
849 1741 1210 1810 ’Δπόκαυχον,
1243 1742 1336 1794 καὶ
1383 1740 1620 1804 Ἀλέξων
1647 1740 1738 1792 τὸν
1785 1741 1897 1792 Πα-

2000 549 2348 614 requiescere
2407 547 2694 614 praet-cpit.
2745 546 2846 600 Ubi
2891 546 3311 614 requieverunl,
3364 563 3584 599 rursum

2003 635 2159 706 165
2205 645 2387 704 coepto
2427 635 2698 688 instantes
2755 635 2966 700 itineri,
3004 636 3364 704 serpit-utique
3397 635 3485 689 die
3525 652 3590 690 ac

2000 742 2160 779 nocte
2227 735 2543 794 pergentes,
2599 727 2759 778 tertia
2829 725 2952 778 luce
3016 727 3263 779 diluculo
3322 727 3588 782 Cltortmti

2001 816 2246 872 fuerunt.
2311 819 2490 872 Pridie
2526 829 2708 870 autem
2764 833 2952 870 rumor
3005 833 3098 885 per
3140 817 3587 873 Thessalonicam

1997 909 2316 974 distulerat,
2374 910 2765 978 imperatorem
2802 909 3079 979 juniorem
3117 921 3172 964 et
3211 911 3474 966 'I.ichnam
3529 927 3588 968 se

1999 1001 2292 1054 dedentetn
2333 1002 2646 1070 reccpis-c:
2683 1011 2738 1052 et
2779 1003 2987 1055 Pheras
3039 1019 3162 1056 cum
3214 1005 3588 1068 adventassrt,

1999 1092 2372 1146 occidentales
2432 1092 2638 1159 col‘ias,
2699 1109 2821 1145 cuut
2898 1093 3269 1148 'l'riballorutn
3339 1095 3589 1148 subsidio

2003 1201 2192 1238 muros
2227 1185 2586 1244 conclusisse.
2621 1200 2742 1252 quce
2774 1200 2875 1238 nec
2916 1199 3201 1252 aspectum
3254 1189 3370 1254 ejus
3425 1189 3562 1242 susti

2005 1278 2295 1342 IllllSSt‘lll;
2329 1292 2610 1329 reversuro
2649 1275 2935 1338 Ziehuam,
2975 1277 3370 1346 Apocmichum
3412 1293 3441 1331 a
3495 1294 3592 1332 cu-

2003 1367 2226 1432 biculis,
2276 1377 2332 1423 et
2381 1369 2634 1422 Alexiutn
2691 1369 3055 1437 Palaeologum
3115 1385 3182 1424 eo
3218 1371 3472 1433 misisse;
3535 1370 3590 1424 in

2000 1463 2238 1530 speciem
2274 1460 2526 1530 quidem,
2583 1469 2644 1512 ut
2694 1461 2760 1512 ad
2815 1461 3132 1528 praefectum
3185 1461 3590 1516 Thessalonica.-

1999 1553 2314 1610 Chumnum
2375 1569 2635 1621 magnum
2694 1555 3225 1622 stratopmlarcham,
3278 1563 3333 1608 et
3386 1564 3592 1608 metro-

2001 1647 2307 1718 politanum
2349 1647 2554 1716 legatos
2577 1686 2592 1710 ,
2629 1649 2805 1716 reipsa
2845 1657 2903 1700 ut
2939 1663 3064 1700 cum
3095 1663 3317 1700 suarmn
3351 1647 3588 1716 partium

2003 1735 2269 1789 studiosis
2320 1735 2725 1788 clandestinum
2785 1747 3038 1790 sererent
3088 1738 3428 1806 colloquium
3461 1779 3472 1798 ,
3511 1739 3590 1790 si-

303 1835 590 1900 λαιολὸγον
620 1833 912 1900 πέπομφεν
953 1831 1215 1896 ἐνταῦθα,
1243 1832 1518 1902 πρόφασιν
1545 1833 1640 1903 μὲν
1667 1832 1739 1895 ὡς
1765 1831 1898 1902 πρὸς

2005 1827 2230 1896 mulque
2263 1827 2684 1895 specularentur
2739 1837 2994 1892 possetne
3023 1829 3126 1883 sub
3161 1830 3426 1884 ditionem
3463 1834 3593 1886 sub-

307 1930 404 1980 τὸν
439 1925 874 1996 ἐπιτροπεύοντα
919 1924 1328 1992 Θεσσαλονίκης
1378 1925 1552 1995 μέγαν
1599 1938 1900 1994 στρατοπε-

307 2021 524 2090 δάρχην
555 2021 645 2072 τὸν
669 2019 940 2088 Χοῦμνον,
961 2019 1055 2070 καὶ
1086 2017 1177 2070 τὸν
1207 2018 1614 2088 μητροπολίτην
1641 2019 1902 2087 διαπρεσ-

313 2113 678 2181 ϐευομένους.
718 2109 802 2181 Τῇ
843 2111 886 2164 δ’
907 2109 1138 2180 ἀληθεία
1156 2113 1269 2174 τοῖς
1299 2113 1368 2163 τά
1390 2109 1572 2164 αὐτῶν
1597 2109 1900 2180 πράττουσι

309 2204 502 2272 κρύφα
530 2201 968 2270 διαλεξομένους,
1007 2202 1100 2256 καὶ
1129 2201 1245 2271 ἅμα
1271 2202 1820 2262 κατασκοπεύσοντας
1853 2199 1901 2252 εί

311 2295 762 2364 Θεασσαλονίκην
789 2294 1175 2363 ὑπαγαγέσθαι
1213 2293 1458 2348 δυνατόν.
1487 2293 1648 2364 Παρά
1677 2292 1777 2363 μὲν
1811 2291 1904 2344 οὖν

313 2390 416 2458 τῆς
451 2389 639 2457 φήμης
661 2387 887 2440 τοιαῦτα
908 2387 1294 2457 διεθρυλλεῖτο.
1319 2387 1494 2440 Πολλά
1518 2387 1574 2439 δὲ
1607 2386 1902 2455 ἀνερευνή-

319 2497 418 2543 σας
443 2482 470 2532 ὁ
517 2477 790 2548 Χοῦμνος,
819 2477 960 2531 ὥστε
996 2480 1088 2532 τὸν
1122 2479 1538 2547 ἀπαγγείλαντα
1577 2479 1644 2531 τά
1678 2477 1904 2530 τοιαῦτα

315 2573 584 2642 ἐξευρεῖν,
621 2575 720 2624 οὐκ
749 2569 1015 2642 ἠδυνήθη.
1047 2571 1239 2642 Ὅμως
1283 2571 1338 2623 δὲ
1381 2570 1557 2623 ἐδόκει
1605 2569 1903 2622 λυσιτελεῖν

323 2661 474 2728 αὑτῷ
531 2679 588 2714 τε
639 2662 736 2715 καὶ
793 2661 1187 2734 μητροπολίτῃ,
1240 2664 1322 2726 είς
1351 2663 1450 2732 τὴν
1499 2661 1791 2732 ὑστεραίαν
1824 2665 1904 2724 είς

319 2754 649 2823 Χορταίτου,
687 2755 776 2806 τὸν
798 2755 1200 2825 μητροπολίτην
1229 2755 1568 2821 ἑλθόντα,τόν
1589 2773 1644 2808 τε
1671 2757 1906 2810 Παλαισ-

315 2846 735 2914 λὸγονἈλέξιον
765 2849 857 2899 καί
880 2847 969 2900 τὸν
993 2846 1492 2918 παρακοιμώμενον
1511 2848 1601 2901 τὸν
1631 2849 1906 2901 ’Δπόκαυ-

323 2955 443 3006 χον,
479 2938 594 3006 εἴγε
619 2939 795 3009 ἀληθῆ
823 2940 890 2994 τά
923 2939 1053 3010 περὶ
1094 2940 1274 2993 αὐτῶν
1303 2939 1763 3010 διαθρυλληθέντα
1796 2941 1902 3009 εἴη,

321 3031 398 3092 ὡς
425 3031 648 3098 βασιλέα
671 3033 1031 3102 ἀναστρέφειν
1057 3033 1321 3097 κελεύειν,
1352 3031 1424 3094 ὡς
1459 3033 1518 3084 οὗ
1547 3033 1906 3102 συγχωρηθη-

335 3124 578 3191 σιιμέ-μης
621 3124 804 3186 αὐτοῖς
836 3124 935 3192 τῆς
975 3125 1054 3186 είς
1109 3123 1514 3195 Θεσσαλονίκην
1570 3125 1799 3178 εἰσόδου.
1841 3127 1902 3177 Εἰ

319 3213 366 3265 δ’
413 3214 692 3266 ἀπειθοῖεν
717 3217 809 3267 καὶ
847 3215 1119 3284 βιάζοιντο
1165 3216 1262 3286 τὴν
1301 3217 1506 3286 ἄφιξιν,
1561 3232 1901 3286 προαναφω-

323 3309 436 3358 νεῖν
453 3307 662 3369 αὐτοῖς,
694 3306 767 3370 ὠς
796 3307 1182 3376 είρχθήσονται
1209 3308 1662 3370 ἐπιϐουλεύοντες
1694 3310 1901 3371 αὐτοῖς,

325 3402 422 3450 καὶ
455 3399 770 3468 βουλόμενοι
803 3398 1206 3470 Θεσσαλονίκην
1247 3401 1560 3470 ἀποστῆσαι
1613 3401 1901 3472 βασιλέως.

327 3489 570 3541 Τοιαῦτα
599 3489 649 3540 οί
680 3488 779 3556 μὲν
808 3493 938 3558 περὶ
971 3489 1080 3543 τῶν
1107 3491 1482 3544 ἀκουσθέντων
1512 3491 1905 3543 ἐϐουλεύσαντο

325 3582 610 3650 πράττειν.
647 3581 798 3650 Ἀμα
824 3581 880 3634 δὲ
915 3582 989 3650 ἕῳ
1009 3583 1088 3644 είς
1111 3584 1210 3652 τὴν
1239 3585 1502 3636 ἐπιοῦσαν
1528 3585 1554 3637 ὁ
1575 3583 1904 3654 μητροπολί-

324 3689 426 3741 της
464 3674 564 3743 μὲν
603 3674 744 3726 κατά
787 3673 848 3726 τὸ
881 3673 1158 3744 σύνθημα,
1188 3675 1290 3746 τὴν
1345 3677 1427 3740 είς
1453 3677 1757 3748 Χορταίτου
1792 3677 1900 3747 ᾔει,

323 3767 352 3815 ὁ
377 3763 434 3815 δὲ
467 3780 530 3830 τε
556 3762 663 3816 Χοῦ
675 3780 806 3832 μνος
831 3763 950 3833 ἅμα
975 3769 1088 3828 τοῖς
1140 3766 1280 3835 ἀμφ’
1307 3767 1488 3832 αὐτὸν,
1513 3767 1614 3836 τῆς
1637 3784 1906 3835 προσαγο-

325 3855 626 3924 ρευομένης
659 3855 768 3908 τῶν
807 3855 1140 3926 Ἀσωμάτων
1173 3857 1350 3928 πύλης
1393 3857 1644 3924 ἐξελθὼν,
1681 3855 1710 3910 ὃ
1754 3873 1806 3909 τι
1838 3858 1904 3911 ἂν

327 3946 565 4018 ἁποὸαίη
604 3947 792 4000 ἵστατο
818 3949 1174 4015 ἀποσκοπῶν,
1205 3951 1300 4003 καὶ
1327 3952 1358 4019 ὴ
1386 3949 1538 4012 πόλις
1573 3951 1722 4004 πᾶσα
1746 3948 1904 4020 μετέ-

324 4053 470 4106 ωρος
522 4037 658 4108 πρὸς
705 4037 804 4100 τάς
859 4038 1046 4108 φήμας
1070 4035 1158 4110 ἦν.
1203 4040 1325 4100 Τοῖς
1357 4039 1543 4108 μέντοι
1572 4040 1790 4094 δοκοῦσι
1835 4041 1905 4094 τὰ

330 4129 597 4197 βασιλέως
622 4131 714 4182 τοῦ
749 4131 871 4183 νέου
903 4134 1190 4202 πράττειν,
1225 4135 1521 4205 προείρητο
1555 4137 1692 4204 μήτε
1717 4135 1903 4199 ὅπλοις

327 4225 465 4291 μήτε
487 4221 674 4284 ἵπποις
695 4221 952 4291 χρῆσθαι,
975 4224 1088 4276 ἀλλ’
1115 4223 1147 4293 ἢ
1176 4224 1343 4288 οἴκοις
1377 4227 1730 4296 διατρίὸεινῆ
1765 4228 1901 4297 πεζῇ

326 4313 424 4364 καὶ
457 4313 636 4364 ὅπλων
671 4314 918 4381 προϊέναι
961 4315 1151 4384 χωρίς.
1185 4317 1317 4368 Τότε
1348 4317 1402 4370 δὲ
1430 4319 1523 4369 καὶ
1567 4319 1748 4383 αὐτοὶ,
1780 4319 1904 4370 ἐπεὶ

328 4403 671 4472 πανταχόθεν
732 4405 800 4456 τά
859 4404 1128 4473 βασιλέως
1189 4407 1574 4478 διεθρυλλεῐτο,
1633 4411 1728 4462 ἐπὶ
1791 4413 1898 4463 τῶν

1995 1919 2151 1990 jungi
2185 1920 2403 1974 civitas.
2441 1919 2561 1972 llaec
2607 1919 2832 1988 quidem
2889 1920 3033 1975 fama
3071 1922 3542 1977 disseminaliamr
3573 1941 3592 1992 ;

2001 2013 2161 2082 Cujus
2219 2021 2504 2066 auctorem
2556 2013 2864 2079 Chumnus,
2920 2017 3135 2068 tametsi
3192 2017 3358 2070 multa
3413 2017 3592 2086 inqui.

2001 2103 2203 2158 sitione
2271 2105 2538 2168 adhibita,
2587 2105 2836 2159 invenire
2896 2120 3004 2158 non
3053 2108 3251 2174 potuit.
3297 2108 3592 2162 Nihilomi-

2002 2207 2109 2247 nus
2159 2210 2225 2248 ει
2279 2209 2338 2248 re
2377 2209 2474 2248 sua
2507 2204 2562 2249 et
2605 2195 3017 2265 metropolitani
3060 2197 3308 2252 futurum
3347 2199 3590 2266 censuit,

2006 2284 2052 2338 si
2093 2284 2184 2340 ille
2215 2295 2442 2354 postero
2495 2286 2584 2340 die
2622 2287 2963 2342 Chor-tactum
2999 2288 3301 2358 profectus,
3339 2290 3591 2345 Alexium

2005 2377 2370 2448 Palaeologum
2402 2389 2458 2433 et
2513 2379 2903 2449 Apocauchum
2943 2381 3028 2451 (si
3069 2398 3230 2436 verus
3255 2395 3398 2437 esset
3430 2383 3592 2438 dissi-

2006 2479 2168 2538 patus
2198 2470 2426 2540 rumor)
2459 2471 2525 2526 ad
2583 2473 2971 2542 imperatorem
3017 2475 3369 2532 retrocedere
3401 2477 3560 2532 horta

2009 2574 2194 2632 retur;
2229 2583 2335 2621 non
2383 2569 2532 2622 enim
2565 2569 3008 2625 Thess:donicam
3055 2571 3355 2627 admissum
3401 2573 3489 2628 iri.
3531 2573 3588 2629 Si

2011 2657 2352 2727 refragantes
2380 2675 2447 2714 eo
2479 2675 2694 2715 smnma
2721 2663 2770 2716 vi
2797 2663 3221 2730 contenderent,
3245 2665 3587 2733 praadiccret,

2010 2755 2273 2819 tauquam
2333 2752 2712 2820 insidiatores,
2769 2765 2824 2809 et
2881 2757 3072 2809 urbem
3127 2757 3194 2810 ab
3257 2759 3590 2828 imperatore

2005 2855 2258 2897 avertere
2316 2845 2644 2908 studentes.
2699 2847 2754 2901 in
2813 2862 3088 2902 carcerem
3157 2850 3587 2906 contradendas.

2009 2934 2136 2990 Harc
2164 2935 2242 2988 illi
2275 2950 2444 3006 super
2475 2937 2683 2991 auditis
2718 2938 2902 2993 facere
2965 2942 3018 2994 in
3077 2941 3324 2996 animum
3355 2944 3588 2998 induxe-

2011 3037 2165 3081 runt.
2223 3027 2318 3082 Die
2347 3029 2545 3094 altero,
2585 3031 2703 3084 sole
2739 3032 2967 3097 recenti,
3029 3035 3490 3103 ntetrOpolitanus
3521 3051 3586 3091 ex

1955 3171 1971 3194 ε
2006 3119 2262 3173 condicto
2309 3121 2454 3174 viam
2499 3118 2840 3176 Chortaalum
2873 3137 3066 3177 versus
3091 3125 3354 3195 arripuit;
3388 3125 3582 3180 Chum-

2007 3225 2112 3266 nus
2140 3226 2264 3264 cum
2297 3211 2559 3265 comitatu
2597 3227 2698 3266 suo
2725 3223 2880 3282 porta
2920 3231 3043 3283 quae
3088 3217 3426 3285 ’Δσωματων
3480 3219 3586 3290 [lu-

2007 3303 2428 3375 corporcorum]
2469 3313 2718 3370 vocatur,
2777 3321 3058 3376 egressus,
3101 3325 3284 3363 rerum
3326 3322 3584 3365 eventum

2006 3397 2356 3451 observabat.
2422 3401 2501 3451 Ac
2533 3409 2643 3452 tota
2685 3402 2818 3452 urbs
2844 3415 2874 3453 a
2906 3399 3048 3454 fama
3085 3403 3382 3472 pendebat.
3419 3405 3584 3458 Caete-

2003 3501 2126 3540 rum
2160 3485 2227 3540 iis
2253 3487 2348 3556 qui
2383 3487 2454 3542 ab
2514 3487 2848 3556 imperatore
2885 3490 3216 3546 videbantur
3256 3507 3399 3558 esse,
3435 3494 3582 3548 indi-

2004 3587 2152 3631 ctum
2189 3587 2329 3637 erat.
2365 3593 2505 3632 neve
2536 3579 2727 3644 armis,
2763 3596 2898 3634 neve
2939 3583 3099 3652 equis
3134 3591 3456 3652 uterentur;
3489 3587 3584 3641 sed

2001 3677 2097 3724 aut
2146 3669 2288 3724 intra
2325 3669 2566 3740 parietes
2595 3687 2652 3725 se
2686 3676 3075 3740 continerent,
3113 3685 3208 3729 aut
3242 3675 3363 3731 sine
3403 3677 3584 3746 equis,

2005 3777 2066 3817 ac
2097 3762 2216 3817 sine
2265 3763 2434 3816 armis
2483 3763 2536 3816 in
2587 3763 2866 3831 publicum
2903 3767 3204 3833 prodirent.
3238 3768 3344 3835 Qui
3369 3781 3426 3826 et
3457 3773 3584 3842 ipsi,

2004 3851 2452 3920 quandoquidem
2497 3853 2768 3910 adventus
2802 3855 3154 3924 imperatoris
3197 3864 3442 3914 omnium
3473 3877 3584 3916 ser~

2004 3940 2260 3995 monibus
2317 3941 2722 4008 celebrabatur,
2784 3947 2958 4000 muris
3014 3957 3184 4014 portae
3235 3952 3348 4018 jam
3422 3951 3584 4007 dictae

2003 4031 2344 4093 conscensis,
2395 4045 2576 4084 rerum
2633 4033 2840 4086 exitum
2883 4035 3126 4090 inermes
3163 4041 3581 4107 exsliectabant.

2004 4123 2344 4191 Mctropolita
2378 4133 2437 4177 ut
2464 4123 2744 4180 Chortatto
2767 4128 3176 4199 propiuqnavit.
3207 4134 3507 4202 improviso
3527 4135 3580 4190 in

2005 4213 2394 4283 imperatorem
2434 4215 2683 4269 incidens
2711 4217 3016 4288 obstupuit,
3052 4236 3108 4274 et
3141 4221 3581 4292 intempestivam

2005 4306 2396 4375 profectionem
2421 4321 2576 4360 suam
2609 4307 2902 4364 incusavit.
2937 4309 3217 4368 Salutatus
3244 4317 3312 4368 ab
3345 4318 3584 4386 impera-

2005 4407 2146 4464 tore,
2195 4398 2314 4467 ipse
2359 4401 2653 4467 repentino
2693 4401 2939 4468 periculo
2976 4405 3292 4471 exterritus,
3329 4409 3584 4477 nihilque

325 4493 524 4560 τειχῶν
556 4493 654 4562 τῆς
685 4494 854 4564 αὐτῆς
883 4495 1058 4566 πύλης
1097 4497 1412 4560 ἀνελθόντες
1441 4499 1662 4553 ἄνοπλοι
1691 4499 1788 4568 τὴν
1817 4501 1898 4554 εκ-

2007 4490 2364 4560 respondens,
2403 4507 2567 4559 quam
2625 4493 2879 4546 celeriter
2939 4497 3139 4562 potuit,
3182 4511 3241 4550 se
3283 4499 3578 4566 proripuit,

329 4585 490 4635 σασιν
525 4587 849 4654 περιέμενον
895 4588 1003 4640 τῶν
1059 4589 1424 4659 πραγμάτων.
1471 4591 1530 4644 Ὀ
1573 4593 1754 4660 μέντοι
1791 4611 1900 4662 μη-

327 4675 678 4743 τροπολίτης,
707 4678 826 4729 ἐπεὶ
856 4679 1022 4744 ἐγγὺς
1043 4680 1260 4747 ἐγένετο
1282 4682 1606 4750 Χορταίτου,
1639 4685 1904 4753 ἀπροσδο-

327 4768 514 4833 κήτως
537 4765 774 4835 ἐντυχὼν
799 4767 874 4836 τῷ
904 4771 1008 4838 νέῳ
1039 4767 1269 4836 βασιλεῖ,
1303 4771 1676 4841 ἐξεπέπληκτό
1704 4789 1759 4824 τε
1809 4774 1903 4824 καὶ

325 4858 427 4923 τῆς
451 4857 688 4924 ἀςίξεως
711 4860 1096 4930 κατεμέμφετο
1110 4861 1206 4931 τὴν
1225 4861 1500 4933 ἀκαιρίαν.
1522 4863 1564 4913 Π
1572 4862 1899 4933 ροσαγορεύ·

329 4968 486 5013 οντος
515 4951 570 5003 δὲ
603 4951 768 5005 αὐτὸν
787 4953 1074 5023 βασιλέως.
1105 4957 1264 5018 αὐτὸς
1295 4959 1429 5025 πρὸς
1457 4958 1547 5009 τὸν
1573 4959 1637 5009 ἐκ
1665 4956 1758 5008 τοῦ
1778 4959 1902 5026 αίφ-

339 5043 510 5095 νιόίου
562 5043 807 5094 κίνδυνον
858 5042 1203 5114 Θορυὸηθεὶς,
1257 5045 1392 5114 μηδὲ
1443 5047 1901 5118 ἀντιπροσειπὼν,

331 5134 566 5204 ἤλαυνεν
597 5133 672 5196 ὡς
707 5128 818 5203 εἶχε
849 5135 1047 5204 τάχους
1079 5136 1216 5203 πρὸς
1253 5137 1350 5206 τὴν
1381 5137 1555 5204 πόλιν,
1590 5140 1686 5207 τὴν
1717 5137 1904 5207 ἔφοδον

336 5223 594 5294 μηνύσων
634 5222 920 5292 βασιλέως.
970 5225 1168 5278 Εἵπετο
1217 5226 1261 5278 δ’
1303 5227 1452 5297 αὐτῷ
1482 5235 1571 5281 καὶ
1597 5230 1624 5280 ὁ
1649 5229 1907 5298 βασιλεὺς

335 5312 732 5383 συντονώτερον
761 5313 990 5384 βαδίζων
1035 5329 1052 5345 ⁸
1083 5316 1134 5368 ot
1181 5316 1236 5369 δὲ
1265 5318 1334 5370 τά
1361 5317 1526 5370 αὐτοῦ
1577 5321 1908 5388 πράττ,ντες

330 5407 446 5466 τοῖς
487 5403 724 5472 τείχεσιν
769 5405 1094 5471 ἐφεστῶτες,
1147 5407 1269 5459 ἐπεὶ
1329 5409 1434 5461 ἀπὺ
1493 5411 1600 5462 τῶν
1646 5412 1904 5480 σημαιῶν

332 5493 582 5562 ἔγνωσαν
601 5491 822 5562 βασιλέα
849 5495 1253 5565 προσελαύνειν,
1277 5499 1756 5568 ἀναθαρσήσαντες
1787 5503 1905 5552 ἑπι-

2003 4585 2122 4654 ejus
2161 4585 2228 4638 ad
2261 4583 2454 4638 urbem
2487 4599 2769 4638 aet-essum
2805 4588 3182 4642 nuntiaturus.
3233 4589 3582 4659 Sequebatur

2011 4675 2172 4746 166
2233 4677 2575 4732 contentiore
2623 4693 2816 4745 gressu
2871 4679 3216 4748 imperator;
3252 4683 3410 4752 cujus
3462 4682 3582 4736 fan-

2009 4778 2158 4821 tores
2189 4767 2244 4820 in
2281 4767 2454 4820 muris
2489 4777 2750 4832 astantes,
2786 4780 3076 4838 postquam
3099 4785 3130 4825 e
3157 4771 3366 4826 vexillis
3399 4774 3578 4842 ipsum

2006 4858 2328 4928 adequitare
2359 4857 2694 4924 didicerunt,
2724 4871 2939 4930 sumpta
2985 4863 3234 4924 audacia.
3264 4865 3316 4918 in
3346 4879 3444 4920 eos
3480 4866 3577 4935 qui

2007 4960 2166 5004 extra
2223 4959 2434 5019 portam
2486 4959 2666 5012 erant,
2730 4951 3122 5020 lapidationem
3180 4955 3470 5010 faciebant.
3534 4958 3575 5022 li

2005 5043 2258 5097 hostibus
2315 5041 2448 5096 foris
2504 5041 2908 5110 ingruentibus.
2965 5057 3020 5101 et
3070 5049 3164 5116 qui
3219 5048 3369 5103 intus
3420 5064 3576 5105 erant

2007 5145 2194 5202 arerte
2274 5133 2516 5188 inimicis
2567 5143 2731 5204 atque
2789 5137 3025 5202 infestis,
3083 5139 3391 5196 nescientes
3445 5143 3572 5212 quid

2003 5233 2249 5294 agerent,
2281 5225 2427 5278 intro
2475 5240 2533 5278 se
2585 5227 2881 5294 recipiunt.
2916 5239 3102 5297 portas
3143 5233 3460 5289 occludunt.
3511 5236 3578 5289 Et

2003 5317 2131 5385 quia
2161 5315 2227 5368 de
2257 5330 2411 5368 muro
2427 5331 2554 5370 saxa
2581 5317 2913 5384 jacientibus
2943 5321 3202 5376 resistere
3235 5325 3572 5392 nequibant,

2003 5409 2060 5462 in
2111 5407 2292 5476 fugam
2344 5408 2621 5473 conversi,
2679 5423 2882 5472 arcem,
2921 5421 2978 5464 ut
3025 5411 3152 5467 inde
3193 5428 3249 5468 se
3280 5414 3576 5476 refensuri.

2004 5510 2276 5570 occupant
2337 5501 2472 5571 (99).
2539 5501 2662 5555 Arei
2723 5501 2989 5572 Georgius
3041 5504 3272 5576 Lyzicus
3325 5519 3575 5578 praeerat,

1563 5616 1776 5676 Jacobi
1815 5615 2077 5680 Pontani
2117 5622 2305 5676 noue.

413 5707 738 5783 ’Axpgrtoiuz
781 5711 994 5768 duobus
1062 5711 1244 5769 verbis
1325 5716 1598 5783 expressit
1674 5715 1902 5773 Latinus

333 5778 526 5849 poeta
539 5778 626 5834 γει
665 5779 880 5836 Λίιιεὶα.
909 5801 922 5836 :

2086 5715 2218 5790 Urbe
2245 5717 2349 5790 fuit
2385 5733 2592 5770 summa
2625 5717 2910 5773 Laurentis
2953 5721 3096 5790 regia
3127 5721 3255 5778 Pici.

2102 5789 2442 5856 Ἀκριῦπολις,
2479 5791 2652 5856 inquit
2701 5789 3130 5862 Etvmologit-on,
3157 5792 3452 5863 καρόπολίς
3495 5811 3578 5859 τις
