4250 6444
276 429 388 489 365

1446 424 1986 486 HISTORIARUM
2024 423 2253 485 LIBER
2300 425 2342 485 l.

3400 428 3502 491 366

283 555 341 589 τε
377 538 511 589 πόδα
545 538 885 606 ἀπεγύμνου,
919 540 1009 590 καὶ
1038 538 1131 599 τάς
1168 538 1377 599 ὀθόνας,
1410 530 1497 598 αἷς
1546 537 1843 605 ὲδεσμεῖτο,
1876 540 1918 593 Α
1950 549 1961 584 l

1822 560 1843 598 ι,
1876 540 1918 593 Α
1950 532 2203 587 nellcium
2235 514 2437 601 gratias
2487 534 2618 602 egit,
2655 548 2720 586 ac
2760 542 2871 587 tota
2902 533 3093 589 civitas
3132 534 3408 589 ints-llecto
3448 542 3500 591 in

290 629 541 697 περιῄρει
598 628 665 694 (ῶ
695 630 793 697 τῆς
824 628 1024 698 πολλῆς
1063 629 1158 681 τοῦ
1198 626 1333 680 Θεοῦ
1383 629 1509 696 περὶ
1544 628 1669 687 τοὺς
1702 627 1842 695 μάρ-

282 718 843 786 τυραςφιλοτιμίαςί),
860 720 890 770 ὁ
914 720 1014 787 μὲν
1040 719 1197 788 μοτὸς
1216 718 1322 781 ἔξω
1346 716 1541 786 εὕρητο
1581 716 1844 786 ἑρῤιμμέ-

284 820 395 869 νοςο
421 808 577 876 ὑγιὴς
592 808 648 861 δὲ
671 811 700 861 ὁ
716 811 849 873 ποὺς
879 814 935 873 ὲς
969 809 1239 871 τοσοῦτον,
1260 809 1336 870 ὡς
1364 808 1669 884 μηδὲίχνος
1685 808 1843 875 οὐλῆς

288 897 323 965 ἢ
350 899 665 966 τραύματος
689 900 1037 968 ὑποφαίνειν,
1068 900 1183 953 ἀλλ’
1201 900 1509 969 ἀγνοεῖσθαι
1540 900 1721 951 είποτε
1751 899 1845 952 καὶ

285 987 521 1058 ἐτρώθη.
554 990 733 1060 Ὅπερ
771 990 895 1043 ίδὼν
923 992 951 1043 ὁ
980 990 1234 1060 βασιλεὺς
1259 990 1463 1057 μᾶλλόν
1492 1007 1551 1043 τε
1582 982 1740 1059 ἥσθη
1758 990 1846 1045 διὰ

284 1079 520 1149 τοῦτο,ἢ
549 1082 630 1135 ὅτι
670 1082 1071 1153 Θεσσαλονίκην
1103 1082 1476 1150 ὑπεποιήσατο
1510 1081 1716 1149 ἐαυτῷ’
1753 1065 1846 1135 καλ.

284 1172 622 1240 θερμοτέρας
667 1172 858 1225 τούτου
911 1173 1072 1226 ἕνεκα
1103 1173 1198 1225 καὶ
1237 1172 1452 1234 πλείους
1498 1173 1594 1233 τὰς
1621 1173 1844 1242 εὐχαρι-

287 1263 443 1323 στίας
491 1263 769 1318 ἀπεδίδου.
817 1265 929 1317 Καὶ
979 1265 1013 1333 ή
1059 1264 1212 1325 πόλις
1243 1264 1299 1316 δὲ
1346 1265 1496 1317 πᾶσα
1521 1263 1620 1330 τὴν
1645 1266 1722 1323 είς
1753 1263 1845 1316 τὸν

291 1346 518 1412 βασιλέα
566 1351 855 1419 πυθόμενοι
882 1350 1349 1421 θαιεματουργίαν,
1379 1351 1610 1415 πολλοὺς
1647 1351 1846 1421 ὕμνους

284 1438 363 1497 είς
389 1455 447 1489 τε
470 1440 602 1492 Θεὸν
617 1436 761 1512 ᾖδον,
789 1443 882 1493 καὶ
911 1443 1222 1511 Δημήτριον
1242 1443 1333 1494 τὸν
1352 1441 1560 1494 ἐκείνου
1578 1443 1844 1510 θεραπευ-

285 1529 406 1597 τήν.
425 1529 663 1582 Ἐκεῖθεν
695 1532 751 1585 δὲ
779 1533 1009 1600 ἐξελθὼν
1037 1536 1063 1585 ὁ
1106 1534 1381 1602 βασιλεὺς,
1427 1535 1717 1604 κλινούσης
1745 1536 1843 1606 ήδη

215 1648 225 1667 -.
283 1620 384 1686 τῆς
418 1621 651 1689 ἡμέρας,
699 1624 777 1682 είς
830 1626 895 1676 τά
951 1624 1191 1679 Βασίλεια
1239 1624 1496 1693 ηὐλίσατο
1542 1624 1641 1694 τὴν
1673 1626 1844 1678 νύκτα

285 1708 477 1759 ἐλθών.
536 1711 683 1778 Ἅμα
727 1712 783 1764 δὲ
828 1712 904 1782 ἕῳ
950 1715 1030 1776 είς
1085 1714 1183 1784 τὴν
1240 1715 1729 1784 ὐστεραίαν⁶αὑτός
1786 1733 1846 1768 τε

285 1796 647 1868 ὁπλισάμενος
680 1803 829 1870 καὶὴ
863 1803 1113 1872 στρατιὰ,
1141 1806 1232 1855 καὶ
1272 1804 1363 1856 τοῦ
1411 1804 1845 1859 Θεσσαλονικέων

287 1884 467 1955 δήμου
512 1891 811 1961 προθύμως
862 1896 1386 1963 συστρατευομένου,
1421 1895 1586 1965 ᾔεσαν
1641 1897 1720 1959 είς
1752 1896 1849 1964 τὴν

286 1979 604 2048 ἀκρόπολιν,
638 1984 714 2043 ὡς
759 1985 808 2036 εί
857 1986 933 2055 μὴ
987 1990 1360 2056 προσχωροῖεν
1386 1989 1567 2041 ἑκοντὶ
1615 1990 1852 2041 οίκατα-

291 2069 537 2136 σχόντες,
560 2071 838 2140 βιάσαιντο
867 2076 978 2136 τοῖς
1007 2074 1210 2139 ὅπλοις.
1248 2076 1446 2147 Πρῶτα
1473 2077 1571 2146 μὲν
1596 2076 1687 2129 οὖν
1715 2079 1853 2147 πέμ--

286 2158 452 2227 ψειςὸ
508 2162 780 2231 βασιλεὺς,
814 2164 1190 2236 προάηγόρευέ
1247 2184 1308 2220 τε
1361 2169 1485 2229 τοὺς
1546 2167 1716 2232 ἔνδον,
1763 2172 1855 2222 καὶ

289 2254 651 2321 προύκαλεῖτο
681 2256 877 2319 αὐτοὺς
923 2258 1125 2327 ἀμαχεὶ
1168 2259 1266 2328 τὴν
1296 2258 1589 2328 ἀκρόπολιν
1623 2260 1856 2329 παραδι-

290 2343 463 2408 δόναι,
498 2346 805 2414 ἀμνηστίαν
838 2364 896 2400 τε
951 2349 1230 2418 παρέχων,
1265 2350 1359 2403 καὶ
1390 2349 1857 2419 ἐπαγγελλόμενος

294 2432 545 2500 ποιήσειν
572 2431 652 2485 εὖ.
683 2433 772 2495 Ὠς
798 2433 845 2486 δ’
862 2433 962 2487 οὐκ
983 2437 1263 2504 ἐσήκουον,
1287 2436 1421 2489 ἀλλά
1446 2437 1854 2506 ἐσκληρύνοντο,

1946 638 2070 675 eum
2104 623 2251 676 edito
2284 632 2389 677 tam
2445 623 2753 677 admirabili
2807 640 2995 692 opere,
3032 626 3229 679 multh
3262 628 3391 690 Deo,
3447 641 3505 682 et

1947 714 2244 779 Demetrio,
2270 732 2301 768 a
2330 730 2439 784 quo
2468 726 2693 769 curatus
2725 716 2920 779 fuerat,
2949 718 3139 772 laudes
3171 719 3502 774 decantavit.

1945 804 2076 860 inde
2131 820 2402 875 egressus,
2455 807 2751 860 inclinante
2794 807 2905 872 jam
2956 808 3010 861 in
3045 819 3258 864 noctem
3295 813 3406 874 die,
3448 813 3503 865 in

1947 896 2095 963 regia
2128 911 2323 950 somno
2351 897 2614 952 se‘dedit.
2661 897 2763 953 Ubi
2805 898 3024 962 diluxit,
3055 902 3189 969 ipse,
3215 912 3270 956 et
3301 903 3502 956 milites

1946 989 2113 1041 armis
2156 988 2357 1052 induti,
2392 988 2687 1042 comitante
2724 990 2888 1043 etiam
2928 991 3184 1045 alacriter
3235 992 3289 1045 in
3336 994 3505 1045 armis

1948 1079 2427 1134 Thessalonicensi
2457 1080 2683 1149 populo,
2726 1080 2791 1133 ad
2836 1096 3017 1135 arcem
3069 1082 3414 1148 prodierunt,
3448 1095 3508 1137 ut

1948 1170 2051 1223 nisi
2104 1179 2297 1239 sponte
2348 1185 2468 1225 eam
2524 1170 2803 1225 traderent
2850 1172 2944 1239 qui
2994 1172 3326 1237 retinebant,
3355 1174 3405 1226 vi
3440 1189 3508 1227 eo

1947 1259 2319 1329 adigerentur.
2354 1261 2595 1315 Primum
2646 1261 2813 1330 igitur
2849 1261 3148 1331 imperator
3179 1278 3274 1317 eos
3307 1264 3508 1319 saluta—

1949 1338 2088 1408 tum.
2119 1349 2258 1402 etad
2286 1363 2465 1403 arcem
2492 1346 2613 1402 sine
2658 1349 2803 1403 caade
2828 1356 2883 1403 et
2910 1352 3174 1419 sanguine
3202 1351 3508 1406 dedendam

1948 1440 2237 1493 invitatum
2276 1439 2465 1501 mittit,
2519 1425 2861 1494 oblivionem
2900 1439 3293 1503 offensionum,
3324 1452 3381 1496 et
3420 1443 3513 1495 be-

1947 1532 2293 1586 nelicentiam
2349 1530 2647 1600 pollicitus.
2701 1527 2801 1584 Ubi
2849 1529 3185 1585 obdurantes
3237 1542 3510 1587 oratorem

1948 1624 2298 1685 dimiserunt,
2331 1623 2532 1691 quibus
2558 1622 2745 1675 datum
2783 1625 3085 1697 negotium,
3116 1622 3180 1675 ad
3211 1624 3375 1678 horas
3404 1634 3513 1679 tres

1948 1725 2043 1769 aut
2087 1724 2347 1783 quatuor,
2402 1728 2591 1768 muros
2620 1713 3121 1768 adversariisintus
3170 1715 3406 1768 Viriliter
3454 1731 3513 1768 se

1949 1806 2393 1870 defendentibus,
2428 1813 2838 1874 oppugnarunt.
2887 1804 3039 1869 Post,
3092 1814 3205 1859 tum
3247 1806 3389 1859 arcis
3416 1807 3516 1881 .ip-

1954 1899 2069 1953 sius
2115 1897 2330 1961 incolae,
2367 1908 2480 1951 tum
2529 1908 2800 1969 quotquot
2847 1912 2877 1950 e
2931 1896 3515 1951 Tbessalonicensibus

1955 1989 2195 2057 perfugis
2234 1988 2437 2042 seniori
2490 1986 2803 2055 imperatori
2838 2000 3032 2054 parum
3066 1985 3205 2039 bene
3234 1986 3514 2051 volebant,

1955 2078 2243 2132 sententiis
2275 2086 2330 2130 et
2359 2076 2555 2129 animis
2586 2075 2655 2129 ab
2702 2075 2824 2128 aliis
2869 2089 2965 2142 per
3012 2073 3343 2129 seditionem
3402 2075 3515 2130 dis-

1959 2180 2264 2237 crepantes,
2309 2176 2363 2221 et
2420 2166 2667 2220 inducias
2713 2181 2740 2218 a
2782 2166 2997 2235 juniore
3046 2165 3373 2234 imperatore
3424 2182 3519 2235 po-

1957 2269 2193 2325 scentes,
2239 2257 2364 2311 illos
2408 2258 2545 2311 alios
2594 2272 2699 2311 una
2751 2272 2936 2312 secum
2984 2258 3239 2311 obsessos
3293 2258 3517 2311 allocuti

1957 2359 2102 2405 sunt.
2143 2349 2210 2402 Et
2242 2347 2441 2417 Lyzico
2471 2347 2693 2417 quidem
2728 2348 2869 2403 arcis
2899 2347 3184 2415 praefecto,
3220 2354 3280 2401 ut
3328 2348 3395 2401 de
3430 2364 3521 2416 pa-

1960 2442 2063 2495 tria
2118 2442 2362 2510 ipsorum
2413 2447 2697 2502 statueret,
2740 2453 2846 2491 non
2903 2452 2960 2491 se
3001 2438 3365 2505 permissuros
3411 2440 3522 2493 aie-

294 2523 668 2586 καταστάντες
698 2525 1108 2595 ἐτειχομάχουν.
1147 2528 1256 2580 Καὶ
1287 2528 1450 2598 μέχρι
1482 2529 1579 2597 μὲν
1612 2530 1779 2600 τριῶν
1824 2532 1855 2600 ἢ
1903 2576 1907 2580 .

293 2614 570 2682 τεττάρων
598 2615 758 2684 ὡρῶν
792 2617 883 2667 καὶ
913 2618 1065 2670 αὐτοὶ
1115 2617 1385 2687 ἠμύνοντο
1418 2618 1703 2688 καρτερῶς
1752 2621 1858 2673 ἀπὸ

293 2706 403 2757 τῶν
458 2707 674 2775 τειχῶν.
722 2708 952 2761 Ἔπειτα
992 2711 1042 2763 οῖ
1075 2726 1133 2761 τε
1184 2710 1280 2779 τὴν
1328 2712 1623 2779 ἀκρόπολιν
1674 2730 1856 2766 κατοι-
1962 2722 1971 2767 l

1845 2744 1856 2754 -
1962 2713 2184 2792 ιιιικιηιη
2204 2712 2248 2765 si
2283 2710 2415 2780 quid
2445 2711 2535 2765 ille
2565 2710 2885 2763 olIendisset
2922 2712 2938 2779 (
2972 2711 3098 2777 quia
3130 2711 3276 2763 senis
3314 2712 3523 2765 scilicet

296 2796 522 2859 κοῦντες
553 2799 647 2849 καὶ
679 2799 791 2851 ὅσοι
824 2799 931 2851 τῶν
968 2798 1407 2855 Θεσσαλονικέων
1434 2797 1573 2872 ἦσαν
1606 2803 1682 2874 μὴ
1722 2806 1858 2858 πάνυ
1962 2818 1974 2871 ]

1846 2823 1858 2856 ι
1962 2800 2199 2871 partium
2252 2799 2490 2866 fuisset),
2541 2809 2801 2868 cognatos
2844 2799 2963 2866 ejus
3005 2814 3221 2866 pmnam
3266 2800 3524 2868 depreea-

300 2888 793 2959 προσκείμενοιτῷ
830 2890 1183 2961 πρεσϐυτέρῳ
1226 2892 1455 2961 βασιλεῖ,
1483 2895 1861 2947 διεστασίασάν
1964 2902 1978 2946 1

1846 2915 1861 2946 θ
1964 2902 2138 2947 turos.
2168 2891 2342 2946 Alteri
2367 2889 2588 2944 factioni
2615 2890 2868 2944 dicebant
2906 2905 3004 2942 nec
3024 2891 3229 2957 justum
3262 2906 3401 2957 esse,
3431 2910 3524 2944 nec

302 2988 363 3022 τε
399 2975 516 3034 ταῖς
561 2973 806 3039 γνώμαις
843 2974 979 3040 πρὸς
1030 2974 1155 3036 τοὺς
1201 2974 1416 3041 ἀλλους,
1448 2981 1542 3031 καὶ
1572 2978 1861 3047 ἀνακωχὴν
1891 3034 1929 3049 Α
1965 3002 1980 3038 ι

1849 2997 1861 3027 ο
1891 3034 1929 3049 η
1965 2986 2119 3049 utile,
2152 2999 2273 3037 cum
2309 2981 2516 3049 reliqua
2550 2980 2682 3033 urbs
2726 2979 2906 3032 onmis
2948 2980 2999 3031 in
3037 2979 3195 3032 lidem
3235 2980 3527 3049 imperato-

1960 2533 2112 2598 bant,
2141 2547 2265 2586 cum
2313 2539 2458 2586 esset
2510 2530 2645 2584 civis
2682 2530 2910 2583 alterius
2958 2530 3214 2595 civitatis,
3239 2530 3521 2585 Berrhoea:

1960 2623 2243 2687 nimirum,
2268 2637 2375 2690 qua
2416 2621 2483 2674 ad
2516 2621 2901 2689 imperatorem
2935 2619 3213 2689 adjuncta,
3244 2619 3387 2689 quod
3426 2636 3525 2689 pu-

303 3060 627 3128 αίτήσαντες
682 3063 817 3131 ap";
850 3060 1111 3130 βασιλέως
1142 3063 1236 3114 τοῦ
1269 3063 1529 3133 πολέμου,
1563 3065 1642 3126 είς
1668 3064 1859 3131 λόγους

300 3146 645 3215 κατέστησαν
682 3149 792 3209 τοῖς
845 3148 1452 3218 συμπολιορκουμένοις.
1487 3152 1597 3203 Καὶ
1642 3151 1863 3223 Λυζικῷ

312 3235 413 3303 μὲν
460 3237 540 3305 τῷ
583 3236 681 3305 τῆς
716 3239 1062 3306 ἀκροπόλεως
1109 3240 1331 3308 ἄρχοντι
1370 3244 1469 3294 οὑκ
1500 3242 1707 3309 ἔφασαν
1738 3248 1864 3314 περὶ

304 3314 403 3395 τῆς
439 3328 704 3397 σφετέρας
736 3331 988 3400 πατρίδος
1021 3331 1294 3400 βουλεύειν
1327 3336 1719 3403 συγχωρήσειν,
1751 3337 1865 3388 ἑτέ-

306 3436 408 3487 ρας
440 3420 571 3471 δντα
601 3421 809 3482 πόλεως
843 3422 1084 3492 πολίτην,
1116 3423 1173 3475 ὃν
1205 3424 1415 3492 βασιλεῖ
1464 3428 1864 3496 προσχωρησά·

304 3527 404 3580 σης
441 3512 705 3582 Βερῤοίας
743 3514 790 3565 οἱ
841 3517 1145 3581 συγγενεῖς,
1181 3516 1246 3569 ἀν
1290 3533 1342 3569 τι
1370 3519 1461 3569 καὶ
1487 3519 1862 3590 προσκρούσῃ,

303 3604 707 3673 ἐξαιτήσονται.
744 3606 866 3667 Τοῖς
898 3606 941 3658 δ’
984 3606 1161 3669 ἄλλοις
1190 3609 1251 3660 οὐ
1284 3608 1487 3681 δίκαιον
1516 3604 1652 3661 εἶναι
1683 3610 1867 3677 ἔλεγον

304 3693 431 3745 οὐδὲ
471 3694 743 3758 λυσιτελὲς
774 3695 870 3764 τῆς
896 3694 1075 3765 ,ἄλλης
1108 3696 1328 3765 ἀπάσης
1378 3696 1586 3759 πόλεως
1619 3713 1868 3766 προσχωο

309 3786 556 3856 ρησάσης
588 3785 818 3855 βασιλεῖ,
848 3788 1040 3849 αὐτοὺς
1071 3787 1426 3841 ἀνθίστασθαι
1449 3789 1543 3841 καὶ
1574 3789 1830 3857 πολεμεῖν
1851 3804 1864 3820 ο

308 3873 434 3927 οὔτε
466 3878 575 3946 γὰρ
611 3877 928 3946 δυνήσονται
955 3877 1179 3940 ἑαυτούς
1204 3894 1263 3929 τε
1287 3880 1381 3930 καί⁵
1400 3881 1497 3948 τήν
1521 3879 1697 3949 ἄκραν
1715 3896 1873 3950 περι-

308 3969 485 4021 σῶσαι
520 3968 671 4037 μόνοι
694 3969 1170 4038 ὲναπειλημμένοι,
1193 3970 1299 4021 τῶν
1328 3986 1387 4021 τε
1420 3971 1485 4021 ἐκ
1513 3971 1698 4038 Φερῶν
1730 3973 1870 4025 κατά

306 4064 633 4132 συμμαχίαν
665 4064 985 4132 ἀφιγμένων
1030 4064 1369 4133 ἡττημένων,
1401 4064 1493 4117 καὶ
1533 4064 1632 4116 οὐκ
1663 4063 1728 4117 ἂν
1757 4065 1873 4119 ἑτέ-

309 4172 422 4224 ρων
469 4155 851 4224 τολμησάντων
882 4154 1163 4225 ὲλθεῖνοῆ
1206 4171 1263 4206 τε
1314 4154 1578 4223 βασιλέως
1640 4159 1873 4225 στρατιά

306 4246 481 4314 πολλή
517 4261 576 4296 τε
602 4248 695 4298 καὶ
717 4246 1033 4313 ἀξιόμαχος.
1066 4246 1177 4298 Καὶ
1216 4245 1442 4314 προσέτι
1474 4246 1624 4298 πᾶσα
1656 4248 1687 4317 ή
1724 4248 1875 4311 πόλις

1967 3076 2041 3128 ris
2089 3074 2472 3137 concessisset,
2504 3071 2651 3139 ipsos
2683 3069 2883 3133 obniti,
2920 3080 2979 3122 et
3014 3070 3353 3139 belligerare.
3407 3073 3525 3124 Non

1963 3169 2107 3221 enim
2146 3181 2263 3219 eum
2309 3167 2481 3218 simus
2533 3164 2837 3223 interclusi.
2882 3163 2984 3216 soli
3021 3172 3072 3215 et
3116 3178 3233 3225 nos,
3267 3174 3524 3217 ctarcmi

1965 3273 2183 3311 servare
2217 3270 2534 3325 possumus;
2563 3264 2618 3308 et
2663 3255 2757 3323 qui
2792 3253 2982 3307 Pheris
3007 3255 3208 3307 auxilio
3235 3270 3522 3315 venerunt,

1969 3330 2296 3409 victi'sunt,
2346 3359 2400 3401 et
2452 3347 2543 3400 alii
2591 3347 2778 3399 venire
2834 3360 2942 3398 non
2994 3346 3295 3400 audebunt.
3343 3348 3528 3416 Coliiae

1968 3439 2316 3509 imperatoris
2360 3449 2568 3506 magnae
2619 3446 2675 3491 et
2727 3437 3000 3491 bellicosze
3057 3447 3338 3505 praeterea,
3385 3448 3527 3492 totus

1968 3530 2201 3601 populus
2243 3528 2566 3583 assidebunt
2614 3538 2668 3581 et
2719 3528 3146 3597 expugnanbunt
3195 3544 3312 3582 nos.
3354 3530 3527 3596 Atqu.»

1971 3632 2029 3676 ut
2079 3620 2399 3689 aliquandiu
2460 3620 2805 3681 resistamus,
2857 3620 3131 3686 utrimque
3179 3627 3356 3672 tamen
3390 3623 3531 3687 plmr—

1971 3722 2171 3765 temur.
2199 3710 2325 3764 Sive
2353 3708 2499 3761 enim
2538 3708 2845 3771 vincamus,
2873 3708 3076 3761 amicos
3107 3716 3161 3761 et
3187 3708 3534 3776 propinquis-

1971 3805 2141 3859 simus
2195 3800 2600 3864 interimemus,
2629 3800 2744 3853 sive
2816 3801 3123 3861 vincamur,
3188 3800 3532 3852 moriendum

1971 3892 2079 3945 erit
2107 3889 2424 3942 necessario
2454 3903 2467 3949 ;
2506 3901 2628 3954 qua:
2671 3901 2862 3940 omnes
2908 3902 2937 3939 a
2986 3886 3146 3939 nobis
3181 3888 3354 3939 aliena
3381 3897 3529 3940 sunt.

1973 3977 2029 4033 Si
2070 3980 2256 4047 itaque
2308 3986 2364 4031 et
2410 3978 2568 4031 vobis
2602 3979 2897 4044 probatur;
2931 3977 3011 4029 sin
3045 3979 3246 4042 minus,
3300 3986 3352 4029 at
3389 3988 3536 4031 certe

1975 4085 2076 4125 nos
2124 4083 2247 4122 cum
2290 4082 2415 4120 arce
2459 4076 2675 4122 nosmet
2712 4068 2765 4121 in
2811 4082 3007 4121 manus
3056 4067 3403 4135 imperatoris
3445 4071 3539 4121 de-

1974 4154 2188 4207 demus.
2241 4150 2518 4204 Hactenus
2567 4149 2667 4202 illi.
2702 4148 2932 4220 Lyzicus
2968 4159 3170 4216 autem,
3199 4161 3253 4204 et
3280 4150 3371 4220 qui
3400 4165 3429 4203 a
3457 4166 3543 4203 se-

1975 4245 2129 4299 niore
2186 4243 2481 4305 faciebant,
2529 4242 2749 4297 consilii
2797 4242 3010 4310 inopes,
3071 4243 3237 4310 168
3275 4258 3381 4295 una
3415 4258 3539 4296 cum

307 4334 585 4403 πανδημεὶ
634 4332 1075 4404 προσκαθήμενοι
1139 4334 1670 4403 ὲκπολιορκήσουσιν
1701 4338 1866 4406 ἡμᾶς.
1902 4367 1947 4422 D
1977 4352 1985 4388 :

1862 4378 1866 4390 .
1902 4367 1947 4422 Β
1977 4335 2101 4389 aliis
2131 4333 2456 4403 impunitate
2483 4332 2675 4401 petita,
2704 4332 2748 4385 si
2781 4331 2913 4401 quid
2944 4332 3330 4401 imperatorem
3367 4333 3540 4387 offen—

309 4428 373 4480 El.
398 4427 455 4478 δὲ
483 4430 577 4478 καὶ
605 4428 879 4495 ἀντισχεῖν
906 4424 1248 4495 δυνησόμεθα
1277 4426 1411 4494 πρδς
1449 4424 1654 4493 ὀλίγον,
1686 4429 1864 4497 ἀμφο·
1977 4446 1987 4482 4

1577 4442 1654 4491 ον,
1686 4429 1864 4497 ἀμφο-
1977 4428 2208 4493 dissent,
2235 4436 2292 4482 et
2331 4442 2395 4481 ea
2432 4431 2649 4495 adepta,
2677 4439 2861 4479 arcem
2892 4424 3255 4479 tradiderunt.

306 4519 550 4590 τέρωθεν
579 4519 992 4589 ζημιωσόμεθα.
1029 4521 1129 4573 Ἂν
1161 4537 1221 4572 τε
1246 4520 1355 4590 γὰρ
1421 4524 1684 4590 νικῶμεν,
1721 4524 1907 4591 φίλους
1942 4524 2036 4576 καὶ
2096 4522 2223 4583 τοὺς
2270 4522 2635 4583 οἰκειοτάτους
2672 4521 3118 4595 ἀποκτενοῦμεν
3152 4523 3214 4574 ἀν
3262 4539 3320 4575 τε
3370 4518 3545 4593 ήττώ-

311 4615 475 4681 μεθα,
515 4616 727 4683 ἀνάγκη
781 4612 1165 4683 ἀποθνήσκειν.
1195 4613 1263 4664 Ἀ
1293 4612 1357 4683 δὴ
1389 4613 1604 4667 ἅπαντα
1635 4616 1696 4666 οὐ
1732 4616 1869 4684 πρὸς
1904 4614 2082 4684 ήμῶν.
2123 4613 2183 4666 Ei
2252 4613 2352 4683 μὲν
2426 4612 2520 4667 οὖν
2574 4614 2669 4667 καὶ
2708 4615 2837 4683 ὑμῖν
2883 4615 3056 4670 ταῦτα
3092 4618 3369 4669 συνδοκεῖο
3402 4618 3451 4667 εἰ
3496 4608 3543 4667 δ’

307 4706 426 4770 οὖν,
459 4706 573 4759 ἀλλ’
597 4708 756 4776 ήμεῖς
774 4723 836 4773 γε
861 4707 1010 4777 ἡμᾶς
1047 4723 1106 4758 τε
1142 4704 1341 4767 αὐτοὺς
1366 4707 1459 4758 καὶ
1488 4706 1586 4777 τὴν
1646 4706 1943 4775 ἀκρόπολιν
1980 4706 2362 4775 ἐγχειρίσομεν
2426 4704 2651 4774 βασιλεῖ.
2688 4706 2751 4757 Oi
2810 4707 2907 4775 μὲν
2965 4705 3057 4759 οὖν
3105 4708 3329 4761 τοιαῦτα
3369 4703 3544 4759 είπον.

309 4800 551 4862 Δυζικὸς
580 4798 636 4852 δὲ
668 4799 761 4850 καὶ
795 4800 906 4851 ὅσοι
971 4794 1112 4868 ἦσαν
1184 4797 1262 4865 τῷ
1300 4797 1660 4869 πρεσϐυτέρῳ
1690 4800 2075 4870 προσκείμενοι
2137 4796 2375 4867 βασιλεῖ,
2408 4798 2509 4849 οὐκ
2556 4795 2773 4865 ἔχοντες
2826 4799 2908 4850 ὅτι
2952 4798 3234 4867 δράσαιεν,
3274 4800 3390 4867 ἅμα
3432 4799 3545 4856 τοῖς

309 4893 495 4951 ἀλλοις
531 4894 840 4961 ἀμνηστίαν
877 4892 1218 4961 αίτήσαντες,
1252 4890 1304 4943 εί
1340 4907 1393 4942 τι
1428 4891 1909 4961 προσκεκροὺκασι
1950 4893 2083 4959 πρὸς
2126 4890 2372 4960 βασιλέα,
2406 4891 2501 4942 καὶ
2542 4890 2819 4958 τυχόντες,
2861 4890 3168 4959 παρέδοσαν
3212 4890 3311 4958 τὴν
3379 4885 3551 4955 ἀκρό-

309 4988 483 5042 πολιν.

1742 5078 1965 5133 CAPUT
2004 5075 2139 5131 LIV.

316 5166 588 5232 Qua’ritur
625 5184 727 5236 quo
755 5170 822 5220 sit
851 5168 1101 5221 eundum.
1137 5165 1364 5237 Magnus
1399 5168 1709 5221 domesticus
1742 5169 2001 5223 Edessam
2046 5178 2095 5220 et
2136 5166 2436 5220 Castoriam
2476 5165 2680 5218 suadet.
2712 5166 2899 5218 Omnes
2927 5165 3546 5237 approbantronsilium.

389 5233 671 5290 Mittuntur
705 5237 929 5303 litterae;
962 5233 1531 5307 promptasrinveniunt
1563 5240 1630 5289 ad
1659 5239 1997 5291 deditionem.
2034 5237 2170 5301 Quid
2199 5238 2419 5307 senio_n's
2462 5237 2616 5307 duces
2650 5237 2869 5307 egerint.
2913 5233 3107 5303 Ingens
3130 5234 3548 5307 Occidentalium

390 5310 456 5357 ad
480 5307 750 5374 juniorem
783 5303 1019 5375 defectio.
1070 5303 1527 5369 Protovestiarius,
1580 5315 1629 5359 et
1681 5308 1915 5373 despota,
1952 5308 2148 5374 aliique
2196 5309 2264 5364 ad
2321 5303 2611 5359 Triballum
2658 5303 2999 5375 confugiunt;
3045 5306 3135 5375 sed
3169 5306 3437 5374 intercepti
3482 5312 3549 5357 ad
3621 5305 3635 5316 ’

388 5377 766 5443 imperatorem
797 5374 1150 5429 adducuntur.
1187 5376 1419 5452 Pecunia
1448 5380 1615 5429 omnis
1641 5380 1887 5431 uxoribus
1913 5393 2096 5431 eorum
2130 5378 2378 5470 domatur,
2404 5385 2459 5426 ut
2482 5375 2548 5427 sit
2574 5374 2711 5443 quod
2741 5374 2794 5426 in
2823 5376 2959 5426 viros
2985 5374 3188 5427 exsules
3212 5376 3548 5443 impendant.

327 5561 337 5573 .
392 5496 503 5548 Καὶ
558 5495 846 5565 παρελθὼν
879 5498 906 5549 ὁ
941 5495 1220 5566 βασιλεὺς,
1262 5498 1357 5549 καὶ
1410 5494 1527 5546 ὅσοι
1588 5489 1729 5564 ἦσαν
1772 5493 1883 5545 τῶν

1869 5510 1883 5545 ι
2062 5492 2343 5561 Ingressus
2409 5491 2705 5559 imperator
2736 5531 2751 5555 ,
2802 5488 3201 5557 adscriptisque
3252 5486 3318 5540 ad
3367 5502 3497 5541 suos
3532 5528 3547 5552 ,

313 5591 384 5641 τὰ
414 5590 490 5659 (ι)
513 5588 607 5642 τοῦ
632 5589 1009 5659 πρεσϐυτέρου
1041 5586 1305 5659 βασιλέως
1336 5586 1687 5656 παραλαὸὼν,
1725 5585 1911 5654 ὲξῆλ-,

1875 5613 1911 5643 -.
1994 5594 2267 5654 quotquot
2292 5598 2395 5638 avo
2420 5582 2755 5654 cupiebant.
2806 5594 2930 5662 mox
2974 5580 3143 5644 abiit,
3177 5578 3304 5632 etin
3351 5577 3553 5647 palatio

929 5694 963 5721 Ο
1567 5702 1772 5721 1,γμιε
1815 5700 2259 5721 n__-.-_,2_.-._

1562 5702 1776 5763 Jacobi
1811 5700 2073 5762 Pontani
2104 5709 2290 5762 nota).

390 5808 471 5879 (Ι)
510 5808 761 5862 Fortasse
795 5808 933 5876 μετά
962 5816 1057 5861 aut
1086 5814 1209 5876 post
1246 5804 1512 5876 βασιλέως
1543 5804 1681 5859 adde
1710 5803 2061 5875 πραττόντων
