4250 6444
272 393 378 487 δῆι

1433 402 1972 493 utmost-mum
2013 436 2242 532 LiBiillt
2288 413 2346 509 [ξ

3330 491 3352 499 -
3395 439 3502 500 3η

268 543 378 609 ψας
423 542 480 594 δὲ
515 540 542 592 δ
579 541 750 610 μέγας
794 541 1114 611 δομὲστικος
1162 543 1271 595 τῶν
1323 544 1662 596 πιστοτάτων
1690 546 1834 598 οἰκε-

1946 543 2112 614 igitur
2144 561 2373 614 magnus
2413 547 2752 602 domesticus
2805 558 2862 603 et
2910 549 3096 604 verbis
3136 552 3341 619 gratias
3368 552 3499 620 egit,

271 632 384 684 τῶν
421 650 565 697 τινα,
616 633 1004 702 ὑφηγουμένου
1046 633 1139 685 τοῦ
1193 636 1572 704 μεμηνυκότος
1605 635 1672 688 τὰ
1705 637 1838 710 χρή·

275 736 442 787 ματα.
474 720 617 791 ἦχθη
667 722 807 790 πρὸς
864 722 1028 775 αὑτὸν
1078 723 1137 776 έν
1168 723 1291 776 δυσὶ
1334 725 1632 789 κιδωτίοις,
1664 726 1722 779 έν
1755 722 1838 788 οἷς

223 845 227 848 .
269 803 340 875 ἦν
372 810 596 877 ἀγγεῖόν
641 829 697 864 τι
739 814 805 866 έκ
861 811 1068 882 χαλκοῦ
1121 816 1493 885 πεποιημένον
1541 816 1835 887 δισχιλίους

271 902 370 953 καὶ
407 903 809 974 μυρίουςεχον
849 903 1108 974 χρυσοῦς⁹
1140 906 1233 958 καὶ
1283 905 1473 972 ζῶναι,
1521 908 1618 960 καὶ
1655 907 1836 959 ἐκπώ-

277 1009 424 1060 ματα
465 997 532 1048 ἑκ
567 995 772 1065 χρυσοῦ
799 998 1306 1069 ’πεποιημένα-ικαὶ
1336 999 1575 1069 ἄργυρος
1600 983 1834 1067 ἄσημῖος,

272 1087 368 1138 καὶ
403 1087 705 1152 γυναικεῖοι
741 1087 960 1156 κόσμοι,
996 1066 1090 1142 κᾶι
1116 1088 1266 1157 ἕτερ’
1291 1066 1426 1144 ἄττα
1463 1066 1840 1159 τετρακισμυ·

273 1176 408 1243 ρὶων
443 1175 572 1241 ἄξια
618 1179 882 1247 χρυσίων.
921 1178 1012 1248 Τῷ
1053 1165 1154 1247 μὲν
1185 1175 1282 1233 οὖν
1320 1179 1387 1232 τὰ
1434 1181 1695 1251 χρήματα
1743 1198 1839 1248 με-

275 1264 565 1332 μηνυκότι,
604 1265 787 1332 λόγοις
819 1282 881 1319 τε
930 1266 960 1317 ὀ
1001 1267 1177 1335 μέγας
1212 1267 1536 1336 δομέστικος
1565 1269 1837 1338 ὡμολόγει

269 1353 533 1421 χάριτας,
569 1353 663 1422 agi.
706 1352 888 1424 ἔργοις
924 1356 1098 1409 έποίει
1138 1353 1224 1411 εὖ.
1274 1355 1495 1410 Βασιλεῖ
1519 1357 1577 1411 δδ
1609 1349 1838 1428 προσελ-

268 1440 495 1506 θὼν,”τά
517 1459 576 1494 τε
609 1443 870 1514 χρήματα
903 1429 1140 1516 ιμῆνυεν
1167 1447 1244 1508 ὡς
1275 1446 1558 1519 εὕρηνται,
1591 1451 1686 1502 καὶ
1715 1449 1841 1522 ἐδή-

270 1532 368 1585 λου
414 1532 629 1586 καὶτὸν
670 1534 929 1604 ἀριθμόν.
962 1535 1240 1599 Βασιλέως
1271 1536 1348 1600 δὲ,
1379 1536 1622 1601 οὐκοῦν,
1653 1536 1838 1590 είπόν-

265 1643 385 1690 τος,
429 1625 491 1678 at
545 1625 636 1678 τὸν
697 1624 973 1697 εὑρηκότα
1033 1627 1246 1680 δίκαιον
1300 1629 1465 1699 ἔχειν.
1547 1628 1839 1683 ’Ἀλλ’ὠτε

269 1718 564 1786 πρότερον.
590 1708 745 1770 εἷπεν
775 1717 964 1782 αὐτὸς,
990 1721 1048 1772 ὲν
1084 1721 1197 1784 τοῖς
1228 1717 1325 1773 τοῦ
1356 1720 1599 1790 πολέμου
1627 1720 1842 1790 καιροῖς

265 1804 394 1856 οὔτε
439 1802 614 1856 πλείω
654 1801 766 1856 οὔτ’
795 1804 1005 1859 ἐλάττω
1036 1806 1297 1877 χρήματα
1332 1806 1641 1878 ἀφειλόμην
1672 1807 1841 1876 τινδς,

1944 644 2000 689 et
2029 637 2191 692 rebus
2221 637 2515 692 benefecit.
2541 639 2824 695 Convento
2853 641 3200 709 imperatore.
3235 643 3303 696 de
3343 659 3505 710 peeu-
3552 654 3556 658 ‘

1943 724 2074 790 nia,
2130 727 2404 795 quomodo
2445 727 2704 790 inventa,
2753 737 2810 782 et
2862 745 3026 797 quam
3079 731 3301 798 grandis
3335 739 3501 793 esset,

1940 818 2204 874 narravit.
2237 818 2375 872 Tum
2407 819 2705 887 imperator
2733 835 2747 871 :
2780 821 2937 890 172
2989 820 3129 889 Ergo
3163 830 3217 874 tu
3253 822 3505 874 inventor

1940 905 2044 960 ista
2091 907 2190 961 tibi
2246 909 2452 964 habeas
2493 910 2607 980 (ι),
2645 920 2707 964 ut
2733 911 2939 980 justum
2979 919 3084 965 est.
3112 911 3298 979 Atqui,
3327 912 3504 979 inquit

1940 996 2295 1057 domesticus.
2342 1015 2442 1054 nec
2472 1009 2633 1055 antea
2683 1001 2814 1056 belli
2861 1010 3106 1070 tempore
3138 1004 3235 1056 vel
3257 1003 3503 1067 multam,
3596 1025 3604 1033 ·

1939 1089 2027 1142 vel
2091 1089 2362 1144 modicam
2408 1091 2733 1160 cujusquam
2786 1091 2886 1144 tuli
2938 1092 3262 1159 pecuniam,
3317 1108 3508 1160 quem-

1941 1181 2235 1234 admodum
2275 1188 2389 1234 tute
2417 1181 2614 1245 nostri,
2664 1195 2765 1235 nec
2798 1181 2866 1234 ab
2902 1181 3004 1235 ista
3038 1182 3201 1234 modo
3230 1181 3373 1235 vinci
3417 1198 3512 1233 vc-

1941 1271 2060 1327 lim.
2097 1272 2251 1326 Haud
2291 1273 2494 1326 mirum
2544 1287 2609 1326 ac
2655 1288 2880 1337 novum,
2912 1275 3135 1343 subjicit
3182 1275 3504 1342 imperator,

1941 1378 2065 1418 cum
2097 1365 2267 1418 multa
2312 1364 2404 1418 alii
2448 1364 2547 1418 tibi
2585 1364 2955 1429 abstulerint,
3004 1366 3276 1436 praecipue
3321 1374 3506 1434 proto-

1940 1453 2321 1515 vestiarius,si
2353 1453 2594 1508 vicissim
2625 1470 2797 1522 pauca
2823 1455 3067 1524 quaedam
3097 1471 3161 1510 ex
3197 1458 3316 1527 ejus
3342 1456 3509 1510 rebus

1942 1542 2012 1597 ad
2047 1551 2197 1598 tuam
2235 1544 2528 1598 utilitatem
2561 1545 2810 1600 redeant.
2837 1545 3078 1599 Rursum
3119 1547 3459 1600 domesticus
3493 1564 3506 1598 :

1942 1632 2058 1688 Hoc
2087 1648 2218 1688 vero
2253 1636 2449 1689 mirum
2473 1633 2643 1698 iuret,
2672 1635 2714 1688 si
2743 1643 2845 1699 tot,
2886 1634 3296 1704 praesertimque
3333 1637 3514 1688 altero

1944 1724 2113 1787 bello,
2147 1724 2496 1780 detrimentis
2527 1723 2597 1778 ab
2631 1725 2738 1778 illis
2768 1725 3016 1790 adactus,
3046 1727 3297 1795 quamvis
3327 1726 3514 1779 oblata
3631 1749 3638 1756 -

1945 1816 2233 1871 occasione
2265 1831 2366 1885 par
2416 1815 2625 1870 referre
2661 1815 2968 1883 noluisset,
3019 1832 3169 1883 nunc.
3211 1817 3512 1886 pecuniolae

266 1894 460 1962 ὥσπερ
499 1889 654 1946 οῖσθα
701 1895 795 1946 καὶ
847 1895 1031 1957 αὑτός·
1066 1895 1193 1948 οὗτε
1242 1896 1454 1951 τούτων
1498 1898 1566 1950 ἂν
1613 1897 1835 1968 ὀφθείην

1945 1920 2111 1962 causa
2154 1908 2412 1977 antiquos
2466 1922 2662 1982 mores
2697 1922 2829 1962 suos
2874 1908 2928 1960 in
2969 1908 3124 1977 pejus
3167 1878 3508 1969 immutaret,

263 1985 451 2052 ἥττων
489 1983 606 2037 νῦν.
646 1983 796 2059 Ἀλλ’
829 1985 1004 2051 οὐδὲν,
1036 1985 1165 2055 ἔφη,
1218 1986 1532 2056 θαυμαστὸν
1556 2030 1571 2054 ,
1619 1989 1648 2042 6
1682 1990 1836 2060 βασι-

265 2077 414 2140 λεὺς,
451 2079 501 2130 εί
529 2076 702 2129 πολλὰ
741 2077 834 2130 ὑπ’
863 2078 1042 2131 αὐτῶν
1067 2081 1448 2152 ἀφῃρημένος,
1479 2082 1574 2136 καὶ
1603 2083 1840 2151 μάλιστα

266 2169 777 2239 πρωτοδεστιαρίου
804 2151 1046 2234 τουτουῒ,
1076 2151 1234 2238 ὀλίγα
1264 2172 1400 2226 ἄττα
1434 2174 1496 2225 lx
1536 2173 1644 2226 τῶν
1661 2172 1834 2241 ,αὐτοῦ

265 2259 626 2330 ὠφεληθήσῃ.
687 2259 835 2311 Αὐτὸ
893 2260 995 2328 μὲν
1052 2255 1145 2313 οὖν
1200 2259 1358 2314 τοῦτο
1407 2262 1632 2330 μᾶλλον,
1689 2260 1833 2328 εἷπε,

267 2351 618 2421 θαυμαστὸν,
644 2351 694 2404 εί
719 2352 890 2404 πολλὰ
927 2352 1020 2404 ὑπ’
1042 2352 1244 2415 αὐτῶν,
1297 2353 1391 2405 καὶ
1426 2353 1662 2422 μάλιστα
1694 2355 1837 2408 κατὰ

267 2443 360 2495 τδν
420 2442 673 2511 δεύτερον
727 2442 964 2512 πόλεμον
1014 2439 1341 2510 ζημιωθεὶς,
1394 2441 1587 2511 καιροῦ
1662 2459 1839 2511 παρα-

272 2535 503 2602 σχόντος
557 2535 660 2587 οὒκ
717 2520 965 2604 ἠθέλησα
1023 2532 1337 2604 ἀμύνασθαι
1371 2537 1485 2596 τοῖς
1527 2535 1682 2598 ίσοις,
1712 2538 1838 2590 ’νυνὶ

268 2625 324 2676 δὲ
361 2625 561 2690 ὀλίγων
590 2619 758 2678 ἕνεκα
807 2625 1130 2695 χρημάτων,
1167 2625 1229 2678 τό
1275 2642 1336 2677 τε
1381 2624 1439 2689 ἐξ
1489 2625 1664 2695 ἀρχῆς
1707 2621 1839 2694 ἦθος

269 2712 572 2782 διαφθερῶ,
616 2714 708 2766 καὶ
739 2713 918 2782 ἥττων
945 2704 1136 2765 ἀδίκου
1176 2714 1465 2782 λήμματος
1495 2714 1590 2767 καὶ
1617 2714 1840 2784 κέρδους

272 2799 339 2853 ἂν
367 2786 522 2867 φανῶ
549 2818 564 2833 ο
611 2802 748 2855 ἀλλὰ
796 2803 1001 2872 μᾶλλον
1043 2802 1184 2855 αὐτὰ
1220 2802 1588 2874 στρατιώταις
1619 2806 1712 2857 καὶ
1746 2804 1840 2858 ἆλ-

272 2891 387 2956 λοες
418 2891 499 2956 οἷς
523 2894 589 2948 ἂν
616 2895 808 2965 ἐθέλῃς
835 2896 1101 2948 κέλευσον
1136 2896 1548 2964 διανεμηθῆναι.
1577 2883 1840 2958 Βασιλεὺς

279 2988 378 3053 μὲν
432 2984 524 3037 οὖν
566 2986 812 3038 ἐπείθετο
843 2983 1087 3051 εἰπόντι,
1140 2987 1234 3038 καὶ
1279 2987 1370 3038 τδν
1399 2987 1600 3057 χρυσὸν
1625 2989 1747 3049 ὅσος
1773 2982 1842 3055 ἦν

275 3071 532 3129 ἐκέλευσε
587 3077 986 3148 διανεμηθῆναι
1035 3081 1102 3149 τῇ
1172 3081 1424 3148 στρατιᾷ.
1475 3079 1618 3132 Ὅσα
1655 3079 1714 3132 δὲ
1772 3076 1842 3148 ἦν

279 3168 514 3244 ἔπιτλα.
545 3169 640 3220 καί
669 3186 792 3221 τινα
840 3171 905 3221 ἐκ
957 3168 1066 3221 τῶν
1096 3171 1332 3234 σκευῶν,
1364 3168 1476 3222 τῶν
1504 3170 1844 3240 εὐπατριδῶν

277 3259 492 3327 διεδόθη
533 3259 665 3314 τισί·
699 3259 794 3314 καὶ
827 3259 897 3313 τὰ
936 3260 1241 3329 λειπόμενα
1275 3259 1350 3330 τῷ
1387 3259 1847 3332 βασιλικῷιπροσς

278 3351 422 3420 ήχιθη
459 3351 720 3420 ταμιείῳ.
757 3350 933 3404 Ὀκτὼ
959 3350 1014 3404 δὲ
1048 3346 1288 3422 ἡμέραις
1317 3355 1386 3422 τῇ
1418 3353 1628 3423 Ἀχρίδι
1667 3354 1844 3407 ένδια-

277 3443 553 3512 τρίψαντα
599 3443 830 3514 βασιλέα
854 3482 868 3504 ,
913 3445 966 3496 οῖ
994 3461 1056 3496 τε
1095 3447 1194 3508 τὰς
1238 3443 1526 3509 Δεαδόλεις
1553 3448 1848 3517 νεμόμενοι

291 3535 546 3588 Ἀλϐανοὶ
605 3535 840 3603 νομάδες
866 3575 882 3601 ,
929 3538 1024 3591 καὶ
1075 3539 1122 3590 oi
1165 3537 1265 3600 τὰς
1311 3538 1648 3602 Κολωνείας,
1683 3537 1762 3592 Est
1791 3539 1850 3593 δι

283 3631 378 3683 καὶ
412 3630 462 3680 oi
504 3628 750 3698 ’Δχρίδος
784 3629 974 3696 ἐγγὺς,
1001 3631 1421 3700 προσεκύνησαν
1457 3630 1723 3696 έλθόντες,
1753 3633 1850 3686 καὶ

279 3720 996 3792 δουλεύεινὲπηγγείλαντο
1032 3720 1349 3792 προθύμως.
1387 3723 1524 3786 Τοὺς
1561 3722 1618 3776 δὲ
1659 3724 1850 3795 πόρρω

277 3811 729 3882 κατῳκισμένους
760 3813 895 3881 πρὸς
927 3813 1210 3882 ἐσχατιαῖς
1260 3814 1358 3884 τῆς
1402 3812 1703 3884 Ῥωμαίων
1719 3817 1850 3885 ἠγεα

281 3903 497 3973 μονίας,
532 3902 842 3973 γράμματα
880 3902 1066 3956 έκάλει
1115 3903 1370 3974 βασιλικὰ
1403 3905 1541 3973 πρὸς
1574 3904 1845 3957 Θεσσαλο-

282 3996 448 4064 νίκην
507 3993 685 4046 ἐλθεῖν
719 4032 736 4057 ,
791 3993 867 4056 ὡς
917 3993 1398 4064 προσκυνήσοντμς
1449 3996 1587 4047 έκεῖ.
1633 3997 1742 4049 Καὶ
1783 3996 1846 4048 οὐ

280 4085 468 4151 stolis];
499 4085 728 4152 ὕστερον
755 4080 938 4154 ἦλθον.
980 4083 1038 4138 '0
1072 4085 1259 4154 μέντοι
1297 4086 1521 4156 Κράλης
1540 4080 1657 4156 ἅμα
1690 4102 1851 4156 στραο

278 4175 360 4243 τῷ
392 4174 556 4228 παντὶ
578 4172 657 4240 τῷ
694 4171 788 4226 ὑπ’
819 4173 1000 4238 αὐτὸν,
1030 4175 1091 4228 έν
1113 4174 1387 4246 μεθορίοις
1428 4175 1529 4246 τῆς
1566 4174 1732 4230 αὑτοῦ
1754 4177 1851 4230 καὶ

292 4264 586 4337 Ῥωμαίων
615 4265 910 4334 ἡγεμονίας
964 4264 1063 4330 ῶν,
1114 4266 1221 4320 ὑπὸ
1277 4267 1379 4336 μιν
1435 4267 1544 4322 τῶν
1596 4268 1850 4336 φυγάδων

292 4358 584 4426 Ῥωμαίων
629 4358 903 4430 ὁσημέραι
963 4357 1326 4428 παρεκαλεῑτο
1389 4358 1539 4413 κατὰ
1588 4357 1872 4430 βασιλέως,

281 4450 483 4514 ἐλθεῖν,
525 4450 621 4502 καὶ
669 4448 850 4519 μᾶχην
873 4449 1184 4504 συνάπτεινο
1216 4449 1461 4519 ὑπήκουε
1490 4449 1546 4503 δι
1579 4451 1849 4519 οὐδαμῶς,

1941 2007 1999 2052 et
2073 1997 2265 2068 iniquo
2330 2013 2557 2052 munere
2617 2013 2683 2052 ac
2745 1998 2899 2053 lucro
2955 1998 3135 2053 minor
3184 2009 3507 2068 appareret;

1945 2087 2056 2141 imo
2109 2086 2396 2142 enimvero
2448 2087 2635 2157 potius
2668 2087 2941 2143 militibus
2963 2127 2978 2152 ,
3002 2097 3058 2144 et
3086 2089 3208 2143 aliis
3237 2130 3252 2154 ,
3309 2088 3511 2157 quibus

1943 2178 2202 2247 placeret,
2224 2176 2444 2247 iuberet
2466 2176 2744 2232 distribui.
2769 2178 2980 2233 Morem
2996 2179 3163 2248 gessit
3187 2180 3508 2247 imperator,

1943 2273 1999 2320 et
2039 2281 2319 2320 nummum
2350 2282 2642 2321 aureorum
2669 2280 2936 2338 quantum
2979 2280 3124 2324 esset
3176 2270 3230 2324 in
3280 2271 3509 2324 militem

1943 2355 2224 2425 dispertiri
2257 2357 2568 2423 mandavit;
2597 2359 2844 2427 supellex
2864 2399 2880 2426 ,
2924 2369 2983 2414 et
3007 2375 3134 2414 vasa
3168 2360 3378 2428 aliquot
3407 2376 3508 2413 no-

1944 2449 2150 2504 bilibus
2188 2447 2518 2517 quibusdam
2553 2448 2759 2505 donata
2783 2491 2797 2515 ,
2841 2450 3052 2521 reliqua
3081 2453 3135 2505 in
3183 2451 3370 2506 iiscum
3409 2451 3509 2505 im—

1945 2539 2216 2608 peratoris
2246 2539 2395 2593 illata
2440 2549 2607 2604 sunt,
2653 2556 2812 2610 quem
2850 2551 2972 2611 post
3002 2543 3284 2598 octiduum
3315 2542 3510 2596 Acltri—

1945 2632 2067 2687 dem
2107 2632 2394 2687 adoratum
2441 2643 2711 2688 venerunt
2753 2642 2992 2705 agrestes
3022 2629 3259 2700 Albani’,
3306 2635 3510 2703 quique

1947 2724 2244 2798 Deaboles,
2273 2724 2478 2791 quique
2519 2722 2797 2784 Colonias.
2823 2735 2877 2780 et
2906 2727 2999 2794 qui
3039 2726 3192 2796 juxta
3219 2725 3542 2780 Achridems-

1950 2813 2244 2876 habitant,
2272 2828 2331 2868 se
2380 2822 2634 2882 prompte
2683 2813 2731 2868 ei
2779 2817 3056 2885 parituros
3103 2818 3530 2888 promittentes.

1948 2904 2198 2974 Longius
2230 2912 2413 2968 autem
2443 2945 2458 2969 ,
2497 2903 2551 2957 in
2583 2903 2792 2960 ultimis
2836 2906 3091 2961 videlicet
3139 2905 3532 2960 Romanorum:

1952 2997 2153 3052 linibus
2183 2997 2529 3065 incolentes,
2572 2998 2765 3054 litterae
2811 2999 3173 3068 imperatoriis
3217 2998 3511 3051 Thessalo—

1949 3085 2129 3140 nicam
2153 3127 2167 3148 ,
2201 3086 2278 3141 ibi
2307 3088 2590 3158 obsequia.
2617 3105 2716 3145 sua
2761 3086 3061 3142 honoriﬁce
3093 3085 3369 3140 delaturos
3420 3100 3532 3138 ac--

1950 3174 2314 3239 cersiverunt,
2355 3178 2448 3246 qui
2479 3179 2633 3233 brevi
2659 3178 2974 3233 adfuerunt.
3006 3176 3122 3230 Iam
3151 3190 3283 3229 vero
3325 3175 3543 3230 Creiss-

1948 3279 2075 3318 cum
2104 3274 2227 3340 toto
2256 3258 2471 3338 a'gmine
2503 3285 2603 3324 suo
2647 3270 2701 3323 in
2726 3269 2977 3324 conﬁniis
3008 3267 3337 3330 consistens,
3364 3282 3390 3320 ιι
3431 3268 3516 3320 iu-

1948 3355 2134 3427 gitivis
2180 3356 2440 3415 Romanis
2493 3361 2742 3430 quotidie
2790 3360 2856 3415 ad
2900 3360 3149 3430 praelium
3189 3374 3313 3413 cum
3344 3359 3515 3428 impe-

1956 3457 2142 3502 ratore
2170 3451 2632 3505 committendum
2685 3450 3114 3513 soliicitabatur;
3163 3450 3294 3518 qui,
3333 3448 3513 3502 infau-

1949 3547 2095 3593 stum
2131 3538 2439 3614 formidans
2464 3543 2697 3610 exitum,
2723 3558 3067 3613 nequaquam
3100 3557 3197 3597 eos
3221 3541 3510 3605 audiebat;

1951 3628 2182 3686 Chreles
2214 3631 2291 3685 illi
2327 3632 2381 3686 in
2419 3634 2832 3704 exspectatione
2882 3641 3034 3698 erat,
3071 3633 3173 3702 .qui
3203 3633 3396 3686 Pheris
3420 3631 3514 3684 ad-

1912 3774 1913 3777 η
1947 3737 2184 3778 versunt-
2218 3723 2607 3794 imperatorem
2659 3725 2932 3793 iuniorem
2960 3724 3222 3790 Romanis
3249 3722 3545 3776 auxilium.

1950 3812 2160 3878 ferens,
2198 3813 2445 3868 nondum
2491 3813 2752 3870 redierat.
2795 3815 2877 3869 Ex
2924 3829 3026 3876 eo,
3067 3813 3135 3868 de
3183 3814 3513 3882 imperatore

1949 3905 2180 3974 ejusque
2216 3905 2458 3960 exercitu
2484 3947 2500 3972 ,
2553 3904 2897 3960 invadendus
2931 3911 3092 3960 esset
3130 3918 3234 3958 nec
3279 3917 3386 3966 ne,
3430 3902 3513 3953 in-

1950 3995 2203 4066 telligere
2249 3997 2530 4067 cupiebat.
2565 3997 2912 4053 Praesentem
2936 3998 3048 4067 jam
3078 4001 3511 4066 percunctatur,
3552 4042 3556 4048 .

1950 4084 2164 4154 ecquid.
2214 4083 2620 4154 conﬂigendum
2678 4094 2880 4157 putet-
2918 4086 3014 4140 ille
3084 4100 3273 4154 pacem
3333 4087 3558 4154 potius.

1955 4175 2307 4245 agitandam,
2347 4191 2453 4231 nec
2477 4176 2682 4232 bellum
2708 4214 2725 4240 ,
2757 4176 2904 4246 quod
2945 4175 3128 4254 adhuc
3170 4176 3381 4230 nullum
3418 4178 3511 4240 sit,

1921 4311 1925 4313 .
1951 4267 2085 4333 sibi,
2112 4267 2338 4328 suisque
2381 4266 2774 4322 accersendum
2800 4266 3090 4322 hortatur:
3127 4268 3512 4338 imperatorem

1952 4357 2131 4428 ipsum
2159 4355 2355 4412 Pheris
2375 4370 2436 4412 se
2461 4355 2688 4424 vidisse,
2721 4356 3010 4411 ducentem
3049 4358 3237 4427 copias
3265 4357 3513 4428 exiguas,
3547 4409 3552 4413 .

1951 4463 2144 4504 verum
2173 4445 2229 4503 ili
2253 4455 2371 4502 arte
2393 4447 2619 4502 militari
2650 4455 2936 4520 tantopere
2956 4449 3306 4516 exercitatas,
3323 4452 3515 4521 equis-

280 4540 471 4603 δεδιὼς
523 4539 610 4610 μὴ
639 4539 700 4593 οὐ
755 4540 898 4593 κατὰ
948 4537 1174 4610 γηῖῶμην
1228 4540 1379 4610 αὐτῷ
1420 4540 1492 4595 τὰ
1542 4535 1835 4614 πράγματα

1953 4556 2101 4612 que,
2146 4548 2202 4596 et
2251 4539 2420 4595 armis
2445 4546 2556 4594 ta
2609 4539 2813 4595 eximie
2873 4541 3217 4607 instructas,
3283 4551 3346 4596 ut
3382 4543 3516 4597 ‘solo

284 4632 538 4703 χωρήσῃ·
567 4629 949 4712 περιέμενε-ὢ
978 4630 1071 4684 τὸν
1097 4629 1334 4701 Χρέλην,
1357 4629 1416 4707 δς
1439 4627 1510 4702 ἦν
1545 4634 1606 4686 έν
1635 4634 1851 4701 Φεραῖς,

293 4725 592 4795 Ῥωμαίοις
640 4723 784 4779 mh
827 4722 922 4777 τοῦ
950 4724 1076 4778 νέου
1102 4723 1370 4794 βασιλέως
1399 4725 1712 4797 συμμαχῶν
1750 4725 1854 4798 (ιτι

284 4818 396 4886 γὰρ
430 4813 629 4884 ἀπῆν),
654 4813 788 4885 παρ’
815 4813 984 4868 αὐτοῦ
1045 4815 1176 4884 περὶ
1220 4814 1602 4886 βασιλέωςκώ
1642 4815 1740 4887 τῆς
1764 4816 1856 4870 ὑπ’

285 4907 455 4962 αὐτὸν
509 4905 770 4974 στρατιᾶς
803 4902 1134 4973 βουλόμενος
1177 4904 1447 4958 πυθέσθαι
1480 4904 1852 4977 είνὶπιχειρη-

283 4999 384 5051 τέα
425 4996 536 5064 εῖη,
577 4995 621 5066 ἦ
653 4991 752 5064 μήζ
795 4994 954 5048 Ἐπεὶ
983 4995 1041 5047 δὲ
1077 4997 1296 5064 ἀφῖκτο,
1329 4995 1658 5050 ἐπυνθάνετο
1687 4997 1852 5051 αὑτοῦ

283 5086 312 5136 ὁ
365 5083 594 5151 Κράλης
627 5081 675 5134 εί
709 5083 849 5151 πρὸς
889 5081 1116 5152 βασιλέα
1165 5084 1521 5155 πολεμητέον
1549 5085 1658 5156 εἴη.
1711 5085 1772 5139 '0
1799 5087 1856 5140 δὲ

289 5173 701 5237 συνεϐούλευεν,
732 5171 975 5244 ἐῑρήνην
1028 5174 1226 5244 μᾶλλον
1283 5175 1457 5240 ἄγειν,
1513 5177 1607 5228 καὶ
1645 5174 1721 5246 μὴ
1767 5174 1860 5228 τὸν

285 5269 390 5320 οὐκ
417 5267 547 5319 ὄντα
580 5267 814 5334 πόλεμον
843 5265 1021 5344 ἑαυτῷ
1049 5267 1142 5319 καὶ
1183 5267 1447 5336 ὑπηκόοις
1472 5268 1720 5334 ἐπάγειν.
1753 5267 1859 5320 Βα-

288 5359 444 5412 σιλέα
468 5361 579 5427 γὰρ
601 5357 766 5420 αὐτὸς
798 5357 982 5425 έλεγεν
1011 5360 1070 5412 ὲν
1100 5359 1296 5427 Φεραῖς
1326 5359 1630 5428 ἑωρακέναι
1653 5357 1860 5426 ἄγοντα

291 5451 394 5519 μὶν
428 5449 658 5518 στρατὸν
683 5449 744 5501 οὐ
768 5449 908 5501 πάνυ
937 5447 1126 5512 πολὺν,
1151 5441 1406 5502 τοσοῦτον
1430 5450 1487 5503 δι
1531 5451 1596 5502 τὰ
1619 5449 1857 5520 πολέμια

1953 4635 2190 4700 aspectu.
2230 4634 2500 4684 terrorem
2553 4627 2887 4684 incuterent.
2941 4627 3021 4681 Ad
3070 4628 3217 4693 hoc,
3247 4637 3375 4682 tam
3430 4644 3552 4683 se--

1952 4717 2076 4773 date
2101 4757 2117 4784 ,
2172 4730 2227 4774 et
2270 4717 2524 4774 ordinate
2579 4718 2751 4774 duces
2788 4733 2920 4774 suos
2954 4725 3369 4789 sequentesmt
3408 4735 3547 4773 nou.-
3632 4771 3642 4784 ,

1945 4811 2161 4866 multos
2200 4808 2300 4867 sed
2351 4825 2522 4866 unum
2550 4809 2841 4865 ‘duntaxat
2887 4824 3009 4866 esse
3043 4809 3261 4866 credas.
3321 4810 3519 4865 Praeci-

1954 4902 2171 4972 pientes
2229 4901 2362 4956 item
2444 4902 2639 4956 audire
2671 4940 2689 4966 ,
2753 4909 2830 4957 et.
2881 4911 3151 4978 prece-pta
3220 4895 3512 4958 coniicere.

1942 4995 2196 5077 _Tautum
2236 5003 2419 5050 autem
2476 4994 2799 5050 fortitudine
2843 5004 2906 5050 et
2951 4995 3182 5050 audacia
3226 4993 3519 5060 excellere,

1962 5087 2313 5154 ut~quamvis
2358 5101 2595 5140 numero
2623 5087 2958 5142 adversariis
2990 5088 3162 5141 multo
3203 5085 3545 5146 inferiores...

1961 5175 2117 5245 173
2147 5189 2244 5230 eos
2268 5174 2335 5229 ad
2369 5175 2834 5245 urbemesorum
2864 5177 3007 5230 nulla
3031 5177 3248 5245 penitus
3270 5186 3530 5230 conster--

1958 5269 2217 5331 natione,
2281 5276 2372 5320 aut
2432 5266 2730 5322 formidine
2757 5279 3170 5337 .sequerentur,
3232 5277 3288 5320 et
3349 5280 3518 5334 prOpe

1956 5359 2192 5423 Pheras;
2215 5371 2325 5427 quo
2355 5358 2472 5412 acie
2492 5372 2615 5412 cum
2649 5358 2758 5413 illis
2786 5354 3138 5422 dimicarent,
3167 5358 3314 5411 diem
3345 5366 3518 5412 totum

1957 5450 2061 5506 sub
2095 5451 2264 5521 signis
2297 5459 2528 5514 starent,
2566 5451 2711 5521 pleni
2738 5450 2933 5506 Martio
2961 5437 3156 5520 spiritu
3203 5451 3412 5504 hostem
3448 5438 3520 5501 ad

1402 5548 1424 5621 ῗ
1524 5563 1739 5625 Jacobi
1775 5568 2037 5628 Pontani
2080 5574 2265 5628 notua.

367 5667 446 5736 (ί)
497 5665 739 5720 Observa
781 5666 1097 5736 praeclarum
1140 5662 1471 5736 exemplum
1504 5668 1645 5737 grati
1692 5669 1859 5722 animi

295 5740 349 5789 in
388 5739 756 5801 imperatore;
795 5737 974 5805 magni
1007 5748 1188 5807 autem
1220 5738 1275 5790 iu
1306 5751 1504 5807 magno
1532 5737 1856 5807 domestico,

297 5807 404 5875 qui
425 5807 715 5873 pecuniam
741 5816 910 5861 totam
944 5805 1219 5875 repudiat,
1248 5805 1417 5876 quam
1435 5806 1684 5876 accipere
1706 5807 1856 5875 juste

1960 5677 2194 5738 poterat.
2234 5669 2350 5724 Non
2378 5668 2560 5736 quivis
2593 5675 2802 5722 tantum
2836 5668 2953 5722 auri
2990 5683 3246 5722 acervum
3294 5666 3536 5721 irretors-

1960 5737 2030 5796 tis
2060 5739 2235 5794 oculis
2261 5737 2638 5808 spectavisset.
