4250 6444
741 380 847 446 37$

1936 382 2251 444 JUANNIS
2291 381 2819 441 CANTACUZFA’I
2863 454 2869 461 ι
3570 381 3600 393 '

3878 346 3991 444 376

742 503 1018 547 certamen
1076 501 1459 560 provocmtes.
1512 491 1660 557 Quos
1705 498 1894 546 contra
1933 506 2056 564 cum
2103 489 2301 544 ell'erre

2333 494 2377 547 Α
2405 487 2804 555 ἐξησκημένον.
2836 486 2930 538 καὶ
2958 487 3145 549 ἵπποις
3180 502 3236 537 τε
3270 487 3362 539 καὶ
3392 485 3575 550 ὅπλοις
3611 486 3987 555 διακεκοσμη-

743 585 937 653 pedem
966 583 1197 638 auderet
1246 599 1427 643 nemo.
1471 576 1782 637 declinasse
1831 582 2135 650 paululum,
2162 589 2217 633 et
2253 580 2306 632 in

740 678 950 745 campis
1001 684 1373 745 pernoctasse.
1417 675 1709 739 Postridie,
1736 685 1859 727 orto
1902 673 2042 736 sole,
2090 688 2307 727 rursum

741 773 982 819 armatos
1010 773 1067 821 et
1090 764 1388 834 dispositos
1412 765 1479 819 ad
1502 763 1971 833 congrediendum
2002 763 2190 818 hostes
2213 777 2311 832 per

743 856 1146 911 internuntium
1178 857 1381 910 elicere
1427 856 1684 911 voluisse.
1717 855 1820 921 Qui
1853 870 1979 911 cum
2015 871 2208 909 eorum
2242 868 2311 909 ne

743 947 955 1000 vultum
1001 947 1223 1011 quidem
1280 947 1507 1007 ferrent,
1558 962 1905 1016 pugnamque
1953 946 2180 1016 praecise
2217 946 2313 1001 de-

742 1046 1063 1103 trectarent,
1095 1046 1301 1107 quanto
1326 1038 1436 1091 dici
1483 1047 1666 1106 potest
1701 1038 1915 1101 ordine,
1955 1046 2011 1091 et
2042 1038 2311 1093 modestia

741 1128 1003 1181 Zicltnam
1053 1128 1397 1197 repetivisse.
1439 1128 1628 1196 Itaque
1660 1143 1788 1182 cum
1820 1128 2061 1182 exercitu
2089 1130 2168 1183 sic
2192 1144 2312 1182 om-

742 1216 981 1271 nimodis
1019 1216 1327 1285 composito
1362 1225 1415 1269 et
1443 1219 1739 1279 instructo,
1774 1227 1838 1269 ac
1869 1214 2039 1269 duces
2071 1215 2311 1269 habente

741 1308 1054 1376 complures
1078 1317 1243 1376 atque
1280 1306 1552 1376 egregios,
1580 1307 1699 1361 sine
1746 1306 2071 1360 necessitate
2111 1313 2173 1360 ut
2218 1306 2313 1360 de-

650 1440 651 1443 η
742 1408 1036 1466 pugnetur,
1072 1413 1356 1463 nunquam
1410 1412 1468 1451 se
1511 1408 1788 1451 auctorem
1830 1397 2107 1450 futurum.
2155 1396 2310 1452 Adde

741 1492 886 1559 quod
938 1492 1307 1547 occidentales
1355 1492 1528 1561 copiae
1569 1491 1699 1560 ipsa:
1728 1506 1946 1560 quoque
1980 1507 2080 1545 nec
2110 1506 2309 1560 parvae,

739 1588 795 1633 et
826 1594 937 1632 non
972 1580 1293 1644 instrenuze,
1322 1594 1446 1633 cum
1483 1578 1831 1647 imperatoris
1859 1594 2054 1648 agmen
2076 1578 2313 1634 adauxe—

741 1669 875 1730 rint,
908 1676 971 1721 ut
1020 1668 1122 1737 ipsi
1173 1670 1241 1721 ab
1279 1668 1383 1722 hoc
1424 1668 1568 1721 bello
1602 1668 1903 1722 abhorrere
1956 1683 2019 1722 ac
2062 1668 2311 1736 refugere

742 1759 920 1828 magis
948 1757 1208 1825 debeant,
1246 1759 1551 1813 eﬂecerint.
1582 1759 1707 1813 Haec
1736 1749 1914 1814 oratio
1953 1759 2121 1820 Crali,
2151 1768 2312 1815 caete-

2418 582 2576 650 μένον
2602 581 2919 650 ἐκπρεπῶς,
2950 580 3024 644 ὼς
3053 580 3314 648 ἔκπληξιν
3340 580 3433 633 καὶ
3466 579 3575 636 ἀπὸ
3612 581 3777 650 μόνης
3807 581 3986 651 ὂψεως

2413 671 2695 741 παρέχειν.
2725 669 2880 723 Οὕτω
2914 670 2971 723 δὲ
3016 669 3299 739 ἀθορύϐως
3343 672 3439 724 καὶ⁵
3478 671 3754 733 εὐτάκτως
3781 672 3994 738 ἐπόμε-

2413 777 2504 813 νον
2554 762 2663 822 τοῖς
2716 757 3003 829 ἡγεμόσιν,
3030 757 3105 821 ὡς
3134 758 3312 813 δοκεῖν
3359 758 3420 811 οὐ
3460 758 3707 825 πολλοὺς,
3744 756 3859 809 ἀλλ’
3888 757 3991 809 ἕνα

2413 854 2563 919 ὄντα,
2606 855 2717 917 τῶν
2743 872 2803 907 τε
2836 850 3321 924 παραγγελμάτων
3354 846 3600 912 ἀκούειν,
3646 848 3740 900 καὶ
3772 847 3985 916 σπουδῇ

2384 972 2387 975 ι
2415 947 2484 1000 τά
2503 948 2857 1014 ,κελευόμενα
2885 946 3087 997 ποιεῖν.
3128 924 3390 1010 ⁵Ἀνδρίας
3418 938 3475 991 δέ
3508 937 3763 991 τοσοῦτον
3798 938 3990 1000 αὐτοῖς

2415 1038 2666 1107 περίεστι
2715 1036 2809 1089 καὶ
2860 1035 3090 1103 τόλμης,
3125 1032 3201 1095 ὡς
3232 1031 3407 1084 καίτοι
3442 1028 3552 1082 τῶν
3586 1026 3990 1094 ἀντιτεταγμέ-

2415 1142 2523 1178 νων
2580 1124 2747 1185 δντες,
2787 1122 3051 1184 ἐλάσσους
3098 1118 3299 1188 πολλῷ,
3350 1118 3445 1170 καὶ
3504 1116 3750 1177 ἐπιόντες
3785 1115 3989 1178 ἀὐτοξ

2415 1216 2568 1284 παρά
2598 1214 2754 1267 πόλιν
2801 1212 3009 1266 οίκείαν
3039 1208 3660 1281 στρατοπεδευομένους,
3690 1203 3815 1258 οὐτε
3849 1204 3993 1257 ἐδει-

2418 1324 2516 1359 σαν
2539 1305 2659 1358 οὔτε
2678 1290 3094 1376 ἐθορυϐήθησαν
3124 1300 3397 1369 οὐδαμῶς.
3434 1298 3595 1351 ’Λλλά
3630 1297 3799 1365 ἐγγὺς
3834 1294 3993 1364 γενό-

2420 1412 2571 1464 μενοι
2595 1395 2782 1465 Φερῶν
2806 1396 2928 1447 ὅσον
2964 1390 3473 1460 συναναμίγνυσθαι
3505 1388 3711 1450 αὐτοῖς.
3746 1387 3991 1455 ἐστησαν

2414 1486 2671 1556 ἀθάπλεῳ
2717 1486 2895 1554 όρμῆς
2930 1483 3017 1536 διά
3048 1483 3229 1550 πάσης
3268 1483 3367 1550 τῆς
3419 1479 3634 1550 ἡμέρας
3678 1475 3992 1547 προκαλού-

2418 1596 2571 1648 μειοι
2599 1579 2657 1640 ἐς
2690 1576 2894 1645 μάχην.
2928 1576 3082 1630 Ἐπεὶ
3126 1574 3183 1627 δὲ
3212 1572 3389 1629 οὐδεὶς
3424 1570 3608 1632 αὐτοῖς
3639 1567 3992 1638 ἀντεπεξῄει,

2418 1671 2616 1740 μικρὸν
2658 1668 3026 1733 ἐκκλίναντες,
3072 1667 3364 1736 ηὐλίσαντο
3410 1663 3507 1732 τὴν
3567 1660 3759 1716 νύκτα.
3792 1660 3905 1713 Καὶ
3930 1660 3992 1722 ἐς

2415 1762 2513 1831 τὴν
2540 1759 2833 1831 ὑστεραίαν
2856 1758 3018 1813 πάλιν
3050 1756 3390 1826 φραξάμενοι
3426 1755 3540 1823 ἅμα
3565 1754 3666 1821 ἒῳ,
3699 1751 3775 1814 ὡς
3795 1751 3851 1814 ἐς
3882 1752 3992 1820 μά·

743 1824 930 1915 ι-ὶυιίιιε
962 1848 1201 1902 ducibus
1236 1849 1398 1903 ﬁdem
1434 1848 1585 1902 fecit.
1629 1847 1694 1901 Et
1724 1864 2034 1918 quanquam
2064 1849 2188 1903 belli
2219 1865 2311 1919 ge-

2346 1824 2387 1879 B
2417 1824 2517 1921 X'IV
2545 1824 2779 1920 ἔπηξαν
2804 1824 3311 1919 παρατεταγμένοι,
3341 1845 3434 1898 καὶ
3471 1842 3814 1921 πέμψαντες,
3839 1841 3993 1911 ἡμᾶς

739 1937 894 1990 rendi
927 1938 1263 1992 voluntatem
1298 1938 1667 2006 deponerent,
1698 1939 1749 1991 in
1783 1939 1974 1993 iisdem
2009 1940 2205 1994 castris
2230 1941 2314 1994 ni-

740 2026 1045 2083 hilominus
1098 2030 1515 2099 permanebant.
1562 2030 1865 2098 Imperator
1920 2030 2157 2085 Acbride
2190 2041 2311 2097 post

740 2118 888 2175 diem
913 2132 1168 2176 octavum
1201 2122 1740 2182 discedensvrelicta
1786 2122 2032 2177 Castoria
2063 2124 2118 2175 in
2150 2121 2309 2177 Pela-

739 2212 955 2281 goniam
979 2214 1130 2265 venit
1162 2230 1176 2266 :
1209 2220 1263 2265 et
1291 2220 1349 2265 ut
1376 2211 1576 2280 oppida
1614 2213 1704 2265 illa
1736 2222 2100 2283 caeteramque
2134 2208 2312 2281 regio-

742 2318 866 2357 nem
910 2303 1202 2371 reciperet,
1232 2312 1289 2358 et
1330 2313 1510 2368 utne,
1566 2304 1693 2373 quia
1743 2305 1956 2359 Cralem
2008 2307 2061 2358 in
2109 2305 2313 2361 ﬁnibus

744 2381 961 2460 imperii
1008 2391 1095 2445 sui
1128 2393 1509 2447 castrametsri
1566 2404 1872 2462 acceperat,
1933 2394 2055 2462 ejus
2112 2395 2312 2450 timore

738 2481 846 2537 iter
876 2482 1009 2536 illud
1042 2482 1316 2538 devitasse
1348 2485 1645 2539 videretur.
1691 2485 1924 2539 Romani
1972 2484 2211 2555 fugitivi;
2249 2495 2309 2539 ut
2352 2475 2362 2485 ’

739 2575 1131 2643 imperatorem
1189 2576 1538 2646 Pelagoniam
1601 2587 2307 2649 pergereqcompererunt,

734 2663 896 2720 Crale
930 2674 1225 2729 convento,
1264 2682 1391 2721 eum
1444 2667 1510 2721 ad
1550 2652 1866 2723 conﬂictum
1919 2684 2043 2723 cum
2077 2669 2172 2723 illo
2196 2670 2308 2739 jam

741 2757 923 2810 vicino
953 2758 1245 2812 acuebant.
1274 2759 1577 2828 Respondit
1600 2760 1805 2821 Crales,
1838 2762 1943 2815 nisi
1968 2744 2061 2816 ille
2091 2777 2151 2817 se
2180 2763 2311 2817 ado-

742 2846 945 2918 riatur,
964 2862 1139 2915 neque
1160 2864 1327 2913 nunc,
1348 2865 1531 2919 neque,
1548 2850 1775 2919 posthac
1793 2868 1917 2904 cum
1941 2868 2007 2906 eo
2024 2853 2310 2922 depugna~

742 2946 951 2991 turum.
990 2936 1125 3007 Ipsis
1157 2950 1360 3007 quanta
1393 2942 1633 3008 potuerit
1661 2943 1880 3010 auxilia,
1901 2943 2190 2998 duodecim
2220 2961 2311 2999 co—

740 3028 930 3083 hortes
947 3044 1069 3083 cum
1094 3016 1331 3084 tribunis
1349 3031 1556 3085 Pheras
1570 3031 1802 3086 misisse.
1825 3016 1978 3087 Nunc
1995 3050 2051 3088 se
2072 3035 2123 3088 id
2145 3036 2307 3089 etiam

2414 1942 2824 2013 προύκαλοῦντο
2864 1943 2921 2004 ἐς
2975 1940 3073 2011 τὴν
3111 1940 3313 2008 μάχην.
3358 1937 3546 2005 ὐμῶν
3580 1936 3639 1987 δὲ
3675 1933 3796 1987 οὐδὲ
3835 1933 3991 1986 ἀντι-

2414 2036 2636 2094 ϐλέπειν
2671 2035 3077 2103 ὑπομενόντων,
3116 2033 3208 2085 καὶ
3244 2029 3497 2100 φανερῶς
3528 2030 3628 2097 τὴν
3666 2024 3991 2095 συμπλοκὴν

2359 2161 2375 2169 ς
2412 2126 2832 2195 ἀπειπαμένων,
2866 2123 3323 2192 ἀναστρέψαντες
3358 2119 3479 2191 μεθ’
3514 2121 3645 2183 ὅσης
3687 2117 3755 2171 ἂν
3810 2118 3991 2191 εἴποις

2411 2220 2509 2288 τῆς
2544 2217 2818 2281 εὐταξίας,
2860 2212 3422 2282 ἐστρατοπεδεύσαντο
3471 2212 3528 2262 ἐν
3561 2210 3757 2278 Ζίχνᾳ.
3804 2207 3887 2275 Τῇ
3920 2206 3991 2275 δὴ

2390 2310 2557 2363 οὕτω
2583 2307 2918 2376 πανταχόθεν
2955 2304 3453 2373 συγκεκροτημένη.
3483 2301 3738 2371 στρατιᾷ,
3760 2301 3854 2353 καὶ
3883 2298 3991 2371 ὐπὸ

2414 2401 2742 2469 στρατηγοῖς
2766 2397 3012 2469 ἀγομένη
3034 2395 3250 2458 πολλοῖς
3270 2412 3328 2446 τε
3349 2396 3440 2446 καὶ
3463 2394 3709 2459 ἀγαθοῖς,
3738 2393 3991 2457 ἀνάγκης

2412 2493 2579 2561 χωρὶς
2628 2491 2730 2543 οὐκ
2778 2489 2845 2543 ἀν
2902 2489 3329 2557 συγχωρήσαιμι
3382 2482 3797 2554 συμπλέκεσθαι
3852 2480 3987 2547 ἐγώ.

2414 2583 2548 2635 Νυνὶ
2580 2581 2637 2635 δέ
2677 2580 2773 2634 καὶ
2809 2581 2908 2650 τῆς
2935 2578 3196 2648 ἑσπερίου
3230 2578 3496 2646 στρατιᾶς
3532 2575 3751 2644 ἀπάσης
3784 2573 3991 2643 πολλῆς

2413 2692 2472 2726 τε
2524 2674 2617 2726 καὶ
2651 2672 2823 2740 αὐτῆς
2854 2670 2950 2725 καὶ
2996 2670 3209 2738 ἀγαθῆς
3250 2668 3419 2736 abun;
3456 2667 3991 2736 προσκεχωρηκυίας

2416 2765 2648 2835 βασιλεῖ,
2674 2764 2756 2817 ἐτι
2789 2763 2990 2831 μᾶλλον
3020 2761 3347 2832 ἀπορώτερα
3374 2763 3440 2811 τὰ
3462 2761 3595 2829 πρὸς
3623 2760 3714 2810 τὸν
3747 2759 3990 2827 πόλεμον

2412 2856 2592 2908 αὐτῶν
2654 2854 2982 2923 καθέστηκε.
3040 2853 3277 2906 Τοιαῦτα
3336 2853 3581 2914 είπόντος
3638 2849 3732 2903 τοῦ
3779 2849 4017 2919 Χρέλη,⁶

2412 2949 2440 2999 ὃ
2469 2963 2527 2997 τε
2551 2945 2787 3014 .Κράλης
2840 2943 3088 2996 ἐπείθετο
3145 2944 3242 2995 καὶ
3294 2943 3343 2993 οί
3392 2941 3541 2993 ἄλλοι
3580 2938 3851 3009 ἡγεμόνες
3887 2937 3990 3005 τῆς

2417 3016 2711 3106 στρατιᾶς,
2763 3036 2858 3086 καὶ
2915 3034 3015 3103 ήδη
3072 3033 3376 3102 ἀπέσχοντο
3438 3034 3557 3094 ταῖς
3592 3030 3840 3099 γνώμαις
3888 3026 3988 3079 τοῦ

740 3119 947 3174 idcirco
978 3119 1179 3173 factum
1208 3120 1371 3183 nolle,
1400 3122 1544 3189 quod
1575 3137 1702 3176 eum
1725 3124 1893 3177 armis
1921 3124 2307 3180 oﬂ‘endendum

2340 3158 2379 3212 ε
2418 3127 2553 3195 πρὸς
2606 3124 2833 3197 βασιλέα
2868 3121 3161 3193 πολεμεῖν,
3208 3124 3402 3193 έμενον
3457 3123 3513 3175 δέ
3562 3123 3711 3193 ὅμως
3750 3120 3844 3174 ἐπὶ
3884 3119 4009 3212 τῆς,

739 3212 1108 3281 susceperim
1127 3227 1237 3281 quo
1256 3211 1373 3281 ipse
1399 3213 1603 3267 nullam
1625 3216 1863 3270 senserit
1892 3216 2170 3287 iniuriam.
2204 3218 2312 3272 Ro-

2352 3210 2375 3212 "
2416 3220 2586 3289 αὐτῆς
2623 3216 3069 3288 στρατοπεδείας.
3103 3216 3367 3278 Βασιλεὺς
3411 3214 3470 3267 δέ
3502 3216 3567 3267 ἐκ
3596 3213 3698 3283 τῆς
3743 3210 3989 3281 ’Δχρίδος

743 3321 1033 3359 manorum
1073 3306 1433 3374 imperatores
1462 3307 1608 3361 inter
1645 3322 1704 3362 se
1734 3309 2038 3372 discordes,
2073 3311 2311 3365 scituros

746 3400 939 3466 utique
977 3416 1073 3467 per
1108 3414 1189 3463 se,
1222 3400 1499 3468 quomodo
1527 3399 1732 3453 bellum
1766 3409 1960 3455 mutuo
1998 3412 2208 3471 gerant.
2256 3413 2312 3457 et

742 3498 1016 3558 quatenus
1049 3490 1420 3554 consentiant,
1472 3506 1531 3545 se
1570 3506 1598 3543 a
1636 3498 1834 3545 neutro
1888 3491 2100 3558 laesum,
2136 3492 2311 3547 donec

744 3583 944 3649 injuste
966 3582 1223 3640 let-datur,
1248 3593 1506 3637 neutrum
1533 3584 1701 3637 armis
1721 3595 2162 3652 persecuturum.
2197 3588 2308 3641 Ro-

740 3674 883 3727 mani
910 3674 1014 3728 hoc
1039 3689 1323 3742 responso,
1345 3690 1440 3743 spe
1467 3690 1588 3744 qua:
1612 3676 1725 3729 sola
1752 3690 2035 3744 supererat
2058 3679 2307 3741 cattlente,

738 3765 929 3821 turbas
959 3765 1105 3820 ciere
1136 3766 1483 3828 insolentius,
1511 3781 1615 3820 nec
1646 3766 1898 3823 desinere
1928 3770 2095 3824 multa
2123 3780 2179 3825 et
2199 3772 2307 3827 acri

734 3859 1092 3913 contentione
1127 3874 1320 3928 urgere
1344 3869 1513 3928 atque
1543 3853 1827 3937 impellere
1858 3860 2181 3931 principem,
2208 3864 2341 3922 ob-.

740 3953 1061 4020 testarique,
1100 3966 1168 4006 ne
1208 3952 1367 4006 inulti
1417 3952 1879 4021 relinquerentur.
1918 3954 2077 4026 174
2100 3956 2313 4021 Quibus

738 4041 966 4096 Triballi
996 4042 1254 4113 proceres
1286 4052 1401 4096 tum
1444 4050 1745 4113 praesentes
1773 4062 1784 4096 :
1828 4045 1995 4111 Heus,
2028 4048 2305 4116 inquiunt,

625 4121 635 4138 “
736 4133 871 4202 quid
909 4150 1047 4202 opus
1074 4147 1162 4188 est
1187 4144 1243 4188 et
1276 4149 1371 4189 vos
1410 4134 1619 4188 frustra
1641 4150 1705 4189 ac
1741 4146 1948 4191 temere
1999 4136 2307 4209 defatigari,

737 4240 859 4294 qu:e
892 4226 1005 4279 lieri
1036 4236 1333 4294 nequeunt
1353 4234 1725 4293 attentantes;
1765 4236 1822 4282 et
1852 4242 1953 4281 nos
1983 4228 2307 4297 obtundere,

736 4331 861 4383 qua:
890 4315 1142 4385 praestari
1169 4317 1250 4370 fas
1278 4332 1387 4371 non
1416 4329 1523 4381 est,
1557 4318 1953 4374 obsecrantes?
1980 4320 2132 4374 Bello
2163 4322 2309 4375 inter

738 4410 1098 4477 imperatores
1130 4408 1381 4463 dominos
1414 4418 1632 4464 vestros
1663 4411 1922 4477 excitato,
1962 4427 2061 4467 vos
2087 4428 2306 4472 omnem

2420 3300 2785 3380 μετάόγδόην
2829 3310 3043 3379 ἡμέραν
3094 3308 3258 3378 ἄρας,
3303 3297 3470 3375 ἦλθεν
3512 3307 3594 3370 είς
3625 3304 3984 3372 Πελαγονίαν,

2414 3406 2511 3473 τὴν
2553 3405 2635 3464 είς
2666 3400 3253 3472 Καστορίανρκλιπὼν
3299 3401 3436 3463 όδὸν,
3468 3401 3585 3468 ἅμα
3629 3400 3727 3468 μέν
3764 3398 3852 3451 (vti
3894 3396 3990 3448 καὶ

2414 3496 2483 3549 τά
2513 3498 2627 3550 ἐκεί
2653 3496 3080 3565 περιποιήσηται
3119 3492 3371 3562 πολίχνια
3406 3492 3499 3551 καὶ
3540 3491 3647 3561 τὴν
3672 3489 3841 3558 ἀλλην
3879 3487 3991 3557 χὼ·

2415 3606 2537 3657 ραν,
2572 3588 2711 3658 ἅμα,
2745 3588 2812 3647 δ’,
2854 3587 2976 3639 ἐπεὶ
3022 3587 3116 3640 καί
3154 3586 3246 3637 τὸν
3292 3583 3518 3654 Κράλην
3567 3585 3626 3635 ἐν
3661 3582 3831 3653 ὁρίοις
3884 3574 3991 3634 πύ-

2415 3681 2560 3733 Οοιτο
2593 3680 2693 3748 τῆς
2724 3678 2989 3748 σφετέρας
3023 3677 3202 3747 ἀρχῆς
3242 3671 3405 3741 εἶναι,
3441 3677 3525 3730 ῖνα
3559 3674 3636 3745 μὴ
3664 3672 3847 3741 δοκοίη
3884 3672 3986 3740 φό-

2414 3772 2493 3839 ϐῳ
2526 3771 2603 3840 τῷ
2638 3771 2773 3841 πρὸς
2814 3770 2979 3837 αὐτὸν
3018 3767 3359 3838 ἀποσχέσθαι
3417 3766 3517 3835 τῆς
3570 3765 3713 3820 ὁδοῦ.
3766 3766 3831 3817 Oi
3884 3754 4023 3831 μέν’

2413 3884 2496 3918 τοι
2561 3864 2852 3933 Ῥωμαίων
2901 3862 3142 3930 φυγάδες
3184 3861 3259 3926 ὡς
3292 3859 3560 3912 ἐπύθοντο
3600 3856 3688 3909 διά
3736 3856 3983 3922 Πελαγα-

2414 3958 2534 4019 νίας
2570 3958 2707 4009 ίέναι
2735 3948 2997 4023 ᾘασιλέα,
3024 3952 3101 4022 τῷ
3131 3951 3323 4023 Κράλῃ
3362 3950 3707 4021 προσιόντες,
3739 3948 3988 4018 ἠνάγκα-

2414 4050 2506 4113 ζον
2553 4047 2973 4116 συμπλέκεσθαι
3028 4045 3242 4115 βασιλεῖ
3286 4043 3390 4114 ήδη
3450 4044 3511 4095 οὐ
3553 4042 3689 4095 πολύ
3724 4042 3987 4112 ἀπέχοντι

2412 4137 2613 4191 αὐτῶν.
2673 4136 2733 4189 Ὀ
2783 4136 3007 4208 Κράλης
3038 4135 3094 4188 δέ
3132 4132 3490 4204 ἀπεκρίνατο,
3536 4133 3675 4204 μήτε
3714 4132 3811 4187 νῦν
3846 4134 3985 4203 μήτε

2414 4228 2660 4291 είσαύθις
2715 4226 2859 4281 ἑκὼν
2900 4227 3237 4297 πολεμήσειν
3281 4225 3516 4296 βασιλεῖ,
3553 4226 3650 4279 ἐάν
3692 4226 3767 4297 μὴ
3820 4227 3993 4289 αὐτὸς

2413 4320 2541 4390 ἐπίῃ
2561 4337 2575 4352 ο
2608 4319 2791 4381 αὐτοῖς
2818 4318 2873 4371 δέ
2902 4317 3001 4389 τὴν
3029 4317 3261 4385 δυνατὴν
3293 4316 3551 4387 βοήθειαν
3581 4317 3983 4387 είσενηνέχθαι,

2414 4412 2743 4467 δυοκαίδεκα
2770 4412 3027 4480 τάγματα
3054 4410 3173 4478 ἄμα
3204 4411 3533 4479 στρατηγοῖς
3564 4409 3984 4480 παρασχόμενος

656 4536 659 4539 -
734 4498 1060 4553 offensionis
1090 4501 1437 4555 occasionem
1470 4502 1682 4565 tollere,
1711 4490 2009 4574 pacemque
2050 4507 2225 4572 vobis,
2258 4516 2315 4562 et

2347 4490 2389 4545 ι)
2418 4507 2477 4559 ἐν
2542 4508 2741 4576 Φεραῖς
2795 4508 2979 4567 αὐτοῖς
3027 4506 3359 4575 ἐπικουρεῖν.
3390 4506 3529 4559 Νυνὶ
3582 4506 3638 4559 δὲ
3688 4507 3845 4575 αὐτῷ
3891 4507 3986 4560 καὶ

737 4591 860 4645 aliis
888 4594 1040 4644 onmi
1076 4591 1287 4645 ratione
1323 4594 1621 4649 conciliare
1668 4594 2012 4666 Opporlcbat,
2068 4599 2310 4655 scientes

737 4680 976 4751 idipsu‘m
1012 4695 1067 4738 et
1099 4684 1551 4752 imperatoribus,
1604 4697 1659 4741 et
1710 4687 1886 4763 vobis,
1931 4698 1986 4743 et
2028 4692 2308 4745 communi

734 4776 1108 4835 Romanorum
1137 4778 1563 4832 conducturum.
1587 4780 2123 4849 Atquicontrarium
2156 4798 2313 4852 pror-

736 4884 833 4921 sus
866 4877 920 4921 t-t
945 4868 1049 4937 ipsi
1083 4868 1481 4938 designabatis,
1504 4878 1561 4924 et
1589 4872 1728 4925 alios
1756 4872 2149 4930 bortabamini.
2180 4873 2311 4929 Om-

734 4974 833 5013 nes
864 4959 1134 5029 siquidem
1169 4960 1419 5015 civitates
1446 4961 1724 5029 obeundo,
1757 4978 1908 5018 arma
1936 4979 2061 5019 cum
2092 4967 2309 5021 seniore

737 5053 1071 5120 imperatore
1108 5052 1376 5107 adversus
1412 5052 1691 5123 juniorem
1724 5056 2140 5127 conjungentes,
2181 5072 2306 5113 cum

735 5140 983 5195 miriﬁcis
1003 5142 1333 5210 quibusdam
1356 5143 2142 5212 promissionibuslaudabatis
2170 5166 2183 5202 :
2210 5164 2311 5205 eos

734 5244 920 5288 autem
955 5234 1048 5303 qui
1090 5250 1277 5303 pacem
1306 5236 1648 5304 praeferrent.
1680 5247 1737 5292 et
1760 5238 1898 5293 alios
1934 5238 2002 5294 ad
2032 5256 2153 5295 eam
2184 5241 2307 5295 alli-

733 5330 943 5385 cerent,
982 5321 1133 5374 velut
1162 5336 1191 5375 a
1238 5321 1459 5393 iuniore
1517 5335 1726 5380 stantes
1776 5341 1931 5395 atque
1967 5326 2022 5381 in
2054 5324 2305 5384 hostibus

731 5413 1048 5476 docebatis,
1080 5429 1144 5468 ac
1185 5415 1392 5468 bellum
1438 5432 1537 5485 per
1575 5417 1658 5472 l'as
1703 5427 1759 5474 et
1810 5419 1967 5474 nefas
2006 5422 2303 5479 ascendere

731 5501 1210 5557 conabamini.'Ut
1239 5503 1407 5573 igitur
1441 5513 1572 5557 tunc.
1602 5506 1849 5562 studiose
1894 5519 2193 5565 sementem
2225 5510 2307 5566 fe-

733 5594 909 5673 cistis,
943 5594 1016 5647 ita
1044 5609 1191 5648 nunc
1225 5610 1457 5650 messem
1476 5598 1756 5666 gravidam
1790 5600 2001 5654 metite.
2022 5600 2135 5655 Nos
2157 5601 2305 5657 Crali

736 5686 981 5754 despotae
1000 5695 1190 5741 nostro
1210 5687 1620 5755 denuntiamus,
1654 5700 1713 5744 ut
1743 5690 2127 5761 imperatorem
2158 5691 2304 5749 bello

737 5779 888 5862 prior
930 5796 998 5836 ue
1050 5780 1316 5853 oﬂ'eudat,
1362 5798 1659 5854 secumque
1714 5798 1949 5858 rcpuzet,
1986 5787 2309 5843 hominibus

2412 4598 2605 4651 τούτου
2635 4597 2797 4650 ἓνεκα
2833 4596 3189 4665 μεταμέλειν,
3227 4598 3308 4649 ὅτι
3332 4596 3473 4665 πρὸς
3497 4596 3651 4649 οὐᾶἐν
3682 4596 3986 4669 ὴδικηκότα

2413 4691 2652 4761 πόλεμον
2716 4690 2889 4760 ήρατο
2944 4688 3003 4752 ἐξ
3026 4687 3208 4751 αίτίας
3284 4688 3565 4757 οὐδεμιᾶς.
3621 4689 3881 4751 Βασιλέα,
3928 4690 3984 4743 δέ

2426 4781 2717 4850 Ῥωμαίων
2746 4782 2883 4849 πρὸς
2924 4780 3187 4849 ἀλλήλους
3219 4778 3666 4850 διαφερομένου;,
3694 4781 3893 4845 αὐτοὺς
3919 4781 3985 4835 ἂν

2414 4866 2644 4933 εἰδέναι,
2674 4871 2821 4933 ὃπως
2863 4887 2921 4921 τε
2976 4870 3377 4939 πολεμήσουσιν
3421 4870 3695 4938 ἀλλήλοις,
3726 4873 3822 4924 καὶ
3853 4871 3987 4925 καθ-

2412 4964 2493 5015 ότι
2535 4963 2927 5031 ξυμθήσονται,
2960 4962 3060 5031 ἐμὲ
3092 4961 3150 5014 δὲ
3194 4961 3362 5031 μηδὲν
3403 4960 3740 5023 ὑπ’.οὐδενὸς
3790 4962 3984 5034 ήδικηο

2416 5054 2600 5123 μένον,
2655 5054 2767 5107 οὐδ’
2805 5053 2973 5106 αὐτὸν
3028 5051 3362 5123 πολεμήσειν
3400 5052 3612 5115 οὐδενὶ,
3647 5052 3753 5120 tot;
3800 5054 3868 5108 ἀν
3907 5056 3984 5124 μή

2411 5145 2711 5215 ἀδικῶμαι.
2741 5146 2804 5198 Οἱ
2841 5144 2942 5215 μιν
2970 5142 3065 5198 οὖν
3097 5141 3355 5212 τοιαύτης
3384 5144 3638 5213 τυχόντες
3664 5144 3765 5214 τῆς
3790 5144 3987 5200 ἀπολο-
4060 5145 4067 5150 ’

2410 5238 2560 5308 γίας,
2597 5240 2691 5292 καὶ
2714 5238 2813 5307 τῆς
2847 5237 3016 5307 μόνης
3044 5236 3486 5305 ὑπολειπομένης
3515 5226 3732 5298 ἐλπίδος
3764 5236 3986 5292 σϐεννυ-

2415 5332 2605 5400 μένηε,
2654 5327 3013 5399 ἐθορυϐοῦντο
3060 5327 3328 5397 σφοδρῶς.
3381 5328 3458 5380 Οὐ
3516 5327 3623 5398 μὴν
3678 5329 3986 5401 ἀπέσχοντο

2409 5421 2506 5475 τοῦ
2532 5422 2607 5491 μὴ
2641 5422 2850 5491 σφόδρα
2877 5419 3023 5490 μετὰ
3047 5419 3289 5489 σπουδῆς
3318 5419 3522 5489 πολλῆς
3542 5420 3681 5491 πρὸς
3712 5421 3803 5475 τὸν
3836 5422 3983 5476 κατὰ

2412 5514 2677 5583 βασιλέως
2722 5514 2959 5581 πόλεμον
2995 5512 3086 5565 τὸν
3124 5512 3348 5582 Κράλην
3373 5510 3616 5583 ἐξορμᾷν
3644 5524 3659 5541 ·
3690 5509 3904 5567 πείθειν
3924 5514 3985 5568 δέ

2408 5603 2753 5674 ἐπιχειροῦσι
2804 5605 2898 5657 καὶ
2934 5602 3211 5673 δεσμένοις
3264 5602 3341 5673 μὴ
3374 5604 3469 5673 ἐᾷν
3519 5603 3717 5664 absab;
3772 5604 3984 5673 ἀτιμω-

2412 5697 2635 5769 ρήτους.
2689 5696 2843 5750 Ἐπεὶ
2904 5698 3000 5751 καὶ
3049 5695 3160 5749 τῶν
3204 5694 3787 5767 Τριδαλῶν-παρῆσαν
3818 5696 3871 5748 οί
3920 5698 3982 5752 ἐν

2409 5790 2571 5857 τέλει,
2606 5790 2680 5843 Οὐ
2715 5790 2851 5855 δέον,
2898 5785 3072 5855 εἷπον,
3104 5783 3149 5844 ὦ
3196 5782 3367 5855 οὗτοι,
3402 5789 3601 5852 αὐτούς
3632 5805 3689 5841 τε
3722 5789 3842 5861 εἰκῇ
3883 5789 3979 5851 καὶ
