4250 6444
731 418 835 484 387

1925 424 2242 486 JOANNIS
2275 422 2794 484 CANTACUZENI
2866 488 2873 495 _

3849 385 4074 494 διὸ.

726 535 1086 603 optimatibus
1117 537 1200 590 avi
1231 551 1348 598 sex,
1385 538 1790 608 conspirantes,
1823 553 1946 592 cum
1974 555 2041 594 eo
2074 537 2287 594 occul:c

2389 537 2672 604 Βυζαντίῳ
2691 535 2900 606 βασιλεῖ
2928 534 3006 607 τῷ
3031 539 3391 611 πρεσευτέρῳ
3423 541 3692 594 συνόντων
3728 544 3959 608 curatiu-

726 637 975 695 egerunt,
1010 627 1055 681 si
1089 628 1330 696 placeret
1360 644 1631 699 occupare
1653 630 1994 699 Byzantium,
2031 631 2162 698 ipsis
2185 639 2291 682 tra-

727 719 1007 780 dentibus.
1053 719 1198 787 quod
1254 729 1535 788 poterant,
1589 721 1828 789 primum
1862 735 1921 774 se
1957 720 2292 789 illisjnrejn-

726 810 900 862 rando
937 809 1326 876 obstringeret,
1363 824 1589 863 munere
1623 825 1734 879 quo
1773 825 1919 862 nunc
1945 808 2287 878 fungeretur.

725 915 983 968 magnum
1033 901 1365 969 logotlietam
1397 909 1734 962 amaturum,
1764 909 1928 968 atque
1963 900 2037 953 illi
2080 902 2132 953 in
2169 915 2292 968 perb

726 1001 952 1060 pctuum
1002 1005 1414 1050 suceensnrum,
1450 1005 1627 1060 neque
1680 1005 1920 1058 unquam
1951 989 2284 1059 ignoturnm.

725 1080 934 1136 Deinde
987 1081 1094 1134 alia
1149 1082 1394 1148 quaedam
1437 1097 1557 1150 quae
1607 1083 1970 1152 postularent,
2015 1081 2293 1151 praestitu-

723 1188 871 1226 rum.
901 1171 979 1225 Ita
1011 1171 1055 1225 si
1085 1171 1324 1234 fecisset.
1355 1175 1474 1229 sine
1504 1189 1655 1229 mora
1681 1181 1890 1230 veniret
1918 1193 1933 1230 :
1961 1174 2126 1230 simul
2145 1174 2290 1227 enim

724 1271 1039 1327 venturum,
1094 1271 1153 1317 et
1199 1263 1392 1318 urbem
1445 1264 1502 1320 in
1545 1275 1870 1334 potestatem
1911 1273 2287 1334 accepturum.

724 1352 902 1420 Super
935 1351 1137 1420 quibus
1167 1353 1458 1422 respondit
1493 1356 1814 1424 imperator,
1853 1371 2032 1426 neque
2063 1370 2123 1410 se
2161 1353 2293 1408 huic

721 1444 866 1496 bello
918 1454 1081 1512 caput
1107 1444 1320 1510 luisse,
1355 1461 1536 1515 neque
1578 1447 1649 1500 ab
1698 1448 1832 1502 aliis
1852 1447 2198 1515 potissimum
2234 1446 2287 1500 id

723 1533 985 1586 suscitari
1038 1533 1280 1589 voluisse
1310 1535 1382 1589 ab
1421 1535 1618 1602 initio;
1669 1545 1725 1590 et
1757 1552 1824 1591 eo
1853 1539 2134 1598 suscitato.
2177 1551 2292 1591 mo-

722 1621 877 1684 dum,
900 1623 1157 1692 viamque
1187 1638 1406 1679 omnem
1429 1627 1786 1696 excogitasse,
1816 1628 2020 1696 quibus
2050 1628 2102 1682 id
2133 1642 2290 1697 posse

719 1710 977 1779 dissipari
1016 1712 1422 1781 arbitraretur;
1476 1730 1539 1770 ac
1587 1717 1758 1771 Deum
1791 1732 1972 1788 nosse,
2009 1717 2102 1788 qui
2141 1717 2285 1771 norit

718 1801 901 1853 omnia
929 1810 1224 1871 antequam
1265 1805 1416 1868 ﬁant,
1455 1807 1618 1876 180
1652 1823 1848 1877 resque
1887 1808 2036 1878 ipsas
2077 1817 2284 1864 tantum

719 1904 829 1942 non
866 1894 1029 1944 missa
1083 1906 1216 1946 voce
1275 1894 1550 1949 testificari
1587 1897 1867 1964 idipsum;
1927 1899 2058 1966 quin
2104 1911 2159 1953 et
2191 1915 2288 1954 eos

720 1979 890 2049 ipsos.
919 1983 964 2035 si
997 1998 1122 2035 vera
1154 1981 1340 2037 dicere
1375 1985 1566 2051 velint,
1599 1987 1978 2042 testimonium
2007 1989 2111 2044 sibi
2147 1989 2290 2044 latu-

718 2086 831 2125 ros.
860 2070 996 2137 Quia
1028 2088 1158 2128 vero
1182 2088 1246 2128 ea
1269 2071 1732 2132 conditio‘rerum
1763 2080 1856 2147 sit,
1885 2089 1945 2134 ut
1973 2095 2075 2153 α,νο
2097 2097 2287 2150 pacem

717 2161 970 2217 {uiriditus
1024 2166 1346 2235 rejectante,
1396 2170 1710 2223 necessario
1741 2177 1836 2226 aut
1877 2172 2014 2228 alter
2067 2173 2286 2227 illorum

713 2253 951 2323 imperio
984 2255 1209 2327 depelli,
1243 2267 1335 2311 aut
1364 2258 1600 2329 subjecti
1632 2260 1876 2318 dissidiis
1911 2263 2189 2318 intestinis
2220 2267 2287 2318 ad

718 2345 1023 2414 perniciem
1073 2348 1256 2401 vocari
1288 2348 1549 2414 debeant,
1585 2351 1728 2406 velle
1755 2367 1837 2418 se,
1873 2351 2040 2422 idque
2081 2370 2148 2409 ex
2193 2369 2291 2408 ne-

717 2437 992 2502 cessitate,
1047 2446 1142 2490 aut
1185 2437 1432 2508 ipsorum
1472 2451 1568 2496 aut
1610 2442 1844 2497 aliorum
1901 2459 2004 2511 ope
2049 2445 2152 2499 sub
2195 2445 2289 2515 jus
2347 2506 2357 2515 .

622 2518 629 2524 ’
719 2540 880 2579 suum
918 2527 1086 2596 redigi
1118 2527 1482 2598 Byzantium;
1532 2531 1678 2600 quod
1711 2530 1817 2586 nisi
1849 2531 1963 2595 ﬁat,
2007 2548 2287 2602 nunquam

718 2617 878 2672 bellis
908 2619 1161 2674 civilibus
1191 2619 1502 2675 defuturam
1535 2622 1844 2678 materiam.
1895 2623 1978 2679 0b
2007 2638 2070 2679 ca
2105 2633 2286 2678 autem

715 2723 840 2776 qua:
901 2719 1234 2778 rogassent,
1297 2726 1409 2765 non
1464 2713 1723 2783 Byzantio
1787 2714 2055 2768 duntaxat
2122 2715 2286 2784 potiri

720 2800 897 2860 nolle,
949 2800 1041 2852 sed
1095 2817 1273 2870 neque
1305 2813 1384 2858 tot
1417 2803 1667 2867 urbibus,
1710 2814 1846 2874 quot
1891 2813 2017 2861 sunt
2047 2805 2286 2877 Byzantii

718 2900 924 2945 turres.
953 2892 1145 2962 Magno
1171 2894 1462 2963 logotheta-
1490 2894 1810 2964 dignitatem
1846 2913 1953 2967 qua
1994 2914 2139 2952 nunc
2165 2897 2289 2951 fun-

715 2990 957 3049 geretur,
991 2997 1098 3035 non
1131 2984 1310 3038 solum
1351 2986 1481 3054 quia
1522 2987 1597 3040 illi
1632 2996 1907 3056 peterent,
1950 2988 2046 3042 sed
2077 2980 2284 3057 alioqui

712 3072 880 3125 etiam
915 3083 973 3126 ut
1011 3073 1276 3128 molestiis
1300 3075 1648 3141 liberaretur,
1678 3079 2062 3148 abrogaturum
2088 3079 2278 3144 fuisse,

2392 625 2560 679 τικῶν
2592 625 2652 689 ἒξ
2683 627 3150 696 συμφωνήσαντες
3199 632 3318 692 ταῖς
3358 630 3604 697 γνώμαις
3643 630 3961 698 πέμψαντες

2391 719 2473 780 εἰς
2509 717 2928 788 Θεσσαλονίκην,
2961 719 3293 786 διειλέγοντο
3311 721 3498 791 κρύφα
3524 720 3603 791 τῷ
3628 721 3859 790 βασιλεῖ,
3884 721 3960 783 ὠς

2393 810 2441 861 εἰ
2500 809 2743 878 βούλοιτο
2788 810 3083 874 Βυζάντιον
3131 814 3426 881 κατασχεῖν
3482 813 3664 864 αὐτῶν
3725 813 3962 881 παραδι⁹

2391 901 2590 953 δόντων
2611 939 2626 964 ,
2658 895 2802 970 ἦσαν
2847 901 2955 969 γάρ
2977 903 3078 954 οὐκ
3105 902 3355 955 ἀδύνατοι
3383 905 3580 969 ποιεῖν,
3609 902 3826 971 πρῶτον
3861 901 3962 969 μέν

2392 992 2574 1054 αὐτοῖς
2637 989 3012 1044 πιστώσασθαι
3061 992 3128 1044 δι’
3161 994 3350 1063 ὅρκου,
3398 992 3498 1060 τῆς
3550 1009 3608 1044 τε
3649 992 3962 1062 ὑπηρεσίας

2391 1082 2460 1149 ἐφ
2483 1081 2553 1151 ἠν
2580 1080 2675 1135 νῦν
2706 1081 2849 1135 τελεῖ
2870 1083 2962 1136 τὸν
3004 1083 3178 1152 μέγαν
3200 1086 3503 1150 ἀποστῆσαι
3521 1083 3835 1150 λογοθέτην,
3869 1082 3961 1135 τὸν

2390 1173 2720 1243 Μετοχίτην,
2748 1177 2842 1226 καὶ
2867 1171 2956 1227 διά
2994 1174 3110 1244 βίου
3141 1171 3342 1237 παντὸς
3373 1173 3442 1226 δι’
3470 1174 3640 1246 ὀργῆς
3668 1173 3835 1244 ἔχειν,
3865 1172 3962 1227 καὶ

2392 1265 2726 1334 συγγνώμην
2776 1265 3049 1336 μηδέποτε
3100 1267 3422 1334 παρασχεῖν.
3460 1267 3694 1319 Ἔπειτα
3754 1266 3811 1319 δέ
3862 1267 3961 1319 καὶ

2390 1353 2535 1424 ἐτερ⁹
2588 1353 2758 1415 ἄττα.
2822 1354 2922 1406 ὅσα
2969 1355 3124 1408 αὐτοὶ
3164 1353 3392 1424 ῂτοῦντο
3447 1352 3779 1423 ἐκπληροῦν.
3839 1353 3960 1407 Κάν

2389 1443 2565 1496 ταῦτα
2597 1443 2782 1508 αὐτοῖς
2810 1431 3152 1514 πιστώσητέι
3187 1443 3254 1498 δι’
3281 1443 3485 1514 ὅρκων,
3521 1443 3690 1514 μηδέν
3719 1443 3960 1496 ἀνασαλο

2390 1530 2612 1600 λόμενον
2643 1532 2821 1602 ἥκειν,
2861 1532 2937 1595 ὡς
2985 1535 3101 1602 ἄμα
3155 1534 3234 1601 τῷ
3284 1534 3459 1585 ἐλθεῖν
3503 1533 3961 1601 παραληψόμενον

2389 1626 2488 1694 τὴν
2539 1623 2716 1676 πόλιν.
2777 1623 2895 1692 Ἐφ’
2950 1619 3032 1686 οἷς
3081 1624 3414 1695 ἀπεκρίνατο
3464 1626 3494 1677 0
3527 1623 3817 1694 βασιλεύς·
3852 1623 3960 1676 T00

2394 1710 2494 1778 μὲν
2527 1711 2664 1780 μήτε
2699 1709 2864 1762 αὑτὸν
2891 1710 2948 1761 ἐν
2973 1709 3050 1780 τῷ
3079 1710 3199 1763 νυνὶ
3229 1710 3453 1781 πολέμῳ
3477 1712 3656 1788 αἰτίαν
3683 1709 3962 1779 παρεσχῆο

2393 1797 2543 1864 σθαι,
2597 1798 2724 1869 μήθ’
2773 1798 2862 1866 ὑφ’
2897 1800 3099 1870 ἐτέρων
3155 1801 3394 1869 μάλιστα
3435 1802 3640 1855 ἐθέλειν
3671 1801 3961 1870 κινηθῆναι

2390 1886 2490 1957 τὴν
2526 1886 2720 1956 ἀρχὴν,
2752 1889 2848 1940 καὶ
2876 1889 3193 1957 κινηθέντος
3218 1889 3304 1954 δέ,
3333 1890 3510 1942 πάντα
3537 1891 3738 1960 τρόπον
3774 1891 3960 1940 ἐπινε-

2391 1978 2646 2046 νοηκέναι
2675 1977 2769 2031 καὶ
2806 1977 3053 2048 μηχανὴν
3075 1978 3143 2031 δι’
3169 1972 3244 2032 ὧν
3275 1979 3414 2049 ᾤετο
3442 1980 3605 2031 αὑτὸν
3631 1977 3961 2046 δυνήσεσθαι

2392 2068 2700 2133 καταλύειν,
2757 2066 2892 2120 Θεόν
2945 2083 3006 2120 τε
3056 2069 3287 2136 εἰδέναι,
3339 2071 3428 2122 τὸν
3463 2070 3640 2122 πάντα
3688 2071 3783 2122 καὶ
3828 2067 3961 2139 πρὶν

2391 2161 2647 2229 γενέσθαι
2701 2160 2899 2224 εἰδότα,
2935 2161 3029 2214 καὶ
3057 2161 3196 2213 αὖτά
3227 2161 3296 2213 τά
3337 2161 3641 2231 πράγματα
3673 2159 3961 2230 μονονουχὶ

2390 2253 2576 2323 φωνὴν
2606 2251 2836 2319 ἀφιέντα
2872 2253 3214 2323 μαρτυρίων,
3247 2254 3342 2305 καὶ
3377 2253 3535 2322 ὑμεῖς
3566 2251 3611 2304 δ’
3635 2251 3792 2304 αὐτοὶ
3820 2267 3963 2320 συμ-

2391 2344 2772 2416 μαρτυρήσετε
2816 2343 2882 2397 ἂν
2936 2343 3097 2414 ἐμοὶ,
3142 2338 3240 2398 ἐάν
3291 2343 3481 2412 θέλητε
3523 2342 3704 2410 λέγειν
3721 2341 3954 2412 τάληθῆ.

2401 2435 2556 2491 Ἐπεὶ
2580 2433 2625 2487 δ’
2647 2433 2791 2487 οὕτω
2822 2433 3158 2506 τάήμέτερα
3189 2433 3489 2505 πράγματα
3524 2432 3956 2500 συνεσκευάσθη,

2389 2527 2530 2580 ὥστε
2579 2526 2824 2596 ἀνάγκην
2872 2520 3012 2580 εἶναι
3049 2527 3172 2596 μηδ’
3197 2526 3332 2589 ὅλως
3357 2526 3620 2596 βασιλέως
3644 2543 3760 2594 παρ
3773 2526 3958 2596 αδεχο-

2392 2620 2555 2690 μένου
2599 2619 2698 2689 τὴν
2743 2618 2992 2689 εἰρήνην,
3023 2617 3056 2687 ἢ
3088 2618 3179 2670 τὸν
3209 2618 3399 2687 ἕτερον
3459 2617 3810 2670 ἐκπεσεῖσθαι
3859 2619 3959 2686 τῆς

2390 2712 2586 2782 ἀρχῆς,
2631 2711 2665 2780 ἢ
2719 2709 3129 2778 διαφθείρεσθαι
3183 2710 3246 2761 τὸ
3309 2709 3553 2778 ὑπήκοον
3611 2708 3962 2777 διῖστάμενον

2390 2804 2526 2872 πρὸς
2562 2803 2882 2871 ἑκατέρους,
2921 2801 3185 2870 βούλομαι
3207 2802 3524 2867 ἀναγκαίως
3547 2800 3581 2869 ἢ
3611 2799 3764 2870 ὑμῶν
3786 2816 3962 2869 πρατ-

2387 2894 2610 2958 τόντων,
2665 2892 2699 2962 ἢ
2730 2909 2891 2944 τινων
2923 2891 3144 2961 ἐτέρων,
3194 2891 3287 2942 ὑπ’
3341 2892 3580 2960 ἐμαυτὸν
3629 2892 3962 2959 ποιήσασθαι

2388 2986 2706 3052 Βυζάντιον,
2742 2985 2816 3046 ὼς
2849 2984 2915 3037 ἂν
2969 2982 3045 3052 μὴ
3074 2981 3232 3034 τοῦτο
3265 2983 3491 3052 γένηται
3534 2983 3640 3035 τῶν
3678 2983 3960 3053 ἐμφυλίων

2387 3078 2448 3128 00
2514 3077 2876 3146 παυσομένων
2934 3079 3212 3149 πολέμων.
3262 3077 3388 3131 Ἐπὶ
3447 3077 3712 3138 τοιούτοις
3775 3079 3960 3144 μέντοι

715 3160 759 3212 si
792 3175 959 3228 penes
989 3176 1048 3215 se
1079 3177 1293 3216 summa
1330 3163 1546 3231 imperii
1578 3163 1796 3218 fuisset.
1830 3165 1897 3220 Ut
1933 3175 2116 3219 autem
2147 3166 2281 3220 iram

2387 3160 2475 3218 οἷα
2511 3164 2667 3215 αὐτοὶ
2716 3164 2978 3230 αἰτεῖσθε,
3030 3166 3091 3218 00
3145 3165 3439 3230 Βυζάντιον
3480 3164 3660 3234 μόνον,
3701 3162 3816 3216 ἀλλ’
3845 3161 3958 3214 000‘

716 3248 1112 3303 inexorabilem
1152 3251 1206 3304 in
1237 3252 1386 3306 omni
1418 3253 1531 3306 vita
1557 3253 1823 3309 adversus
1846 3270 1972 3309 eum
1997 3245 2280 3323 retineret,

615 3349 618 3352 '
719 3335 773 3387 id
813 3351 937 3390 esse
975 3353 1166 3401 unum,
1195 3340 1342 3407 quod
1372 3341 1618 3395 omnium
1659 3343 1886 3398 minime
1920 3343 2039 3398 ﬁeri
2075 3359 2282 3414 posset.

717 3426 903 3496 Egone
956 3428 1030 3480 ita
1084 3429 1337 3496 delirem,
1397 3432 1596 3500 inquit,
1649 3443 1711 3488 ut
1745 3449 1842 3503 per
1888 3435 2282 3505 implacabilem

715 3521 852 3572 iram
879 3519 1142 3574 adversus
1170 3522 1342 3588 illum,
1378 3527 1631 3580 mihimet
1661 3527 1866 3582 divina:
1897 3527 2158 3584 bonitatis
2194 3531 2287 3583 be-

710 3609 878 3679 nigna
923 3603 1136 3664 viscera
1174 3615 1553 3681 praecludam?
1587 3617 1855 3686 siquidem
1889 3633 1995 3687 qua
2027 3634 2284 3673 mensura

711 3701 1000 3754 conservis
1031 3703 1237 3758 nostris
1272 3699 1445 3760 mensi
1480 3706 1772 3773 fuerimus,
1807 3709 1997 3764 eadem
2030 3725 2088 3764 se
2124 3711 2284 3766 nobis

720 3811 1104 3851 remensurum
1159 3801 1541 3868 pronuntiavit
1595 3819 1610 3858 :
1674 3803 1838 3872 idque
1887 3819 2012 3858 cum
2060 3798 2284 3874 peccata

711 3895 899 3940 nostra
937 3898 1128 3942 contra
1153 3890 1326 3944 Deum
1352 3891 1586 3946 inﬁnitis
1620 3893 1874 3962 partibus
1903 3909 1967 3948 ea
1998 3906 2282 3963 superent,

711 3993 836 4043 qua:
875 3977 943 4030 ab
974 3979 1290 4034 hominibus
1315 3993 1506 4036 contra
1544 3996 1642 4037 nos
1671 3992 1994 4052 peccantur.
2045 3986 2283 4041 Proinde

710 4068 1030 4138 Byzantium
1051 4069 1152 4124 sibi
1175 4086 1274 4139 pro
1291 4074 1568 4127 communi
1590 4073 1824 4128 utilitate
1840 4075 2145 4148 subjectum
2165 4093 2284 4148 per-

615 4149 618 4152 ’
711 4173 954 4225 cupere;
993 4159 1097 4213 liae
1141 4171 1324 4214 autem
1361 4163 1631 4230 petitione
1658 4174 1908 4234 excepta,
1955 4167 1999 4220 si
2033 4181 2138 4236 qua
2178 4170 2282 4223 alia

713 4251 846 4319 ipsis
875 4254 1108 4318 petenda
1143 4253 1481 4321 viderentur,
1508 4257 1847 4312 auditurum.
1892 4258 2006 4314 Hoc
2039 4260 2116 4314 illi
2165 4278 2282 4316 ma-

714 4356 857 4411 gnus
889 4341 1227 4399 domesticus
1247 4345 1302 4398 in
1327 4347 1656 4401 memoriam
1686 4349 2000 4416 revocabat,
2031 4362 2087 4404 et
2119 4352 2281 4420 plura

2388 3256 2438 3306 εἰ
2466 3253 2626 3306 τόσαι
2671 3251 2854 3314 πόλεις
2886 3247 3027 3322 ἦσαν
3068 3253 3185 3305 ὅσοι
3231 3269 3430 3323 πύργοι
3465 3251 3794 3316 Βυζαντίου,
3829 3251 3960 3317 ᾑθέ-

2385 3346 2526 3413 λησα
2551 3346 2616 3399 ἂν
2652 3348 2966 3415 κατασχεῖν.
2999 3349 3071 3399 Τὸ
3104 3348 3202 3416 μὲν
3241 3349 3350 3418 γὰρ
3379 3349 3471 3399 τὸν
3523 3349 3699 3416 μέγαν
3731 3345 3956 3413 λογοθέ-

2387 3455 2486 3506 την
2531 3437 2844 3506 ἀποστῆσαι
2873 3437 3319 3507 τῆς,ύπηρεσίας
3351 3439 3437 3505 ἐφ’
3477 3433 3544 3508 ἦν
3571 3436 3666 3488 νῦν
3698 3437 3863 3500 τελεῖ,
3896 3437 3958 3488 00

2389 3529 2552 3598 μόνον
2606 3528 2695 3582 διὰ
2733 3530 2795 3581 τὸ
2827 3531 2999 3582 αἰτεῖν
3031 3528 3201 3598 ὑμᾶς,
3233 3529 3370 3582 ἀλλά
3403 3530 3492 3581 καὶ
3531 3529 3705 3591 ἄλλως
3732 3529 3868 3597 πρὸς
3899 3528 3960 3580 :0

2386 3598 2731 3690 ἀπηλλάχθαι
2762 3621 3136 3688 πραγμάτων,
3179 3619 3390 3690 ἐπραξα
3423 3620 3494 3672 ἀν’
3523 3619 3614 3672 ὑπ’
3648 3620 3770 3689 ἐμοὶ
3804 3615 3958 3685 γενο-

2389 3713 2565 3781 μένων
2613 3712 2720 3764 τῶν
2756 3713 3122 3781 πραγμάτων.
3169 3712 3242 3764 T0
3281 3713 3467 3780 μέντοι
3496 3729 3558 3779 γε
3595 3711 3761 3764 αὑτοῦ
3789 3729 3958 3765 κατα-

2385 3803 2840 3874 ψηφίσασθαιδιά
2873 3805 2988 3872 βίου
3037 3804 3415 3874 ἀπαραίτητον
3451 3805 3644 3874 ὀργὴν,
3677 3804 3955 3855 ἀδυνατώ-

2386 3911 2546 3948 τατον
2579 3894 2689 3948 τῶν
2726 3895 2965 3948 πάντων.
2995 3895 3086 3965 Μὴ
3127 3895 3234 3962 γάρ
3263 3894 3404 3949 οὕτω
3437 3897 3669 3965 μανείην
3696 3894 3836 3948 ὥστε
3864 3895 3956 3948 διὰ

2384 3987 2483 4056 τῆς
2531 3989 2609 4050 εἰς
2655 3989 2862 4040 ἐκεῖνον
2912 3988 3289 4057 ἀπαραιτήτου
3339 3989 3509 4057 ὀργῆς
3561 3988 3782 4057 ἐμαυτῷ
3819 3990 3957 4039 07:0-

2385 4079 2603 4131 κλεῖσαι
2642 4077 2712 4131 τὰ
2744 4077 3102 4147 φιλάνθρωπα
3157 4079 3444 4147 σπλάγχνα
3489 4080 3587 4148 τῆς
3617 4078 3954 4146 ἀγαθότητος

2383 4170 2480 4223 τοῦ
2517 4169 2673 4224 Θεοῦ.
2720 4171 2944 4242 Ἐπειδὴ
2989 4165 3034 4238 ᾧ
3072 4174 3256 4241 μέτρῳ
3298 4173 3645 4242 μετρήσομεν
3675 4176 3786 4234 τοῖς
3829 4189 3956 4224 συν-

2383 4261 2612 4326 δούλοις,
2643 4263 3064 4331 ἀντιμετρήσειν
3095 4264 3420 4334 ἀπεφήνατο
3447 4266 3600 4334 ἡμῖν.
3635 4251 3744 4316 Καὶ
3783 4263 3954 4316 ταῦτα

2383 4356 2482 4408 οὐκ
2509 4355 2690 4424 ἐξῑσης
2709 4355 2817 4408 τῶν
2841 4356 2976 4424 ἡμῖν
2997 4355 3408 4426 ἡμαρτημένων
3439 4354 3628 4418 ὄντων,
3655 4355 3768 4408 ἀλλ’
3795 4358 3956 4408 ἀπει-

708 4446 834 4484 cum
864 4447 929 4485 eo
948 4432 1249 4500 disserens,
1268 4438 1414 4491 viros
1439 4438 1904 4509 producebat,qui
1923 4442 2113 4498 eadem
2135 4446 2277 4514 apud

2391 4445 2668 4518 ροπλασίῳ
2699 4446 2809 4500 τινὶ
2841 4446 3084 4517 ὑπεροχῇ
3120 4446 3230 4498 τῶν
3263 4448 3390 4515 ἐμοὶ
3431 4447 3569 4516 πρὸς
3596 4446 3732 4499 Θεὸν
3766 4448 3954 4520 ἡμαρ-

709 4521 905 4592 impert
928 4532 1094 4578 torem
1137 4526 1530 4595 loquebantur,
1575 4520 1953 4588 asseverantes
1983 4549 2045 4590 se
2081 4536 2158 4590 illi
2195 4553 2284 4592 ur-

2383 4511 3389 4617 :qpévwvv0109:90wtov."T0tva900v
3418 4511 3493 4586 τὸ-
3513 4535 3615 4603 μέν
3650 4534 3743 4585 ὑπ’
3777 4511 3950 4604 ἐμαυ-

711 4616 836 4666 bem
885 4612 1102 4668 tradere
1149 4630 1330 4686 posse.
1380 4615 1595 4683 Quibus
1640 4621 1968 4678 collaudatis
2003 4627 2280 4696 quaesivit,

711 4717 842 4757 num
864 4705 998 4773 quid
1031 4705 1101 4759 ab
1132 4721 1191 4762 se
1213 4716 1484 4776 peterent.
1512 4709 1551 4764 li
1585 4710 1721 4764 nihil
1751 4720 1943 4781 petere
1971 4719 2283 4773 constitue-

707 4806 829 4848 rant
854 4811 870 4858 ;
902 4794 998 4849 sed
1024 4810 1149 4851 cum
1175 4797 1468 4866 imperator
1491 4800 1720 4881 instaret
1741 4802 2174 4878 saepius..viginti
2195 4810 2285 4881 ju-

704 4899 835 4953 gera
864 4888 1196 4954 petiverunt.
1255 4888 1394 4942 Yum
1425 4877 1612 4947 ridens
1642 4893 1732 4948 ille
1776 4911 1790 4948 :
1823 4895 1892 4950 At
1921 4877 2271 4968 ego.iinquit,

703 4974 895 5028 divino
918 4989 1185 5030 concessu
1205 4977 1430 5032 candori
1460 4981 1833 5052 probitatique
1866 4993 2064 5039 vestrae
2107 4985 2274 5056 digna

702 5063 926 5134 pra-mia
960 5067 1289 5135 persolvant.
1319 5068 1496 5124 Medio
1517 5070 1572 5124 in
1605 5086 1859 5128 sermone
1887 5075 2108 5130 advolat
2142 5075 2274 5130 Sco-

2381 4623 2458 4695 τῷ
2491 4623 2817 4694 ποιήσασθαι
2877 4621 3174 4688 Βυζάντιον
3222 4627 3314 4677 καὶ
3371 4626 3515 4679 πάνυ
3551 4626 3814 4695 βούλομαι
3858 4628 3952 4680 τοῦ

2381 4719 2534 4784 κοινῇ
2575 4714 2979 4780 λυσιτελοῦντος
3006 4717 3186 4771 ἔνεκα.
3217 4718 3422 4773 Τούτου
3449 4719 3504 4772 δέ
3530 4721 3624 4774 τοῦ
3650 4724 3706 4775 αἰ
3719 4724 3955 4794 τήματος

2381 4807 2637 4874 ἀπόντος,
2672 4810 2770 4864 καὶ
2821 4810 2878 4862 εἰ
2909 4826 2975 4878 γε
2996 4810 3089 4862 καὶ
3119 4811 3250 4879 ὑμῖν
3284 4812 3551 4877 συνδοκεῖ,
3581 4814 3691 4867 τότ’
3716 4815 3818 4886 ἤδη
3859 4818 3955 4870 καὶ

2382 4901 2514 4969 περὶ
2552 4900 2661 4953 τῶν
2712 4901 3014 4956 ἐπιλοίπων
3064 4905 3218 4975 ὑμῶν
3265 4905 3574 4974 ἀκούσομαι
3606 4907 3983 4976 αἰτημάτων..

2381 4991 2602 5046 Τούτων
2627 4993 2729 5063 μιν
2760 4993 2854 5048 οὖν
2885 4997 2914 5048 0
2950 4997 3124 5065 μέγας
3152 4998 3274 5052 τότε
3299 4999 3618 5069 δομέστικος
3648 5001 3955 5069 ἀνεμίμνη-

2381 5093 2477 5130 σκε
2522 5077 2750 5147 βασιλέα
2776 5094 2791 5110 ο
2823 5083 2916 5132 καὶ
2936 5081 3080 5150 ἕτερ’
3112 5084 3248 5136 ἀττα
3273 5087 3409 5153 πρὸς
3438 5083 3600 5137 αὑτὸν
3622 5084 3948 5153 διαλεχθεὶς,

703 5159 826 5226 peto
859 5157 969 5226 (ιτ)
994 5172 1024 5212 a
1063 5161 1322 5226 praefecto
1349 5164 1596 5230 nuntius,
1629 5164 1950 5221 Michaelem
1974 5167 2269 5223 Mmsorum

2382 5168 2636 5254 npoaﬁyq
2683 5170 2810 5232 :00;
2865 5170 3088 5240 ἀνδρας.
3155 5174 3218 5226 Οί
3281 5173 3468 5226 δὲκαὶ
3524 5176 3660 5245 πρὸς
3721 5173 3951 5244 βασιλέα

706 5263 890 5316 regem
919 5249 971 5302 iu
995 5251 1110 5304 suis
1133 5261 1189 5304 et
1222 5250 1591 5308 Romanorum
1625 5256 1883 5312 conﬁniis
1907 5261 2049 5328 apud
2085 5261 2278 5315 urbem

2382 5249 2750 5332 διειλέχθησαν
2782 5265 2850 5317 τά
2886 5264 3143 5320 [cm-K01
3171 5261 3207 5335 ἦ
3239 5267 3347 5338 μὴν
3375 5268 3768 5338 διῖσχυρίζοντο
3795 5269 3951 5321 αὐτοὶ

706 5354 885 5403 suam,
939 5341 1161 5395 nomine
1201 5342 1534 5412 Dianipolin,
1577 5356 1757 5402 castra
1789 5349 2020 5412 locasse,
2054 5349 2284 5421 Scytha-

2374 5352 2702 5422 δυνήσεσθαι
2749 5355 2848 5425 τὴν
2898 5356 3055 5409 πόλιν
3119 5359 3487 5428 παραδώσειν.
3538 5359 3865 5422 Ἐπαινέσας
3888 5361 3951 5416 δέ

709 5449 830 5486 rum
869 5436 1192 5490 comitatum
1242 5438 1486 5500 auxiliis,
1518 5439 1610 5506 qui
1652 5440 1804 5508 juxta
1846 5441 2278 5499 Rhosoeastrum

2382 5447 2575 5509 αὐτοὺς
2622 5449 2650 5499 0
2693 5447 2972 5516 βασιλεὺς,
3013 5451 3107 5502 καὶ
3155 5451 3207 5501 εἰ
3233 5467 3283 5502 τι
3344 5451 3678 5504 ἐπυνθάνετο
3709 5453 3946 5505 αίτοῖεν·

707 5527 943 5580 tentoria
1015 5527 1307 5582 baberent.
1376 5529 1683 5597 Imperator
1741 5531 1872 5599 quid
1939 5531 2279 5600 faciendum,

2375 5539 2424 5589 οἰ
2464 5537 2508 5589 δ’
2540 5539 2820 5593 ἐπείθοντο
2879 5543 3050 5595 αἰτεῖν
3103 5542 3286 5596 οὐδέν’
3349 5543 3521 5597 πολλὰ
3574 5545 3632 5598 δέ
3687 5543 3948 5609 πολλάκις

1951 5673 2167 5734 Jacobi
2200 5676 2465 5740 Pontaui
2503 5685 2689 5754 ιιοιευ.

768 5789 885 5864 (l3)
924 5792 1048 5848 llaec
1080 5793 1346 5866 Scopclus
1375 5794 1620 5852 Thraciae
1647 5797 1780 5853 urbs
1810 5809 1914 5854 est.
