4250 6444
286 430 397 496 393

1484 439 2025 501 IIISTORIARUM
2063 443 2292 502 LIBER
2325 445 2377 505 Ῐ.

3437 431 3539 491 394

285 549 386 617 τὴν
423 548 608 616 ἄφιξιν
662 551 828 606 αὐτοῦ
875 554 904 607 ὅ
955 571 1008 607 τι
1037 553 1145 623 εἴη.
1177 554 1239 608 El
1270 555 1369 623 μὲν
1404 552 1498 606 οῦν
1522 553 1693 618 λύσας
1740 554 1867 616 τοὺς
1898 561 1939 615 Α

1853 570 1867 616 ;
1898 561 1939 615 Α
1973 569 2156 616 nosse,
2191 570 2258 608 an
2295 563 2456 624 rupto
2489 553 2692 607 [cedere
2733 552 2933 606 bellum
2959 551 3064 608 sibi
3091 551 3345 614 intentet,
3375 561 3432 602 ut
3461 549 3531 602 si-

285 640 489 709 ὅρκους
530 643 626 694 καὶ
667 643 766 707 τὰς
796 644 1029 707 σπονδὰς
1055 645 1154 708 τὰς
1205 646 1342 716 πρὸς
1399 646 1584 710 αὑτὸν,
1631 647 1868 715 πόλεμον

283 729 528 799 ἄρασθαι
580 731 856 801 βούλεται,
903 735 1094 804 μαθεῖν
1121 735 1350 800 ἐθέλειν,
1404 737 1551 796 ὅπως
1582 735 1674 787 κα).
1705 735 1868 798 αὐτος

287 822 772 888 παρασκευάζοιτο
820 825 882 877 ὲκ
921 823 1019 876 τοῦ
1064 824 1275 894 ὁμοίου.
1329 825 1390 876 Εί
1437 823 1492 876 δέ
1537 841 1630 875 του
1675 823 1867 887 ἐτέρου

286 908 451 962 ἕνεκα
483 914 517 982 ἡ
572 913 902 982 ὲκστρατεία
937 917 1046 984 εἴη,
1110 915 1185 986 μὴ
1240 918 1476 983 ἀγνοεῖν.
1514 917 1700 984 Ὅμως
1740 916 1866 983 μέν·

285 1019 372 1054 τοι
410 1019 474 1069 γε
515 1007 575 1056 τό
630 1022 690 1058 τε
735 996 970 1076 ἄκλητον
1014 1007 1174 1076 ἥκειν
1234 1008 1531 1077 τεκμήριον
1595 1009 1866 1061 ποιεῖσθαι

287 1094 390 1145 τοῦ
428 1095 550 1147 κατ’
580 1097 747 1149 αὑτοῦ
805 1101 1028 1169 χωρεῖν,
1057 1101 1153 1151 καὶ
1198 1097 1260 1150 τὸ
1291 1098 1610 1163 Βυζαντίοις
1643 1115 1864 1168 συμμα-

283 1187 413 1254 χίαν
455 1187 572 1256 ἅμα
616 1187 797 1260 Ἰϐἀνῃ
823 1191 880 1253 ἐς
905 1190 1238 1260 τρισχιλίους
1267 1189 1610 1260 στρατιώτας
1642 1191 1858 1258 πέμψαι

283 1275 405 1330 οὖσι
459 1279 765 1350 πολεμίοις,
817 1283 1067 1351 φανερῶς
1097 1281 1250 1353 αὐτῷ
1299 1283 1666 1353 πολεμοῦντος
1697 1281 1858 1336 εῖναι.

285 1373 612 1440 Θαυμαζειν
645 1375 700 1427 δὲ
755 1373 922 1428 αὐτοῦ
954 1377 1003 1426 εί
1049 1374 1359 1444 πυθόμενος
1409 1375 1541 1446 περὶ
1573 1377 1864 1440 Βυζάντιον

284 1465 660 1534 διατρίϐοντος
716 1465 904 1529 αὐτοῦ,
938 1467 1228 1528 τοσούτους
1259 1467 1494 1536 πέμψειε
1521 1467 1861 1536 στρατιώτας

287 1557 754 1625 συμμαχήσοντας
804 1558 920 1618 τοῖς
966 1556 1289 1626 πολεμίοις’
1335 1557 1367 1627 ἢ
1424 1560 1646 1626 ἀγνοεῖν
1693 1559 1768 1621 ὡς
1799 1560 1857 1610 ού

286 1649 662 1715 στρατεύματι
700 1649 965 1716 χρήσεται
989 1648 1123 1716 πρὸς
1157 1648 1355 1710 αὐτοὺς
1378 1648 1546 1701 εἰδόσι
1575 1649 1855 1714 πολεμεῖν,

285 1737 424 1789 ἀλλὰ
475 1739 583 1798 τοῖς
636 1738 905 1806 γεωργοῖς
953 1737 1241 1802 κελεύσας,
1305 1739 1722 1807 ἀδυνατωτέραν
1763 1739 1859 1807 Θή·

287 1846 444 1881 σονσι
483 1830 582 1895 τὴν
615 1829 876 1880 ἐπάνοδον
906 1829 1088 1890 αὐτοῖς
1135 1831 1167 1898 ἢ
1230 1830 1288 1894 ἐξ
1319 1829 1448 1900 ᾅδου
1498 1829 1732 1906 πυλῶν..
1755 1830 1858 1882 Βα-

1974 645 2178 698 militer
2208 661 2266 699 se
2295 652 2594 712 comparet.
2627 642 2718 696 Sin
2746 643 2905 696 aliam
2944 641 3015 695 ob
3033 656 3255 694 causam
3283 649 3536 706 suscepta

1972 735 2042 788 sit
2062 733 2360 803 expeditio,
2391 750 2451 788 se
2483 734 2534 787 id
2567 749 2785 802 quoque
2817 734 3068 802 ignorare
3095 732 3259 786 nolle.
3308 730 3536 784 Verum—

1973 836 2155 881 tamen
2206 840 2331 878 cum
2372 840 2479 878 non
2529 834 2752 878 vocatus
2800 825 3004 887 veniat,
3059 824 3392 877 documento
3427 819 3530 874 sibi

1967 933 2087 974 csse
2134 928 2324 972 contra
2366 932 2423 968 se
2458 917 2665 979 venire,
2706 925 2760 968 et
2808 915 3081 984 Byzantiis
3121 913 3371 968 hostibus
3418 911 3536 966 suis

1967 1010 2106 1065 duce
2142 1011 2307 1064 lbane
2336 1011 2401 1063 ad
2445 1020 2527 1063 ter
2552 1009 2697 1062 mille
2730 1009 2946 1076 equites
2991 1006 3225 1067 misisse,
3260 1002 3530 1058 manifesti

1967 1102 2143 1156 hostis
2172 1100 2434 1154 indit-ium
2467 1115 2610 1154 esse.
2639 1101 2824 1153 Mirari
2859 1107 3039 1151 autem
3063 1095 3364 1166 quomodo.
3403 1107 3530 1146 cum

1965 1191 2205 1246 audierit
2246 1205 2304 1243 se
2332 1189 2485 1258 juxta
2522 1189 2838 1259 Byzantium
2884 1190 3114 1252 versari,
3154 1187 3372 1240 interim
3413 1192 3530 1236 tan-

1967 1291 2081 1349 tum
2107 1295 2398 1336 numerum
2426 1281 2759 1336 adversariis
2789 1280 2905 1334 suis
2935 1279 3261 1347 epitolatiim
3290 1276 3526 1329 miserit.

1963 1373 2214 1429 Nesciss’e
2242 1373 2469 1428 forsitan
2501 1387 2559 1426 se
2603 1389 2712 1426 non
2757 1370 3054 1425 exercitata
3084 1367 3242 1436 copia
3285 1368 3338 1420 in
3377 1365 3528 1419 illum

1963 1478 2211 1528 usurum,
2238 1465 2332 1516 scd
2362 1461 2580 1516 rusticis
2613 1462 2892 1530 negotium
2918 1461 3196 1524 daturum,
3221 1457 3314 1526 qui
3353 1458 3403 1511 ei
3437 1471 3528 1510 re-

1962 1554 2137 1609 ditum
2170 1553 2552 1619 diﬂiciliorem,
2581 1569 2743 1622 quam
2783 1553 2851 1606 ab
2879 1551 3176 1608 inferorum
3223 1549 3393 1620 portis
3418 1549 3532 1602 elli-

1962 1648 2126 1700 ciant.
2162 1646 2286 1700 llazc
2311 1645 2630 1715 imperator.
2661 1643 2729 1698 At
2760 1643 3010 1707 Michael,
3051 1641 3144 1697 ubi
3192 1656 3318 1695 cum
3357 1654 3528 1709 prope

1958 1735 2475 1804 Constantinopolin
2515 1749 2660 1801 esse,
2707 1749 2809 1789 nec
2849 1734 3006 1803 longe
3047 1733 3113 1788 ab
3147 1731 3395 1787 exercitu
3427 1746 3528 1784 suo

1960 1829 2164 1882 distare
2198 1827 2478 1897 cognovit,
2506 1842 2732 1881 suorum
2765 1841 2927 1880 causa
2955 1841 3083 1879 sane
3115 1841 3278 1894 quam
3310 1833 3529 1878 contur—

284 1919 474 1980 σιλεὺς
511 1918 609 1986 μὲν
635 1915 729 1972 οὖν
783 1919 1012 1973 τοιαῦτα
1062 1919 1456 1989 ὲπρεσόεύετο.
1523 1891 1746 1989 Μιχαὴλ
1800 1919 1856 1971 δὲ
1885 1885 1962 1967 Βη

1845 1885 2139 1982 :Bbatus,
2188 1885 2394 1973 nullam
2446 1885 2606 1970 aliam
2665 1933 2816 1986 spem
2879 1916 3076 1972 salutis
3132 1885 3375 1980 videbat,
3422 1916 3523 1968 nisi

283 2010 408 2060 ἐπεὶ
458 2009 546 2061 τίν
596 2026 653 2062 τε
710 2007 931 2078 βασιλέα
958 2009 1193 2062 ἐπύθετο
1262 2010 1400 2079 πρὸς
1446 2009 1506 2064 τὸ
1559 1998 1857 2088 Βυζάντιον

280 2101 609 2168 ἀφιγμένον,
681 2102 775 2152 καὶ
821 2102 920 2169 τῆς
969 2100 1132 2152 αὑτοῦ
1190 2101 1454 2168 στρατιᾶς
1523 2101 1584 2152 ού
1637 2102 1856 2170 μακρὰν

279 2192 875 2263 ἐστρατοπεδευμένον,
938 2190 1248 2263 ὲῦορυϐῄθη
1309 2210 1370 2246 τε
1423 2193 1690 2262 σφοδρῶς,
1747 2194 1855 2244 τῶν

280 2287 567 2355 σφετέρων
595 2286 758 2339 ἕνεκα
807 2285 1180 2356 στρατιωτῶν,
1217 2286 1310 2340 καὶ
1339 2286 1611 2356 σωτηρίας
1670 2287 1854 2349 αὐτοῖς

277 2377 476 2428 ἐλπίδα
527 2376 784 2442 οὐδεμίαν
831 2376 1103 2441 συνεώρα,
1137 2377 1185 2426 εί
1248 2373 1323 2444 μὴ
1356 2375 1590 2444 τάχιστα
1643 2375 1854 2427 πείσειε

282 2468 514 2537 βασιλέα
543 2469 625 2520 ὅτι
654 2484 712 2519 τε
743 2468 804 2520 ού
854 2451 1037 2519 λύσέιε
1071 2469 1168 2529 τὰς
1197 2465 1431 2528 σπονδὰς
1453 2464 1553 2528 τὰς
1585 2467 1720 2537 πρὸς
1752 2466 1852 2517 αύο

279 2563 396 2626 τὸν,
433 2561 527 2613 καὶ
572 2561 672 2629 τὴν
709 2558 972 2629 στρατιὰν
1023 2559 1123 2612 σύκ
1156 2558 1306 2627 αύτῷ
1360 2556 1852 2629 πολεμησείουσαν,

283 2655 402 2707 ἁλλ’
433 2655 619 2722 ἑτέρου
665 2670 759 2706 του
819 2652 984 2704 ἓνεκα
1017 2653 1094 2714 είς
1145 2651 1442 2714 Βυζάντιον
1503 2651 1699 2706 ἐλθεῖν.
1752 2652 1858 2705 Αύ-

283 2745 416 2798 τίκα
455 2763 513 2798 τε
575 2745 610 2799 ἃ
658 2740 809 2816 εἶχεν
838 2745 898 2798 ὲν
935 2746 1046 2806 τοῖς
1103 2744 1325 2807 κόλποις
1376 2744 1508 2811 ἆγια
1552 2743 1855 2813 ἐξενεγκὼν

284 2841 381 2892 ἐπὶ
418 2840 511 2892 τοῦ
543 2839 903 2910 πρεσϐευτοῦ,
941 2840 1036 2892 καὶ
1082 2839 1140 2903 ὃς
1173 2835 1241 2910 ἦν
1272 2842 1332 2892 ὲν
1383 2841 1566 2904 αὐτοῖς
1624 2841 1858 2910 σταυρὸν

286 2930 631 2999 ἐγχειρίσας,
690 2928 877 2994 Τοῦτ’,
915 2929 1043 2999 ἔφη,
1107 2931 1339 3000 κομίσας
1384 2931 1521 2998 πρὸς
1589 2931 1854 3000 βασιλέα,

285 3021 513 3090 ὀμνύειν
557 3023 660 3090 ἐμὲ
707 3024 786 3084 εἰς
839 3020 930 3074 τὸν
969 3022 1026 3075 ἐν
1079 3022 1228 3090 αὐτῷ
1288 3021 1532 3089 παγέντα
1577 3022 1742 3092 σαρκὶ¹
1789 3022 1857 3074 δι’

285 3114 439 3182 ἡμᾶς
475 3113 615 3174 εἰπὲ,
661 3112 736 3176 ώς
772 3112 894 3165 οὔτε
926 3112 1128 3166 λέλυκα
1167 3113 1264 3174 τᾶς
1321 3113 1551 3174 σπονδὰς
1593 3116 1690 3175 τὰς
1723 3113 1857 3181 πρὸς

1958 2025 2121 2081 quam
2146 2010 2412 2064 citissime
2439 2026 2496 2065 se
2521 2011 2700 2066 fmdus
2725 2025 2970 2073 servare,
2994 2019 3050 2064 et
3077 2010 3261 2079 copias
3283 2009 3402 2062 illas
3418 2024 3524 2061 non

1958 2110 2150 2156 contra
2175 2117 2322 2167 eum,
2349 2102 2442 2156 sed
2477 2102 2646 2156 alium
2674 2101 2972 2170 quemdam
3005 2100 3329 2170 Byzantium
3357 2099 3525 2153 addu-

1958 2202 2094 2258 ctas,
2120 2194 2434 2263 imperatori
2463 2194 2839 2262 persuaderet,
2871 2195 3167 2262 statimque
3191 2207 3221 2246 e
3245 2193 3368 2245 sinu
3404 2207 3526 2244 san~

1958 2297 2172 2340 ctorum
2201 2287 2463 2355 reliquias
2485 2301 2669 2340 coram
2707 2287 2883 2355 legato
2909 2286 3193 2356 proferens
3215 2285 3349 2354 (l9),
3381 2297 3435 2340 et
3459 2303 3524 2339 ex

1960 2375 2026 2430 iis
2052 2391 2268 2430 crucem
2291 2377 2339 2430 ei
2374 2377 2427 2430 in
2461 2392 2653 2431 manus
2687 2378 2910 2430 tradens
2958 2396 2969 2430 :
3014 2376 3163 2431 Istuc
3195 2376 3264 2430 ad
3290 2378 3526 2446 impera-

1960 2476 2132 2522 torem
2163 2468 2432 2538 portabis.
2458 2468 2657 2538 inquit,
2692 2476 2746 2522 et
2781 2484 2867 2522 me
2897 2485 2993 2539 per
3024 2469 3199 2531 illum,
3240 2470 3332 2537 qui
3365 2469 3420 2523 in
3461 2485 3528 2522 eo

1958 2569 2184 2631 propter
2207 2575 2306 2614 nos
2321 2559 2547 2614 suffixus
2567 2569 2673 2625 est,
2695 2561 2878 2630 jurare
2909 2561 3060 2614 dices
3079 2576 3178 2614 nec
3201 2560 3378 2616 fmdus
3400 2575 3527 2614 cum

1961 2652 2080 2720 ipso
2107 2665 2428 2720 percussum
2469 2651 2717 2716 solvisse,
2757 2669 2858 2706 nec
2910 2653 3110 2707 milites
3154 2664 3343 2708 contra
3372 2653 3524 2708 illum

1963 2741 2197 2796 misisse.
2261 2742 2528 2807 Quocirca
2568 2755 2728 2795 orare
2757 2756 2865 2804 me,
2913 2757 2980 2796 ne
3009 2742 3138 2811 quid
3168 2743 3276 2796 illis
3309 2755 3521 2796 tim-eat.

1959 2835 2115 2903 Quod
2152 2845 2334 2890 autem
2367 2851 2479 2888 non
2510 2835 2576 2888 de
2607 2834 2793 2888 multis
2841 2850 2904 2888 ac
2951 2835 3204 2903 pretiosis
3233 2835 3526 2890 monilibus

1961 2929 2072 2982 suis
2121 2943 2242 2997 qua:
2272 2909 2521 2982 cerneret
2570 2927 2704 2996 (20),
2738 2927 2830 2981 sed
2888 2929 3028 2982 lianc
3083 2942 3302 2982 crucem
3351 2942 3383 2982 e
3430 2929 3522 2980 vili

1962 3020 2187 3075 materia
2229 3018 2531 3074 confectam
2584 3019 2724 3088 (erat
2762 3019 2908 3072 enim
2948 3035 3014 3073 ex
3055 3033 3162 3072 aere
3207 3017 3523 3086 fabrefacta)

1963 3111 2038 3165 illi
2077 3110 2339 3172 mitte‘rct,
2393 3110 2580 3163 mirari
2626 3124 2733 3164 non
2777 3109 3023 3164 debere:
3054 3126 3173 3165 esse
3199 3112 3346 3165 enim
3379 3114 3520 3181 apud

280 3206 470 3270 αὑτὸν,
503 3203 626 3256 οὔτε
659 3204 778 3258 κατ’
805 3205 970 3258 αὑτοῦ
1008 3205 1278 3274 πέπομφα
1315 3203 1412 3274 τὴν
1448 3206 1729 3275 στρατιάν.
1766 3204 1854 3254 Διὸ
1882 3222 1923 3277 ο

1846 3223 1854 3254 ι
1882 3222 1923 3277 ο
1963 3201 2158 3256 Μωεοε
2189 3200 2258 3254 ob
2289 3199 2966 3289 miracula'percelebrem,
2998 3216 3118 3269 quas
3153 3202 3320 3254 multa
3347 3203 3524 3255 adhuc

283 3299 382 3350 καὶ
421 3297 611 3365 δέομαι
665 3297 738 3366 μὴ
791 3296 975 3358 κακῶς
1025 3296 1224 3357 αὐτοὺς
1281 3296 1497 3348 παθεῖν.
1567 3296 1688 3347 Ὅτι
1720 3296 1773 3348 δὲ
1797 3295 1854 3346 οὐ

281 3390 393 3440 τῶν
424 3389 731 3441 πολυτελῶν
760 3387 1064 3456 ὲγκολπίων
1113 3386 1327 3438 πολλῶν
1378 3385 1503 3454 ἐμοὶ
1543 3386 1853 3454 παρόντων,

284 3481 362 3543 ὡς
397 3482 546 3550 ἐρᾷς,
578 3479 715 3532 ἀλλὰ
745 3481 955 3532 τουτονί
981 3480 1071 3530 τὸν
1101 3478 1356 3548 σταυρὸν,
1392 3477 1450 3540 ἐξ
1477 3476 1725 3539 εὖτελοῦς
1755 3492 1855 3527 πε-

286 3571 594 3638 ποιημένον
641 3569 772 3639 ῦλης
969 3571 1078 3638 γὰρ
1130 3566 1409 3636 χαλκοῦς),
1445 3567 1730 3636 πέπομφα,
1783 3569 1856 3637 μὴ

284 3663 571 3734 Θαυμάσῃ.
615 3661 740 3714 Ἐπὶ
775 3659 1022 3728 Θαύμασι
1051 3660 1161 3728 γὰρ
1192 3659 1344 3727 παρὰ
1395 3659 1528 3711 πᾶσι
1576 3659 1856 3727 ὃιαὸεεόη-

282 3771 376 3808 ται
406 3755 636 3816 Μυσοῖς,
666 3752 702 3805 ἃ.
732 3751 903 3804 πολλὰ
939 3751 1036 3820 μὲν
1069 3751 1166 3804 καὶ
1195 3751 1288 3803 ἐπὶ
1335 3752 1428 3802 τοῦ
1469 3750 1602 3820 ἐμοῦ
1637 3753 1854 3820 περιόν-

281 3865 375 3910 τος
419 3847 499 3898 ἔτι
530 3847 756 3915 πατρὸς,
787 3843 957 3897 πολλὰ
981 3843 1038 3896 δὲ
1070 3844 1162 3897 καὶ
1190 3843 1278 3896 ἐπ’
1340 3841 1476 3912 ἐμοῦ
1518 3842 1646 3912 παρ’
1687 3843 1852 3895 αὑτοῦ

285 3938 524 3990 τελεῖται
554 3935 706 3988 νυνίο
739 3936 812 3997 ὼς
854 3930 946 3988 οὖν
981 3933 1181 4002 μᾶλλον
1209 3932 1510 4001 ἀξιόχρεων
1539 3933 1618 3994 είς
1669 3931 1854 3982 πίστιν

284 4027 514 4098 ἔπεμψα
537 4026 723 4080 αὐτόν.
758 4025 877 4096 Κᾷν
907 4043 975 4094 με
1007 4025 1239 4094 φωρὰσῃ
1265 4023 1619 4091 ἀπατῶνταῆ
1661 4022 1851 4090 ψευδό-

286 4137 474 4188 μενον,
500 4120 624 4187 ὲμοὶ
652 4117 840 4170 τοῦτον
874 4115 1053 4168 λαϐὼν
1085 4115 1308 4179 ἐπιέτω,
1343 4115 1416 4178 ώς
1447 4114 1610 4168 αὑτοῦ
1631 4131 1854 4183 συμμα-

283 4212 510 4282 χοῦντος
542 4215 785 4280 νικήσων
817 4212 909 4262 καὶ
943 4208 1409 4279 διαφῡερῶν.”υτι
1445 4207 1500 4258 δὲ
1553 4208 1614 4259 ού
1654 4208 1854 4276 σκῆψις

283 4303 460 4355 ταὲτα
497 4302 620 4354 οὐδὲ
649 4301 924 4370 πρόφασις
979 4303 1292 4370 εὐπρεπὴς,
1331 4299 1423 4350 τὸν
1453 4298 1731 4364 ἀπάξοντα
1754 4301 1850 4367 τὴν

285 4393 554 4461 στρατιὰν
586 4395 650 4445 ὲκ
686 4393 784 4459 τῆς
863 4391 1172 4458 Ῥωμαίων,
1230 4389 1291 4452 ἐξ
1337 4389 1506 4458 αὐτῆς
1542 4389 1847 4444 ἀποστελῶ.

286 4485 397 4536 Καὶ
457 4485 656 4537 αὐτίκα
690 4483 768 4553 τῷ
807 4483 908 4554 μὲν
980 4483 1287 4552 πρεσὸευτῇ
1345 4484 1608 4550 παρεῖχεν
1650 4483 1851 4544 ῖππους

1960 3304 2184 3362 parente
2212 3307 2312 3346 suo
2351 3290 2645 3360 superstite
2685 3291 2943 3354 ediderit,
2975 3292 3142 3345 multa
3177 3309 3234 3346 se
3263 3305 3521 3364 regnanti:

1957 3387 2102 3438 edat.
2135 3385 2417 3450 Tanquam
2456 3382 2617 3451 igitur
2643 3380 3012 3434 fidelissimam
3042 3391 3256 3444 testem,
3287 3398 3342 3437 se
3374 3383 3520 3437 illam

1961 3475 2194 3527 mittere.
2249 3474 2304 3527 Si
2357 3477 2531 3542 ipsum
2580 3460 2850 3536 fallacem,
2901 3473 3284 3527 mendaecmvc
3327 3475 3516 3542 depre-

1959 3567 2229 3633 henderit,
2269 3581 2332 3619 ea
2367 3579 2532 3618 cruce
2562 3573 2808 3633 correpta
2846 3578 2903 3618 se
2937 3564 3177 3629 invadat,
3222 3581 3328 3632 qua
3369 3566 3512 3634 adju-

1960 3657 2095 3710 trice
2123 3655 2404 3709 victoriam
2441 3655 2510 3708 sit
2543 3664 2963 3709 consecuturus.
3013 3653 3080 3709 Ut
3109 3665 3288 3709 autem
3322 3656 3516 3710 inte“:—

1955 3757 2064 3821 εει,
2099 3763 2207 3802 non
2251 3762 2370 3802 esse
2411 3747 2527 3801 haec
2583 3756 2926 3815 praetextum,
2963 3763 3156 3817 .ncque
3208 3750 3517 3817 speciosum

1916 3891 1918 3894 ,
1959 3843 2236 3912 quoddam
2283 3841 2672 3905 velamentum,
2718 3844 2971 3906 protinus
3013 3844 3330 3908 missurum,
3357 3845 3451 3914 qui
3491 3863 3521 3898 c

1959 3934 2158 3988 finibus
2201 3933 2569 3987 Romanorum
2616 3948 2746 3987 suos
2788 3934 3052 3988 continuo
3081 3935 3340 3990 abducat.
3375 3937 3521 3991 Mox-

1955 4041 2063 4095 quc
2103 4026 2279 4095 legato
2341 4025 2690 4093 imperatoris
2716 4039 2886 4092 equos
2926 4039 2992 4078 ex
3038 4027 3352 4081 cursoribus
3379 4044 3516 4097 quos

1956 4117 2134 4171 alebat
2164 4115 2435 4177 attribuit,
2457 4115 2656 4184 jubens
2679 4115 2957 4169 celeritate
2989 4130 3200 4171 summa
3236 4117 3339 4171 iter
3363 4117 3518 4186 prius

1954 4207 2248 4268 conligere,
2303 4221 2464 4276 quam
2514 4207 2808 4276 imperator
2862 4207 3122 4260 exercitui
3175 4223 3273 4262 suo
3313 4209 3518 4264 incern-

1957 4298 2226 4352 ruodarct.
2260 4298 2530 4352 Praeterea
2566 4312 2735 4350 unum
2767 4297 2834 4351 de
2866 4297 3229 4353 familiaribus
3250 4300 3518 4354 ministris

1957 4406 2079 4444 cum
2111 4390 2302 4443 eodem
2335 4389 2503 4442 mittit
2534 4389 2799 4442 ferentem
2847 4390 3079 4456 litteras,
3126 4393 3323 4459 quibus
3358 4393 3518 4462 184

1955 4482 2106 4536 lbani
2137 4481 2486 4550 praecipiebat
2519 4482 2596 4535 uti
2628 4483 2928 4536 exercitum
2964 4483 3252 4539 reduceret
3291 4494 3346 4539 et
3374 4487 3513 4540 alam

284 4577 389 4627 τῶν
429 4580 780 4645 πειθομένων
813 4577 1170 4645 ταχυδρομιυν
1201 4573 1328 4644 παρ’
1369 4573 1541 4642 αύτῷ,
1586 4572 1850 4636 κελεύσας
1876 4556 1928 4615 D
1955 4578 1962 4626 l

1833 4556 1928 4636 ςῙ)
1955 4572 2344 4636 flammantem,
2375 4573 2517 4641 quod
2552 4573 2693 4641 apttd
2726 4574 2922 4628 Mmsos
2956 4575 3259 4631 velocitatis
3293 4577 3511 4646 signqu

334 4684 355 4725 ς
408 4668 642 4735 τάχιστα
687 4665 875 4717 ἀνύειν
913 4665 1012 4733 τὴν
1048 4665 1167 4717 ὁδον
1195 4666 1327 4732 πρὶν
1372 4663 1555 4733 φθάσῃ
1590 4664 1848 4726 κακώσας

1955 4674 2038 4719 est
2067 4662 2199 4732 (21).
2250 4661 2544 4732 Postquam
2578 4663 2642 4716 ad
2675 4664 3061 4733 imperatorem
3092 4679 3381 4732 venerunt,
3419 4667 3510 4736 qui

1507 4800 1720 4860 Jacobi
1763 4801 2028 4862 Pontani
2064 4809 2245 4860 uotae.

358 4931 470 4993 il‘J)
506 4928 671 4995 Ἀγια
725 4929 780 4978 ὲν
835 4927 1052 4987 κόλποις
1104 4925 1282 4995 hujus
1315 4926 1456 4994 regis
1507 4941 1614 4978 non
1667 4937 1841 4992 erant,

286 5001 388 5054 nisi
418 4994 731 5051 sanctorum
767 4998 1008 5064 reliquias
1036 4994 1224 5064 procul
1257 4994 1446 5055 dubio,
1493 5005 1546 5047 et
1583 4997 1648 5049 iis
1679 4998 1839 5050 etiam

287 5069 565 5124 crucicnla
603 5082 764 5127 aerea,
813 5068 1089 5118 miraculis
1121 5065 1428 5117 nobilitata.
1478 5065 1662 5133 Itaque
1691 5067 1843 5130 illud,

286 5142 372 5208 qui
432 5141 484 5188 in
534 5153 589 5188 eo
620 5145 844 5208 prpptcr
879 5153 969 5188 nos
1000 5135 1228 5203 sufﬁxus,
1270 5133 1633 5208 referendum
1664 5145 1748 5208 est
1775 5139 1840 5188 ad

289 5204 636 5275 prototypon.
670 5204 750 5258 Tu
799 5206 1051 5273 pietatem
1086 5211 1210 5275 nota
1238 5212 1478 5275 veterum
1507 5204 1844 5275 Christiano-

289 5273 436 5335 rum,
473 5273 636 5327 etiam
683 5276 1015 5343 principum,
1047 5274 1139 5341 qui
1179 5274 1245 5326 de
1275 5273 1413 5343 collo
1437 5273 1724 5340 gestabant
1757 5289 1845 5327 res

290 5346 601 5414 lllljllalllo.“
659 5342 863 5405 sacras,
910 5346 1122 5410 sibique
1154 5345 1276 5414 inde
1306 5342 1842 5414 cmlcsteausiliuin,

290 5408 440 5468 ct'in
485 5413 737 5480 periculis
789 5408 1047 5464 tutamch
1076 5411 1387 5480 sperabant.
1447 5408 1574 5464 Vide
1603 5411 1846 5465 Gretscri

293 5485 453 5552 [κδ.
478 5485 661 5544 (.‘ruce,
693 5490 822 5536 tetri.
853 5483 894 5544 ι,
929 5483 1030 5533 lib.
1065 5497 1101 5545 i,
1129 5497 1248 5549 cap.
1287 5480 1352 5530 77
1381 5487 1435 5532 et
1469 5496 1586 5552 cap.
1621 5482 1706 5534 60.

359 5551 474 5620 (20)
519 5552 813 5616 Ἐγκὸλπια
860 5561 1035 5612 vocat,
1070 5566 1189 5617 qua:
1215 5551 1602 5620 fpraelcrillatn
1629 5565 1849 5618 parvam

290 5638 515 5674 crucem
566 5624 700 5672 foris
753 5626 986 5675 fortasse
1050 5638 1076 5671 a
1121 5619 1263 5672 collo
1316 5619 1627 5686 pendentia,
1677 5635 1852 5688 caque

288 5707 426 5745 auro
455 5702 509 5742 et
536 5689 765 5755 gemmis
808 5690 1060 5758 insignia,
1108 5689 1329 5742 inclusis
1386 5697 1694 5742 sanctarum
1725 5692 1848 5743 reli—

285 5761 431 5828 quzis
463 5761 726 5826 gestabat.

359 5825 474 5897 (21)
536 5828 760 5879 Videtur
815 5825 895 5877 ala
955 5829 1232 5895 proprium
1309 5829 1472 5883 fuisse
1543 5829 1846 5894 symbolum

610 5921 851 5976 ΡΑτιιοι.
924 5931 1006 5976 ιιι·
1092 5917 1268 5973 ίῗίΗΙ

1949 4942 2140 4999 eorum
2167 4926 2508 4999 nuntiorum,
2535 4942 2672 4998 quos
2705 4930 3076 4999 ταχυδρόμους
3124 4933 3411 4996 vocabant.
3445 4953 3488 4988 ρ.

1954 4998 2138 5060 modo,
2164 4998 2272 5066 quo
2307 4999 2550 5051 notarios
2586 5014 2681 5051 seu
2726 4998 3232 5068 scribasquosdam
3259 5008 3512 5059 nomina-

1954 5068 2086 5120 bant
2113 5069 2524 5134 ταχυγραφους,
2558 5069 2625 5120 ob
2659 5070 2994 5122 celeritatem
3021 5073 3318 5125 scribendi.
3371 5077 3511 5130 llinc

1946 5139 2108 5208 etiam
2138 5145 2329 5208 statua;
2352 5137 2461 5186 τῶν
2494 5137 2847 5208 ταμδρόμων
2886 5149 3042 5208 erant
3085 5145 3381 5208 πτερωταὶ,
3414 5162 3506 5197 seu

1948 5206 2162 5282 alata,“
2191 5204 2382 5282 quales
2455 5204 2936 5282 visebanttir'olim
3001 5204 3508 5282 Constantinopoli,

1952 5285 2086 5328 teste
2124 5274 2333 5327 Codino
2368 5274 2421 5326 in
2448 5291 2543 5328 sua
2571 5276 3052 5345 Constantinopoli.
3073 5278 3167 5332 fol.
3197 5281 3284 5341 55,
3311 5274 3401 5336 ub'i
3434 5274 3511 5336 ta;

1953 5360 2076 5397 mcn
2133 5346 2534 5415 Dousainepte
2578 5347 2739 5398 vertit
2791 5350 3011 5415 στήλας,
3061 5349 3351 5414 columnas,
3387 5368 3510 5406 cum

1952 5413 2396 5488 vertettdun1__sit,_
2426 5424 2651 5469 statuas.
2679 5413 2930 5488 rlilauav‘it
2959 5428 3147 5488 autem
3196 5433 3314 5472 mos
3346 5438 3512 5488 ταχυ-

1953 5484 2190 5557 δρόμοος
2223 5484 2338 5557 alis
2387 5485 2689 5538 instruendi
2717 5487 2784 5538 ab
2820 5487 3040 5538 ctlinico
3081 5486 3370 5557 Mercurio,
3415 5484 3508 5557 qui

1955 5565 2007 5604 et
2045 5554 2157 5620 ipse
2186 5554 2380 5607 alatus.
2405 5563 2659 5621 tanquam
2695 5557 2837 5607 celer
2868 5561 3115 5609 nuntius.
3163 5557 3228 5610 Et
3282 5554 3512 5614 ﬂammae

1958 5623 2060 5673 illa:
2086 5624 2242 5693 pictae
2275 5625 2496 5675 luerunt
2524 5641 2535 5675 :
2567 5640 2689 5676 nam
2729 5634 2780 5676 et
2812 5625 2950 5693 ignis
2985 5626 3283 5680 celeritatis
3325 5632 3510 5680 hiero-

1956 5692 2264 5768 gtypliieum
2306 5701 2405 5768 est.
2445 5693 2520 5745 lta
2569 5693 2804 5768 Jacobos
2841 5692 3284 5768 ’Gretserusal’er
3321 5700 3512 5768 hujus-

1958 5760 2100 5812 modi
2123 5761 2258 5812 alam
2286 5762 2565 5815 ardentem
2615 5774 2668 5814 et
2708 5765 2925 5831 pictam,
2959 5779 3119 5832 quam
3148 5767 3294 5820 Μωδὶ
3328 5760 3510 5820 trade-

1959 5842 2074 5881 rent
2112 5832 2333 5896 nuntiis,
2385 5849 2521 5899 qttos
2559 5835 2838 5887 :unbulare
2866 5850 3026 5902 quam
3079 5838 3364 5889 celerrime
3399 5839 3512 5892 vel-

3131 5925 3196 5988 13
