4250 6444
288 431 400 497 393

1487 442 2027 503 IIISTORIABUM
2065 446 2294 505 LIBER
2328 447 2380 508 Ι.

3441 435 3543 495 ³9ι

287 550 389 618 τὴν
427 549 611 618 ἁςηξιν
665 553 832 608 αὑτοῦ
878 555 907 608 δ
957 572 1010 608 τι
1039 555 1148 625 εἴη.
1181 556 1241 609 Et
1273 556 1372 625 μὲν
1407 553 1499 609 οῦν
1524 555 1695 619 λύσας
1742 557 1869 618 τοὺς
1900 563 1941 618 Α

1856 573 1869 618 ;
1900 563 1941 618 Α
1975 572 2158 619 nosse,
2193 573 2260 610 an
2297 566 2459 626 rupto
2492 555 2695 610 foedere
2736 555 2935 609 bellum
2963 553 3067 611 sibi
3094 554 3349 617 intentet,
3377 565 3435 606 ut
3464 553 3534 606 si-

287 641 492 710 ὅρκους
532 644 628 696 καὶ
669 645 768 708 τὰς
799 646 1032 709 σπονδὰς
1057 647 1156 710 τὰς
1207 647 1344 718 πρὸς
1402 647 1585 711 αὑτὸν,
1633 648 1870 717 πόλεμον

286 731 531 800 ἄρασθαι
583 733 859 802 βούλεται,
906 736 1097 806 μαθεῖν
1124 736 1352 801 ἐθέλειν,
1406 739 1552 798 ὅπως
1583 737 1676 789 καὶ
1707 737 1870 799 animo;

289 824 775 889 παρασκευάζοιτο
823 827 885 879 ὲκ
924 825 1022 876 τοῦ
1067 826 1276 896 ὁμοίου.
1331 827 1392 878 Et
1439 825 1494 878 δέ
1539 842 1632 877 του
1677 825 1868 888 ἐτέρου

287 909 454 963 ἕνεκα
486 915 519 983 ἡ
575 915 904 984 ὲκστρατεία
939 918 1049 986 εῖη.
1112 917 1187 987 μὴ
1242 920 1477 985 ἀγνοεῖν.
1516 918 1702 986 Ὅμως
1741 918 1867 984 μέν·

287 1020 375 1055 τοι
413 1021 476 1071 γε
517 1008 577 1057 τό
632 1023 693 1060 τε
738 997 973 1078 ἄκλητον
1017 1009 1176 1077 ἥκειν
1237 1010 1533 1078 τεκμήριον
1597 1010 1868 1063 ποιεῖσθαι

288 1095 392 1146 τοῦ
430 1096 551 1148 κατ’
582 1097 749 1150 αὐτοῦ
807 1102 1030 1170 χωρεῖν,
1059 1103 1155 1153 καὶ
1200 1099 1262 1152 τὸ
1294 1100 1612 1164 Βυζαντίοις
1645 1117 1866 1170 συμμα-

285 1188 416 1256 χίαν
457 1188 574 1256 ἅμα
619 1189 799 1261 ἰϐἀνῃ
825 1192 882 1254 ἐς
907 1191 1240 1262 τρισχιλίους
1269 1191 1611 1261 στρατιώτας
1643 1193 1860 1260 πέμψαι

285 1276 406 1331 οὖσι
461 1280 767 1351 πολεμίοις,
818 1284 1068 1352 φανερῶς
1099 1282 1252 1354 αὐτῷ
1300 1285 1668 1355 πολεμοῦντος
1699 1283 1859 1338 εἶναι.

288 1374 614 1441 Θαυμαζειν
647 1375 702 1428 δὲ
756 1374 924 1428 αὐτοῦ
956 1379 1005 1428 εί
1051 1376 1360 1445 πυθόμενος
1411 1378 1542 1448 περὶ
1575 1379 1865 1442 Βυζάντιον

285 1466 662 1534 διατρίϐοντος
718 1466 906 1530 αὑτοῦ,
940 1468 1229 1531 τοσούτους
1260 1469 1495 1538 πέμψειε
1522 1469 1863 1538 στρατιώτας

288 1557 755 1626 συμμαχήσοντας
806 1559 922 1620 τοῖς
967 1557 1290 1627 πολεμίοις’
1337 1559 1368 1628 ἢ
1426 1562 1648 1627 ἀγνοεῖν
1695 1561 1771 1624 ὡς
1801 1562 1859 1612 οὺ

289 1649 663 1716 στρατεύματι
703 1650 968 1718 χρήσεται
991 1649 1124 1718 πρὸς
1159 1649 1357 1712 αὐτοὺς
1380 1649 1548 1703 εἰδόσι
1576 1651 1857 1717 πολεμεῖν,

286 1737 426 1790 ἀλλὰ
477 1741 585 1799 τοῖς
638 1739 907 1807 γεωργοῖς
955 1737 1242 1804 κελεύσας,
1307 1740 1724 1808 ἀδυνατωτέραν
1765 1741 1862 1808 01'}-

289 1847 446 1882 σονσι
484 1831 583 1896 τὴν
616 1831 878 1882 ἐπάνοδον
908 1831 1090 1892 αὐτοῖς
1137 1832 1169 1900 ἢ
1231 1832 1290 1896 ἐξ
1321 1831 1450 1902 ᾅδου
1499 1831 1733 1908 πυλῶν..
1757 1833 1859 1884 Βαι-

285 1919 476 1982 σιλεὺς
513 1919 611 1987 μὲν
637 1916 730 1973 οὖν
785 1921 1014 1974 τοιαῦτα
1064 1920 1458 1991 ἐπρεσϐεύετο.
1526 1922 1748 1992 Μιχαὴλ
1802 1921 1858 1974 δὲ

284 2011 410 2061 ἐπεὶ
459 2010 548 2062 τίν
598 2027 655 2062 τε
711 2009 934 2080 βασιλέα
960 2011 1194 2064 ἐπύθετο
1263 2013 1401 2081 πρὸς
1447 2012 1507 2066 τὸ
1561 1999 1858 2075 Βυζάντιον

282 2102 610 2169 ἀφιγμένον,
683 2103 777 2154 καὶ
823 2103 922 2171 τῆς
971 2102 1134 2154 αὑτοῦ
1192 2104 1456 2171 στρατιᾶς
1525 2103 1585 2154 οὐ
1638 2104 1857 2172 μακρὰν

281 2193 876 2264 ἐστρατοπεδευμένον,
939 2192 1250 2265 ἐθορυϐήθη
1310 2212 1371 2248 τε
1425 2195 1692 2264 σφοδρῶς,
1748 2197 1856 2247 τῶν

282 2288 568 2357 σφετέρων
596 2287 759 2340 ἓνεκα
809 2288 1182 2357 στρατιωτῶν,
1219 2289 1312 2342 καὶ
1340 2288 1613 2358 σωτηρίας
1671 2289 1856 2352 αὐτοῖς

279 2378 477 2430 ἐλπίδα
529 2377 786 2444 οὐδεμίαν
833 2378 1105 2443 συνεώρα,
1139 2379 1187 2429 εί
1249 2375 1324 2446 μὴ
1358 2377 1591 2446 τάχιστα
1645 2377 1855 2430 πείσειε

283 2470 516 2538 βασιλέα
545 2470 627 2522 ὅτι
655 2486 714 2520 τε
745 2469 805 2522 οὔ
856 2453 1039 2520 λύσειε
1073 2470 1170 2531 τὰς
1199 2467 1433 2530 σπονδὰς
1454 2467 1554 2530 τὰς
1586 2470 1722 2539 πρὸς
1753 2468 1853 2520 atti-

281 2565 396 2626 τὶν,
435 2563 528 2614 καὶ
573 2562 674 2630 τὴν
711 2560 974 2630 στρατιὰν
1025 2561 1125 2613 οὐκ
1157 2559 1308 2629 αὖτῷ
1362 2559 1853 2630 πολεμησείουσαν,

285 2656 404 2708 ἀλλ’
434 2656 621 2723 ἑτέρου
667 2672 761 2708 του
821 2653 986 2706 ἓνεκα
1019 2656 1096 2717 είς
1146 2652 1443 2716 Βυζάντιον
1505 2653 1700 2708 ἐλθεῖν.
1753 2655 1860 2707 Αὐ-

284 2746 418 2800 τίκα
457 2764 514 2799 τε
576 2747 612 2800 ἃ.
659 2742 811 2817 εἶχεν
840 2748 899 2800 ἐν
937 2748 1047 2808 τοῖς
1104 2745 1327 2809 κόλποις
1377 2745 1510 2812 ἆγια
1554 2746 1857 2816 ἐξενεγκὼν

285 2841 382 2894 ἐπὶ
419 2841 512 2893 τοῦ
545 2841 905 2911 πρεσϐευτοῦ,
943 2842 1037 2894 καὶ
1084 2841 1142 2904 ὃς
1175 2837 1242 2912 ἦν
1274 2843 1333 2894 ἐν
1384 2843 1567 2906 αὐτοῖς
1625 2843 1859 2912 σταυρὸν

287 2931 632 3000 ἐγχειρίσας,
692 2930 878 2996 Τοῦτ’,
917 2931 1044 3001 ἔφη,
1108 2933 1341 3002 κομίσας
1385 2933 1522 3001 πρὸς
1590 2933 1856 3002 βασιλέα,

286 3022 515 3090 ὀμνύειν
559 3026 662 3091 ἐμὲ
709 3025 788 3086 εἰς
840 3022 931 3076 τὸν
970 3024 1027 3077 ἐν
1079 3023 1229 3092 αὐτῷ
1289 3023 1534 3091 παγέντα
1579 3024 1743 3094 σαρκὶ
1790 3024 1858 3076 δι’

287 3115 440 3183 ἡμᾶς
476 3115 616 3176 εἰπὲ,
662 3114 738 3178 ὡς
774 3113 895 3167 οὔτε
927 3114 1128 3168 λέλυκα
1169 3115 1266 3176 τὰς
1323 3116 1553 3176 σπονδὰς
1594 3117 1692 3177 τας
1724 3115 1859 3183 πρὸς

1976 647 2180 700 militcr
2210 663 2268 701 se
2298 655 2597 715 comparet.
2629 645 2721 699 Sin
2750 646 2909 699 aliam
2947 645 3018 698 ob
3036 659 3258 698 causam
3286 653 3538 710 suscepta

1973 737 2363 805 sitexpeditio,
2394 752 2454 791 se
2486 737 2536 789 id
2570 751 2788 804 quoque
2821 737 3072 805 ignorare
3098 735 3262 789 nolle.
3312 734 3540 788 Verum-

1974 838 2154 882 tamen
2209 843 2333 881 cum
2375 843 2482 880 non
2533 837 2756 881 vocatus
2803 828 3007 890 veniat,
3062 827 3396 880 documento
3431 823 3533 878 sibi

1969 936 2088 976 csse
2136 930 2326 974 contra
2369 934 2425 972 se
2460 920 2668 982 venire,
2709 927 2763 972 et
2812 918 3084 987 Byzantiis
3124 917 3374 971 hostibus
3421 914 3538 969 suis

1969 1013 2108 1067 duce
2144 1013 2310 1066 lbane
2339 1013 2404 1066 ad
2448 1023 2530 1066 ter
2555 1012 2700 1065 mille
2734 1012 2949 1080 equites
2993 1009 3228 1070 misisse,
3263 1006 3533 1061 manifesti

1969 1105 2145 1158 hostis
2175 1103 2436 1156 indit-ium
2469 1117 2612 1156 esse.
2642 1104 2827 1156 Mirari
2863 1110 3042 1154 autem
3067 1098 3368 1170 quomodo.
3406 1111 3533 1150 cum

1967 1194 2207 1248 audierit
2249 1207 2306 1246 se
2334 1193 2487 1260 juxta
2524 1193 2841 1263 Byzantium
2887 1193 3117 1254 versari,
3157 1191 3375 1243 interim
3417 1196 3533 1240 tan-

1969 1293 2082 1352 tum
2109 1298 2401 1339 numerum
2428 1284 2762 1339 adversariis
2792 1284 2908 1337 suis
2937 1282 3264 1350 epitnlatum
3293 1279 3530 1332 miserit.

1965 1375 2216 1431 NescisSe
2245 1375 2471 1430 forsitan
2505 1390 2562 1429 se
2605 1392 2714 1429 non
2759 1373 3056 1428 exercitata
3087 1370 3244 1439 copia
3287 1371 3342 1423 in
3379 1368 3532 1422 illum

1965 1481 2213 1530 usurum,
2241 1467 2334 1519 sed
2365 1464 2583 1519 rusticis
2616 1465 2894 1533 negotium
2921 1463 3198 1526 daturum,
3224 1460 3317 1530 qui
3356 1461 3406 1514 ei
3441 1474 3531 1512 re-

1964 1556 2139 1611 ditum
2171 1556 2554 1621 ditliciliorem,
2584 1571 2746 1625 quam
2785 1555 2853 1609 ab
2882 1554 3179 1608 inferorum
3225 1553 3396 1623 portis
3421 1552 3535 1605 efIi-

1964 1650 2128 1702 ciant.
2164 1648 2289 1702 limae
2314 1649 2633 1718 imperator.
2663 1647 2731 1701 At
2763 1646 3012 1711 Michael,
3054 1645 3146 1700 ubi
3195 1659 3319 1698 eum
3361 1657 3530 1713 prope

1960 1739 2478 1808 Constantinopolin
2517 1753 2661 1804 esse,
2709 1751 2811 1792 nec
2852 1737 3009 1806 longe
3049 1737 3116 1790 ab
3149 1735 3397 1790 exercitu
3430 1749 3531 1787 suo

1962 1831 2166 1884 distare
2201 1829 2480 1900 cognovit,
2508 1845 2734 1884 suorum
2767 1845 2929 1883 causa
2957 1844 3086 1883 sane
3118 1845 3280 1897 quam
3312 1835 3532 1881 contur-

1963 1923 2141 1985 batus,
2191 1923 2396 1976 nullam
2449 1920 2608 1974 aliam
2667 1937 2818 1989 spem
2882 1919 3078 1975 salutis
3137 1919 3377 1983 videbat,
3425 1920 3526 1971 nisi

1960 2028 2123 2084 quam
2149 2013 2414 2068 citissime
2441 2029 2498 2068 se
2524 2013 2702 2069 fwdus
2727 2027 2972 2076 servare,
2997 2022 3052 2067 et
3079 2013 3263 2082 copias
3286 2012 3405 2065 illas
3420 2026 3527 2064 non

1960 2113 2152 2158 contra
2177 2119 2324 2170 eum,
2351 2105 2444 2159 sed
2479 2106 2648 2159 alium
2676 2104 2974 2174 quemdam
3008 2103 3330 2173 Byzantium
3358 2102 3527 2156 addo--

1960 2205 2096 2261 (tas,
2122 2197 2436 2266 imperatori
2465 2197 2841 2266 persuaderet,
2873 2197 3168 2266 statimque
3193 2211 3223 2249 e
3247 2197 3370 2249 sinu
3405 2210 3529 2248 san--

1960 2300 2174 2342 ctorum
2203 2290 2465 2358 reliquias
2488 2304 2671 2343 coram
2709 2290 2885 2358 legato
2911 2290 3195 2360 proferens
3217 2289 3351 2358 (l9),
3382 2301 3436 2344 et
3461 2307 3526 2343 ex

1962 2378 2028 2432 iis
2054 2393 2270 2434 crucem
2293 2380 2341 2434 ei
2376 2380 2429 2433 in
2463 2395 2655 2435 manus
2689 2381 2912 2434 tradens
2960 2399 2971 2434 :
3016 2380 3164 2434 Istuc
3197 2380 3265 2433 ad
3292 2381 3528 2450 impera-

1961 2479 2134 2525 torem
2165 2472 2434 2540 portabis,
2460 2471 2659 2541 inquit,
2694 2479 2748 2526 et
2783 2488 2868 2526 me
2899 2489 2994 2542 per
3025 2473 3201 2535 illum,
3242 2474 3334 2541 qui
3368 2473 3422 2526 in
3463 2489 3529 2525 eo

1960 2572 2186 2634 propter
2209 2578 2307 2617 nos
2323 2562 2548 2617 sufﬁxus
2569 2573 2675 2628 est,
2697 2565 2880 2634 jurare
2911 2564 3062 2617 dices
3080 2579 3180 2617 nec
3203 2563 3380 2620 fmdus
3402 2579 3528 2618 cum

1962 2655 2081 2723 ipso
2109 2669 2429 2723 percussum
2471 2654 2719 2720 solvisse,
2759 2672 2859 2709 nec
2912 2657 3112 2711 milites
3155 2668 3344 2712 contra
3374 2657 3526 2712 illum

1965 2745 2198 2799 misisse.
2262 2745 2530 2810 Quocirca
2570 2759 2730 2798 orare
2759 2759 2866 2807 me,
2914 2761 2981 2800 ne
3010 2746 3140 2815 quid
3170 2746 3278 2800 illis
3311 2760 3523 2801 novent.

1961 2838 2118 2905 Quod
2154 2848 2335 2892 autem
2369 2855 2480 2891 non
2512 2838 2578 2892 de
2609 2838 2794 2891 multis
2843 2854 2906 2892 ac
2952 2839 3206 2907 pretiosis
3235 2839 3528 2894 monilibus

1963 2931 2074 2985 suis
2123 2946 2243 2999 qua:
2273 2913 2523 2985 cerneret
2571 2931 2706 3000 {20),
2739 2931 2831 2985 sed
2889 2933 3030 2985 lianc
3084 2946 3303 2986 crucem
3353 2946 3383 2986 e
3432 2933 3524 2985 vili

1964 3023 2188 3078 materia
2231 3021 2532 3077 confectam
2586 3022 2726 3092 (erat
2764 3023 2909 3076 enim
2949 3039 3015 3076 ex
3056 3037 3163 3076 εει-ε
3209 3021 3525 3089 fabrefacta)

1964 3115 2040 3167 illi
2079 3113 2340 3175 mitte‘rct,
2395 3113 2583 3166 mirari
2628 3127 2734 3167 non
2779 3113 2982 3168 debere
3011 3129 3024 3166 :
3056 3130 3174 3169 esse
3201 3116 3347 3170 enim
3381 3118 3521 3185 apud

282 3207 471 3271 αὐτον,
504 3204 627 3258 οὔτε
660 3206 779 3259 κατ’
807 3207 972 3259 αὑτοῦ
1009 3207 1280 3276 πέπομφα
1316 3206 1413 3276 τὴν
1449 3208 1730 3277 στρατιάν.
1767 3207 1856 3257 Διὸ
1883 3225 1924 3280 C

1847 3225 1856 3257 ν
1883 3225 1924 3280 C
1965 3204 2160 3259 Messes
2190 3203 2259 3256 ob
2291 3202 2968 3292 miracula'percelebrem,
3000 3220 3119 3273 qute
3156 3206 3321 3258 multa
3349 3207 3525 3259 adhuc

285 3301 384 3350 καὶ
422 3299 613 3367 δέομαι
666 3299 740 3368 μὴ
792 3298 976 3360 κακῶς
1026 3299 1225 3359 αὐτοὺς
1283 3297 1498 3350 παθεῖν.
1569 3299 1690 3350 "Ott
1722 3298 1774 3350 δὲ
1798 3298 1856 3349 οὐ

283 3392 394 3442 τῶν
425 3390 732 3442 πολυτελῶν
762 3389 1066 3456 ἐγκολπίων
1115 3389 1328 3440 πολλῶν
1379 3388 1504 3456 ἐμοὶ
1545 3389 1854 3456 παρόντων,

285 3483 364 3544 ὡς
399 3483 547 3552 ἐρᾷς,
579 3480 716 3534 ἄλλα
746 3483 956 3533 τουτονί
982 3482 1072 3532 τὸν
1103 3480 1358 3550 σταυρὸν,
1393 3479 1452 3543 ἐξ
1478 3478 1727 3542 ε)τελοῦς
1756 3494 1857 3530 πε-

288 3573 594 3640 ποιημένον
643 3570 773 3640 ὕλης
823 3568 912 3639 (ἧν
970 3572 1079 3640 γὰρ
1131 3568 1410 3639 χαλκοῦς),
1446 3569 1730 3638 πέπομφα,
1784 3570 1858 3640 μὴ

285 3664 572 3735 θαυμάσῃ.
615 3663 740 3715 Ἐπὶ
776 3661 1024 3730 Θαύμασι
1052 3662 1162 3730 γὰρ
1193 3662 1345 3729 παρᾶ
1397 3661 1530 3713 πᾶσι
1577 3661 1858 3730 διαϐεϐόη-

283 3773 378 3809 ται
407 3756 636 3817 Μυσοῖς,
667 3754 703 3807 ἃ.
732 3753 904 3806 πολλὰ
939 3753 1036 3822 μὲν
1071 3753 1166 3806 καὶ
1196 3753 1290 3805 ἐπὶ
1335 3754 1430 3804 τοῦ
1471 3753 1603 3823 ἐμοῦ
1639 3755 1856 3822 περιόν-

283 3865 376 3912 τος
420 3847 500 3900 ἐτι
531 3848 757 3917 πατρὸς,
788 3845 958 3899 πολλὰ
981 3845 1039 3898 δὲ
1071 3847 1163 3898 καὶ
1191 3845 1279 3897 ἐπ’
1341 3843 1477 3914 ἐμοῦ
1519 3845 1648 3914 παρ’
1689 3845 1854 3897 αὑτοῦ

287 3939 525 3992 τελεῖται
555 3937 706 3989 νυνί·
740 3937 813 3998 ὡς
855 3931 946 3990 οὖν
981 3934 1182 4005 μᾶλλον
1210 3934 1511 4003 ἀξιόχρεων
1540 3935 1619 3996 είς
1670 3933 1856 3985 πίστιν

285 4029 515 4099 ἔπεμψα
538 4028 723 4082 αὐτόν.
759 4027 877 4098 xliv
907 4045 976 4096 με
1007 4027 1240 4096 φωράσῃ
1266 4025 1620 4093 ἀπατῶνταῆ
1661 4025 1853 4093 ψευδὸ-

287 4138 474 4189 μενον,
501 4121 625 4190 ἐμοὶ
652 4119 840 4173 τοῦτον
875 4117 1054 4170 λαϐὼν
1086 4116 1308 4180 ἐπιέτω,
1344 4117 1417 4180 ὠς
1447 4117 1612 4170 αὑτοῦ
1632 4133 1856 4186 συμμαο

284 4213 512 4284 χοῦντος
543 4217 786 4282 νικήσων
818 4214 909 4265 καὶ
943 4211 1410 4282 διαφθερῶνῧϋτι
1445 4209 1501 4260 δὲ
1554 4211 1616 4262 οὺ
1655 4210 1855 4279 σκῆψις

284 4305 461 4356 ταῦτα
499 4305 621 4356 οὐδέ
650 4303 924 4372 πρόφασις
980 4305 1293 4372 εὐπρεπὴς,
1333 4301 1424 4352 τὸν
1453 4301 1732 4366 ἀπάξοντα
1755 4303 1851 4370 τὴν

285 4394 554 4462 στρατιὰν
587 4397 651 4447 ἐκ
687 4395 785 4461 τῆς
863 4393 1172 4461 Ῥωμαίων,
1231 4391 1291 4455 ἐξ
1338 4391 1506 4460 αὐτῆς
1542 4392 1848 4447 ἀποστελῶ.

287 4487 398 4538 Καὶ
458 4487 656 4538 αὐτίκα
691 4485 768 4555 τῷ
807 4485 908 4555 μὲν
980 4485 1288 4555 πρεσϐευτῇ
1345 4486 1608 4552 παρεῖχεν
1651 4485 1852 4545 ἵππους

1961 3307 2185 3365 parente
2213 3309 2312 3349 suo
2352 3293 2646 3364 superstite
2687 3294 2944 3358 ediderit,
2976 3296 3143 3349 multa
3178 3313 3235 3350 se
3265 3309 3522 3367 regnante

1959 3390 2104 3440 edat.
2137 3387 2419 3452 Tanquam
2457 3385 2618 3454 igitur
2645 3383 3013 3438 fidelissimam
3043 3395 3257 3448 testem,
3287 3403 3344 3441 se
3376 3387 3521 3441 illam

1963 3477 2196 3530 mittere.
2251 3477 2305 3530 Si
2358 3479 2533 3545 ipsum
2582 3475 2852 3540 fallacem,
2903 3477 3286 3531 mendacemve
3329 3479 3518 3546 depre-

1961 3569 2231 3635 henderit,
2271 3584 2333 3622 ea
2368 3582 2533 3621 cruce
2563 3577 2810 3635 correpta
2847 3582 2904 3621 se
2938 3568 3178 3633 invadat,
3224 3585 3330 3636 qua
3371 3571 3512 3638 adju-

1961 3660 2097 3713 trice
2125 3658 2405 3712 victoriam
2442 3657 2512 3711 sit
2544 3667 2964 3712 consecuturus.
3015 3658 3081 3714 Ut
3110 3669 3289 3713 autem
3323 3661 3516 3715 intell:—

1957 3761 2066 3825 gat,
2101 3765 2208 3804 non
2251 3765 2372 3804 esse
2412 3750 2528 3804 hac
2584 3759 2926 3818 praetextum,
2964 3766 3158 3820 .neque
3209 3755 3518 3821 speciosum

1961 3845 2237 3915 quoddam
2284 3843 2673 3908 velamentum,
2719 3847 2972 3909 protinus
3015 3848 3330 3912 missurum,
3359 3849 3451 3917 qui
3493 3867 3522 3902 e

1961 3937 2159 3991 finibus
2202 3937 2570 3990 Romanorum
2617 3951 2747 3990 suos
2789 3937 3054 3991 continuo
3082 3939 3341 3994 abducat.
3376 3941 3522 3994 Mox-

1957 4043 2064 4098 que
2104 4029 2280 4098 legato
2343 4028 2691 4096 imperatoris
2718 4042 2888 4095 equos
2927 4043 2993 4082 ex
3039 4030 3354 4085 cursoribus
3380 4047 3517 4100 quos

1957 4121 2136 4174 alebat
2165 4117 2436 4180 attribuit,
2458 4117 2658 4186 jubens
2680 4118 2958 4171 celeritate
2990 4134 3200 4173 summa
3237 4120 3340 4174 iter
3365 4121 3518 4190 prius

1955 4210 2249 4271 conitere,
2304 4224 2466 4278 quam
2515 4210 2809 4278 imperator
2863 4210 3123 4264 exercitui
3176 4228 3274 4265 suo
3315 4212 3518 4266 ineoru-

1958 4301 2226 4355 tnodarct.
2261 4301 2531 4354 Praeterea
2567 4315 2736 4353 unum
2769 4300 2835 4354 de
2867 4299 3230 4356 familiaribus
3251 4303 3518 4357 ministris

1958 4408 2080 4446 eum
2112 4393 2302 4444 eodem
2336 4391 2504 4445 mittit
2535 4392 2800 4446 ferentem
2848 4393 3080 4458 litteras,
3127 4396 3324 4462 quibus
3359 4396 3519 4466 184,

1956 4484 2106 4538 lbani
2137 4483 2487 4554 praecipiebat
2520 4485 2597 4538 uti
2629 4486 2929 4539 exercitum
2966 4487 3254 4542 reduceret
3292 4497 3346 4542 et
3375 4491 3513 4543 alam

285 4579 389 4629 τῶν
429 4582 780 4647 τεςρομένων
813 4579 1170 4646 ταχυδρόμων
1201 4575 1328 4646 παρ’
1369 4575 1542 4644 αὐτῷ,
1586 4575 1850 4638 κελεύσας
1877 4558 1929 4617 Ῑ)
1956 4580 1963 4628 1

1834 4595 1850 4638 ;
1877 4558 1929 4617 Ῑ)
1956 4575 2345 4640 flammantem,
2375 4576 2518 4643 quod
2553 4575 2694 4644 apud
2727 4577 2923 4632 Mimos
2956 4578 3260 4634 velocitatis
3293 4581 3512 4649 signum

287 4698 289 4700 -
319 4686 354 4727 ς
408 4669 643 4736 τάχιστα
688 4667 876 4720 ἀνύειν
912 4667 1012 4734 τὴν
1048 4667 1167 4719 ὁδον
1196 4668 1328 4734 πρὶν
1372 4665 1556 4734 φθάσῃ
1590 4666 1848 4729 κακώσας

1956 4677 2039 4721 est
2068 4665 2200 4734 (21)-
2251 4663 2544 4734 Postquam
2579 4665 2643 4719 ad
2676 4667 3062 4736 imperatorem
3093 4682 3381 4735 venerunt,
3419 4670 3510 4740 qui

1507 4802 1721 4862 Jacobi
1764 4803 2028 4864 Pontani
2065 4811 2246 4862 notua.

357 4933 471 4996 ita)
507 4929 671 4996 Ἀγια
725 4931 780 4980 ὲν
835 4929 1052 4990 κόλποις
1104 4927 1282 4997 hujus
1315 4928 1456 4996 regis
1507 4943 1614 4980 non
1668 4939 1841 4994 erant,

286 5002 388 5055 nisi
417 5012 731 5052 sanctorum
767 4999 1007 5066 reliquiae
1037 4996 1224 5065 procul
1257 4996 1446 5057 dubio,
1493 5006 1547 5049 et
1582 4998 1648 5052 iis
1679 5000 1840 5052 etiam

287 5070 565 5125 crucicula
603 5084 763 5129 aerea,
813 5070 1089 5121 miraculis
1121 5067 1428 5119 nobilitata.
1478 5067 1663 5135 Itaque
1691 5069 1843 5132 illud,

285 5144 372 5210 qui
431 5142 484 5189 in
533 5155 589 5189 eo
619 5146 845 5210 propter
879 5154 969 5189 nos
1000 5136 1228 5205 suﬁixus,
1270 5135 1633 5210 referettdutir
1664 5146 1748 5210 est
1775 5140 1840 5190 ad

287 5205 636 5277 prototypon.
669 5205 750 5260 Tu
799 5208 1051 5274 pietatem
1085 5213 1209 5277 nota
1237 5214 1478 5277 veterum
1507 5205 1845 5277 Christiano-

287 5274 436 5337 rum,
473 5274 636 5329 etiam
682 5277 1015 5344 principum,
1047 5276 1138 5344 qui
1178 5276 1244 5327 de
1274 5274 1413 5326 collo
1437 5275 1724 5342 gestabant
1758 5291 1846 5329 res

287 5347 600 5416 linjnsmodi
659 5361 864 5416 sacras,
909 5348 1122 5411 sibique
1154 5347 1276 5416 inde
1306 5344 1843 5416 ccele_s_t_e_au_xilium,

287 5431 340 5470 et
363 5410 440 5467 ἰιι
484 5415 737 5482 periculis
789 5410 1046 5466 tutamen,
1075 5413 1387 5482 sperabant.
1446 5410 1574 5466 Vide
1603 5413 1846 5467 Gretseri

291 5486 453 5552 Des.
477 5487 660 5546 (.‘ruce,
693 5492 822 5538 tom.
854 5485 894 5546 ι,
929 5484 1030 5535 lib.
1065 5499 1100 5546 ι,
1128 5499 1248 5551 cap.
1287 5482 1351 5533 ’Π
1381 5489 1434 5534 et
1469 5498 1587 5551 cap.
1621 5485 1706 5536 60.

358 5557 473 5620 (2ft;
519 5554 813 5617 Ἐγκὸλπια
860 5563 1034 5613 \ocat,
1070 5568 1189 5619 qua:
1214 5553 1602 5622 fpracterrillam
1630 5568 1849 5622 parvam

289 5640 515 5676 crucem
565 5626 699 5674 foris
752 5627 986 5676 fortasse
1049 5639 1076 5673 υ
1121 5621 1263 5674 collo
1315 5621 1635 5688 pendentia,
1677 5637 1852 5691 eaque

286 5708 424 5747 auro
454 5703 508 5744 et
535 5691 764 5756 gemmis
807 5691 1060 5760 insignia,
1107 5691 1328 5744 inclusis
1386 5699 1694 5744 sanctarum
1724 5694 1848 5745 reli—

284 5764 430 5830 qntis
461 5763 724 5827 gestabat.

359 5829 473 5898 (‘21)
535 5830 759 5882 Videtur
815 5827 894 5878 al]
955 5830 1232 5897 proprium
1308 5830 1472 5884 fuisse
1542 5831 1846 5895 symbolum

609 5922 851 5978 ΡΑτιιυι.
923 5932 1005 5978 (ιιι
1092 5919 1267 5975 ιῖΙΙΗ

1950 4945 2141 5002 eorum
2167 4929 2509 5002 nuntiorum,
2537 4945 2672 5002 quos
2707 4933 3077 5002 ταχυδρόμους
3125 4937 3412 5000 vocabant.
3446 4957 3507 4992 e.‘

1955 5001 2139 5063 modo,
2164 5001 2272 5068 quo
2308 5002 2550 5054 notarios
2587 5017 2681 5054 seu
2727 5001 3232 5071 scribasquosdam
3260 5011 3512 5063 nomina-

1955 5070 2086 5122 bant
2113 5072 2525 5137 ταχυγραιρους,
2558 5072 2626 5122 ob
2659 5070 3000 5125 celeritatem
3022 5076 3318 5128 scribendi.
3371 5081 3510 5134 lline

1946 5141 2109 5212 etiam
2138 5148 2329 5212 statuae
2352 5139 2462 5189 τῶν
2495 5141 2848 5212 ταχυδρόμων
2887 5152 3043 5212 erant
3085 5149 3381 5212 πτερωταὶ,
3414 5165 3506 5202 seu

1949 5209 2162 5285 alata3,h
2192 5207 2382 5285 quales
2456 5207 2937 5285 visebanttir‘olim
3002 5207 3508 5285 Constantinopoli,

1953 5287 2087 5330 teste
2125 5276 2333 5330 Codtno
2369 5277 2421 5329 in
2448 5294 2543 5330 sua
2572 5278 3052 5349 ConstantinOpoli,
3074 5281 3168 5335 fol.
3197 5284 3284 5344 55,
3311 5276 3402 5339 ubi
3434 5276 3511 5340 ta;

1955 5362 2076 5399 men
2133 5349 2534 5418 D_ousa_inepte
2577 5351 2740 5401 vertit
2791 5353 3011 5418 στήλας,
3061 5353 3350 5417 columnas,
3388 5371 3510 5410 cunt

1953 5415 2396 5491 vertendumusit,
2426 5427 2652 5472 statuas.
2680 5415 2931 5491 illlauav'tt
2959 5431 3147 5491 autem
3197 5437 3314 5476 mos
3340 5415 3512 5491 ’ταχυ-

1953 5487 2190 5561 δρόῇμους
2223 5486 2338 5561 .alis
2387 5487 2689 5541 instruendi
2718 5490 2784 5561 ab
2820 5489 3040 5542 ctlmico
3081 5490 3370 5561 Mercurio,
3415 5486 3507 5561 qui

1955 5567 2007 5606 et
2045 5556 2157 5622 ipse
2186 5556 2381 5612 alatus,
2406 5567 2659 5624 tanquam
2695 5559 2837 5610 celer
2868 5563 3115 5612 nuntius.
3163 5561 3228 5613 Et
3282 5556 3512 5618 (latinitas

1957 5625 2060 5676 illa:
2085 5625 2242 5688 pictae
2275 5627 2496 5678 fuerunt
2523 5644 2535 5678 :
2567 5643 2690 5679 nam
2729 5638 2780 5679 et
2812 5629 2950 5695 ignis
2985 5629 3283 5684 celeritatis
3324 5635 3510 5684 illt'l't)-

1957 5695 2265 5772 glypliieum
2305 5704 2405 5772 est.
2445 5697 2520 5748 lta
2569 5697 2804 5772 Jacobus
2846 5698 3285 5772 Gretserustl’er
3321 5704 3511 5772 hujus-

1958 5763 2100 5814 nmdi
2123 5764 2258 5836 alant
2286 5765 2565 5817 ardentem
2615 5777 2668 5818 et
2708 5768 2926 5834 pictam,
2960 5783 3119 5836 quam
3147 5771 3293 5824 Moesi
3329 5763 3510 5824 tra'de-

1958 5845 2070 5884 rent
2112 5835 2332 5899 :.ttntiis,
2385 5851 2521 5902 quos
2559 5839 2838 5890 ambulare
2867 5835 3026 5905 quam
3079 5842 3364 5892 celerrime
3398 5843 3512 5896 vel-

3131 5929 3196 5991 £3
