4250 6444
256 394 367 459 413

264 499 289 517 τ

254 598 512 667 παρόντα
546 616 560 663 ;
623 595 696 669 ἦν
736 600 842 671 γὰρ
887 602 952 654 ἄν
985 618 1069 664 τις
1102 602 1238 672 πρὸς
1281 605 1489 658 ἀπόντα
1536 610 1839 675 γινομένων

252 689 372 739 τῶν
404 689 613 759 ὖόρεων
649 692 1045 761 συγγνώμη.⁹0
1072 693 1150 758 δὲ,
1183 695 1289 748 ὑπὸ
1316 695 1415 764 τῆς
1448 696 1540 748 τοῦ
1573 696 1837 765 βασιλέως

255 787 450 851 φωνῆς
480 784 874 851 καταπλαγεὶς,
911 787 993 845 είς
1045 789 1154 856 γῆν
1186 804 1246 839 τε
1306 792 1614 842 κατέπεσεν
1648 790 1834 854 εὐθὺς,

254 876 356 927 καὶ
390 878 455 943 τῇ
491 877 560 943 γῇ
594 876 691 945 τὴν
718 875 964 945 κεφαλὴν
993 879 1425 949 προσαράσσων,
1472 881 1837 951 προσδόκιμος

251 963 330 1036 ἦν
372 969 466 1020 καὶ
511 970 611 1038 τὴν
656 968 835 1038 ψυχὴν
884 970 1110 1037 ἀφεῖναι
1163 971 1268 1024 ὑπὸ
1300 972 1483 1035 δέους.
1521 974 1690 1025 Πάλιν
1721 974 1777 1027 δὲ
1809 976 1837 1026 ὁ

256 1060 519 1127 βασιλεὺς
550 1062 784 1128 σιγήσας
820 1060 907 1128 ἐφ’
942 1062 1151 1129 ἱκανὸν,
1187 1063 1278 1115 τὸν
1327 1066 1555 1134 Μάρκον
1585 1066 1837 1118 ἐκέλευεν

254 1153 583 1220 ἀναστῆναι.
604 1153 663 1204 Ὀ
697 1151 775 1216 δὲ,
804 1153 915 1206 εἴτε
934 1154 1029 1206 καὶ
1051 1154 1159 1205 τῶν
1185 1155 1500 1225 λεγομένων
1520 1159 1621 1211 οὐκ
1646 1161 1837 1213 αἰσθαο

252 1248 511 1316 νόμενος,
572 1250 682 1300 εἴτε
742 1248 840 1300 καὶ
879 1248 955 1318 μὴ
1015 1247 1317 1317 δυνάμενος
1359 1252 1688 1322 ἀναστῆναι,
1733 1254 1837 1307 ὑπὸ

252 1338 353 1390 τοῦ
386 1339 543 1401 δέους
597 1339 867 1403 έκλυθεὶς,
929 1342 995 1410 τῇ
1032 1343 1101 1410 γῇ
1137 1343 1638 1409 προσεκυλινδεῖτο,
1702 1347 1836 1418 μήθ’

253 1431 403 1500 ὁρῶν
433 1434 571 1500 μήτε
602 1431 973 1501 φθεγγόμενος
1003 1434 1193 1502 μηδὲν·
1220 1433 1475 1503 βασιλεὺς
1503 1438 1547 1487 δ’
1570 1441 1835 1507 ἐσήμαινε

253 1526 329 1593 τῇ
392 1524 534 1592 χειρὶ
585 1526 712 1586 τοὶις
766 1527 1102 1594 κατέχοντας
1164 1527 1412 1598 ἀνιστᾲν.
1491 1529 1711 1601 Ἐπειδὴ
1778 1533 1834 1584 δὲ

255 1615 492 1682 ἀνέστη,
529 1615 937 1685 ἐπανέρχεσθαί
991 1633 1050 1667 τε
1083 1618 1338 1670 ἐκέλευεν
1373 1622 1455 1681 εἰς
1489 1620 1705 1683 ἑαυτὸν,
1742 1622 1837 1675 καὶ

256 1707 558 1775 προσέχειν
589 1710 702 1768 τοῖς
755 1708 1101 1777 λεγομένοις.
1154 1706 1290 1762 Εἷπέ
1343 1726 1403 1763 τε
1440 1712 1578 1781 πρὸς
1610 1712 1775 1765 αὑτὸν
1808 1715 1837 1766 ὁ

259 1798 519 1867 βασιλεύς
548 1814 562 1829 ο
592 1800 665 1851 Τὸ
718 1801 818 1869 μὲν
866 1801 1168 1854 δεδοικέναι
1213 1803 1306 1855 καὶ
1356 1804 1607 1876 τρέμειν,
1644 1806 1738 1873 καὶ
1768 1807 1837 1860 τά

256 1890 545 1947 δεινόταται
577 1891 865 1945 πείσεσθαι
898 1895 1231 1963 προσδοκᾷν,
1259 1894 1469 1947 δίκαιόν
1495 1911 1557 1947 τε
1578 1896 1714 1965 ὁμοῦ
1746 1900 1840 1951 καὶ

260 1984 349 2032 σοὶ
388 1983 694 2055 προσῆκον.
753 1984 914 2049 ’Δξια
948 1986 1056 2055 γὰρ
1090 1986 1343 2053 ἐφθέγξω
1388 1986 1600 2039 πολλῶν
1653 2007 1840 2060 τιμω-

262 2075 423 2142 ριῶν.
472 2076 614 2143 Ἐγὼ
666 2077 724 2129 δὲ
759 2078 983 2147 ἐμαυτῷ
1022 2078 1199 2131 πολλὰ
1254 2079 1514 2141 συνειδὼς
1551 2079 1687 2151 πρὸς
1742 2082 1837 2133 τὸν

259 2169 526 2222 ἁπάντων
562 2169 778 2238 Κύριον
806 2172 899 2221 καὶ
932 2170 1158 2239 βασιλέα
1183 2172 1570 2242 ἡμαρτημένα,
1600 2173 1697 2225 καλ⁵
1726 2173 1841 2227 δεό-

262 2278 433 2329 μενος
487 2263 847 2332 συγγνώμης,
888 2262 1079 2334 ῶσπερ
1115 2265 1212 2317 καὶ
1246 2266 1311 2319 σὺ
1356 2265 1476 2331 νῦν,
1516 2267 1722 2336 μᾶλλον
1784 2267 1842 2320 δὲ

260 2361 358 2406 καὶ
388 2354 636 2415 πλείονος
667 2356 865 2426 πολλῷ,
894 2357 1004 2426 ὅσῳ
1026 2359 1119 2410 καὶ
1149 2358 1218 2411 τὰ
1241 2359 1619 2429 ἡμαρτημένα
1650 2359 1838 2430 χείρω,

260 2450 359 2500 καὶ
393 2451 454 2501 οὐ
495 2450 631 2519 πρὸς
668 2450 975 2515 σύνδουλον,
1024 2450 1213 2520 ῶσπερ
1252 2454 1338 2516 σὺ,
1380 2452 1495 2505 ἀλλ’
1531 2454 1610 2516 είς
1652 2452 1741 2505 τὸν
1778 2454 1843 2505 ἐκ

264 2542 345 2611 μὴ
368 2542 545 2596 ὄντων
582 2544 983 2613 παραγαγόντα
1017 2543 1514 2613 προσκεκρουκὼς,
1574 2545 1670 2597 καὶ
1724 2544 1842 2597 δεό-

265 2653 437 2705 μενος
471 2637 564 2689 καὶ
624 2636 788 2697 αὐτὸς
820 2636 998 2701 ἐλέου,
1030 2635 1237 2704 ἀφίημί
1286 2652 1345 2688 τε
1379 2637 1447 2689 τὰ
1479 2638 1844 2707 ἡμαρτημένα

265 2746 377 2792 σοι,
411 2728 508 2779 καὶ
540 2729 877 2796 συγγνώμην
919 2729 1169 2799 παρέχω.
1220 2730 1377 2780 Δυοῖν
1408 2730 1466 2782 δὲ
1500 2730 1667 2783 ἕνεκα
1695 2731 1754 2783 τὸ
1783 2732 1843 2784 σέ

261 2840 328 2875 τε
393 2824 576 2890 εὑρεῖν
615 2824 709 2874 καὶ
766 2822 954 2875 ὲνθάδε
1010 2822 1247 2888 ἀγαγεῖν
1302 2822 1654 2891 ἐποιησάμην
1712 2826 1841 2891 περὶ

265 2916 529 2968 πλείστου
558 2933 571 2946 ⁶
606 2916 725 2977 ένὸς
756 2915 878 2983 μὲν,
914 2915 981 2967 ἶν’
1005 2917 1070 2967 ἑκ
1098 2914 1210 2966 τῶν
1229 2915 1534 2983 γινομένων
1571 2916 1618 2967 oi
1654 2916 1844 2968 πολλοὶ

265 3006 688 3076 σωφρονισθῶσι
715 3006 788 3076 μὴ
809 3007 1071 3076 ἀκρατεῖς
1099 3001 1241 3058 εἶναι
1274 3006 1403 3075 περὶ
1437 3007 1537 3077 τὴν
1570 3008 1840 3074 γλῶτταν,

268 3101 408 3171 μηδὲ
462 3100 664 3171 ῥᾳδίως
700 3098 1035 3168 ἐκφέρεσθαι
1098 3098 1236 3169 πρὸς
1278 3098 1485 3169 ὕϐρεις,
1522 3101 1840 3167 καὶταῦτα,

1421 401 1969 463 HISTORIARUM
2016 404 2248 465 LIBER
2296 408 2367 464 ll.

256 504 308 557 ὦ
364 505 736 576 Καΰαλλάριε,
788 504 933 574 εἷπε,
982 510 1224 565 τοσαῦτα
1272 510 1507 583 ὕϐρικας
1567 516 1658 567 καὶ
1702 516 1840 585 πρός
1871 526 1912 577 Α

1836 533 1840 569 r
1871 526 1912 577 Α
1947 510 2153 571 blatnm
2185 530 2243 571 ut
2280 535 2338 573 se
2370 519 2612 588 colligat,
2649 527 2705 573 ct
2750 518 2916 574 dictis
2959 526 3197 572 mentem
3238 519 3514 583 adhibeat,

3413 411 3517 468 414

1944 608 2219 671 hortatur,
2248 619 2303 663 ct
2336 611 2416 663 sie
2445 625 2571 663 eum
2597 610 2936 679 alloquitur:
2970 610 3127 677 Quod
3183 614 3412 679 pavitas,
3464 623 3519 666 et

1943 695 2149 752 tremis.
2184 696 2615 765 gravissimaque
2645 705 2917 752 tormenta
2942 704 3251 768 exspectas.
3289 700 3343 753 id
3370 700 3517 769 quod

1939 804 2154 857 aequum
2194 800 2251 843 et
2299 802 2353 845 te
2399 791 2645 861 dignum
2674 801 2779 858 est,
2826 793 2998 856 facis;
3054 795 3245 848 multis
3284 811 3518 863 namque

1938 882 2276 935 cruciatibus
2310 884 2507 937 luenda
2533 886 2943 954 exprompsisti.
2966 886 3077 955 Ego
3100 902 3230 940 vero
3259 888 3360 954 ipsi
3379 888 3517 950 mihi

1939 974 2240 1027 multorum
2282 975 2545 1030 adversus
2572 979 2956 1032 universorum
2989 979 3302 1040 Dominum.
3338 982 3509 1052 impe-

1939 1073 2289 1135 ratoremque
2328 1067 2689 1121 admissorum
2730 1071 2989 1123 conscius
3015 1112 3029 1133 ,
3067 1070 3221 1124 illum
3260 1073 3477 1127 veniam
3503 1116 3517 1134 ,

1938 1157 2404 1223 quemadmodum
2443 1166 2498 1211 tu
2526 1174 2673 1213 nunc
2705 1175 2789 1212 me
2827 1162 3089 1229 rogitans,
3126 1177 3191 1217 ac
3217 1172 3370 1217 tanto
3401 1166 3522 1233 qui-

1939 1250 2062 1304 dem
2094 1251 2381 1319 majorem,
2407 1258 2613 1319 quanto
2649 1252 2822 1317 magis
2848 1253 3078 1321 deliqui,
3112 1269 3236 1322 ego,
3269 1257 3520 1339 inquam,
3559 1292 3562 1294 η

1938 1342 2031 1411 qui
2062 1359 2169 1395 non
2203 1357 2527 1398 conservum
2555 1344 2629 1396 uti
2666 1354 2743 1401 tu.
2775 1345 2869 1397 sed
2897 1360 3022 1397 eum
3051 1346 3145 1414 qui
3172 1362 3259 1400 me
3288 1362 3318 1401 e
3348 1348 3522 1402 nihilo

1938 1434 2209 1496 condidit,
2235 1435 2466 1497 oll'endi,
2494 1443 2548 1486 ot
2582 1434 2713 1486 mihi
2741 1450 2961 1503 quoque
2990 1446 3051 1490 ut
3086 1437 3401 1505 ignoscatur
3425 1440 3520 1491 ob-

1940 1539 2119 1590 secro,
2147 1534 2239 1577 tua
2277 1524 2376 1577 tibi
2415 1535 2639 1599 peccata
2685 1527 2963 1591 condono,
3005 1535 3060 1580 et
3101 1528 3346 1595 ignosco.
3380 1530 3522 1584 Dua-

1941 1615 2046 1671 bus
2079 1633 2244 1686 porro
2267 1617 2334 1676 de
2366 1616 2545 1670 causis
2570 1618 2941 1686 conquisitum
2989 1620 3095 1673 huc
3119 1620 3313 1693 adduci
3335 1600 3521 1687 .ma'xi-

1940 1724 2163 1777 mopere
2187 1710 2476 1778 concupivi
2509 1728 2521 1761 :
2559 1727 2690 1773 una,
2723 1720 2780 1763 ut
2814 1711 2987 1764 multo
3013 1722 3107 1764 tuo
3142 1714 3395 1780 rxcmplo
3420 1714 3514 1767 lin-

1872 1847 1912 1904 Β
1943 1816 2062 1866 gnat
2107 1802 2384 1869 imperare
2412 1800 2722 1863 discerent,
2772 1818 2873 1856 nec
2911 1802 3070 1858 facile
3125 1804 3212 1857 ad-
3236 1806 3432 1871 probra
3462 1820 3521 1858 se

1945 1891 2316 1955 eﬂ'underent,
2351 1893 2513 1962 idque
2546 1902 2740 1947 contra
2790 1894 3108 1961 superiores
3130 1935 3144 1956 .
3174 1910 3310 1964 quos
3343 1899 3521 1947 mium

1944 1997 2007 2037 ac
2035 1984 2287 2037 Venerari
2350 1984 2596 2050 debent;
2631 1996 2687 2039 et
2738 1986 2883 2065 quod
2916 2002 2944 2039 a
2984 1986 3224 2055 quodam
3276 1989 3520 2056 sapit-xm

1946 2075 2205 2144 praeclare
2234 2075 2443 2129 dictum
2484 2086 2587 2142 est,
2617 2088 2877 2146 pra-stare
2908 2080 2977 2130 ali
3002 2078 3135 2140 alto,
3165 2086 3327 2146 quam
3364 2093 3391 2131 a
3418 2080 3513 2132 lii;-

1946 2185 2046 2239 gua
2082 2169 2298 2233 cadere,
2328 2171 2506 2239 reipsa
2537 2170 2893 2233 docerentur,
2928 2171 3227 2235 intuentes,
3270 2171 3325 2224 in
3358 2172 3518 2239 quale

1946 2261 2263 2316 barathrum
2285 2273 2338 2317 tn
2358 2278 2423 2317 ex
2445 2263 2866 2331 intemperantia
2883 2262 3081 2329 lingua:
3098 2262 3518 2331 praecipitasses;

1943 2351 2138 2411 altera,
2167 2361 2227 2405 ut
2254 2363 2304 2407 te
2330 2369 2428 2422 per
2458 2368 2677 2406 omnem
2719 2352 2882 2405 vitam
2927 2353 3122 2407 timore
3158 2353 3521 2423 periculoque

1946 2444 2278 2509 liberarem;
2317 2446 2521 2499 etenim
2573 2445 2680 2499 nisi
2719 2444 2885 2498 modo
2915 2444 3021 2497 hnc
3051 2454 3378 2511 pertractus,
3429 2460 3521 2498 ve-

1946 2537 2090 2590 niam
2119 2548 2175 2591 et
2202 2552 2394 2606 pacem
2427 2552 2576 2592 esses
2607 2546 2963 2601 consecutus,
2995 2538 3095 2591 tibi
3132 2546 3399 2606 perpetuo
3426 2553 3504 2607 ge-

1946 2633 2140 2698 menti,
2172 2632 2535 2702 trementique
2567 2648 2733 2703 super
2776 2642 3001 2695 terram,
3052 2642 3107 2686 ct
3140 2648 3168 2686 a
3196 2633 3391 2702 quovis
3426 2633 3520 2686 ob-

1947 2725 2035 2779 vio
2070 2725 2237 2779 ictum
2273 2725 2582 2779 lethil‘erum
2630 2725 2913 2789 metuenti,
2972 2725 3143 2779 nihilo
3180 2725 3521 2780 tolerabilior

1946 2815 2079 2879 vita,
2114 2831 2280 2883 quam
2312 2815 2417 2884 ipsi
2450 2815 2623 2869 Caino
2656 2816 2872 2869 fuisset.
2914 2815 3073 2871 Nunc
3102 2816 3256 2869 venia
3288 2816 3522 2869 donatus

1940 2906 2183 2976 jucunde
2216 2920 2521 2975 secureque
2552 2920 2728 2960 annos
2761 2907 3038 2968 traduces,
3066 2922 3190 2960 cum
3222 2922 3382 2959 nemo
3410 2922 3523 2959 an:-

1946 2998 2087 3066 plius
2115 3011 2305 3066 poenas
2349 2997 2401 3049 in
2455 3014 2539 3051 me
2572 3000 2994 3052 commissorum
3042 2998 3139 3051 abs
3173 3007 3222 3051 te
3273 3008 3521 3065 repetere

1946 3090 2138 3159 possit.
2172 3089 2446 3143 Hactenus
2486 3091 2669 3145 Marco
2708 3090 3028 3158 imperator.
3085 3090 3188 3156 Qui
3228 3100 3522 3158 pra-sentes

264 3198 409 3263 πρὸς
464 3194 836 3262 ὑπερέχοντας
886 3193 983 3245 καὶ
1037 3193 1205 3262 τιμῆς
1260 3192 1452 3257 ἀξίους
1501 3196 1791 3263 γινομένας
1822 3211 1837 3226 ⁸
1870 3184 1912 3238 c

1870 3184 1912 3238 C
1950 3182 2199 3244 aderant,
2242 3196 2364 3235 cum
2396 3195 2454 3234 se
2503 3196 2702 3233 novum
2731 3181 3027 3249 quoddam,
3070 3191 3125 3235 et
3166 3184 3518 3250 peregrinum

264 3291 366 3341 καὶ
392 3286 457 3340 τδ
487 3289 745 3356 κρεῖσσον
775 3284 884 3340 ἀπὸ
916 3285 1087 3354 ὕψους
1115 3286 1147 3355 ἢ
1186 3285 1293 3339 ἀπὸ
1344 3286 1599 3355 γλώσσης
1636 3290 1844 3354 πεσεῖν,

264 3383 373 3435 ὑπὸ
409 3382 521 3433 τῶν
562 3380 743 3448 σοφῶν
775 3396 920 3441 τινος
964 3379 1149 3439 καλῶς
1204 3380 1493 3449 εἰρημένον
1523 3379 1672 3452 ἔργῳ
1697 3382 1845 3435 6.61-

263 3476 494 3546 χθῶσιν,
545 3475 782 3544 ὁρῶντες
836 3477 917 3537 είς
969 3471 1085 3527 οἷον
1118 3474 1399 3544 βάραθρον
1458 3476 1517 3542 ἐξ
1574 3479 1846 3545 ἀκρασίας

271 3570 718 3637 περιπέπτωκας
754 3568 935 3629 αὐτός.
990 3566 1252 3637 Δεύτερον
1284 3567 1359 3633 δὲ,
1395 3567 1491 3621 τοῦ
1528 3585 1587 3620 σε
1620 3570 1708 3622 διὰ
1734 3571 1847 3639 βίου

266 3661 456 3728 φόϐων
490 3661 586 3712 καὶ
627 3661 891 3713 κινδύνων
948 3662 1354 3730 ἀπαλλαγῆναι.
1388 3662 1451 3713 Εἰ
1482 3663 1590 3733 γὰρ
1643 3662 1717 3734 μὴ
1751 3664 1846 3718 νῦν

264 3753 463 3806 ἐνθάδε
525 3754 709 3821 ἀχθεὶς
764 3754 1061 3822 ἐτύγχανες
1109 3752 1468 3822 συγγνώμης,
1524 3755 1645 3807 κατ’
1693 3757 1843 3809 οὐδὲν

263 3844 629 3914 ἀνεκτότερον
684 3845 749 3895 ἂν
807 3846 935 3908 ἔζης
968 3845 1064 3897 τοῦ
1105 3846 1247 3897 Κάῖν
1302 3845 1442 3914 βίον,
1486 3848 1695 3901 στένων
1750 3850 1844 3900 καὶ

266 3938 496 4007 τρέμων
534 3939 629 3988 ἐπὶ
668 3937 769 4005 τῆς
802 3941 926 4007 γῆς,
957 3938 1049 3990 καὶ
1104 3937 1257 4006 ποιρά
1293 3939 1493 3999 παντὸς
1531 3939 1625 3991 τοῦ
1677 3957 1844 4008 προσο

264 4029 531 4097 τυχόντος
563 4028 811 4098 οἰόμενος
842 4029 1041 4081 αὐτίκα
1077 4028 1422 4082 ἀπολεῖσθαι.
1456 4030 1593 4083 Νυνὶ
1619 4030 1673 4083 δὲ
1708 4049 1843 4097 συγ-

268 4120 500 4188 γνώμης
528 4125 731 4190 τυχὼν,
769 4120 937 4187 ἡδέως
995 4120 1237 4188 βιώσεις,
1268 4122 1361 4173 καὶ
1394 4120 1589 4184 ἀδεῶς,
1628 4123 1841 4183 οὐδενὸς

1953 3300 2127 3354 genus
2175 3286 2370 3338 mortis
2424 3284 2642 3339 visuros
2672 3283 2989 3345 crederent,
3043 3284 3291 3339 viderent
3337 3295 3520 3338 autem

1955 3385 2150 3445 prteter
2207 3376 2527 3445 opinionem
2596 3376 3027 3429 misericordiam
3089 3376 3270 3428 Marco
3330 3375 3522 3439 tribui,

1951 3487 2188 3543 eumque
2228 3474 2435 3527 absolvi
2460 3514 2474 3537 ,
2514 3482 2567 3528 et
2601 3474 2984 3541 imperatorem
3033 3471 3100 3525 de
3130 3478 3269 3525 istae
3310 3488 3518 3543 sympa-

1957 3566 2069 3620 thia
2121 3566 2561 3628 admirabantur,
2612 3575 2667 3619 et
2695 3564 2877 3617 Marco
2908 3564 3141 3615 salutem
3180 3564 3515 3631 gratulaban-

1951 3666 2060 3710 tur.
2093 3656 2343 3725 Cumque
2390 3657 2591 3725 singuli
2645 3657 2698 3709 in
2732 3672 2798 3709 eo
2828 3655 3156 3709 beneﬁcium
3220 3655 3323 3707 sibi
3372 3670 3525 3708 acce-

1948 3751 2093 3819 pissc
2156 3751 2498 3810 viderentur.
2542 3750 2922 3805 exclamabant
2962 3767 2975 3803 :
3011 3749 3159 3812 Tibi,
3200 3750 3521 3817 imperator,

1945 3841 2112 3894 Deum
2143 3854 2352 3910 patrem
2394 3842 2670 3910 appellare
2704 3842 2991 3904 convenit,
3033 3850 3086 3894 et
3142 3840 3210 3892 ab
3256 3856 3321 3892 eo
3352 3840 3517 3892 libttc

1944 3942 2300 4002 peccatorum
2355 3932 2573 3986 veniam
2614 3948 2862 4003 poscere,
2902 3932 2995 4002 qui
3030 3931 3267 3986 debitori
3301 3940 3395 3983 tuo
3429 3930 3511 3983 de

1942 4034 2054 4085 bita
2089 4032 2371 4087 dimisisti.
2408 4033 2503 4085 llis
2528 4049 2591 4087 ac
2619 4032 2896 4087 similibus
2936 4034 3181 4103 jactatis,
3210 4040 3523 4085 conventus

1940 4142 2064 4179 cum
2099 4134 2323 4194 stupore
2354 4110 2415 4178 et
2443 4126 2643 4198 gaudio
2676 4127 2888 4181 solutus
2918 4135 3021 4180 est.

266 4215 352 4267 ἔτι
384 4214 692 4282 δυναμένου
724 4213 831 4265 τῶν
886 4214 963 4273 είς
1016 4212 1117 4279 ἐμὲ
1175 4213 1584 4282 ἡμαρτημένων
1618 4215 1849 4278 εὐθύνας
1889 4218 2162 4270 ἀπαιτεῖν.
2229 4218 2471 4271 Τοιαῦτα
2552 4220 2662 4289 μὲν
2705 4219 2734 4269 ὁ
2806 4219 3062 4289 βασιλεὺς
3108 4220 3243 4289 πρὸς
3297 4218 3525 4287 Μάρκον

266 4303 451 4359 εἶπεν.
494 4307 557 4357 υἱ
594 4306 862 4374 παρόντες
888 4304 964 4365 δὲ,
998 4304 1287 4357 ἀλλόκοτον
1326 4306 1424 4374 μέν
1486 4323 1608 4359 τινα
1672 4308 1902 4377 ὗψεσθαι
1945 4310 2090 4363 ἰδέαν
2122 4311 2351 4364 Θανάτου
2400 4313 2830 4380 προσδοκῶντες,
2868 4314 3060 4364 ἔπειτα
3088 4311 3347 4380 ἐξαίφνης
3374 4312 3523 4378 παρά

263 4396 432 4459 δέξιν
464 4400 554 4448 τὸν
584 4398 662 4459 εἰς
695 4398 786 4448 τὸν
843 4398 1067 4466 Μάρκον
1093 4396 1188 4448 τοῦ
1237 4396 1501 4465 βασιλέως
1533 4399 1704 4465 ἔλεον,
1738 4401 1833 4453 καὶ⁹
1872 4403 1970 4473 τὴν
2001 4403 2285 4465 σώζουσαν
2314 4404 2495 4472 ψῆφον
2562 4403 2765 4465 ἰδόντες
2837 4402 3305 4472 ἐξενηνεγμένην,
3358 4400 3545 4482 έθαύ-.

270 4492 449 4559 μαζόν
522 4510 582 4543 τε
634 4493 732 4560 τῆς
791 4492 1139 4560 συμπαθείας
1206 4494 1295 4544 τὸν
1350 4491 1600 4561 βασιλέα,
1658 4496 1753 4547 γα).
1799 4497 1878 4567 τῷ
1958 4499 2171 4567 Μάρκῳ
2239 4501 2563 4567 συνέχαιρον
2622 4498 2720 4565 τῆς
2798 4498 3096 4566 σωτηρίας,
3159 4497 3253 4550 καὶ
3310 4496 3522 4548 οἰκείαν

267 4588 509 4645 ἕκαστος
573 4587 813 4646 οἰόμενοι
866 4587 965 4655 τὴν
1009 4587 1353 4655 εὐεργεσίαν,
1411 4588 1499 4639 Σοὶ
1536 4592 1839 4659 προσήκειν
1876 4592 2084 4659 ελεγον,
2143 4593 2390 4662 βασιλεῦ,
2425 4594 2638 4662 πατέρα
2669 4592 2760 4643 τὸν
2784 4591 2917 4644 Θεὸν
2983 4589 3389 4650 ἐπικαλεῖσθαι,
3428 4590 3521 4640 καὶ

269 4679 415 4741 μετὰ.
449 4679 764 4746 παρρησίας
797 4679 905 4731 τῶν
931 4678 1346 4747 ἡμαρτημένων
1408 4680 1506 4749 τὴν
1573 4682 1909 4752 συγγνώμην
1948 4686 2146 4747 αἰτεῖν,
2201 4686 2277 4748 ὡς
2311 4688 2527 4755 ἀφιέντι
2562 4686 2639 4755 τῷ
2698 4685 3171 4756 προσκεκίᾳονκὸτι
3203 4687 3271 4735 τὰ
3309 4687 3519 4752 ὀφειλό-

269 4788 436 4838 μενα.
477 4772 694 4822 Τούτων
740 4772 836 4822 καί
860 4789 1021 4823 τινων
1072 4772 1278 4842 ἑτέρων
1333 4772 1595 4849 τοιούτων
1637 4776 1737 4828 ὑπὸ
1779 4777 1871 4829 τοῦ
1913 4779 2154 4848 πλήθους
2218 4782 2527 4849 ε³οημένων
2562 4780 2946 4849 πῖυξκπλήξα
2993 4780 3085 4832 καὶ
3115 4780 3305 4849 χαρᾷὁ
3337 4778 3496 4829 σύλλο

264 4882 365 4932 τος
394 4865 640 4935 διελύθη.
790 4852 801 4863 .
1457 4846 1483 4891 ⁸
2011 4846 2019 4848 ἡ
2332 4846 2362 4849 ἡ
2471 4859 2477 4869 ’

1632 4988 1789 5057 195
1831 4989 2058 5045 CAPUT
2096 4992 2155 5043 ιι.

263 5085 496 5152 Magnus
534 5085 843 5158 domesticus
875 5084 944 5136 ad
982 5085 1342 5158 patriarcham
1374 5085 1623 5158 episcopi}
1666 5085 2111 5158 reconciliandam
2137 5089 2343 5150 missus,
2382 5090 2636 5155 nihilagu
2657 5108 2674 5148 ;
2695 5093 2801 5141 dies
2826 5092 3018 5153 iudicio
3042 5092 3413 5158 pra’stituitur.
3446 5091 3521 5143 De

344 5165 519 5231 mente
549 5156 818 5231 domestici
851 5154 1227 5231 quu'stiointer
1257 5159 1543 5231 episcopos.
1578 5154 1681 5206 Pro
1714 5157 1817 5231 reis
1856 5157 1965 5225 ipse
2006 5158 2301 5209 orationem
2345 5159 2495 5210 habet
2543 5154 2980 5226 deprecatoriam.
3040 5154 3087 5213 ct
3128 5162 3519 5231 partriarcham

342 5224 792 5292 ﬂeriit..—lbsoluti
847 5226 1049 5291 gratias
1104 5225 1410 5291 imperatori
1468 5233 1668 5294 agunt,
1727 5228 1817 5294 qui
1871 5230 2065 5279 amicos
2120 5231 2404 5292 separatim
2470 5224 2863 5292 γθηιιληρναιιιο,
2928 5224 3269 5283 communiter
3320 5232 3523 5282 civitati

339 5296 618 5361 Lcnefacit.

342 5415 384 5465 Β
412 5414 607 5475 νσιὶεῦς
628 5414 682 5466 δὲ
708 5415 765 5466 τδ
790 5415 883 5466 καὶ
907 5414 1030 5473 τοῦς
1052 5412 1128 5482 τῷ
1148 5416 1459 5482 πατριάρχῃ
1479 5429 1848 5482 προσκεκρου-
1881 5426 1923 5478 ι)

1838 5443 1848 5452 -
1881 5426 1923 5478 ι)
2020 5413 2291 5467 ϐςυιετυιη
2327 5415 2623 5483 imperator
2673 5415 2953 5483 indignum
2999 5424 3181 5477 ratus,
3218 5430 3321 5467 non
3356 5414 3516 5467 etiam

266 5509 438 5570 κότας
454 5508 747 5575 ἀρχιερέας
776 5506 847 5573 μὴ
871 5508 1053 5573 τυχεῖν
1067 5502 1396 5572 συγγνώμης
1420 5502 1717 5571 ἡγούμενος
1738 5504 1839 5556 οὐκ

265 5601 523 5662 ἀνεκτὸν,
572 5603 667 5650 τὸν
717 5598 889 5666 μέγαν
936 5597 1255 5665 δομέστικον
1304 5594 1515 5663 έπεμψε
1568 5598 1701 5663 πρὸς
1748 5598 1840 5648 τὸν

268 5692 621 5761 πατριάρχην
650 5690 1025 5759 διαλεξόμενον
1058 5690 1154 5751 μὲν
1185 5689 1353 5756 αύτῷ,
1375 5690 1467 5739 καὶ
1490 5686 1564 5749 ῶς
1586 5688 1643 5750 ἐξ
1677 5688 1842 5740 αὐτοῦ

268 5785 413 5835 {mia
456 5783 555 5847 τῆς
599 5785 733 5848 πρὸς
762 5782 885 5843 τοὺς
924 5781 1219 5849 ἀρχιερέας
1250 5779 1579 5847 διαλλαγῆς,
1620 5780 1714 5832 καὶ
1752 5781 1840 5847 ἀφ’

1945 5520 1974 5557 a
2010 5502 2313 5572 patriarcha
2366 5505 2570 5575 ignosci
2603 5506 2943 5574 episcopis,a
2974 5505 3173 5573 quibus
3200 5516 3316 5557 erat
3342 5505 3516 5558 oﬂ'en-

1947 5612 2063 5660 sus,
2125 5613 2377 5665 magnum
2432 5596 2789 5650 domesticum
2827 5598 3017 5662 mittit,
3069 5597 3161 5665 qui
3221 5599 3365 5650 velut
3416 5614 3517 5651 suo

1952 5689 2172 5742 nomine
2202 5704 2328 5742 cum
2366 5703 2429 5742 eo
2460 5688 2527 5741 de
2562 5688 3009 5741 reconciliatione
3040 5696 3266 5756 ageret;
3323 5702 3385 5740 ac
3420 5695 3517 5754 per
3600 5730 3605 5733 _

1952 5797 2030 5839 se.
2066 5789 2329 5846 quantum
2366 5780 2478 5835 ﬁeri
2531 5789 2733 5844 posset,
2790 5782 2905 5859 paci
2972 5780 3252 5842 iungcndm
3289 5780 3513 5833 operam
