4250 6444
695 340 798 404 ιιδ
868 407 877 418 _

1804 367 1814 378 -
1877 327 2800 408 JOANN‘IS‘CANTACUZENI.

3845 349 3976 416 416·

695 448 868 513 ἀοιδοί.
897 455 1267 516 Domesticus,
1300 452 1528 521 magnis.
1559 461 1612 506 et
1642 451 1851 505 iteratis
1873 452 2132 521 precibus
2165 466 2263 522 pro

2391 452 2567 506 ;αυτοῦ
2596 454 2796 508 δὲκαθ’
2821 455 2946 508 ὅσον
2977 455 3042 508 ἃν
3070 449 3181 510 οἷόν
3207 473 3264 509 τε
3349 457 3821 529 ἐπιμελησόμενον
3851 463 3952 528 τῆς

619 540 621 542 ’
693 549 970 620 ep‘scopis
997 563 1178 609 orans,
1209 544 1343 600 nihil
1391 543 1589 597 etfacit.
1639 543 1950 597 Tenebatur
2011 543 2156 597 enim
2184 543 2264 598 ira

699 641 1070 698 irrevocabili,
1129 637 1626 705 profitebatur-que,
1664 653 1770 689 non
1801 652 1858 689 se
1897 647 2020 690 ante
2051 637 2268 704 ignotu-

701 750 841 794 runt,
873 746 1033 800 quam
1071 730 1148 782 illi
1202 716 1444 782 audaeim
1475 745 1584 784 sum
1618 744 1806 797 poenas
1836 730 2224 797 persolvissent
2248 771 2263 794 ,

701 821 914 874 etiamsi
973 820 1170 873 (mlum
1230 827 1438 872 rueret.
1494 819 1682 887 Neque
1731 835 1788 873 se
1827 819 2034 874 idcirco
2088 821 2268 875 scelus

701 916 902 973 ficere,
933 914 976 967 si
1009 912 1356 982 adjudieium
1384 926 1478 964 eos
1511 921 1853 980 provocaret.
1881 911 2015 966 Tum
2043 928 2269 982 magnus

703 1006 1042 1060 domesticus
1090 1025 1103 1058 :
1135 1004 1297 1074 Atqui
1335 1004 1508 1073 impar
1538 1005 1644 1059 erit
1678 1009 1730 1059 in
1771 1007 1872 1060 hoc
1908 1006 2121 1075 judit-io
2156 1007 2268 1060 liti-

703 1099 948 1165 gantium
979 1098 1242 1160 conditio,
1297 1097 1354 1150 si'
1379 1105 1432 1148 tu
1470 1098 1631 1167 iudex
1699 1099 1858 1152 simul
1895 1107 1950 1152 et
1983 1108 2272 1153 accusator

705 1191 931 1253 sedeas,
965 1190 1180 1258 ipsique
1211 1197 1463 1243 eumdem
1509 1190 1744 1258 experiri
1779 1190 2180 1265 adversarium,
2216 1199 2272 1244 et

705 1280 968 1333 arbitrum
1028 1289 1315 1347 cogantur.
1349 1278 1442 1334 Sin
1502 1278 1661 1333 fidem
1720 1279 1816 1333 das
1838 1320 1852 1343 ,
1888 1289 1937 1332 te
1965 1280 2055 1348 jus
2084 1295 2270 1334 eorum

705 1388 814 1426 non
875 1372 1288 1449 neglecturum,
1343 1386 1520 1440 neque
1553 1388 1614 1426 ex
1647 1373 1727 1425 ira
1769 1370 1950 1439 potius
2002 1387 2163 1441 quam
2207 1387 2276 1427 ex

705 1465 962 1533 aequitate
995 1479 1082 1518 res
1137 1464 1506 1531 iudicaturum
1541 1503 1555 1526 ,
1615 1461 1706 1517 die
1763 1462 1905 1516 dicta
1937 1479 1995 1518 se
2052 1465 2270 1519 sistent.

708 1559 910 1611 Contra
939 1554 1279 1624 patriarcha:
1313 1554 1610 1608 Causarum
1658 1555 1969 1624 hujusmodi
2003 1555 2274 1624 cognitio-

711 1666 836 1704 nem
875 1665 1046 1702 meam
1070 1687 1085 1711 ,
1121 1648 1562 1721 reliquorumque
1628 1649 1856 1701 fratrum
1894 1648 2275 1718 episcoporum

2369 547 2612 615 εἰρήνης.
2671 548 2767 609 Ὃς
2816 546 2951 616 πρὸς
2996 550 3348 619 πατριάρχην
3390 549 3584 616 ἐλθὼν,
3634 553 3727 605 καὶ
3778 553 3956 606 πολλά

2369 636 2630 697 πολλάκις
2668 637 2810 706 ὑπὲρ
2849 638 2960 690 τῶν
3005 640 3310 708 ἀρχιερέων
3364 641 3601 711 δεηθεὶς,
3661 645 3784 697 ἐπεὶ
3819 647 3955 716 {plus

2373 727 2562 797 μηδὲν,
2609 728 2729 780 ἀλλ’
2769 726 3169 800 ἀπαραιτήτως
3215 733 3243 784 ό
3281 734 3632 804 πατριάρχης
3686 737 3797 804 εἶχε
3854 739 3974 806 τῆς.

2369 820 2562 890 ὀργῆς,
2595 820 2688 873 καὶ
2721 819 2832 872 οὐδ’
2862 819 2955 884 ἃν,
2991 823 3046 874 ετ
3072 839 3124 874 τι
3161 823 3399 891 γένοιτο,
3436 826 3770 896 συγγνώμην
3797 829 3955 897 ἔλεγε

2372 915 2698 983 παρασχεῖν,
2732 913 2779 964 εί
2815 912 2889 983 μὴ
2915 914 3072 984 δίκην
3097 915 3240 968 δοῖεν
3260 919 3530 989 πρὶτερον
3557 896 3666 972 ubi:
3684 896 3958 990 τετολμη-

2376 1006 2575 1073 μένων,
2608 1008 2700 1058 καὶ
2739 1006 2863 1059 οὐδὲ
2889 1006 3097 1060 ἀδικεῖν
3120 1007 3306 1074 ἔλεγεν
3337 1013 3385 1062 εἰ
3414 1011 3508 1063 ἐπὶ
3542 1011 3702 1079 δίκην
3744 1029 3958 1082 πρικα-

2371 1101 2546 1153 λείται
2586 1116 2600 1130 ο
2631 1099 2927 1153 ὑπελαόὼν
2966 1101 3209 1180 δ’Ὶιέγας
3253 1101 3574 1173 δομέστικος
3616 1123 3630 1136 ·
3668 1106 3808 1158 Ἀλλ’
3853 1107 3957 1160 οὐκ

2372 1192 2438 1247 ἃν
2470 1193 2554 1262 εῖη
2591 1192 2675 1244 σοί
2702 1208 2762 1243 τε
2794 1192 3072 1262 κάκείνοις
3106 1181 3164 1256 ἐξ
3197 1193 3312 1246 [σου
3358 1193 3427 1247 τὰ
3453 1194 3553 1263 τῆς
3590 1195 3771 1265 δξκης.
3823 1195 3952 1266 ἔφης

2374 1285 2422 1337 εί
2456 1284 2521 1336 σὺ
2577 1284 2678 1352 μὲν
2735 1283 2947 1352 καθεδῇτ
2971 1277 3211 1346 δικάζων
3250 1301 3310 1336 τε
3361 1285 3474 1352 ἅμα
3524 1286 3620 1338 καὶ
3679 1288 3954 1354 ἐγκαλῶν,

2375 1375 2533 1428 αὐτοὶ
2583 1375 2638 1427 δὲ
2681 1375 2757 1444 τῷ
2802 1376 2950 1452 αὐτῷ
3007 1376 3260 1444 διαιτητῇ
3291 1393 3352 1428 τε
3407 1377 3523 1446 ἃμα
3553 1380 3958 1443 ἁναγκᾲζοιντο

2376 1468 2614 1536 χρῆσθαι
2643 1469 2732 1518 καὶ
2768 1468 3079 1537 κατηγόριρο
3117 1468 3174 1521 Εί
3206 1467 3264 1519 δὲ
3322 1468 3398 1537 μὴ
3437 1470 3749 1538 πρόψεσθαι
3783 1471 3845 1522 τδ
3875 1473 3960 1523 δί-

2376 1573 2530 1609 καιον
2585 1556 2787 1632 αὐτῶν,
2840 1558 2980 1628 μήτε
3040 1556 3146 1628 μήν
3198 1558 3336 1629 ὀργῇ
3387 1559 3586 1628 μᾶλλον
3645 1561 3846 1630 ἢαῦτῇ
3887 1563 3957 1632 τῇ

2377 1649 2603 1717 δυνάμει
2636 1649 2733 1702 τοῦ
2785 1649 3000 1713 δικαίου
3051 1649 3120 1703 τά
3154 1650 3458 1720 πράγματα
3492 1650 3740 1705 δικάσειν
3783 1655 3962 1720 ἐπα-ί-

707 1757 850 1804 esse,
890 1755 956 1793 ne
1008 1746 1060 1794 te
1091 1737 1312 1808 quitreut
1351 1739 1500 1792 latet.
1537 1737 1741 1792 Tamen
1791 1740 1918 1810 quia
1951 1755 2096 1794 nunc
2127 1740 2277 1809 ipsos

2391 1742 2566 1810 γέλλῃ,
2605 1743 3011 1810 ἀπαντήσουσιν
3035 1742 3226 1805 ἐπὶοτδ
3255 1743 3610 1812 δικαστήριον
3647 1747 3830 1813 ήμέρα
3862 1737 3962 1797 τά-

707 1845 967 1902 tattquam
996 1832 1155 1886 laesus
1183 1831 1236 1884 in
1267 1830 1824 1899 judiciuntpertraho,
1859 1847 1966 1885 non
2005 1832 2275 1901 ut'judex,

710 1926 806 1979 sed
844 1933 901 1978 ut
939 1939 1088 1985 reus,
1128 1923 1251 1977 aliis
1274 1923 1654 1993 episcopisjus
1679 1923 2032 1980 reddentibus
2056 1926 2277 1982 sedebo.

711 2017 865 2083 Quod
892 2017 938 2071 si
970 2017 1054 2070 vel
1089 2017 1202 2084 ipse
1231 2015 1498 2084 judicium
1527 2031 1866 2083 exercerem,
1901 2035 2177 2089 nunquam
2213 2035 2280 2075 eo

713 2109 962 2173 insaniat,
998 2108 1374 2162 insolentimve
1402 2108 1783 2178 progredcrcr,
1820 2119 1877 2161 ut
1909 2109 2044 2163 iram
2089 2112 2278 2181 magis,

714 2218 878 2270 quam
914 2208 1113 2254 rectam
1150 2201 1414 2254 rationem
1441 2200 1492 2253 in
1533 2200 1830 2270 iudicando
1860 2200 2056 2256 ducem
2085 2217 2284 2271 seque-

716 2311 808 2348 rer
838 2315 851 2350 :
886 2311 1030 2349 nunc
1063 2295 1428 2361 potissimum,
1465 2295 1683 2364 quando
1717 2309 1822 2347 nen
1860 2310 1957 2363 pro
1989 2295 2097 2349 alio
2119 2296 2284 2365 (esset

712 2389 861 2443 enim
902 2390 1082 2456 aliqua
1100 2386 1315 2457 venia),
1339 2385 1432 2440 sed
1475 2401 1573 2454 pro
1605 2402 1688 2439 me
1714 2386 2040 2440 sententiam
2075 2387 2282 2442 laturus

711 2496 912 2532 essent.
947 2479 1044 2531 Die
1083 2475 1250 2546 igitur
1278 2475 1568 2544 prafinito,
1603 2490 1714 2544 quo
1741 2477 1982 2545 episcopi
2017 2477 2282 2546 iudicium

714 2572 1197 2637 nhircnt,maguus
1227 2567 1563 2622 domesticus
1605 2567 1886 2629 valedixit.
1907 2584 1971 2622 ac
2005 2571 2280 2626 discessit.

715 2665 851 2718 Ttnu
885 2662 1194 2730 patriarcha
1232 2661 1595 2730 prmsentibtts
1633 2660 1735 2722 ait,
1783 2661 1999 2715 nescire
2043 2677 2120 2726 se,
2152 2663 2284 2732 quid

720 2756 825 2808 sibi
865 2755 1019 2816 velit,
1041 2755 1186 2822 quod
1217 2753 1551 2806 domeSLieus
1589 2751 1653 2804 ad
1685 2751 1953 2821 judicium
1987 2752 2242 2808 candicat
2271 2773 2284 2808 :

721 2855 816 2900 aut
855 2861 991 2914 qua.
1016 2860 1074 2898 re
1101 2847 1360 2907 conlisus,
1399 2843 1684 2911 episcopos
1743 2843 1879 2896 adeo
1915 2857 2015 2897 suo
2042 2844 2286 2911 ipsorum

720 2939 926 3008 judicio
950 2937 1061 3005 jam
1093 2937 1402 3000 damnatos,
1434 2936 1499 2988 ad
1530 2950 1750 2988 causam
1775 2934 2059 2989 dicendam
2092 2951 2289 2990 occur-

725 3045 886 3083 suros
947 3028 1250 3097 promittat,
1314 3027 1418 3079 nisi
1471 3026 1593 3079 novi
1631 3024 1911 3094 quidpiam
1971 3025 2287 3080 fabricetur.

2382 1852 2504 1905 κτῃ.
2544 1833 2602 1887 '0
2653 1833 3006 1905 πατριάρχης
3041 1835 3097 1887 δέ
3131 1851 3147 1866 ·
3179 1835 3252 1888 Τὸ
3318 1838 3418 1905 μὲν
3450 1837 3576 1905 ἐμοὶ
3634 1837 3736 1905 τὴν
3797 1839 3961 1903 δίκην

2381 1927 2684 1993 προσήκειν
2717 1924 2828 1975 τῶν
2870 1923 3131 1976 τοιούτων
3182 1924 3277 1975 καὶ
3317 1925 3431 1986 τοῖς
3458 1924 3668 1985 λοιποῖς
3701 1923 3959 1990 ἀδελφοῖς

2379 2020 2492 2081 τοῖς
2542 2017 2894 2088 ἀρχιερεῦσιν
2915 2057 2928 2081 ,
2983 2018 3084 2069 οὐκ
3113 2017 3178 2070 ἂν
3221 2016 3334 2069 οὐδ’
3363 2015 3551 2080 αὐτὸς,
3581 2012 3754 2079 εἶπεν,
3786 2019 3962 2086 ἀρνη-

2383 2111 2554 2181 θείης.
2583 2111 2705 2164 Ὅτι
2737 2110 2792 2162 δέ
2826 2110 2988 2172 αὐτὸς
3020 2109 3466 2181 (ὓς-ἠδικημένος
3492 2113 3572 2173 είς
3603 2111 3964 2178 δικαστήριον

2380 2179 2526 2257 ἕλκω
2563 2202 2678 2262 νῦν.
2723 2205 2787 2256 οὐ
2814 2179 3119 2271 δικαστής..
3151 2179 3294 2256 άλλά
3336 2204 3662 2274 κρινόμενος
3707 2205 3962 2257 καθεδοῦ-

2388 2313 2486 2365 μαι
2542 2293 2651 2347 τῶν
2681 2294 2862 2362 άλλων
2893 2292 3228 2357 δικαζόντων
3281 2295 3613 2363 ἀρχιερέων.
3653 2295 3714 2347 El
3760 2296 3805 2347 δ’
3852 2285 3964 2363 ἄρα

2383 2387 2661 2456 δικάζοιμι
2719 2388 2813 2439 καὶ
2847 2386 3032 2451 αὐτὸς,
3093 2387 3166 2457 μή
3226 2405 3358 2439 ποτε
3389 2387 3646 2440 τοσοῦτον
3707 2391 3961 2457 μανείην,

2389 2479 2514 2548 μηδ’
2546 2466 2778 2542 ἀτοπίας
2836 2479 2915 2540 είς
2967 2479 3221 2532 τοσοῦτον
3261 2479 3605 2546 ἐξελάσαιμι,
3648 2479 3788 2532 ὥστε
3825 2481 3964 2550 ὀργῇ

2384 2571 2627 2638 δικάζειν
2661 2572 2757 2625 καὶ
2792 2570 2866 2640 μὴ
2903 2571 3017 2632 τοῖς
3049 2570 3230 2640 ὀρθοῖς
3288 2570 3417 2641 περὶ
3465 2571 3574 2623 τῶν
3618 2571 3969 2639 πραγμάτων

2386 2665 2692 2734 λογισμοῖς,
2725 2665 2816 2717 καὶ
2871 2662 3105 2734 μάλιστα
3135 2662 3275 2723 νυνὶ,
3326 2665 3402 2717 ὅτ’
3429 2664 3528 2733 οὐχ
3576 2664 3715 2733 ὑπὲρ
3750 2664 3965 2731 ἐτέρου,

2390 2753 2481 2828 (ἦν
2513 2757 2618 2826 γὰρ
2660 2757 2725 2809 ἂν
2754 2773 2839 2818 τις
2892 2753 3245 2825 συγγνώμη),
3297 2754 3414 2808 ἀλλ’
3444 2755 3533 2806 ὅτε
3567 2755 3693 2822 περὶ
3721 2752 3968 2821 ἐμαυτοῦ

2388 2852 2486 2919 τὴν
2513 2849 2695 2917 ψῆφον
2723 2846 2944 2914 ἐξάγειν
2978 2846 3180 2915 μέλλω.
3211 2847 3321 2898 Καὶ
3358 2845 3626 2910 τάξαντες
3665 2845 3885 2915 ἡμέραν
3914 2844 3969 2894 ἐν

2391 2937 2784 3011 ἦπαρέσονται
2816 2941 3012 3000 πάντες
3043 2939 3090 2990 οἱ
3113 2939 3412 3006 ἀρχιερεῖς,
3437 2937 3506 2998 ὼς
3525 2939 3624 3004 τῆς
3654 2936 3813 3004 δίκης
3845 2938 3969 2986 ἐσο-

2397 3035 2585 3101 μένης,
2615 3032 2643 3082 ὁ
2681 3032 2854 3100 μέγας
2891 3029 2992 3099 μέν
3031 3029 3348 3098 δομέστικος
3383 3028 3459 3097 τῷ
3493 3029 3814 3098 πατριάρχῃ
3849 3045 3973 3078 συν.

727 3124 860 3176 l‘ars
895 3120 1224 3190 respondere
1253 3159 1265 3180 ,
1304 3133 1372 3173 ne
1399 3133 1456 3171 se
1484 3117 1705 3186 quidem
1747 3116 2080 3185 prospicere,
2131 3131 2291 3185 quor-

2396 3126 2742 3195 ταξάμενος,
2795 3124 2980 3177 οἴκαδε
3040 3123 3361 3194 ἀπεχώρει·
3411 3125 3439 3175 ὁ
3503 3121 3852 3190 πατριάρχης
3916 3121 3972 3172 δέ

733 3232 852 3267 sum
881 3224 1010 3278 eat;
1043 3227 1166 3282 pars
1203 3252 1216 3275 ,
1273 3226 1330 3264 se
1387 3208 1680 3278 suspicari,
1736 3209 1879 3262 haud
1913 3209 1988 3262 illi
2025 3223 2137 3262 rem
2171 3223 2296 3263 vere

737 3309 1038 3361 nuntiatam
1077 3319 1194 3358 esse
1221 3345 1236 3367 ,
1266 3305 1356 3357 sed
1407 3303 1571 3355 variis
1606 3297 1765 3372 196
1811 3302 2156 3371 assiduisque
2205 3317 2301 3356 ue-

737 3399 934 3465 gotiis,
999 3408 1054 3451 et
1105 3396 1251 3450 curis
1313 3389 1818 3455 circutnlltienteut,
1873 3392 2298 3464 quas-audisset,

689 3479 700 3504 ⁸
739 3494 1031 3554 diligenter
1066 3489 1403 3548 examinare,
1433 3501 1495 3540 ac
1527 3487 1860 3554 perpendere
1891 3500 1997 3538 non
2033 3485 2297 3553 potuisse.

743 3585 928 3650 Neque
964 3582 1106 3647 enim
1169 3580 1453 3648 probabile
1509 3595 1815 3649 apparere,
1871 3580 1914 3633 si
1979 3581 2300 3649 accepisset,

743 3673 1018 3743 quomodo
1055 3673 1254 3725 nullam
1293 3671 1622 3740 patriarcha
1680 3673 1916 3740 culpam,
1950 3670 2045 3724 sed
2079 3670 2306 3724 manda-

749 3777 862 3817 tz-tnt
897 3765 1163 3816 duntaxat
1208 3761 1557 3830 imperatoris
1601 3759 1998 3829 praetendentes
2029 3760 2302 3823 venerint,

746 3870 981 3924 cumque
1018 3852 1113 3923 per
1141 3869 1198 3907 se
1240 3869 1270 3906 a
1323 3867 1482 3922 grege
1510 3895 1522 3917 ,
1552 3864 1744 3906 contra
1793 3869 1952 3907 omne
1987 3855 2074 3923 jus
2117 3862 2173 3907 et
2229 3851 2308 3906 fas

743 3949 1052 4017 abi-geriut,
1099 3955 1292 4000 etnon
1333 3960 1513 4007 secus,
1561 3961 1722 4015 quam
1781 3945 2054 4000 dirissimo
2105 3947 2308 4002 sceletre

744 4049 1018 4104 notatum;
1072 4040 1126 4092 in
1156 4053 1432 4094 carcerem
1479 4038 1878 4103 condiderint;
1913 4038 1968 4091 in
2008 4038 2308 4092 Ecclesiatn

745 4134 850 4186 sibi
887 4132 1270 4185 auctoritatem
1315 4129 1643 4200 arrogarint,
1699 4138 1755 4183 et
1800 4144 1924 4182 cum
1975 4137 2157 4182 essent
2209 4129 2310 4196 ipsi

744 4223 1121 4301 iniustissitui‘
1152 4232 1317 4298 atque
1365 4219 1700 4284 avarissimi,
1762 4221 2020 4288 populum
2057 4217 2310 4287 perfricta

747 4323 926 4374 fronte
957 4320 1023 4373 de
1057 4317 1256 4371 virtute
1285 4315 1603 4382 docuerint;
1633 4315 1766 4384 quin
1802 4315 1966 4368 etiam
1993 4313 2062 4366 ob
2096 4313 2314 4381 rapinas

704 4405 870 4468 'sttas
901 4413 1072 4482 gloria
1100 4428 1182 4472 se,
1219 4421 1273 4465 et
1307 4410 1695 4478 praedicatione
1717 4407 2038 4470 extulerint,
2075 4407 2208 4459 tales
2261 4406 2312 4457 in

2402 3219 2539 3288 πρὸς
2590 3219 2720 3280 τοὺς
2766 3217 3044 3284 παρόντας
3091 3216 3307 3283 ἀγνοεῖν
3346 3214 3446 3283 ἔφη
3493 3214 3519 3266 ὃ
3551 3229 3602 3264 τι
3639 3212 3715 3281 τῷ
3748 3213 3975 3280 μεγὲῖλῳ

2399 3311 2706 3380 δομεστίκῳ
2734 3310 2832 3378 τὴν
2886 3310 3023 3378 πρὸς
3052 3307 3152 3378 τὴν
3185 3308 3344 3375 δίκην
3369 3305 3707 3373 ἐπαγγελίαν
3729 3299 3894 3365 νοεῖν,
3941 3304 3974 3373 ὴ

2401 3402 2505 3454 τίνι
2538 3400 2846 3470 θαρροῦντα
2880 3398 3019 3470 πρὸς
3060 3397 3160 3467 τὴν
3205 3398 3364 3465 δίκην
3399 3397 3813 3466 ἀπαντήσεσθαι
3847 3396 3975 3457 τοὺς

2401 3493 2696 3560 ἀρχιερέας
2729 3490 2922 3556 φάναι,
2973 3488 3148 3551 οὓτως
3187 3488 3691 3556 αὕτοκατικρίτους
3721 3487 3902 3547 ὄντας,
3929 3487 3977 3536 εί

2406 3581 2480 3650 μή
2503 3596 2555 3632 τι
2587 3579 2901 3647 καινότερον
2931 3578 3276 3646 ἐπινενόηται
3314 3577 3483 3645 αὐτῷ.
3518 3578 3580 3628 υἱ
3609 3576 3869 3645 παρόντες
3897 3575 3978 3638 δὲ,

2403 3673 2450 3724 οἱ
2486 3671 2584 3741 μὲν
2618 3671 2725 3722 οὐδ’
2757 3669 2912 3722 αὐτοὶ
2939 3669 3152 3736 ἔφασαν
3177 3669 3231 3721 τί
3279 3667 3542 3720 δύνασθαι
3590 3668 3854 3718 συνεῖναι.
3914 3667 3979 3716 Οἱ

2404 3765 2459 3818 δέ
2493 3763 2818 3818 ὐπὼπτευον
2847 3763 2920 3831 μὴ
2949 3765 3046 3816 οὐκ
3078 3761 3257 3846 ἀληθῆ
3285 3759 3383 3828 τὴν
3413 3760 3541 3828 περὶ
3575 3758 3682 3810 τῶν
3715 3757 3979 3826 πραγμά-

2405 3857 2515 3910 τῶν
2550 3857 2706 3926 ἔσχεν
2734 3855 3078 3922 ἀπαγγελίαν
3099 3870 3113 3885 ·
3147 3853 3261 3907 ἀλλ’
3286 3852 3396 3904 ὑπὸ
3441 3850 3653 3902 πολλῶν
3699 3852 3791 3902 καὶ
3820 3867 3980 3902 συνε-

2405 3953 2519 4021 χῶν
2578 3950 3010 4018 περιρῤεόμενος
3074 3946 3394 4014 φροντίδων,
3468 3945 3568 3996 οὐκ
3629 3945 3837 4011 ἀκριδῆ
3882 3946 3983 4014 τὴν

2409 4045 2658 4108 ἐξέτασιν
2689 4044 2987 4105 ἐποιήσατο
3013 4038 3119 4090 τῶν
3141 4026 3542 4091 ἀκουσθέντων.
3579 4038 3654 4089 Οὐ
3690 4036 3796 4104 γάρ
3830 4039 3984 4088 ἐστιν
4061 4025 4070 4037 ’

2411 4135 2558 4196 εἰκὸς
2594 4131 2903 4199 πυθόμενον
2939 4129 3067 4196 περὶ
3123 4127 3302 4180 αὐτῶν
3333 4127 3410 4189 ὡς
3465 4127 3552 4178 ἐπ’
3587 4126 3814 4197 οὐδεμιᾷ
3847 4145 3983 4196 προ·

2413 4227 2597 4298 φάσει,
2625 4224 2759 4277 άλλὰ
2781 4223 2917 4291 μόνῃ
2948 4223 3013 4290 τῇ
3050 4219 3344 4288 προστάξει
3375 4217 3668 4291 πυθόμενοι
3695 4219 3984 4286 βασιλέως,

2413 4319 2566 4374 αὐτοί
2611 4333 2670 4368 τε
2705 4315 2974 4380 ἐξήλασαν
3001 4311 3245 4373 ἐλθόντες
3273 4311 3368 4379 τῆς
3402 4311 3640 4378 ποίμνης
3668 4310 3736 4361 δι’
3772 4311 3986 4362 ἑαυτῶν

2416 4411 2568 4480 παρὰ
2598 4409 2773 4462 πάντα
2807 4405 2898 4459 τὸν
2923 4403 3016 4457 τοῦ
3051 4403 3260 4455 δικαίου
3287 4401 3466 4468 λόγον,
3503 4402 3595 4453 καὶ
3626 4401 3988 4453 κατέκλεισαν

745 4508 1011 4577 judicium
1074 4494 1339 4558 venturos
1391 4502 1830 4572 promissurum,
1875 4515 1938 4554 ac
1990 4514 2098 4551 non
2135 4496 2291 4566 potiti:

2391 4499 2475 4556 ἐν
2515 4503 2750 4572 φρουρᾷ,
2797 4499 2986 4565 ὥσπε-ρ
3031 4496 3152 4548 τινὰ
3186 4495 3294 4546 τῶν
3324 4496 3416 4546 ἐπὶ
3448 4493 3774 4553 δεινοτάτοις
3820 4495 3989 4545 ἑαλω-

748 4600 926 4666 ipsum
961 4596 1222 4650 omnibus
1255 4596 1409 4663 prius
1442 4593 1667 4647 calculis
1697 4607 1802 4653 eos,
1821 4590 2312 4644 condemnaturum

748 4691 937 4742 fuisse.
971 4687 1197 4756 Excepit
1227 4684 1570 4755 patriarcha,
1607 4682 1748 4735 haud
1781 4680 2018 4734 absurde
2065 4680 2313 4739 locutos;

751 4798 809 4834 se
851 4779 1211 4832 nihilominus
1267 4777 1509 4829 nondum
1563 4772 1781 4831 adduci.
1815 4783 1871 4826 ut
1901 4773 2108 4833 credat,
2161 4770 2230 4822 ita
2259 4784 2316 4823 se

751 4890 864 4924 rem
891 4872 1126 4934 habere;
1158 4867 1253 4922 sed
1286 4868 1436 4920 illum
1485 4867 1776 4921 cumulata:
1813 4863 2116 4934 prudentiae
2141 4861 2314 4914 virum

754 4963 923 5032 (quod
973 4963 1151 5016 sciant
1183 4961 1397 5021 omnes)
1437 4957 1640 5027 aliquid
1672 4957 2006 5032 excogitasse
2028 4996 2044 5018 ,
2079 4953 2226 5024 quod
2263 4952 2317 5005 in

753 5068 998 5126 pra-scus
1034 5053 1138 5122 ipsi
1161 5069 1269 5107 non
1295 5051 1645 5122 perspiciam.
1673 5048 1809 5114 Quia
1839 5030 1969 5100 vero
2001 5041 2322 5109 compromi-

746 5148 948 5209 serint,
988 5149 1276 5215 cpiscOpos
1316 5159 1504 5196 omnes
1552 5142 1640 5194 die
1673 5140 1976 5208 praestituta
2007 5136 2317 5198 adfuturos,

757 5243 809 5294 id
842 5241 982 5292 laeto
1047 5237 1320 5304 complere
1393 5243 1669 5300 Oportere.
1727 5230 1828 5285 Ubi
1893 5229 2010 5282 dies
2061 5227 2324 5280 habenda:

756 5331 964 5399 synodo
998 5329 1270 5381 nominata
1305 5326 1503 5387 illuxit,
1531 5323 1621 5392 qui
1661 5323 1715 5374 in
1763 5318 2098 5387 patriarchio
2141 5324 2321 5380 erant,

757 5432 958 5493 przesto
991 5420 1231 5481 fuerunt.
1266 5417 1487 5485 Magnus
1520 5424 1699 5468 autem
1735 5411 2075 5466 domesticus
2110 5422 2324 5461 assum-

762 5488 871 5585 ptis
905 5511 1181 5582 episcopis
1233 5511 1355 5574 reis,
1388 5508 1664 5578 jussisque
1713 5498 1781 5558 ne
1830 5500 2029 5557 fnutire
2083 5500 2324 5570 quidem,

763 5602 1209 5673 quandoquidem
1246 5601 1358 5667 ipse
1409 5613 1601 5652 eorum
1656 5609 1878 5651 causam
1909 5603 2130 5648 acturus
2160 5601 2325 5655 esset,

765 5712 888 5749 cum
919 5696 1030 5749 illis
1060 5692 1228 5748 veluti
1260 5708 1316 5747 se
1363 5692 1695 5746 defensurus
1733 5688 2064 5743 adventavit.
2089 5687 2328 5755 Congre-

770 5786 910 5855 gatis
953 5786 1060 5855 jam
1101 5784 1316 5840 -codem
1374 5783 1426 5836 in
1487 5783 1609 5837 loco
1670 5782 1964 5846 universas,
2024 5776 2330 5848 patriarcha

2417 4594 2612 4657 κότων,
2645 4591 2800 4644 αὐτοί
2821 4607 2879 4641 τε
2899 4589 2990 4656 ὑιρῖ
3014 4589 3228 4646 ἑαυτοῖς
3256 4585 3587 4653 ἐποιήσαντο
3621 4588 3717 4653 τὴν
3753 4583 3987 4651 Ἐκκληο

2420 4685 2562 4749 σίαν,
2585 4683 2764 4737 καὶτὰ
2805 4681 3038 4750 μέγιστα
3063 4679 3377 4740 ἀδικοῦντες
3411 4679 3506 4730 καὶ
3533 4674 3990 4737 πλεονεκτοῦντες

2419 4773 2697 4826 ἐδίδασκον
2729 4770 2822 4822 τὸν
2847 4769 2974 4820 λαὸν
3007 4767 3139 4837 περὶ
3181 4768 3404 4834 ἀρετῆς,
3435 4764 3569 4832 μηδέ⁹
3602 4761 3988 4832 ἐρυθριῶντες,

2421 4864 2556 4919 ἀλλά
2590 4865 2683 4916 καὶ
2717 4860 3107 4930 σεμνυνόμενοι
3144 4859 3208 4928 τῇ
3263 4857 3511 4926 ἁρπαγῇ,
3543 4853 3990 4921 ἐπαγγέλλεσθαι

2422 4958 2616 5014 αὐτοὺς
2646 4954 2983 5022 ἀπαντήσειν
3013 4953 3092 5012 είς
3124 4951 3222 5020 τὴν
3241 4950 3417 5017 δίκην.
3447 4948 3620 5008 Αὐτὸς
3657 4945 3764 5014 γὰρ
3793 4945 3856 4996 ἂν
3890 4938 3992 4996 ἆὺ-

2421 5050 2529 5102 τῶν
2551 5047 2788 5105 άπάσαις
2827 5046 3086 5112 πρότερον
3115 5041 3380 5108 κατέγνω.
3433 5039 3493 5090 Ὀ
3532 5036 3880 5104 πατριάρχης
3911 5033 3990 5096 δέ,

2423 5139 2548 5192 νοῦν
2581 5140 2676 5205 μὲν
2698 5138 2898 5197 αὐτοὺς
2928 5135 3030 5203 ἔφη
3063 5133 3221 5198 λόγον
3254 5132 3450 5201 έχοντα
3491 5128 3792 5197 εἰρηκέναι,
3831 5125 3992 5178 abab

2425 5229 2482 5281 δέ
2534 5224 2928 5314 μὴοπείθεσθιαι
2987 5221 3158 5282 οὕτως
3191 5215 3367 5272 εἶναι·
3422 5217 3558 5270 ἀλλά
3590 5233 3640 5267 τι
3675 5215 3766 5266 τὸν
3821 5213 3992 5280 μέγαν

2426 5302 2742 5388 δομέστίκον
2768 5313 3197 5383 ἐπινενοηκέναι,
3231 5310 3496 5380 βαθείαις,
3523 5307 3774 5372 καθάπερ
3810 5302 3988 5369 ἴσμεν,

2425 5406 2769 5478 κεχρημένον
2823 5404 2944 5464 ταῖς
2995 5401 3210 5470 φρεσὶν,
3247 5399 3275 5449 ὃ
3324 5396 3415 5448 νῦν
3444 5395 3591 5464 ἡμᾶς
3629 5390 3991 5460 μὴδύνασθαι

2428 5501 2589 5550 νοεῖν.
2639 5495 2795 5547 Ἐπεὶ
2823 5493 2879 5546 δὲ
2905 5488 3354 5560 ἐπηγγειλάμεθα
3384 5487 3506 5546 τοὺς
3533 5482 3828 5553 ἀρχιερέας
3853 5480 3988 5530 πάν-

2430 5589 2637 5650 τας-εἰς
2679 5585 2778 5654 τὴν
2826 5583 3172 5650 τεταγμένην
3212 5580 3425 5647 ἡμέραν
3451 5573 3743 5632 συνελθεῖν,
3767 5571 3792 5620 ὃ
3822 5572 3996 5634 ἐπηγ-

2432 5679 2754 5748 γειλάμεθα,
2787 5677 2877 5729 καὶ
2924 5673 3104 5744 ἔργοις
3153 5655 3457 5737 ἀναγκαῖον
3518 5661 3848 5730 ἐκπληροῦν.
3881 5661 3992 5727 Τῆς

2435 5767 2773 5842 προθεσμίας
2808 5766 2862 5820 δὲ
2894 5764 3156 5832 ἐλθούσης
3197 5766 3252 5815 ἐν
3381 5759 3485 5812 τῶν
3545 5753 3846 5825 ἀρχεερὲων
3897 5750 3992 5820 τὴν
