  <div class='ocr_page' id='page_1' title='image "/cluster/home/n/w/nwhite01/storage/ocr_20150623/153/nnc1.0046981039/220.png"; bbox 0 0 4250 6444; ppageno 0'>
   <div class='ocr_carea' id='block_1_1' title="bbox 265 400 379 464">
    <p class='ocr_par' dir='ltr' id='par_1_1' title="bbox 265 400 379 464">
     <span class='ocr_line' id='line_1_1' title="bbox 265 400 379 464; baseline 0 0"><span class='ocrx_word' id='word_1_1' title='bbox 265 400 379 464; x_wconf 66' lang='grc'><strong>417</strong></span> 
     </span>
    </p>
   </div>
   <div class='ocr_carea' id='block_1_2' title="bbox 1423 402 2378 482">
    <p class='ocr_par' dir='ltr' id='par_1_2' title="bbox 1423 402 2378 482">
     <span class='ocr_line' id='line_1_2' title="bbox 1423 402 2378 482; baseline 0.004 -19"><span class='ocrx_word' id='word_1_2' title='bbox 1423 402 1976 464; x_wconf 76' lang='lat' dir='ltr'><strong>HISTORIARUM</strong></span> <span class='ocrx_word' id='word_1_3' title='bbox 2023 405 2257 482; x_wconf 59' lang='lat' dir='ltr'><strong>manu</strong></span> <span class='ocrx_word' id='word_1_4' title='bbox 2298 406 2378 467; x_wconf 83' lang='lat' dir='ltr'><strong>ll.</strong></span> 
     </span>
    </p>
   </div>
   <div class='ocr_carea' id='block_1_3' title="bbox 3431 410 3536 476">
    <p class='ocr_par' dir='ltr' id='par_1_3' title="bbox 3431 410 3536 476">
     <span class='ocr_line' id='line_1_3' title="bbox 3431 410 3536 476; baseline 0.048 -6"><span class='ocrx_word' id='word_1_5' title='bbox 3431 410 3536 476; x_wconf 76' lang='lat'><strong>418</strong></span> 
     </span>
    </p>
   </div>
   <div class='ocr_carea' id='block_1_4' title="bbox 268 509 1880 590">
    <p class='ocr_par' dir='ltr' id='par_1_4' title="bbox 268 509 1863 586">
     <span class='ocr_line' id='line_1_4' title="bbox 268 509 1863 586; baseline -0.003 -15"><span class='ocrx_word' id='word_1_6' title='bbox 268 515 496 571; x_wconf 82' lang='grc' dir='ltr'><strong>σύνοδον</strong></span> <span class='ocrx_word' id='word_1_7' title='bbox 527 514 634 567; x_wconf 79' lang='grc' dir='ltr'>ἔδει</span> <span class='ocrx_word' id='word_1_8' title='bbox 668 509 833 580; x_wconf 77' lang='grc' dir='ltr'>εἶναι,</span> <span class='ocrx_word' id='word_1_9' title='bbox 861 514 911 567; x_wconf 87' lang='grc' dir='ltr'>οῑ</span> <span class='ocrx_word' id='word_1_10' title='bbox 954 513 1053 584; x_wconf 81' lang='grc' dir='ltr'>μὲν</span> <span class='ocrx_word' id='word_1_11' title='bbox 1087 515 1146 568; x_wconf 80' lang='grc' dir='ltr'><strong>ὲν</strong></span> <span class='ocrx_word' id='word_1_12' title='bbox 1191 516 1575 586; x_wconf 84' lang='grc' dir='ltr'>πατριαρχείῳ</span> <span class='ocrx_word' id='word_1_13' title='bbox 1603 515 1863 586; x_wconf 81' lang='grc' dir='ltr'>παρῆσαν</span> 
     </span>
    </p>
   </div>
   <div class='ocr_carea' id='block_1_5' title="bbox 1971 509 3537 590">
    <p class='ocr_par' dir='ltr' id='par_1_5' title="bbox 1971 516 3537 590">
     <span class='ocr_line' id='line_1_5' title="bbox 1971 516 3537 590; baseline 0.006 -20"><span class='ocrx_word' id='word_1_14' title='bbox 1971 516 2254 586; x_wconf 77' lang='lat' dir='ltr'><strong>episcopos</strong></span> <span class='ocrx_word' id='word_1_15' title='bbox 2287 533 2575 583; x_wconf 87' lang='lat' dir='ltr'><strong>accusare,</strong></span> <span class='ocrx_word' id='word_1_16' title='bbox 2609 520 2755 590; x_wconf 88' lang='lat' dir='ltr'><strong>quod</strong></span> <span class='ocrx_word' id='word_1_17' title='bbox 2794 521 3088 578; x_wconf 90' lang='lat' dir='ltr'><strong>immerens</strong></span> <span class='ocrx_word' id='word_1_18' title='bbox 3141 522 3208 578; x_wconf 87' lang='lat' dir='ltr'><strong>de</strong></span> <span class='ocrx_word' id='word_1_19' title='bbox 3246 522 3444 580; x_wconf 93' lang='lat' dir='ltr'><strong>throno</strong></span> <span class='ocrx_word' id='word_1_20' title='bbox 3469 529 3537 580; x_wconf 84' lang='lat' dir='ltr'><strong>ab</strong></span> 
     </span>
    </p>
   </div>
   <div class='ocr_carea' id='block_1_6' title="bbox 265 605 1856 674">
    <p class='ocr_par' dir='ltr' id='par_1_6' title="bbox 265 605 1856 674">
     <span class='ocr_line' id='line_1_6' title="bbox 265 605 1856 674; baseline 0 -16"><span class='ocrx_word' id='word_1_21' title='bbox 265 609 497 668; x_wconf 83' lang='grc' dir='ltr'>πάντες.</span> <span class='ocrx_word' id='word_1_22' title='bbox 560 606 619 657; x_wconf 89' lang='lat'><strong>&#39;0</strong></span> <span class='ocrx_word' id='word_1_23' title='bbox 655 605 832 673; x_wconf 87' lang='grc' dir='ltr'>μέγας</span> <span class='ocrx_word' id='word_1_24' title='bbox 863 606 917 658; x_wconf 73' lang='grc' dir='ltr'>δὲ</span> <span class='ocrx_word' id='word_1_25' title='bbox 967 607 1293 674; x_wconf 89' lang='grc' dir='ltr'>δομέστικος</span> <span class='ocrx_word' id='word_1_26' title='bbox 1340 609 1465 670; x_wconf 85' lang='grc' dir='ltr'>τοὺς</span> <span class='ocrx_word' id='word_1_27' title='bbox 1517 607 1856 670; x_wconf 76' lang='grc' dir='ltr'><strong>ὑπευθύνους</strong></span> 
     </span>
    </p>
   </div>
   <div class='ocr_carea' id='block_1_7' title="bbox 262 695 1856 771">
    <p class='ocr_par' dir='ltr' id='par_1_7' title="bbox 262 695 1856 771">
     <span class='ocr_line' id='line_1_7' title="bbox 262 695 1856 771; baseline -0.001 -21"><span class='ocrx_word' id='word_1_28' title='bbox 262 698 379 750; x_wconf 86' lang='grc' dir='ltr'><strong>τῶν</strong></span> <span class='ocrx_word' id='word_1_29' title='bbox 408 697 712 767; x_wconf 81' lang='grc' dir='ltr'>ἀρχιερέων</span> <span class='ocrx_word' id='word_1_30' title='bbox 747 695 1105 766; x_wconf 76' lang='grc' dir='ltr'>παραλαϐὼν,</span> <span class='ocrx_word' id='word_1_31' title='bbox 1139 698 1234 771; x_wconf 79' lang='grc' dir='ltr'>καὶ</span> <span class='ocrx_word' id='word_1_32' title='bbox 1265 698 1643 766; x_wconf 79' lang='grc' dir='ltr'><strong>παραγγείλας</strong></span> <span class='ocrx_word' id='word_1_33' title='bbox 1669 699 1856 759; x_wconf 86' lang='grc' dir='ltr'>αὐτοῖς</span> 
     </span>
    </p>
   </div>
   <div class='ocr_carea' id='block_1_8' title="bbox 266 788 1857 858">
    <p class='ocr_par' dir='ltr' id='par_1_8' title="bbox 266 788 1857 858">
     <span class='ocr_line' id='line_1_8' title="bbox 266 788 1857 858; baseline 0.001 -18"><span class='ocrx_word' id='word_1_34' title='bbox 266 790 512 858; x_wconf 78' lang='grc' dir='ltr'>σιωπᾷν,</span> <span class='ocrx_word' id='word_1_35' title='bbox 543 791 640 840; x_wconf 80' lang='grc' dir='ltr'>καὶ</span> <span class='ocrx_word' id='word_1_36' title='bbox 673 788 1011 858; x_wconf 74' lang='grc' dir='ltr'>φθέγγεσθαι</span> <span class='ocrx_word' id='word_1_37' title='bbox 1050 789 1221 858; x_wconf 81' lang='grc' dir='ltr'>μηδὲν</span> <span class='ocrx_word' id='word_1_38' title='bbox 1247 791 1322 852; x_wconf 84' lang='grc' dir='ltr'>ὡς</span> <span class='ocrx_word' id='word_1_39' title='bbox 1356 791 1497 858; x_wconf 77' lang='grc' dir='ltr'>ὑπὲρ</span> <span class='ocrx_word' id='word_1_40' title='bbox 1545 789 1724 844; x_wconf 82' lang='grc' dir='ltr'>αὐτῶν</span> <span class='ocrx_word' id='word_1_41' title='bbox 1759 793 1857 844; x_wconf 87' lang='grc' dir='ltr'><strong>αύ-</strong></span> 
     </span>
    </p>
   </div>
   <div class='ocr_carea' id='block_1_9' title="bbox 264 879 1858 961">
    <p class='ocr_par' dir='ltr' id='par_1_9' title="bbox 264 879 1858 961">
     <span class='ocr_line' id='line_1_9' title="bbox 264 879 1858 961; baseline 0.003 -28"><span class='ocrx_word' id='word_1_42' title='bbox 264 881 368 934; x_wconf 84' lang='grc' dir='ltr'>τοῦ</span> <span class='ocrx_word' id='word_1_43' title='bbox 415 883 537 945; x_wconf 84' lang='grc' dir='ltr'>τοὺς</span> <span class='ocrx_word' id='word_1_44' title='bbox 567 882 762 949; x_wconf 79' lang='grc' dir='ltr'>λόγους</span> <span class='ocrx_word' id='word_1_45' title='bbox 817 885 1208 961; x_wconf 76' lang='grc' dir='ltr'>ποιησομένου,</span> <span class='ocrx_word' id='word_1_46' title='bbox 1259 879 1392 954; x_wconf 80' lang='grc' dir='ltr'>ἦλθε</span> <span class='ocrx_word' id='word_1_47' title='bbox 1433 884 1530 937; x_wconf 79' lang='grc' dir='ltr'>σὺν</span> <span class='ocrx_word' id='word_1_48' title='bbox 1570 886 1752 948; x_wconf 87' lang='grc' dir='ltr'>αὐτοῖς</span> <span class='ocrx_word' id='word_1_49' title='bbox 1783 887 1858 950; x_wconf 80' lang='grc' dir='ltr'><strong>ὡς</strong></span> 
     </span>
    </p>
   </div>
   <div class='ocr_carea' id='block_1_10' title="bbox 267 969 1856 1045">
    <p class='ocr_par' dir='ltr' id='par_1_10' title="bbox 267 969 1856 1045">
     <span class='ocr_line' id='line_1_10' title="bbox 267 969 1856 1045; baseline 0.004 -21"><span class='ocrx_word' id='word_1_50' title='bbox 267 974 416 1041; x_wconf 80' lang='grc' dir='ltr'>ὑπὲρ</span> <span class='ocrx_word' id='word_1_51' title='bbox 449 969 524 1026; x_wconf 83' lang='grc' dir='ltr'><strong>ὧν</strong></span> <span class='ocrx_word' id='word_1_52' title='bbox 560 975 916 1028; x_wconf 76' lang='grc' dir='ltr'><strong>ἐνεκαλοῦντο</strong></span> <span class='ocrx_word' id='word_1_53' title='bbox 974 977 1476 1045; x_wconf 78' lang='grc' dir='ltr'><strong>ἀπολογησόμενος.</strong></span> <span class='ocrx_word' id='word_1_54' title='bbox 1543 977 1771 1031; x_wconf 82' lang='grc' dir='ltr'>Πάντων</span> <span class='ocrx_word' id='word_1_55' title='bbox 1800 979 1856 1031; x_wconf 81' lang='grc' dir='ltr'>δὲ</span> 
     </span>
    </p>
   </div>
   <div class='ocr_carea' id='block_1_11' title="bbox 267 1066 1856 1139">
    <p class='ocr_par' dir='ltr' id='par_1_11' title="bbox 267 1066 1856 1139">
     <span class='ocr_line' id='line_1_11' title="bbox 267 1066 1856 1139; baseline 0.004 -24"><span class='ocrx_word' id='word_1_56' title='bbox 267 1066 583 1133; x_wconf 84' lang='grc' dir='ltr'>γενομένων</span> <span class='ocrx_word' id='word_1_57' title='bbox 609 1067 665 1117; x_wconf 81' lang='grc' dir='ltr'><strong>ὲν</strong></span> <span class='ocrx_word' id='word_1_58' title='bbox 688 1066 892 1135; x_wconf 83' lang='grc' dir='ltr'>ταύτῷ,</span> <span class='ocrx_word' id='word_1_59' title='bbox 925 1069 1052 1126; x_wconf 81' lang='grc' dir='ltr'><strong>τούς</strong></span> <span class='ocrx_word' id='word_1_60' title='bbox 1082 1067 1519 1136; x_wconf 76' lang='grc' dir='ltr'>ἐγκαλουμένους</span> <span class='ocrx_word' id='word_1_61' title='bbox 1561 1069 1856 1139; x_wconf 77' lang='grc' dir='ltr'><strong>ἀρχιερέας</strong></span> 
     </span>
    </p>
   </div>
   <div class='ocr_carea' id='block_1_12' title="bbox 267 1156 1854 1228">
    <p class='ocr_par' dir='ltr' id='par_1_12' title="bbox 267 1156 1854 1228">
     <span class='ocr_line' id='line_1_12' title="bbox 267 1156 1854 1228; baseline 0.003 -20"><span class='ocrx_word' id='word_1_62' title='bbox 267 1156 297 1208; x_wconf 85' lang='grc' dir='ltr'><strong>ὁ</strong></span> <span class='ocrx_word' id='word_1_63' title='bbox 331 1156 678 1226; x_wconf 82' lang='grc' dir='ltr'><strong>πατριάρχης</strong></span> <span class='ocrx_word' id='word_1_64' title='bbox 711 1157 903 1226; x_wconf 76' lang='grc' dir='ltr'>ᾐτιᾶτο</span> <span class='ocrx_word' id='word_1_65' title='bbox 933 1158 1070 1224; x_wconf 78' lang='grc' dir='ltr'>ὑπὲρ</span> <span class='ocrx_word' id='word_1_66' title='bbox 1097 1157 1192 1209; x_wconf 85' lang='grc' dir='ltr'>τοῦ</span> <span class='ocrx_word' id='word_1_67' title='bbox 1240 1157 1352 1210; x_wconf 84' lang='grc' dir='ltr'><strong>τῶν</strong></span> <span class='ocrx_word' id='word_1_68' title='bbox 1407 1158 1617 1228; x_wconf 84' lang='grc' dir='ltr'>θρόνων</span> <span class='ocrx_word' id='word_1_69' title='bbox 1643 1160 1854 1212; x_wconf 85' lang='grc' dir='ltr'>ἀπελα-</span> 
     </span>
    </p>
   </div>
   <div class='ocr_carea' id='block_1_13' title="bbox 271 1245 1927 1320">
    <p class='ocr_par' dir='ltr' id='par_1_13' title="bbox 271 1245 1927 1320">
     <span class='ocr_line' id='line_1_13' title="bbox 271 1245 1927 1320; baseline 0.005 -23"><span class='ocrx_word' id='word_1_70' title='bbox 271 1245 475 1314; x_wconf 82' lang='grc' dir='ltr'>σθῆναι</span> <span class='ocrx_word' id='word_1_71' title='bbox 521 1247 614 1298; x_wconf 86' lang='grc' dir='ltr'><strong>ὐπ’</strong></span> <span class='ocrx_word' id='word_1_72' title='bbox 644 1247 847 1314; x_wconf 84' lang='grc' dir='ltr'>αὐτῶν,</span> <span class='ocrx_word' id='word_1_73' title='bbox 887 1245 1227 1319; x_wconf 85' lang='grc' dir='ltr'>ἀδικήσαντα</span> <span class='ocrx_word' id='word_1_74' title='bbox 1261 1250 1429 1319; x_wconf 84' lang='grc' dir='ltr'>μηδέν</span> <span class='ocrx_word' id='word_1_75' title='bbox 1453 1268 1466 1282; x_wconf 93' lang='grc'><strong>·</strong></span> <span class='ocrx_word' id='word_1_76' title='bbox 1507 1250 1604 1304; x_wconf 72' lang='grc' dir='ltr'><strong>καὶ</strong></span> <span class='ocrx_word' id='word_1_77' title='bbox 1628 1252 1854 1320; x_wconf 76' lang='grc' dir='ltr'><strong>προσέτι</strong></span> <span class='ocrx_word' id='word_1_78' title='bbox 1905 1248 1927 1271; x_wconf 77' lang='grc'><em>⁸</em></span> 
     </span>
    </p>
   </div>
   <div class='ocr_carea' id='block_1_14' title="bbox 270 1337 1857 1414">
    <p class='ocr_par' dir='ltr' id='par_1_14' title="bbox 270 1337 1857 1414">
     <span class='ocr_line' id='line_1_14' title="bbox 270 1337 1857 1414; baseline 0.004 -24"><span class='ocrx_word' id='word_1_79' title='bbox 270 1356 338 1406; x_wconf 85' lang='grc' dir='ltr'><strong>γε</strong></span> <span class='ocrx_word' id='word_1_80' title='bbox 377 1339 689 1408; x_wconf 72' lang='grc' dir='ltr'>εἱρχθῆναι.</span> <span class='ocrx_word' id='word_1_81' title='bbox 721 1341 784 1394; x_wconf 84' lang='grc' dir='ltr'><strong>Οἱ</strong></span> <span class='ocrx_word' id='word_1_82' title='bbox 815 1340 916 1408; x_wconf 86' lang='grc' dir='ltr'><strong>μὲν</strong></span> <span class='ocrx_word' id='word_1_83' title='bbox 959 1337 1055 1394; x_wconf 83' lang='grc' dir='ltr'>οὖν</span> <span class='ocrx_word' id='word_1_84' title='bbox 1091 1341 1492 1412; x_wconf 77' lang='grc' dir='ltr'>ἐγκαλούμενοι</span> <span class='ocrx_word' id='word_1_85' title='bbox 1523 1344 1857 1414; x_wconf 86' lang='grc' dir='ltr'>ἀπεκρίνατο</span> 
     </span>
    </p>
   </div>
   <div class='ocr_carea' id='block_1_15' title="bbox 272 1431 1857 1504">
    <p class='ocr_par' dir='ltr' id='par_1_15' title="bbox 272 1431 1857 1504">
     <span class='ocr_line' id='line_1_15' title="bbox 272 1431 1857 1504; baseline 0.004 -20"><span class='ocrx_word' id='word_1_86' title='bbox 272 1432 467 1484; x_wconf 80' lang='grc' dir='ltr'>οὐδέν’</span> <span class='ocrx_word' id='word_1_87' title='bbox 506 1431 723 1502; x_wconf 83' lang='grc' dir='ltr'>σιωπῆς</span> <span class='ocrx_word' id='word_1_88' title='bbox 778 1433 835 1485; x_wconf 79' lang='grc' dir='ltr'>δὲ</span> <span class='ocrx_word' id='word_1_89' title='bbox 886 1431 1116 1501; x_wconf 79' lang='grc' dir='ltr'><strong>βαθείας</strong></span> <span class='ocrx_word' id='word_1_90' title='bbox 1168 1435 1468 1504; x_wconf 82' lang='grc' dir='ltr'>γενομένης</span> <span class='ocrx_word' id='word_1_91' title='bbox 1503 1436 1596 1489; x_wconf 69' lang='grc' dir='ltr'><strong>ἐπὶ</strong></span> <span class='ocrx_word' id='word_1_92' title='bbox 1645 1437 1857 1502; x_wconf 84' lang='grc' dir='ltr'>πολὺ,ὁ</span> 
     </span>
    </p>
   </div>
   <div class='ocr_carea' id='block_1_16' title="bbox 277 1520 1859 1598">
    <p class='ocr_par' dir='ltr' id='par_1_16' title="bbox 277 1520 1859 1598">
     <span class='ocr_line' id='line_1_16' title="bbox 277 1520 1859 1598; baseline 0.006 -26"><span class='ocrx_word' id='word_1_93' title='bbox 277 1526 458 1594; x_wconf 80' lang='grc' dir='ltr'>μέγας</span> <span class='ocrx_word' id='word_1_94' title='bbox 489 1522 808 1592; x_wconf 87' lang='grc' dir='ltr'>δομέστικος</span> <span class='ocrx_word' id='word_1_95' title='bbox 838 1520 1025 1578; x_wconf 73' lang='grc' dir='ltr'>εἶπενο</span> <span class='ocrx_word' id='word_1_96' title='bbox 1080 1526 1137 1579; x_wconf 89' lang='lat'><strong>&#39;0</strong></span> <span class='ocrx_word' id='word_1_97' title='bbox 1181 1527 1385 1595; x_wconf 81' lang='grc' dir='ltr'>Κύριος</span> <span class='ocrx_word' id='word_1_98' title='bbox 1430 1528 1590 1597; x_wconf 79' lang='grc' dir='ltr'>ἡμῶν</span> <span class='ocrx_word' id='word_1_99' title='bbox 1652 1527 1859 1598; x_wconf 83' lang='grc' dir='ltr'>Ἰησοῦς</span> 
     </span>
    </p>
   </div>
   <div class='ocr_carea' id='block_1_17' title="bbox 272 1614 1862 1692">
    <p class='ocr_par' dir='ltr' id='par_1_17' title="bbox 272 1614 1862 1692">
     <span class='ocr_line' id='line_1_17' title="bbox 272 1614 1862 1692; baseline 0.006 -28"><span class='ocrx_word' id='word_1_100' title='bbox 272 1614 514 1683; x_wconf 70' lang='grc' dir='ltr'>Χριστὸς</span> <span class='ocrx_word' id='word_1_101' title='bbox 551 1616 608 1666; x_wconf 83' lang='grc' dir='ltr'><strong>ὲν</strong></span> <span class='ocrx_word' id='word_1_102' title='bbox 649 1617 761 1679; x_wconf 88' lang='grc' dir='ltr'>τοῖς</span> <span class='ocrx_word' id='word_1_103' title='bbox 795 1617 1153 1685; x_wconf 87' lang='grc' dir='ltr'>Εύαγγελίοις</span> <span class='ocrx_word' id='word_1_104' title='bbox 1198 1614 1390 1672; x_wconf 71' lang='grc' dir='ltr'>εἷπενυ</span> <span class='ocrx_word' id='word_1_105' title='bbox 1437 1620 1562 1674; x_wconf 72' lang='grc' dir='ltr'><strong>Ἐὰν</strong></span> <span class='ocrx_word' id='word_1_106' title='bbox 1610 1623 1684 1692; x_wconf 83' lang='grc' dir='ltr'>μὴ</span> <span class='ocrx_word' id='word_1_107' title='bbox 1723 1623 1862 1692; x_wconf 86' lang='grc' dir='ltr'><strong>ἠδι-</strong></span> 
     </span>
    </p>
   </div>
   <div class='ocr_carea' id='block_1_18' title="bbox 276 1704 1860 1784">
    <p class='ocr_par' dir='ltr' id='par_1_18' title="bbox 276 1704 1860 1784">
     <span class='ocr_line' id='line_1_18' title="bbox 276 1704 1860 1784; baseline 0.008 -27"><span class='ocrx_word' id='word_1_108' title='bbox 276 1704 546 1774; x_wconf 84' lang='grc' dir='ltr'>καιοσύνη</span> <span class='ocrx_word' id='word_1_109' title='bbox 575 1704 727 1774; x_wconf 84' lang='grc' dir='ltr'>ὑμῶν</span> <span class='ocrx_word' id='word_1_110' title='bbox 780 1708 1117 1780; x_wconf 80' lang='grc' dir='ltr'>περισσεύσῃ</span> <span class='ocrx_word' id='word_1_111' title='bbox 1153 1709 1312 1762; x_wconf 84' lang='grc' dir='ltr'>πλέον</span> <span class='ocrx_word' id='word_1_112' title='bbox 1345 1711 1455 1764; x_wconf 85' lang='grc' dir='ltr'>τῶν</span> <span class='ocrx_word' id='word_1_113' title='bbox 1486 1717 1860 1784; x_wconf 82' lang='grc' dir='ltr'>γραμματέων</span> 
     </span>
    </p>
   </div>
   <div class='ocr_carea' id='block_1_19' title="bbox 275 1798 1858 1876">
    <p class='ocr_par' dir='ltr' id='par_1_19' title="bbox 275 1798 1858 1876">
     <span class='ocr_line' id='line_1_19' title="bbox 275 1798 1858 1876; baseline 0.008 -27"><span class='ocrx_word' id='word_1_114' title='bbox 275 1798 376 1850; x_wconf 71' lang='grc' dir='ltr'><strong>καὶ</strong></span> <span class='ocrx_word' id='word_1_115' title='bbox 412 1799 744 1867; x_wconf 83' lang='grc' dir='ltr'>φαρισαίων,</span> <span class='ocrx_word' id='word_1_116' title='bbox 791 1800 854 1852; x_wconf 84' lang='grc' dir='ltr'><strong>οὐ</strong></span> <span class='ocrx_word' id='word_1_117' title='bbox 899 1799 1131 1854; x_wconf 77' lang='grc' dir='ltr'>δύνασθε</span> <span class='ocrx_word' id='word_1_118' title='bbox 1191 1803 1460 1858; x_wconf 76' lang='grc' dir='ltr'>εἰσελθεῖν</span> <span class='ocrx_word' id='word_1_119' title='bbox 1516 1807 1596 1868; x_wconf 89' lang='grc' dir='ltr'><strong>είς</strong></span> <span class='ocrx_word' id='word_1_120' title='bbox 1626 1806 1725 1876; x_wconf 78' lang='grc' dir='ltr'>τὴν</span> <span class='ocrx_word' id='word_1_121' title='bbox 1763 1807 1858 1876; x_wconf 84' lang='grc' dir='ltr'><strong>βα-</strong></span> 
     </span>
    </p>
   </div>
   <div class='ocr_carea' id='block_1_20' title="bbox 1965 606 3534 681">
    <p class='ocr_par' dir='ltr' id='par_1_20' title="bbox 1965 606 3534 681">
     <span class='ocr_line' id='line_1_20' title="bbox 1965 606 3534 681; baseline 0.008 -21"><span class='ocrx_word' id='word_1_122' title='bbox 1965 606 2098 677; x_wconf 88' lang='lat' dir='ltr'><strong>ipsis</strong></span> <span class='ocrx_word' id='word_1_123' title='bbox 2135 608 2421 678; x_wconf 91' lang='lat' dir='ltr'><strong>depulsus,</strong></span> <span class='ocrx_word' id='word_1_124' title='bbox 2449 621 2503 664; x_wconf 92' lang='lat' dir='ltr'><strong>et</strong></span> <span class='ocrx_word' id='word_1_125' title='bbox 2541 612 2768 681; x_wconf 89' lang='lat' dir='ltr'><strong>insuper</strong></span> <span class='ocrx_word' id='word_1_126' title='bbox 2805 616 3012 669; x_wconf 86' lang='lat' dir='ltr'><strong>carceri</strong></span> <span class='ocrx_word' id='word_1_127' title='bbox 3055 617 3342 671; x_wconf 88' lang='lat' dir='ltr'><strong>mandatus</strong></span> <span class='ocrx_word' id='word_1_128' title='bbox 3369 629 3534 672; x_wconf 80' lang='lat' dir='ltr'><strong>esset.</strong></span> 
     </span>
    </p>
   </div>
   <div class='ocr_carea' id='block_1_21' title="bbox 1964 700 3535 774">
    <p class='ocr_par' dir='ltr' id='par_1_21' title="bbox 1964 700 3535 774">
     <span class='ocr_line' id='line_1_21' title="bbox 1964 700 3535 774; baseline 0.004 -20"><span class='ocrx_word' id='word_1_129' title='bbox 1964 700 2217 754; x_wconf 87' lang='lat' dir='ltr'><strong>Accusati</strong></span> <span class='ocrx_word' id='word_1_130' title='bbox 2244 701 2381 754; x_wconf 83' lang='lat' dir='ltr'><strong>nihil</strong></span> <span class='ocrx_word' id='word_1_131' title='bbox 2439 704 2791 770; x_wconf 82' lang='lat' dir='ltr'><strong>respondere.</strong></span> <span class='ocrx_word' id='word_1_132' title='bbox 2849 704 2978 758; x_wconf 86' lang='lat' dir='ltr'><strong>Post</strong></span> <span class='ocrx_word' id='word_1_133' title='bbox 3007 707 3174 759; x_wconf 87' lang='lat' dir='ltr'><strong>altum</strong></span> <span class='ocrx_word' id='word_1_134' title='bbox 3205 717 3259 760; x_wconf 90' lang='lat' dir='ltr'><strong>et</strong></span> <span class='ocrx_word' id='word_1_135' title='bbox 3317 709 3535 774; x_wconf 81' lang='lat' dir='ltr'><strong>longum</strong></span> 
     </span>
    </p>
   </div>
   <div class='ocr_carea' id='block_1_22' title="bbox 1964 792 3538 860">
    <p class='ocr_par' dir='ltr' id='par_1_22' title="bbox 1964 792 3538 860">
     <span class='ocr_line' id='line_1_22' title="bbox 1964 792 3538 860; baseline 0.004 -14"><span class='ocrx_word' id='word_1_136' title='bbox 1964 792 2244 846; x_wconf 88' lang='lat' dir='ltr'><strong>silentium</strong></span> <span class='ocrx_word' id='word_1_137' title='bbox 2300 810 2526 860; x_wconf 82' lang='lat' dir='ltr'><strong>magnus</strong></span> <span class='ocrx_word' id='word_1_138' title='bbox 2573 794 2912 850; x_wconf 89' lang='lat' dir='ltr'><strong>domesticus</strong></span> <span class='ocrx_word' id='word_1_139' title='bbox 2959 799 3031 850; x_wconf 86' lang='lat' dir='ltr'><strong>ita</strong></span> <span class='ocrx_word' id='word_1_140' title='bbox 3063 798 3228 850; x_wconf 85' lang='lat' dir='ltr'><strong>inlit:</strong></span> <span class='ocrx_word' id='word_1_141' title='bbox 3271 799 3538 852; x_wconf 83' lang='lat' dir='ltr'><strong>Dominus</strong></span> 
     </span>
    </p>
   </div>
   <div class='ocr_carea' id='block_1_23' title="bbox 1963 883 3535 959">
    <p class='ocr_par' dir='ltr' id='par_1_23' title="bbox 1963 883 3535 959">
     <span class='ocr_line' id='line_1_23' title="bbox 1963 883 3535 959; baseline 0.002 -23"><span class='ocrx_word' id='word_1_142' title='bbox 1963 892 2152 936; x_wconf 83' lang='lat' dir='ltr'><strong>noster</strong></span> <span class='ocrx_word' id='word_1_143' title='bbox 2186 883 2344 939; x_wconf 86' lang='lat' dir='ltr'><strong>Jesus</strong></span> <span class='ocrx_word' id='word_1_144' title='bbox 2373 885 2629 940; x_wconf 75' lang='lat' dir='ltr'><strong>Christus</strong></span> <span class='ocrx_word' id='word_1_145' title='bbox 2652 887 2705 940; x_wconf 90' lang='lat' dir='ltr'><strong>in</strong></span> <span class='ocrx_word' id='word_1_146' title='bbox 2735 886 3040 957; x_wconf 79' lang='lat' dir='ltr'><strong>Evangeliis</strong></span> <span class='ocrx_word' id='word_1_147' title='bbox 3072 905 3085 941; x_wconf 88' lang='lat'><strong>:</strong></span> <span class='ocrx_word' id='word_1_148' title='bbox 3124 907 3142 938; x_wconf 77' lang='grc' dir='ltr'><strong>ι</strong></span> <span class='ocrx_word' id='word_1_149' title='bbox 3179 889 3292 942; x_wconf 80' lang='lat' dir='ltr'><strong>Nisi</strong></span> <span class='ocrx_word' id='word_1_150' title='bbox 3322 889 3535 959; x_wconf 87' lang='lat' dir='ltr'><strong>justitia</strong></span> 
     </span>
    </p>
   </div>
   <div class='ocr_carea' id='block_1_24' title="bbox 1964 978 3538 1049">
    <p class='ocr_par' dir='ltr' id='par_1_24' title="bbox 1964 978 3538 1049">
     <span class='ocr_line' id='line_1_24' title="bbox 1964 978 3538 1049; baseline 0.001 -18"><span class='ocrx_word' id='word_1_151' title='bbox 1964 988 2149 1031; x_wconf 86' lang='lat' dir='ltr'><strong>vestra</strong></span> <span class='ocrx_word' id='word_1_152' title='bbox 2229 978 2592 1032; x_wconf 83' lang='lat' dir='ltr'><strong>abundaverit</strong></span> <span class='ocrx_word' id='word_1_153' title='bbox 2668 980 2959 1049; x_wconf 84' lang='lat' dir='ltr'><strong>plusquam</strong></span> <span class='ocrx_word' id='word_1_154' title='bbox 3017 981 3364 1047; x_wconf 84' lang='lat' dir='ltr'><strong>scribarum,</strong></span> <span class='ocrx_word' id='word_1_155' title='bbox 3444 991 3538 1034; x_wconf 90' lang='lat' dir='ltr'><strong>aut</strong></span> 
     </span>
    </p>
   </div>
   <div class='ocr_carea' id='block_1_25' title="bbox 1966 1067 3538 1141">
    <p class='ocr_par' dir='ltr' id='par_1_25' title="bbox 1966 1067 3538 1141">
     <span class='ocr_line' id='line_1_25' title="bbox 1966 1067 3538 1141; baseline 0.006 -24"><span class='ocrx_word' id='word_1_156' title='bbox 1966 1067 2400 1138; x_wconf 71' lang='grc' dir='ltr'>ιιΙιοτίειιιοτιιιιι,</span> <span class='ocrx_word' id='word_1_157' title='bbox 2478 1086 2587 1124; x_wconf 91' lang='lat' dir='ltr'><strong>non</strong></span> <span class='ocrx_word' id='word_1_158' title='bbox 2637 1071 2914 1126; x_wconf 84' lang='lat' dir='ltr'><strong>intrabitis</strong></span> <span class='ocrx_word' id='word_1_159' title='bbox 2987 1073 3040 1125; x_wconf 89' lang='lat' dir='ltr'><strong>in</strong></span> <span class='ocrx_word' id='word_1_160' title='bbox 3087 1089 3311 1141; x_wconf 77' lang='lat' dir='ltr'><strong>regnum</strong></span> <span class='ocrx_word' id='word_1_161' title='bbox 3367 1075 3538 1128; x_wconf 69' lang='lat' dir='ltr'><strong>caelo-</strong></span> 
     </span>
    </p>
   </div>
   <div class='ocr_carea' id='block_1_26' title="bbox 1966 1162 3537 1234">
    <p class='ocr_par' dir='ltr' id='par_1_26' title="bbox 1966 1162 3537 1234">
     <span class='ocr_line' id='line_1_26' title="bbox 1966 1162 3537 1234; baseline 0.002 -21"><span class='ocrx_word' id='word_1_162' title='bbox 1966 1177 2086 1213; x_wconf 89' lang='lat' dir='ltr'><strong>rum</strong></span> <span class='ocrx_word' id='word_1_163' title='bbox 2120 1162 2158 1216; x_wconf 87' lang='grc'>¹.</span> <span class='ocrx_word' id='word_1_164' title='bbox 2222 1180 2238 1212; x_wconf 80' lang='lat' dir='ltr'><strong>i</strong></span> <span class='ocrx_word' id='word_1_165' title='bbox 2294 1162 2427 1216; x_wconf 90' lang='lat' dir='ltr'><strong>lllud</strong></span> <span class='ocrx_word' id='word_1_166' title='bbox 2485 1172 2666 1217; x_wconf 80' lang='lat' dir='ltr'><strong>autem</strong></span> <span class='ocrx_word' id='word_1_167' title='bbox 2725 1164 3030 1234; x_wconf 77' lang='lat' dir='ltr'><strong>(plusquam</strong></span> <span class='ocrx_word' id='word_1_168' title='bbox 3097 1168 3390 1220; x_wconf 74' lang='lat' dir='ltr'><strong>scribarum</strong></span> <span class='ocrx_word' id='word_1_169' title='bbox 3446 1176 3537 1219; x_wconf 81' lang='lat' dir='ltr'><strong>aut</strong></span> 
     </span>
    </p>
   </div>
   <div class='ocr_carea' id='block_1_27' title="bbox 1964 1257 3536 1321">
    <p class='ocr_par' dir='ltr' id='par_1_27' title="bbox 1964 1257 3536 1321">
     <span class='ocr_line' id='line_1_27' title="bbox 1964 1257 3536 1321; baseline 0.002 -14"><span class='ocrx_word' id='word_1_170' title='bbox 1964 1257 2398 1321; x_wconf 67' lang='lat' dir='ltr'><strong>pharisaorum)</strong></span> <span class='ocrx_word' id='word_1_171' title='bbox 2470 1266 2528 1310; x_wconf 89' lang='lat' dir='ltr'><strong>ut</strong></span> <span class='ocrx_word' id='word_1_172' title='bbox 2609 1274 2705 1311; x_wconf 86' lang='lat' dir='ltr'><strong>vos</strong></span> <span class='ocrx_word' id='word_1_173' title='bbox 2778 1259 3039 1313; x_wconf 86' lang='lat' dir='ltr'><strong>docentes</strong></span> <span class='ocrx_word' id='word_1_174' title='bbox 3120 1259 3336 1319; x_wconf 90' lang='lat' dir='ltr'><strong>audio,</strong></span> <span class='ocrx_word' id='word_1_175' title='bbox 3401 1258 3536 1310; x_wconf 73' lang='lat' dir='ltr'><strong>nihil</strong></span> 
     </span>
    </p>
   </div>
   <div class='ocr_carea' id='block_1_28' title="bbox 1965 1349 3536 1420">
    <p class='ocr_par' dir='ltr' id='par_1_28' title="bbox 1965 1349 3536 1420">
     <span class='ocr_line' id='line_1_28' title="bbox 1965 1349 3536 1420; baseline -0.001 -17"><span class='ocrx_word' id='word_1_176' title='bbox 1965 1359 2050 1404; x_wconf 88' lang='lat' dir='ltr'><strong>est</strong></span> <span class='ocrx_word' id='word_1_177' title='bbox 2097 1349 2288 1407; x_wconf 82' lang='lat' dir='ltr'><strong>aliud.</strong></span> <span class='ocrx_word' id='word_1_178' title='bbox 2344 1365 2506 1418; x_wconf 80' lang='lat' dir='ltr'><strong>quam</strong></span> <span class='ocrx_word' id='word_1_179' title='bbox 2585 1365 2694 1404; x_wconf 87' lang='lat' dir='ltr'><strong>non</strong></span> <span class='ocrx_word' id='word_1_180' title='bbox 2757 1352 2935 1404; x_wconf 86' lang='lat' dir='ltr'><strong>solum</strong></span> <span class='ocrx_word' id='word_1_181' title='bbox 2999 1352 3224 1420; x_wconf 87' lang='lat' dir='ltr'><strong>injurias</strong></span> <span class='ocrx_word' id='word_1_182' title='bbox 3280 1351 3536 1404; x_wconf 88' lang='lat' dir='ltr'><strong>inferenti</strong></span> 
     </span>
    </p>
   </div>
   <div class='ocr_carea' id='block_1_29' title="bbox 1967 1440 3540 1512">
    <p class='ocr_par' dir='ltr' id='par_1_29' title="bbox 1967 1440 3540 1512">
     <span class='ocr_line' id='line_1_29' title="bbox 1967 1440 3540 1512; baseline 0.001 -19"><span class='ocrx_word' id='word_1_183' title='bbox 1967 1456 2064 1508; x_wconf 86' lang='lat' dir='ltr'><strong>par</strong></span> <span class='ocrx_word' id='word_1_184' title='bbox 2095 1455 2204 1493; x_wconf 89' lang='lat' dir='ltr'><strong>non</strong></span> <span class='ocrx_word' id='word_1_185' title='bbox 2260 1440 2488 1504; x_wconf 83' lang='lat' dir='ltr'><strong>referre,</strong></span> <span class='ocrx_word' id='word_1_186' title='bbox 2526 1441 2619 1494; x_wconf 90' lang='lat' dir='ltr'><strong>sed</strong></span> <span class='ocrx_word' id='word_1_187' title='bbox 2653 1441 2831 1494; x_wconf 86' lang='lat' dir='ltr'><strong>eidem</strong></span> <span class='ocrx_word' id='word_1_188' title='bbox 2865 1443 3028 1495; x_wconf 86' lang='lat' dir='ltr'><strong>etiam</strong></span> <span class='ocrx_word' id='word_1_189' title='bbox 3060 1451 3325 1510; x_wconf 86' lang='lat' dir='ltr'><strong>quantum</strong></span> <span class='ocrx_word' id='word_1_190' title='bbox 3360 1442 3540 1512; x_wconf 80' lang='lat' dir='ltr'><strong>possis</strong></span> 
     </span>
    </p>
   </div>
   <div class='ocr_carea' id='block_1_30' title="bbox 1965 1528 3540 1596">
    <p class='ocr_par' dir='ltr' id='par_1_30' title="bbox 1965 1528 3540 1596">
     <span class='ocr_line' id='line_1_30' title="bbox 1965 1528 3540 1596; baseline 0 -14"><span class='ocrx_word' id='word_1_191' title='bbox 1965 1528 2314 1583; x_wconf 80' lang='lat' dir='ltr'><strong>benefacere.</strong></span> <span class='ocrx_word' id='word_1_192' title='bbox 2379 1528 2647 1594; x_wconf 85' lang='lat' dir='ltr'><strong>Quocirca</strong></span> <span class='ocrx_word' id='word_1_193' title='bbox 2702 1530 2845 1584; x_wconf 63' lang='lat' dir='ltr'><strong>idem</strong></span> <span class='ocrx_word' id='word_1_194' title='bbox 2898 1531 3027 1584; x_wconf 90' lang='lat' dir='ltr'><strong>dum</strong></span> <span class='ocrx_word' id='word_1_195' title='bbox 3065 1532 3336 1584; x_wconf 79' lang='lat' dir='ltr'><strong>salutares</strong></span> <span class='ocrx_word' id='word_1_196' title='bbox 3395 1531 3540 1596; x_wconf 70' lang='lat' dir='ltr'><strong>leges</strong></span> 
     </span>
    </p>
   </div>
   <div class='ocr_carea' id='block_1_31' title="bbox 1965 1622 3536 1692">
    <p class='ocr_par' dir='ltr' id='par_1_31' title="bbox 1965 1622 3536 1692">
     <span class='ocr_line' id='line_1_31' title="bbox 1965 1622 3536 1692; baseline 0 -15"><span class='ocrx_word' id='word_1_197' title='bbox 1965 1622 2247 1681; x_wconf 86' lang='lat' dir='ltr'><strong>conderet.</strong></span> <span class='ocrx_word' id='word_1_198' title='bbox 2281 1623 2518 1676; x_wconf 81' lang='lat' dir='ltr'><strong>trahenti</strong></span> <span class='ocrx_word' id='word_1_199' title='bbox 2549 1623 2600 1676; x_wconf 90' lang='lat' dir='ltr'><strong>in</strong></span> <span class='ocrx_word' id='word_1_200' title='bbox 2628 1624 2896 1692; x_wconf 81' lang='lat' dir='ltr'><strong>judicium</strong></span> <span class='ocrx_word' id='word_1_201' title='bbox 2927 1637 3150 1691; x_wconf 83' lang='lat' dir='ltr'><strong>propter</strong></span> <span class='ocrx_word' id='word_1_202' title='bbox 3177 1625 3536 1678; x_wconf 81' lang='lat' dir='ltr'><strong>auferendam</strong></span> 
     </span>
    </p>
   </div>
   <div class='ocr_carea' id='block_1_32' title="bbox 1969 1715 3538 1787">
    <p class='ocr_par' dir='ltr' id='par_1_32' title="bbox 1969 1715 3538 1787">
     <span class='ocr_line' id='line_1_32' title="bbox 1969 1715 3538 1787; baseline 0.001 -17"><span class='ocrx_word' id='word_1_203' title='bbox 1969 1719 2233 1778; x_wconf 66' lang='lat' dir='ltr'><strong>tunicam,</strong></span> <span class='ocrx_word' id='word_1_204' title='bbox 2263 1715 2488 1785; x_wconf 88' lang='lat' dir='ltr'><strong>pallium</strong></span> <span class='ocrx_word' id='word_1_205' title='bbox 2525 1731 2744 1785; x_wconf 90' lang='lat' dir='ltr'><strong>quoque</strong></span> <span class='ocrx_word' id='word_1_206' title='bbox 2794 1717 2994 1770; x_wconf 77' lang='lat' dir='ltr'><strong>dimitti</strong></span> <span class='ocrx_word' id='word_1_207' title='bbox 3027 1719 3228 1787; x_wconf 89' lang='lat' dir='ltr'><strong>jussit;</strong></span> <span class='ocrx_word' id='word_1_208' title='bbox 3262 1727 3316 1770; x_wconf 85' lang='lat' dir='ltr'><strong>et</strong></span> <span class='ocrx_word' id='word_1_209' title='bbox 3348 1735 3538 1787; x_wconf 81' lang='lat' dir='ltr'><strong>percu-</strong></span> 
     </span>
    </p>
   </div>
   <div class='ocr_carea' id='block_1_33' title="bbox 1968 1806 3541 1878">
    <p class='ocr_par' dir='ltr' id='par_1_33' title="bbox 1968 1806 3541 1878">
     <span class='ocr_line' id='line_1_33' title="bbox 1968 1806 3541 1878; baseline 0 -16"><span class='ocrx_word' id='word_1_210' title='bbox 1968 1806 2126 1862; x_wconf 88' lang='lat' dir='ltr'><strong>tienti</strong></span> <span class='ocrx_word' id='word_1_211' title='bbox 2159 1823 2320 1860; x_wconf 89' lang='lat' dir='ltr'><strong>unam</strong></span> <span class='ocrx_word' id='word_1_212' title='bbox 2346 1807 2644 1870; x_wconf 80' lang='lat' dir='ltr'><strong>maxillam,</strong></span> <span class='ocrx_word' id='word_1_213' title='bbox 2664 1808 2798 1862; x_wconf 91' lang='lat' dir='ltr'><strong>citra</strong></span> <span class='ocrx_word' id='word_1_214' title='bbox 2826 1809 3124 1862; x_wconf 79' lang='lat' dir='ltr'><strong>vindictam</strong></span> <span class='ocrx_word' id='word_1_215' title='bbox 3155 1811 3541 1878; x_wconf 79' lang='lat' dir='ltr'><strong>porrigendam</strong></span> 
     </span>
    </p>
   </div>
   <div class='ocr_carea' id='block_1_34' title="bbox 279 1873 1880 1968">
    <p class='ocr_par' dir='ltr' id='par_1_34' title="bbox 279 1873 1864 1967">
     <span class='ocr_line' id='line_1_34' title="bbox 279 1873 1864 1967; baseline 0.008 -30"><span class='ocrx_word' id='word_1_216' title='bbox 279 1889 489 1940; x_wconf 81' lang='grc' dir='ltr'>σιλείαν</span> <span class='ocrx_word' id='word_1_217' title='bbox 531 1888 638 1940; x_wconf 85' lang='grc' dir='ltr'>τῶν</span> <span class='ocrx_word' id='word_1_218' title='bbox 689 1889 961 1958; x_wconf 77' lang='grc' dir='ltr'>οὐρανῶν.</span> <span class='ocrx_word' id='word_1_219' title='bbox 1000 1890 1074 1943; x_wconf 81' lang='grc' dir='ltr'><strong>Τὸ</strong></span> <span class='ocrx_word' id='word_1_220' title='bbox 1105 1891 1183 1954; x_wconf 81' lang='grc' dir='ltr'><strong>δέ,</strong></span> <span class='ocrx_word' id='word_1_221' title='bbox 1244 1892 1414 1946; x_wconf 87' lang='grc' dir='ltr'>Πλέον</span> <span class='ocrx_word' id='word_1_222' title='bbox 1461 1896 1570 1948; x_wconf 78' lang='grc' dir='ltr'>τῶν</span> <span class='ocrx_word' id='word_1_223' title='bbox 1595 1873 1864 1967; x_wconf 84' lang='grc' dir='ltr'>γραμμα-</span> 
     </span>
    </p>
   </div>
   <div class='ocr_carea' id='block_1_35' title="bbox 1971 1873 3546 1968">
    <p class='ocr_par' dir='ltr' id='par_1_35' title="bbox 1971 1899 3546 1968">
     <span class='ocr_line' id='line_1_35' title="bbox 1971 1899 3546 1968; baseline -0.001 -14"><span class='ocrx_word' id='word_1_224' title='bbox 1971 1909 2021 1954; x_wconf 87' lang='lat' dir='ltr'><strong>et</strong></span> <span class='ocrx_word' id='word_1_225' title='bbox 2052 1899 2281 1953; x_wconf 82' lang='lat' dir='ltr'><strong>alteram</strong></span> <span class='ocrx_word' id='word_1_226' title='bbox 2311 1916 2326 1963; x_wconf 90' lang='lat'><strong>;</strong></span> <span class='ocrx_word' id='word_1_227' title='bbox 2383 1907 2440 1953; x_wconf 89' lang='lat' dir='ltr'><strong>et</strong></span> <span class='ocrx_word' id='word_1_228' title='bbox 2473 1899 2577 1952; x_wconf 81' lang='lat' dir='ltr'><strong>alia</strong></span> <span class='ocrx_word' id='word_1_229' title='bbox 2633 1899 2853 1953; x_wconf 84' lang='lat' dir='ltr'><strong>demum</strong></span> <span class='ocrx_word' id='word_1_230' title='bbox 2891 1915 3010 1968; x_wconf 76' lang='lat' dir='ltr'><strong>qure</strong></span> <span class='ocrx_word' id='word_1_231' title='bbox 3045 1900 3097 1954; x_wconf 91' lang='lat' dir='ltr'><strong>in</strong></span> <span class='ocrx_word' id='word_1_232' title='bbox 3140 1901 3388 1954; x_wconf 83' lang='lat' dir='ltr'><strong>eamdem</strong></span> <span class='ocrx_word' id='word_1_233' title='bbox 3420 1917 3546 1955; x_wconf 86' lang='lat' dir='ltr'><strong>sen-</strong></span> 
     </span>
    </p>
   </div>
   <div class='ocr_carea' id='block_1_36' title="bbox 274 1977 1864 2050">
    <p class='ocr_par' dir='ltr' id='par_1_36' title="bbox 274 1977 1864 2050">
     <span class='ocr_line' id='line_1_36' title="bbox 274 1977 1864 2050; baseline 0.008 -22"><span class='ocrx_word' id='word_1_234' title='bbox 274 1977 420 2030; x_wconf 79' lang='grc' dir='ltr'>τέων</span> <span class='ocrx_word' id='word_1_235' title='bbox 451 1980 544 2031; x_wconf 74' lang='grc' dir='ltr'>καὶ</span> <span class='ocrx_word' id='word_1_236' title='bbox 584 1979 913 2050; x_wconf 81' lang='grc' dir='ltr'>φαρισαίων,</span> <span class='ocrx_word' id='word_1_237' title='bbox 961 1981 1036 2044; x_wconf 83' lang='grc' dir='ltr'>ὡς</span> <span class='ocrx_word' id='word_1_238' title='bbox 1079 1982 1236 2050; x_wconf 80' lang='grc' dir='ltr'>ὑμῶν</span> <span class='ocrx_word' id='word_1_239' title='bbox 1272 1983 1456 2038; x_wconf 82' lang='grc' dir='ltr'>ἀκούω</span> <span class='ocrx_word' id='word_1_240' title='bbox 1503 1986 1864 2041; x_wconf 76' lang='grc' dir='ltr'>διδασκόντων</span> 
     </span>
    </p>
   </div>
   <div class='ocr_carea' id='block_1_37' title="bbox 277 2067 1863 2146">
    <p class='ocr_par' dir='ltr' id='par_1_37' title="bbox 277 2067 1863 2146">
     <span class='ocr_line' id='line_1_37' title="bbox 277 2067 1863 2146; baseline 0.008 -25"><span class='ocrx_word' id='word_1_241' title='bbox 277 2067 416 2136; x_wconf 74' lang='grc' dir='ltr'>ἐγὼ,</span> <span class='ocrx_word' id='word_1_242' title='bbox 449 2071 599 2122; x_wconf 75' lang='grc' dir='ltr'>οὐδὲν</span> <span class='ocrx_word' id='word_1_243' title='bbox 629 2071 756 2124; x_wconf 79' lang='grc' dir='ltr'>ἀλλο</span> <span class='ocrx_word' id='word_1_244' title='bbox 789 2067 947 2138; x_wconf 72' lang='grc' dir='ltr'>εἶναι,</span> <span class='ocrx_word' id='word_1_245' title='bbox 983 2073 1014 2143; x_wconf 83' lang='grc' dir='ltr'>ἢ</span> <span class='ocrx_word' id='word_1_246' title='bbox 1056 2074 1140 2135; x_wconf 75' lang='grc' dir='ltr'><strong>τὸ,</strong></span> <span class='ocrx_word' id='word_1_247' title='bbox 1171 2073 1246 2146; x_wconf 79' lang='grc' dir='ltr'>μὴ</span> <span class='ocrx_word' id='word_1_248' title='bbox 1282 2075 1444 2144; x_wconf 84' lang='grc' dir='ltr'>μόνον</span> <span class='ocrx_word' id='word_1_249' title='bbox 1483 2077 1577 2131; x_wconf 80' lang='grc' dir='ltr'><strong>τδν</strong></span> <span class='ocrx_word' id='word_1_250' title='bbox 1606 2079 1863 2132; x_wconf 85' lang='grc' dir='ltr'>ἀδικοῦν-</span> 
     </span>
    </p>
   </div>
   <div class='ocr_carea' id='block_1_38' title="bbox 277 2159 1864 2230">
    <p class='ocr_par' dir='ltr' id='par_1_38' title="bbox 277 2159 1864 2230">
     <span class='ocr_line' id='line_1_38' title="bbox 277 2159 1864 2230; baseline 0.008 -20"><span class='ocrx_word' id='word_1_251' title='bbox 277 2176 350 2211; x_wconf 87' lang='grc' dir='ltr'><strong>τα</strong></span> <span class='ocrx_word' id='word_1_252' title='bbox 390 2159 464 2229; x_wconf 81' lang='grc' dir='ltr'>μὴ</span> <span class='ocrx_word' id='word_1_253' title='bbox 499 2160 808 2230; x_wconf 83' lang='grc' dir='ltr'>ἀμύνεσθαι</span> <span class='ocrx_word' id='word_1_254' title='bbox 840 2162 904 2214; x_wconf 70' lang='grc' dir='ltr'>ἐκ</span> <span class='ocrx_word' id='word_1_255' title='bbox 945 2161 1040 2214; x_wconf 82' lang='grc' dir='ltr'><strong>τοῦ</strong></span> <span class='ocrx_word' id='word_1_256' title='bbox 1105 2160 1246 2228; x_wconf 82' lang='grc' dir='ltr'>ῐσου,</span> <span class='ocrx_word' id='word_1_257' title='bbox 1290 2163 1429 2218; x_wconf 84' lang='grc' dir='ltr'>ἀλλὰ</span> <span class='ocrx_word' id='word_1_258' title='bbox 1455 2168 1549 2219; x_wconf 78' lang='grc' dir='ltr'><strong>καὶ</strong></span> <span class='ocrx_word' id='word_1_259' title='bbox 1578 2166 1638 2220; x_wconf 80' lang='grc' dir='ltr'><strong>εὖ</strong></span> <span class='ocrx_word' id='word_1_260' title='bbox 1691 2171 1864 2223; x_wconf 83' lang='grc' dir='ltr'>ποιεῖν</span> 
     </span>
    </p>
   </div>
   <div class='ocr_carea' id='block_1_39' title="bbox 279 2247 1861 2331">
    <p class='ocr_par' dir='ltr' id='par_1_39' title="bbox 279 2247 1861 2331">
     <span class='ocr_line' id='line_1_39' title="bbox 279 2247 1861 2331; baseline 0.008 -28"><span class='ocrx_word' id='word_1_261' title='bbox 279 2251 408 2304; x_wconf 85' lang='grc' dir='ltr'>καθ’</span> <span class='ocrx_word' id='word_1_262' title='bbox 434 2253 558 2304; x_wconf 83' lang='grc' dir='ltr'>ὅσον</span> <span class='ocrx_word' id='word_1_263' title='bbox 606 2252 671 2305; x_wconf 88' lang='grc' dir='ltr'><strong>ἂν</strong></span> <span class='ocrx_word' id='word_1_264' title='bbox 697 2247 808 2305; x_wconf 75' lang='grc' dir='ltr'><strong>οἶόν</strong></span> <span class='ocrx_word' id='word_1_265' title='bbox 836 2271 895 2305; x_wconf 89' lang='grc' dir='ltr'><strong>τε</strong></span> <span class='ocrx_word' id='word_1_266' title='bbox 1022 2255 1116 2308; x_wconf 75' lang='grc' dir='ltr'><strong>Διδ</strong></span> <span class='ocrx_word' id='word_1_267' title='bbox 1148 2257 1242 2310; x_wconf 73' lang='grc' dir='ltr'>καὶ</span> <span class='ocrx_word' id='word_1_268' title='bbox 1272 2259 1400 2320; x_wconf 81' lang='grc' dir='ltr'>τοὺς</span> <span class='ocrx_word' id='word_1_269' title='bbox 1433 2262 1738 2331; x_wconf 76' lang='grc' dir='ltr'>σωτηρίους</span> <span class='ocrx_word' id='word_1_270' title='bbox 1770 2263 1861 2316; x_wconf 84' lang='grc' dir='ltr'><strong>νό-</strong></span> 
     </span>
    </p>
   </div>
   <div class='ocr_carea' id='block_1_40' title="bbox 286 2341 1864 2422">
    <p class='ocr_par' dir='ltr' id='par_1_40' title="bbox 286 2341 1864 2422">
     <span class='ocr_line' id='line_1_40' title="bbox 286 2341 1864 2422; baseline 0.008 -30"><span class='ocrx_word' id='word_1_271' title='bbox 286 2357 428 2408; x_wconf 83' lang='grc' dir='ltr'>μους</span> <span class='ocrx_word' id='word_1_272' title='bbox 463 2341 655 2404; x_wconf 73' lang='grc' dir='ltr'>τιθεὶς,</span> <span class='ocrx_word' id='word_1_273' title='bbox 707 2343 800 2394; x_wconf 64' lang='grc' dir='ltr'>τὶν</span> <span class='ocrx_word' id='word_1_274' title='bbox 857 2344 1155 2412; x_wconf 80' lang='grc' dir='ltr'>ἑλκόμενον</span> <span class='ocrx_word' id='word_1_275' title='bbox 1180 2346 1259 2408; x_wconf 90' lang='grc' dir='ltr'><strong>είς</strong></span> <span class='ocrx_word' id='word_1_276' title='bbox 1305 2346 1664 2419; x_wconf 82' lang='grc' dir='ltr'>δικαστήριον</span> <span class='ocrx_word' id='word_1_277' title='bbox 1723 2351 1864 2422; x_wconf 83' lang='grc' dir='ltr'><strong>ὑπὲρ</strong></span> 
     </span>
    </p>
   </div>
   <div class='ocr_carea' id='block_1_41' title="bbox 279 2433 1864 2512">
    <p class='ocr_par' dir='ltr' id='par_1_41' title="bbox 279 2433 1864 2512">
     <span class='ocr_line' id='line_1_41' title="bbox 279 2433 1864 2512; baseline 0.007 -27"><span class='ocrx_word' id='word_1_278' title='bbox 279 2433 380 2486; x_wconf 78' lang='grc' dir='ltr'><strong>τοῦ</strong></span> <span class='ocrx_word' id='word_1_279' title='bbox 408 2434 500 2486; x_wconf 68' lang='grc' dir='ltr'><strong>τὸν</strong></span> <span class='ocrx_word' id='word_1_280' title='bbox 529 2434 733 2503; x_wconf 80' lang='grc' dir='ltr'>χιτῶνα</span> <span class='ocrx_word' id='word_1_281' title='bbox 769 2435 1158 2506; x_wconf 71' lang='grc' dir='ltr'><strong>ἀφαιρεθῆναι,</strong></span> <span class='ocrx_word' id='word_1_282' title='bbox 1197 2439 1290 2490; x_wconf 78' lang='grc' dir='ltr'><strong>καὶ</strong></span> <span class='ocrx_word' id='word_1_283' title='bbox 1323 2439 1383 2492; x_wconf 86' lang='grc' dir='ltr'><strong>τὸ</strong></span> <span class='ocrx_word' id='word_1_284' title='bbox 1439 2441 1657 2509; x_wconf 81' lang='grc' dir='ltr'>ἱμάτιον</span> <span class='ocrx_word' id='word_1_285' title='bbox 1691 2459 1864 2512; x_wconf 85' lang='grc' dir='ltr'>προσ-</span> 
     </span>
    </p>
   </div>
   <div class='ocr_carea' id='block_1_42' title="bbox 283 2522 1866 2601">
    <p class='ocr_par' dir='ltr' id='par_1_42' title="bbox 283 2522 1866 2601">
     <span class='ocr_line' id='line_1_42' title="bbox 283 2522 1866 2601; baseline 0.006 -20"><span class='ocrx_word' id='word_1_286' title='bbox 283 2528 448 2592; x_wconf 80' lang='grc' dir='ltr'>έταξε</span> <span class='ocrx_word' id='word_1_287' title='bbox 497 2522 1046 2598; x_wconf 76' lang='grc' dir='ltr'>προσαποδύσασθαι.</span> <span class='ocrx_word' id='word_1_288' title='bbox 1105 2533 1216 2584; x_wconf 78' lang='grc' dir='ltr'><strong>Καὶ</strong></span> <span class='ocrx_word' id='word_1_289' title='bbox 1266 2532 1358 2584; x_wconf 83' lang='grc' dir='ltr'><strong>τὸν</strong></span> <span class='ocrx_word' id='word_1_290' title='bbox 1421 2535 1741 2601; x_wconf 79' lang='grc' dir='ltr'>πατάξαντα</span> <span class='ocrx_word' id='word_1_291' title='bbox 1771 2540 1866 2592; x_wconf 69' lang='grc' dir='ltr'>ὲπὶ</span> 
     </span>
    </p>
   </div>
   <div class='ocr_carea' id='block_1_43' title="bbox 285 2621 1868 2693">
    <p class='ocr_par' dir='ltr' id='par_1_43' title="bbox 285 2621 1868 2693">
     <span class='ocr_line' id='line_1_43' title="bbox 285 2621 1868 2693; baseline 0.005 -19"><span class='ocrx_word' id='word_1_292' title='bbox 285 2621 523 2691; x_wconf 77' lang='grc' dir='ltr'>κόρρης.</span> <span class='ocrx_word' id='word_1_293' title='bbox 549 2622 625 2693; x_wconf 77' lang='grc' dir='ltr'>μὴ</span> <span class='ocrx_word' id='word_1_294' title='bbox 662 2623 824 2692; x_wconf 84' lang='grc' dir='ltr'>μόνον</span> <span class='ocrx_word' id='word_1_295' title='bbox 866 2623 1097 2686; x_wconf 81' lang='grc' dir='ltr'>εὐθύνας</span> <span class='ocrx_word' id='word_1_296' title='bbox 1131 2625 1230 2678; x_wconf 75' lang='grc' dir='ltr'><strong>οὐκ</strong></span> <span class='ocrx_word' id='word_1_297' title='bbox 1282 2627 1559 2688; x_wconf 77' lang='grc' dir='ltr'>ἀπαιτεῖν,</span> <span class='ocrx_word' id='word_1_298' title='bbox 1598 2629 1735 2684; x_wconf 75' lang='grc' dir='ltr'><strong>ἀλλά</strong></span> <span class='ocrx_word' id='word_1_299' title='bbox 1772 2630 1868 2685; x_wconf 74' lang='grc' dir='ltr'><strong>καὶ</strong></span> 
     </span>
    </p>
   </div>
   <div class='ocr_carea' id='block_1_44' title="bbox 287 2715 1868 2792">
    <p class='ocr_par' dir='ltr' id='par_1_44' title="bbox 287 2715 1868 2792">
     <span class='ocr_line' id='line_1_44' title="bbox 287 2715 1868 2792; baseline 0.004 -25"><span class='ocrx_word' id='word_1_300' title='bbox 287 2715 391 2784; x_wconf 78' lang='grc' dir='ltr'><strong>τὴν</strong></span> <span class='ocrx_word' id='word_1_301' title='bbox 419 2715 614 2785; x_wconf 80' lang='grc' dir='ltr'><strong>ἑτέραν</strong></span> <span class='ocrx_word' id='word_1_302' title='bbox 653 2716 1032 2787; x_wconf 75' lang='grc' dir='ltr'>ἐμπαρέχεινο</span> <span class='ocrx_word' id='word_1_303' title='bbox 1088 2718 1184 2769; x_wconf 78' lang='grc' dir='ltr'><strong>καὶ</strong></span> <span class='ocrx_word' id='word_1_304' title='bbox 1241 2717 1376 2771; x_wconf 80' lang='grc' dir='ltr'>ἄλλα</span> <span class='ocrx_word' id='word_1_305' title='bbox 1420 2718 1519 2770; x_wconf 88' lang='grc' dir='ltr'><strong>ὃσα</strong></span> <span class='ocrx_word' id='word_1_306' title='bbox 1552 2719 1652 2790; x_wconf 83' lang='grc' dir='ltr'>τῆς</span> <span class='ocrx_word' id='word_1_307' title='bbox 1698 2721 1868 2792; x_wconf 80' lang='grc' dir='ltr'>αὐτῆς</span> 
     </span>
    </p>
   </div>
   <div class='ocr_carea' id='block_1_45' title="bbox 288 2808 1869 2886">
    <p class='ocr_par' dir='ltr' id='par_1_45' title="bbox 288 2808 1869 2886">
     <span class='ocr_line' id='line_1_45' title="bbox 288 2808 1869 2886; baseline 0.006 -28"><span class='ocrx_word' id='word_1_308' title='bbox 288 2808 543 2876; x_wconf 72' lang='grc' dir='ltr'>ἐξέχεται</span> <span class='ocrx_word' id='word_1_309' title='bbox 573 2808 830 2872; x_wconf 87' lang='grc' dir='ltr'>διανοίας.</span> <span class='ocrx_word' id='word_1_310' title='bbox 869 2809 1213 2879; x_wconf 81' lang='grc' dir='ltr'>Παραθήγων</span> <span class='ocrx_word' id='word_1_311' title='bbox 1251 2811 1307 2863; x_wconf 83' lang='grc' dir='ltr'>δὲ</span> <span class='ocrx_word' id='word_1_312' title='bbox 1356 2813 1505 2881; x_wconf 73' lang='grc' dir='ltr'>ἡμᾶς</span> <span class='ocrx_word' id='word_1_313' title='bbox 1538 2815 1618 2876; x_wconf 90' lang='grc' dir='ltr'><strong>είς</strong></span> <span class='ocrx_word' id='word_1_314' title='bbox 1649 2814 1746 2885; x_wconf 81' lang='grc' dir='ltr'><strong>τὴν</strong></span> <span class='ocrx_word' id='word_1_315' title='bbox 1775 2817 1869 2886; x_wconf 81' lang='grc' dir='ltr'><strong>ὲρο</strong></span> 
     </span>
    </p>
   </div>
   <div class='ocr_carea' id='block_1_46' title="bbox 287 2898 1868 2976">
    <p class='ocr_par' dir='ltr' id='par_1_46' title="bbox 287 2898 1868 2976">
     <span class='ocr_line' id='line_1_46' title="bbox 287 2898 1868 2976; baseline 0.007 -28"><span class='ocrx_word' id='word_1_316' title='bbox 287 2899 495 2966; x_wconf 88' lang='grc' dir='ltr'>γασίαν</span> <span class='ocrx_word' id='word_1_317' title='bbox 527 2898 637 2950; x_wconf 83' lang='grc' dir='ltr'>τῶν</span> <span class='ocrx_word' id='word_1_318' title='bbox 671 2900 956 2967; x_wconf 75' lang='grc' dir='ltr'>σωτηρίων</span> <span class='ocrx_word' id='word_1_319' title='bbox 994 2899 1200 2968; x_wconf 73' lang='grc' dir='ltr'>νόμων,</span> <span class='ocrx_word' id='word_1_320' title='bbox 1250 2901 1382 2953; x_wconf 88' lang='grc' dir='ltr'>ποτὲ</span> <span class='ocrx_word' id='word_1_321' title='bbox 1437 2900 1536 2970; x_wconf 79' lang='grc' dir='ltr'>μὲν</span> <span class='ocrx_word' id='word_1_322' title='bbox 1587 2901 1708 2956; x_wconf 87' lang='grc' dir='ltr'>εἷπε</span> <span class='ocrx_word' id='word_1_323' title='bbox 1732 2922 1745 2935; x_wconf 72' lang='grc' dir='ltr'><strong>ο</strong></span> <span class='ocrx_word' id='word_1_324' title='bbox 1776 2906 1868 2976; x_wconf 82' lang='grc' dir='ltr'><strong>Μὴ</strong></span> 
     </span>
    </p>
   </div>
   <div class='ocr_carea' id='block_1_47' title="bbox 289 2989 1869 3064">
    <p class='ocr_par' dir='ltr' id='par_1_47' title="bbox 289 2989 1869 3064">
     <span class='ocr_line' id='line_1_47' title="bbox 289 2989 1869 3064; baseline 0.003 -23"><span class='ocrx_word' id='word_1_325' title='bbox 289 2989 489 3057; x_wconf 83' lang='grc' dir='ltr'>γνώτω</span> <span class='ocrx_word' id='word_1_326' title='bbox 523 2991 554 3058; x_wconf 81' lang='grc' dir='ltr'><strong>ἡ</strong></span> <span class='ocrx_word' id='word_1_327' title='bbox 614 2990 882 3060; x_wconf 83' lang='grc' dir='ltr'>ἀριστερά</span> <span class='ocrx_word' id='word_1_328' title='bbox 911 3007 1006 3043; x_wconf 79' lang='grc' dir='ltr'><strong>σου</strong></span> <span class='ocrx_word' id='word_1_329' title='bbox 1050 2990 1103 3044; x_wconf 90' lang='grc' dir='ltr'><strong>τί</strong></span> <span class='ocrx_word' id='word_1_330' title='bbox 1156 2994 1302 3046; x_wconf 88' lang='grc' dir='ltr'>ποιεῖ</span> <span class='ocrx_word' id='word_1_331' title='bbox 1340 2995 1370 3063; x_wconf 83' lang='grc' dir='ltr'>ἡ</span> <span class='ocrx_word' id='word_1_332' title='bbox 1402 2993 1552 3060; x_wconf 71' lang='grc' dir='ltr'>δεξιὰ</span> <span class='ocrx_word' id='word_1_333' title='bbox 1581 2996 1699 3050; x_wconf 82' lang='grc' dir='ltr'>σοῦ.</span> <span class='ocrx_word' id='word_1_334' title='bbox 1736 2998 1869 3064; x_wconf 71' lang='grc' dir='ltr'>Καὶ,</span> 
     </span>
    </p>
   </div>
   <div class='ocr_carea' id='block_1_48' title="bbox 294 3081 1872 3162">
    <p class='ocr_par' dir='ltr' id='par_1_48' title="bbox 294 3081 1872 3162">
     <span class='ocr_line' id='line_1_48' title="bbox 294 3081 1872 3162; baseline 0.008 -29"><span class='ocrx_word' id='word_1_335' title='bbox 294 3081 577 3135; x_wconf 73' lang='grc' dir='ltr'>Εἰσελθὼν</span> <span class='ocrx_word' id='word_1_336' title='bbox 613 3085 692 3145; x_wconf 84' lang='grc' dir='ltr'><strong>είς</strong></span> <span class='ocrx_word' id='word_1_337' title='bbox 729 3084 788 3137; x_wconf 82' lang='grc' dir='ltr'><strong>τὸ</strong></span> <span class='ocrx_word' id='word_1_338' title='bbox 817 3086 1063 3153; x_wconf 71' lang='grc' dir='ltr'>ταμιεῖόν</span> <span class='ocrx_word' id='word_1_339' title='bbox 1095 3101 1210 3147; x_wconf 86' lang='grc' dir='ltr'>σου,</span> <span class='ocrx_word' id='word_1_340' title='bbox 1262 3086 1558 3156; x_wconf 78' lang='grc' dir='ltr'>πρόσευξαι</span> <span class='ocrx_word' id='word_1_341' title='bbox 1588 3089 1664 3159; x_wconf 85' lang='grc' dir='ltr'><strong>τῷ</strong></span> <span class='ocrx_word' id='word_1_342' title='bbox 1697 3092 1872 3162; x_wconf 84' lang='grc' dir='ltr'>Πατρί</span> 
     </span>
    </p>
   </div>
   <div class='ocr_carea' id='block_1_49' title="bbox 293 3173 1870 3253">
    <p class='ocr_par' dir='ltr' id='par_1_49' title="bbox 293 3173 1870 3253">
     <span class='ocr_line' id='line_1_49' title="bbox 293 3173 1870 3253; baseline 0.008 -29"><span class='ocrx_word' id='word_1_343' title='bbox 293 3190 419 3240; x_wconf 90' lang='grc' dir='ltr'>σου,</span> <span class='ocrx_word' id='word_1_344' title='bbox 443 3173 519 3242; x_wconf 81' lang='grc' dir='ltr'>τῷ</span> <span class='ocrx_word' id='word_1_345' title='bbox 551 3175 608 3225; x_wconf 82' lang='grc' dir='ltr'><strong>ὲν</strong></span> <span class='ocrx_word' id='word_1_346' title='bbox 629 3174 845 3244; x_wconf 80' lang='grc' dir='ltr'>οὐρανῷ</span> <span class='ocrx_word' id='word_1_347' title='bbox 871 3191 883 3204; x_wconf 92' lang='grc'><strong>·</strong></span> <span class='ocrx_word' id='word_1_348' title='bbox 921 3177 1014 3229; x_wconf 72' lang='grc' dir='ltr'>καὶ</span> <span class='ocrx_word' id='word_1_349' title='bbox 1039 3177 1287 3246; x_wconf 82' lang='grc' dir='ltr'>προσέτι,</span> <span class='ocrx_word' id='word_1_350' title='bbox 1310 3178 1545 3241; x_wconf 85' lang='grc' dir='ltr'>Κλείσας</span> <span class='ocrx_word' id='word_1_351' title='bbox 1563 3181 1662 3248; x_wconf 81' lang='grc' dir='ltr'>τὴν</span> <span class='ocrx_word' id='word_1_352' title='bbox 1682 3181 1870 3253; x_wconf 85' lang='grc' dir='ltr'>θύραν.</span> 
     </span>
    </p>
   </div>
   <div class='ocr_carea' id='block_1_50' title="bbox 292 3267 1877 3342">
    <p class='ocr_par' dir='ltr' id='par_1_50' title="bbox 292 3267 1877 3342">
     <span class='ocr_line' id='line_1_50' title="bbox 292 3267 1877 3342; baseline 0.004 -21"><span class='ocrx_word' id='word_1_353' title='bbox 292 3267 435 3321; x_wconf 82' lang='grc' dir='ltr'>Ποτὲ</span> <span class='ocrx_word' id='word_1_354' title='bbox 471 3267 526 3320; x_wconf 84' lang='grc' dir='ltr'>δὲ</span> <span class='ocrx_word' id='word_1_355' title='bbox 558 3268 660 3330; x_wconf 78' lang='grc' dir='ltr'>ὅτι,</span> <span class='ocrx_word' id='word_1_356' title='bbox 697 3268 980 3336; x_wconf 67' lang='grc' dir='ltr'>Λαμψάτω</span> <span class='ocrx_word' id='word_1_357' title='bbox 1009 3269 1067 3321; x_wconf 75' lang='grc' dir='ltr'>τὸ</span> <span class='ocrx_word' id='word_1_358' title='bbox 1109 3269 1225 3338; x_wconf 84' lang='grc' dir='ltr'><strong>φῶς</strong></span> <span class='ocrx_word' id='word_1_359' title='bbox 1248 3271 1403 3340; x_wconf 82' lang='grc' dir='ltr'>ὑμῶν</span> <span class='ocrx_word' id='word_1_360' title='bbox 1437 3273 1749 3342; x_wconf 75' lang='grc' dir='ltr'>ἔμπροσθεν</span> <span class='ocrx_word' id='word_1_361' title='bbox 1769 3274 1877 3329; x_wconf 80' lang='grc' dir='ltr'><strong>τῶν</strong></span> 
     </span>
    </p>
   </div>
   <div class='ocr_carea' id='block_1_51' title="bbox 292 3358 1877 3434">
    <p class='ocr_par' dir='ltr' id='par_1_51' title="bbox 292 3358 1877 3434">
     <span class='ocr_line' id='line_1_51' title="bbox 292 3358 1877 3434; baseline 0.004 -21"><span class='ocrx_word' id='word_1_362' title='bbox 292 3359 624 3428; x_wconf 78' lang='grc' dir='ltr'>ἀνθρώπων,</span> <span class='ocrx_word' id='word_1_363' title='bbox 658 3360 806 3422; x_wconf 79' lang='grc' dir='ltr'>ὅπως</span> <span class='ocrx_word' id='word_1_364' title='bbox 837 3358 985 3412; x_wconf 77' lang='grc' dir='ltr'>ἴδωσι</span> <span class='ocrx_word' id='word_1_365' title='bbox 1008 3361 1077 3413; x_wconf 78' lang='grc' dir='ltr'>τὰ</span> <span class='ocrx_word' id='word_1_366' title='bbox 1107 3361 1248 3414; x_wconf 80' lang='grc' dir='ltr'><strong>καλὰ</strong></span> <span class='ocrx_word' id='word_1_367' title='bbox 1280 3363 1436 3431; x_wconf 78' lang='grc' dir='ltr'>ὐμῶν</span> <span class='ocrx_word' id='word_1_368' title='bbox 1477 3364 1636 3434; x_wconf 74' lang='grc' dir='ltr'>ἔργα.</span> <span class='ocrx_word' id='word_1_369' title='bbox 1685 3367 1877 3420; x_wconf 82' lang='grc' dir='ltr'>Καίτοι</span> 
     </span>
    </p>
   </div>
   <div class='ocr_carea' id='block_1_52' title="bbox 293 3450 1877 3524">
    <p class='ocr_par' dir='ltr' id='par_1_52' title="bbox 293 3450 1877 3524">
     <span class='ocr_line' id='line_1_52' title="bbox 293 3450 1877 3524; baseline 0.005 -20"><span class='ocrx_word' id='word_1_370' title='bbox 293 3469 364 3521; x_wconf 88' lang='grc' dir='ltr'><strong>γε</strong></span> <span class='ocrx_word' id='word_1_371' title='bbox 391 3451 468 3519; x_wconf 81' lang='grc' dir='ltr'>τῷ</span> <span class='ocrx_word' id='word_1_372' title='bbox 503 3452 680 3504; x_wconf 85' lang='grc' dir='ltr'>δοκεῖν</span> <span class='ocrx_word' id='word_1_373' title='bbox 705 3450 770 3503; x_wconf 78' lang='grc' dir='ltr'>τὰ</span> <span class='ocrx_word' id='word_1_374' title='bbox 790 3451 1019 3505; x_wconf 82' lang='grc' dir='ltr'>τοιαῦτα</span> <span class='ocrx_word' id='word_1_375' title='bbox 1051 3454 1496 3524; x_wconf 86' lang='grc' dir='ltr'>παραγγέλματα</span> <span class='ocrx_word' id='word_1_376' title='bbox 1541 3457 1877 3512; x_wconf 77' lang='grc' dir='ltr'>ἀν’τίκεινται</span> 
     </span>
    </p>
   </div>
   <div class='ocr_carea' id='block_1_53' title="bbox 296 3538 1878 3616">
    <p class='ocr_par' dir='ltr' id='par_1_53' title="bbox 296 3538 1878 3616">
     <span class='ocr_line' id='line_1_53' title="bbox 296 3538 1878 3616; baseline 0.004 -23"><span class='ocrx_word' id='word_1_377' title='bbox 296 3540 580 3611; x_wconf 80' lang='grc' dir='ltr'>ἀλλήλοις.</span> <span class='ocrx_word' id='word_1_378' title='bbox 640 3539 794 3610; x_wconf 79' lang='grc' dir='ltr'>Ἐμοὶ</span> <span class='ocrx_word' id='word_1_379' title='bbox 826 3538 883 3591; x_wconf 85' lang='grc' dir='ltr'>δὲ</span> <span class='ocrx_word' id='word_1_380' title='bbox 928 3539 1126 3606; x_wconf 82' lang='grc' dir='ltr'>δοκεῖν,</span> <span class='ocrx_word' id='word_1_381' title='bbox 1161 3544 1274 3605; x_wconf 86' lang='grc' dir='ltr'>τοῖς</span> <span class='ocrx_word' id='word_1_382' title='bbox 1317 3543 1417 3613; x_wconf 84' lang='grc' dir='ltr'><strong>μὲν</strong></span> <span class='ocrx_word' id='word_1_383' title='bbox 1470 3543 1716 3597; x_wconf 85' lang='grc' dir='ltr'>ἀτελέσιν</span> <span class='ocrx_word' id='word_1_384' title='bbox 1748 3550 1878 3616; x_wconf 73' lang='grc' dir='ltr'>ἡμῖν</span> 
     </span>
    </p>
   </div>
   <div class='ocr_carea' id='block_1_54' title="bbox 297 3631 1879 3706">
    <p class='ocr_par' dir='ltr' id='par_1_54' title="bbox 297 3631 1879 3706">
     <span class='ocr_line' id='line_1_54' title="bbox 297 3631 1879 3706; baseline 0.003 -22"><span class='ocrx_word' id='word_1_385' title='bbox 297 3633 399 3686; x_wconf 75' lang='grc' dir='ltr'><strong>καὶ</strong></span> <span class='ocrx_word' id='word_1_386' title='bbox 423 3631 745 3701; x_wconf 82' lang='grc' dir='ltr'>δυναμένοις</span> <span class='ocrx_word' id='word_1_387' title='bbox 802 3633 865 3684; x_wconf 85' lang='grc' dir='ltr'>ὲκ</span> <span class='ocrx_word' id='word_1_388' title='bbox 896 3631 994 3705; x_wconf 81' lang='grc' dir='ltr'><strong>τῆς</strong></span> <span class='ocrx_word' id='word_1_389' title='bbox 1024 3632 1339 3698; x_wconf 77' lang='grc' dir='ltr'>ἐπιδείξεως</span> <span class='ocrx_word' id='word_1_390' title='bbox 1379 3633 1489 3688; x_wconf 86' lang='grc' dir='ltr'>τῶν</span> <span class='ocrx_word' id='word_1_391' title='bbox 1513 3636 1774 3706; x_wconf 82' lang='grc' dir='ltr'>καμάτων</span> <span class='ocrx_word' id='word_1_392' title='bbox 1811 3639 1879 3690; x_wconf 88' lang='grc' dir='ltr'>τὰ</span> 
     </span>
    </p>
   </div>
   <div class='ocr_carea' id='block_1_55' title="bbox 297 3723 1879 3796">
    <p class='ocr_par' dir='ltr' id='par_1_55' title="bbox 297 3723 1879 3796">
     <span class='ocr_line' id='line_1_55' title="bbox 297 3723 1879 3796; baseline 0.002 -19"><span class='ocrx_word' id='word_1_393' title='bbox 297 3724 515 3777; x_wconf 69' lang='grc' dir='ltr'>ἔπαθλα</span> <span class='ocrx_word' id='word_1_394' title='bbox 543 3723 986 3794; x_wconf 86' lang='grc' dir='ltr'>ἀποστερεῖσθαι,</span> <span class='ocrx_word' id='word_1_395' title='bbox 1022 3724 1080 3777; x_wconf 69' lang='grc' dir='ltr'>τὸ</span> <span class='ocrx_word' id='word_1_396' title='bbox 1123 3725 1566 3796; x_wconf 78' lang='grc' dir='ltr'>ἐπικρύπτεσθαι</span> <span class='ocrx_word' id='word_1_397' title='bbox 1606 3729 1764 3792; x_wconf 75' lang='grc' dir='ltr'>αὐτὰ,</span> <span class='ocrx_word' id='word_1_398' title='bbox 1799 3731 1879 3782; x_wconf 79' lang='grc' dir='ltr'>εί·-</span> 
     </span>
    </p>
   </div>
   <div class='ocr_carea' id='block_1_56' title="bbox 299 3797 1880 3892">
    <p class='ocr_par' dir='ltr' id='par_1_56' title="bbox 299 3797 1880 3892">
     <span class='ocr_line' id='line_1_56' title="bbox 299 3797 1880 3892; baseline 0.003 -24"><span class='ocrx_word' id='word_1_399' title='bbox 299 3819 506 3888; x_wconf 77' lang='grc' dir='ltr'>ρῆσθαι</span> <span class='ocrx_word' id='word_1_400' title='bbox 538 3817 704 3870; x_wconf 77' lang='grc' dir='ltr'>παντὶ</span> <span class='ocrx_word' id='word_1_401' title='bbox 748 3816 962 3870; x_wconf 82' lang='grc' dir='ltr'>σθένει·</span> <span class='ocrx_word' id='word_1_402' title='bbox 1001 3797 1499 3884; x_wconf 49' lang='grc' dir='ltr'>τοῖξδιδασκάλοις</span> <span class='ocrx_word' id='word_1_403' title='bbox 1521 3821 1577 3874; x_wconf 81' lang='grc' dir='ltr'>δὲ</span> <span class='ocrx_word' id='word_1_404' title='bbox 1606 3822 1758 3892; x_wconf 83' lang='grc' dir='ltr'>ὑμῖν,</span> <span class='ocrx_word' id='word_1_405' title='bbox 1787 3821 1880 3875; x_wconf 71' lang='grc' dir='ltr'>καὶ</span> 
     </span>
    </p>
   </div>
   <div class='ocr_carea' id='block_1_57' title="bbox 297 3909 1884 3984">
    <p class='ocr_par' dir='ltr' id='par_1_57' title="bbox 297 3909 1884 3984">
     <span class='ocr_line' id='line_1_57' title="bbox 297 3909 1884 3984; baseline 0.003 -21"><span class='ocrx_word' id='word_1_406' title='bbox 297 3911 485 3963; x_wconf 79' lang='grc' dir='ltr'>κοινὸν</span> <span class='ocrx_word' id='word_1_407' title='bbox 523 3909 881 3980; x_wconf 86' lang='grc' dir='ltr'>παράδειγμα</span> <span class='ocrx_word' id='word_1_408' title='bbox 913 3910 1076 3981; x_wconf 83' lang='grc' dir='ltr'>ὀρθοῦ</span> <span class='ocrx_word' id='word_1_409' title='bbox 1141 3912 1236 3964; x_wconf 78' lang='grc' dir='ltr'>καὶ</span> <span class='ocrx_word' id='word_1_410' title='bbox 1276 3911 1552 3982; x_wconf 84' lang='grc' dir='ltr'>σώφρονος</span> <span class='ocrx_word' id='word_1_411' title='bbox 1591 3914 1710 3983; x_wconf 83' lang='grc' dir='ltr'>βίου</span> <span class='ocrx_word' id='word_1_412' title='bbox 1749 3932 1884 3984; x_wconf 83' lang='grc' dir='ltr'>προ-</span> 
     </span>
    </p>
   </div>
   <div class='ocr_carea' id='block_1_58' title="bbox 301 4003 1881 4077">
    <p class='ocr_par' dir='ltr' id='par_1_58' title="bbox 301 4003 1881 4077">
     <span class='ocr_line' id='line_1_58' title="bbox 301 4003 1881 4077; baseline 0.002 -19"><span class='ocrx_word' id='word_1_413' title='bbox 301 4005 605 4066; x_wconf 81' lang='grc' dir='ltr'>κειμένοις,</span> <span class='ocrx_word' id='word_1_414' title='bbox 641 4003 701 4056; x_wconf 81' lang='grc' dir='ltr'>τὸ</span> <span class='ocrx_word' id='word_1_415' title='bbox 725 4003 968 4074; x_wconf 82' lang='grc' dir='ltr'>λάμπειν</span> <span class='ocrx_word' id='word_1_416' title='bbox 1003 4003 1158 4071; x_wconf 85' lang='grc' dir='ltr'>ὑμῶν</span> <span class='ocrx_word' id='word_1_417' title='bbox 1183 4004 1250 4057; x_wconf 79' lang='grc' dir='ltr'>τὰ</span> <span class='ocrx_word' id='word_1_418' title='bbox 1295 4005 1436 4058; x_wconf 77' lang='grc' dir='ltr'>καλὰ</span> <span class='ocrx_word' id='word_1_419' title='bbox 1464 4006 1627 4077; x_wconf 82' lang='grc' dir='ltr'>ἔργα,</span> <span class='ocrx_word' id='word_1_420' title='bbox 1655 4007 1803 4070; x_wconf 83' lang='grc' dir='ltr'>ὅπως</span> <span class='ocrx_word' id='word_1_421' title='bbox 1833 4009 1881 4061; x_wconf 88' lang='grc' dir='ltr'><strong>οί</strong></span> 
     </span>
    </p>
   </div>
   <div class='ocr_carea' id='block_1_59' title="bbox 303 4095 1884 4167">
    <p class='ocr_par' dir='ltr' id='par_1_59' title="bbox 303 4095 1884 4167">
     <span class='ocr_line' id='line_1_59' title="bbox 303 4095 1884 4167; baseline 0.003 -17"><span class='ocrx_word' id='word_1_422' title='bbox 303 4097 495 4150; x_wconf 68' lang='grc' dir='ltr'>πολλοὶ</span> <span class='ocrx_word' id='word_1_423' title='bbox 521 4095 780 4166; x_wconf 77' lang='grc' dir='ltr'>ὁρῶντες,</span> <span class='ocrx_word' id='word_1_424' title='bbox 823 4095 915 4150; x_wconf 80' lang='grc' dir='ltr'><strong>τὸν</strong></span> <span class='ocrx_word' id='word_1_425' title='bbox 962 4095 1177 4167; x_wconf 87' lang='grc' dir='ltr'>πατέρα</span> <span class='ocrx_word' id='word_1_426' title='bbox 1223 4096 1383 4167; x_wconf 68' lang='grc' dir='ltr'><strong>⁴ἡμῶν</strong></span> <span class='ocrx_word' id='word_1_427' title='bbox 1421 4097 1686 4164; x_wconf 76' lang='grc' dir='ltr'>δοξάζωσι</span> <span class='ocrx_word' id='word_1_428' title='bbox 1710 4100 1800 4152; x_wconf 75' lang='grc' dir='ltr'><strong>τὸν</strong></span> <span class='ocrx_word' id='word_1_429' title='bbox 1826 4104 1884 4154; x_wconf 81' lang='grc' dir='ltr'><strong>ἐν</strong></span> 
     </span>
    </p>
   </div>
   <div class='ocr_carea' id='block_1_60' title="bbox 301 4186 1886 4259">
    <p class='ocr_par' dir='ltr' id='par_1_60' title="bbox 301 4186 1886 4259">
     <span class='ocr_line' id='line_1_60' title="bbox 301 4186 1886 4259; baseline 0.002 -18"><span class='ocrx_word' id='word_1_430' title='bbox 301 4191 419 4252; x_wconf 82' lang='grc' dir='ltr'>τοῖς</span> <span class='ocrx_word' id='word_1_431' title='bbox 443 4189 717 4257; x_wconf 82' lang='grc' dir='ltr'>οὐρανοῖς.</span> <span class='ocrx_word' id='word_1_432' title='bbox 762 4186 888 4239; x_wconf 79' lang='grc' dir='ltr'><strong>Ἐὰν</strong></span> <span class='ocrx_word' id='word_1_433' title='bbox 921 4187 1107 4241; x_wconf 82' lang='grc' dir='ltr'>τοίνυν</span> <span class='ocrx_word' id='word_1_434' title='bbox 1156 4188 1316 4257; x_wconf 80' lang='grc' dir='ltr'>ὑμεῖς</span> <span class='ocrx_word' id='word_1_435' title='bbox 1352 4189 1401 4242; x_wconf 83' lang='grc' dir='ltr'><strong>οἱ</strong></span> <span class='ocrx_word' id='word_1_436' title='bbox 1430 4189 1549 4258; x_wconf 81' lang='grc' dir='ltr'><strong>φῶς</strong></span> <span class='ocrx_word' id='word_1_437' title='bbox 1589 4191 1750 4259; x_wconf 81' lang='grc' dir='ltr'>ἡμῶν</span> <span class='ocrx_word' id='word_1_438' title='bbox 1777 4192 1886 4245; x_wconf 84' lang='grc' dir='ltr'>τῶν</span> 
     </span>
    </p>
   </div>
   <div class='ocr_carea' id='block_1_61' title="bbox 308 4281 1888 4356">
    <p class='ocr_par' dir='ltr' id='par_1_61' title="bbox 308 4281 1888 4356">
     <span class='ocr_line' id='line_1_61' title="bbox 308 4281 1888 4356; baseline 0.003 -21"><span class='ocrx_word' id='word_1_439' title='bbox 308 4282 798 4353; x_wconf 87' lang='grc' dir='ltr'>μαθητευομένων,</span> <span class='ocrx_word' id='word_1_440' title='bbox 832 4283 926 4334; x_wconf 78' lang='grc' dir='ltr'><strong>καὶ</strong></span> <span class='ocrx_word' id='word_1_441' title='bbox 955 4284 1077 4346; x_wconf 92' lang='grc' dir='ltr'>ταῖς</span> <span class='ocrx_word' id='word_1_442' title='bbox 1105 4281 1344 4346; x_wconf 80' lang='grc' dir='ltr'>ἀπάταις</span> <span class='ocrx_word' id='word_1_443' title='bbox 1370 4283 1464 4335; x_wconf 80' lang='grc' dir='ltr'><strong>τοῦ</strong></span> <span class='ocrx_word' id='word_1_444' title='bbox 1501 4283 1615 4353; x_wconf 79' lang='grc' dir='ltr'>βίου</span> <span class='ocrx_word' id='word_1_445' title='bbox 1666 4287 1763 4338; x_wconf 79' lang='grc' dir='ltr'>καὶ</span> <span class='ocrx_word' id='word_1_446' title='bbox 1791 4303 1888 4356; x_wconf 80' lang='grc' dir='ltr'>με·</span> 
     </span>
    </p>
   </div>
   <div class='ocr_carea' id='block_1_62' title="bbox 306 4375 1888 4446">
    <p class='ocr_par' dir='ltr' id='par_1_62' title="bbox 306 4375 1888 4446">
     <span class='ocr_line' id='line_1_62' title="bbox 306 4375 1888 4446; baseline 0.003 -19"><span class='ocrx_word' id='word_1_447' title='bbox 306 4378 534 4446; x_wconf 81' lang='grc' dir='ltr'>ρίμναις</span> <span class='ocrx_word' id='word_1_448' title='bbox 569 4377 664 4428; x_wconf 77' lang='grc' dir='ltr'>καὶ</span> <span class='ocrx_word' id='word_1_449' title='bbox 721 4375 938 4446; x_wconf 77' lang='grc' dir='ltr'>ἡδοναῖς</span> <span class='ocrx_word' id='word_1_450' title='bbox 978 4376 1438 4446; x_wconf 84' lang='grc' dir='ltr'>προσισχομένων</span> <span class='ocrx_word' id='word_1_451' title='bbox 1494 4375 1700 4430; x_wconf 84' lang='grc' dir='ltr'>δίκαιοι</span> <span class='ocrx_word' id='word_1_452' title='bbox 1735 4378 1888 4442; x_wconf 67' lang='grc' dir='ltr'>ὄντες</span> 
     </span>
    </p>
   </div>
   <div class='ocr_carea' id='block_1_63' title="bbox 305 4465 1889 4541">
    <p class='ocr_par' dir='ltr' id='par_1_63' title="bbox 305 4465 1889 4541">
     <span class='ocr_line' id='line_1_63' title="bbox 305 4465 1889 4541; baseline 0.001 -19"><span class='ocrx_word' id='word_1_453' title='bbox 305 4465 474 4529; x_wconf 70' lang='grc' dir='ltr'>εἶναι,</span> <span class='ocrx_word' id='word_1_454' title='bbox 524 4468 690 4521; x_wconf 74' lang='grc' dir='ltr'>δεινοὶ</span> <span class='ocrx_word' id='word_1_455' title='bbox 729 4468 823 4520; x_wconf 84' lang='grc' dir='ltr'><strong>καὶ</strong></span> <span class='ocrx_word' id='word_1_456' title='bbox 877 4469 1268 4537; x_wconf 81' lang='grc' dir='ltr'>ἀπαραίτητοι,</span> <span class='ocrx_word' id='word_1_457' title='bbox 1302 4468 1396 4520; x_wconf 71' lang='grc' dir='ltr'><strong>καὶ</strong></span> <span class='ocrx_word' id='word_1_458' title='bbox 1445 4470 1720 4538; x_wconf 86' lang='grc' dir='ltr'>μηδεμίαν</span> <span class='ocrx_word' id='word_1_459' title='bbox 1751 4488 1889 4541; x_wconf 77' lang='grc' dir='ltr'>παρ‹</span> 
     </span>
    </p>
   </div>
   <div class='ocr_carea' id='block_1_64' title="bbox 1969 1990 3547 2060">
    <p class='ocr_par' dir='ltr' id='par_1_64' title="bbox 1969 1990 3547 2060">
     <span class='ocr_line' id='line_1_64' title="bbox 1969 1990 3547 2060; baseline 0.002 -17"><span class='ocrx_word' id='word_1_460' title='bbox 1969 1990 2195 2045; x_wconf 83' lang='lat' dir='ltr'><strong>tentiam</strong></span> <span class='ocrx_word' id='word_1_461' title='bbox 2255 1999 2586 2060; x_wconf 89' lang='lat' dir='ltr'><strong>sequuntur.</strong></span> <span class='ocrx_word' id='word_1_462' title='bbox 2649 1991 2935 2046; x_wconf 71' lang='lat' dir='ltr'><strong>Exacuens</strong></span> <span class='ocrx_word' id='word_1_463' title='bbox 2991 2007 3156 2060; x_wconf 83' lang='lat' dir='ltr'><strong>porro</strong></span> <span class='ocrx_word' id='word_1_464' title='bbox 3186 2007 3285 2044; x_wconf 88' lang='lat' dir='ltr'><strong>nos</strong></span> <span class='ocrx_word' id='word_1_465' title='bbox 3324 1995 3388 2045; x_wconf 87' lang='lat' dir='ltr'><strong>ad</strong></span> <span class='ocrx_word' id='word_1_466' title='bbox 3433 2009 3547 2046; x_wconf 84' lang='lat' dir='ltr'><strong>ser-</strong></span> 
     </span>
    </p>
   </div>
   <div class='ocr_carea' id='block_1_65' title="bbox 1967 2082 3542 2155">
    <p class='ocr_par' dir='ltr' id='par_1_65' title="bbox 1967 2082 3542 2155">
     <span class='ocr_line' id='line_1_65' title="bbox 1967 2082 3542 2155; baseline 0.004 -21"><span class='ocrx_word' id='word_1_467' title='bbox 1967 2082 2146 2136; x_wconf 84' lang='lat' dir='ltr'><strong>vanda</strong></span> <span class='ocrx_word' id='word_1_468' title='bbox 2179 2091 2456 2153; x_wconf 65' lang='lat' dir='ltr'><strong>praecepta</strong></span> <span class='ocrx_word' id='word_1_469' title='bbox 2493 2082 2798 2148; x_wconf 90' lang='lat' dir='ltr'><strong>salutifera,</strong></span> <span class='ocrx_word' id='word_1_470' title='bbox 2847 2084 3142 2151; x_wconf 84' lang='lat' dir='ltr'><strong>aliquando</strong></span> <span class='ocrx_word' id='word_1_471' title='bbox 3184 2083 3344 2148; x_wconf 60' lang='lat' dir='ltr'><strong>dixit,</strong></span> <span class='ocrx_word' id='word_1_472' title='bbox 3389 2086 3542 2155; x_wconf 83' lang='lat'><strong>197</strong></span> 
     </span>
    </p>
   </div>
   <div class='ocr_carea' id='block_1_66' title="bbox 1974 2174 3541 2244">
    <p class='ocr_par' dir='ltr' id='par_1_66' title="bbox 1974 2174 3541 2244">
     <span class='ocr_line' id='line_1_66' title="bbox 1974 2174 3541 2244; baseline 0 -18"><span class='ocrx_word' id='word_1_473' title='bbox 1974 2193 1991 2226; x_wconf 84' lang='grc' dir='ltr'><strong>ι</strong></span> <span class='ocrx_word' id='word_1_474' title='bbox 2032 2174 2254 2230; x_wconf 85' lang='lat' dir='ltr'><strong>Nesciat</strong></span> <span class='ocrx_word' id='word_1_475' title='bbox 2305 2175 2524 2230; x_wconf 89' lang='lat' dir='ltr'><strong>sinistra</strong></span> <span class='ocrx_word' id='word_1_476' title='bbox 2554 2183 2670 2235; x_wconf 88' lang='lat' dir='ltr'><strong>tua.</strong></span> <span class='ocrx_word' id='word_1_477' title='bbox 2701 2174 2833 2244; x_wconf 93' lang='lat' dir='ltr'><strong>quid</strong></span> <span class='ocrx_word' id='word_1_478' title='bbox 2871 2174 3033 2229; x_wconf 88' lang='lat' dir='ltr'><strong>faciat</strong></span> <span class='ocrx_word' id='word_1_479' title='bbox 3065 2177 3286 2229; x_wconf 78' lang='lat' dir='ltr'><strong>dextera</strong></span> <span class='ocrx_word' id='word_1_480' title='bbox 3317 2189 3407 2230; x_wconf 83' lang='lat' dir='ltr'><strong>tua</strong></span> <span class='ocrx_word' id='word_1_481' title='bbox 3441 2180 3484 2242; x_wconf 76' lang='lat'><strong>’;</strong></span> <span class='ocrx_word' id='word_1_482' title='bbox 3526 2200 3541 2226; x_wconf 74' lang='grc' dir='ltr'><strong>ι</strong></span> 
     </span>
    </p>
   </div>
   <div class='ocr_carea' id='block_1_67' title="bbox 1967 2266 3546 2336">
    <p class='ocr_par' dir='ltr' id='par_1_67' title="bbox 1967 2266 3546 2336">
     <span class='ocr_line' id='line_1_67' title="bbox 1967 2266 3546 2336; baseline -0.001 -14"><span class='ocrx_word' id='word_1_483' title='bbox 1967 2276 2019 2322; x_wconf 88' lang='lat' dir='ltr'><strong>et</strong></span> <span class='ocrx_word' id='word_1_484' title='bbox 2050 2284 2065 2320; x_wconf 91' lang='lat'><strong>:</strong></span> <span class='ocrx_word' id='word_1_485' title='bbox 2102 2285 2117 2317; x_wconf 85' lang='grc' dir='ltr'><strong>ι</strong></span> <span class='ocrx_word' id='word_1_486' title='bbox 2157 2266 2440 2336; x_wconf 79' lang='lat' dir='ltr'><strong>ingressus</strong></span> <span class='ocrx_word' id='word_1_487' title='bbox 2487 2266 2801 2320; x_wconf 84' lang='lat' dir='ltr'><strong>cubiculum</strong></span> <span class='ocrx_word' id='word_1_488' title='bbox 2828 2276 3003 2327; x_wconf 90' lang='lat' dir='ltr'><strong>tuum,</strong></span> <span class='ocrx_word' id='word_1_489' title='bbox 3045 2267 3228 2320; x_wconf 75' lang='lat' dir='ltr'><strong>clauso</strong></span> <span class='ocrx_word' id='word_1_490' title='bbox 3251 2267 3419 2329; x_wconf 89' lang='lat' dir='ltr'><strong>ostio,</strong></span> <span class='ocrx_word' id='word_1_491' title='bbox 3455 2284 3546 2321; x_wconf 89' lang='lat' dir='ltr'><strong>ora</strong></span> 
     </span>
    </p>
   </div>
   <div class='ocr_carea' id='block_1_68' title="bbox 1969 2356 3546 2426">
    <p class='ocr_par' dir='ltr' id='par_1_68' title="bbox 1969 2356 3546 2426">
     <span class='ocr_line' id='line_1_68' title="bbox 1969 2356 3546 2426; baseline 0.001 -15"><span class='ocrx_word' id='word_1_492' title='bbox 1969 2357 2182 2412; x_wconf 84' lang='lat' dir='ltr'><strong>Patrem</strong></span> <span class='ocrx_word' id='word_1_493' title='bbox 2211 2367 2385 2423; x_wconf 92' lang='lat' dir='ltr'><strong>tuum,</strong></span> <span class='ocrx_word' id='word_1_494' title='bbox 2409 2357 2501 2426; x_wconf 87' lang='lat' dir='ltr'><strong>qui</strong></span> <span class='ocrx_word' id='word_1_495' title='bbox 2527 2357 2581 2410; x_wconf 91' lang='lat' dir='ltr'><strong>in</strong></span> <span class='ocrx_word' id='word_1_496' title='bbox 2613 2356 2770 2412; x_wconf 67' lang='lat' dir='ltr'><strong>caelis</strong></span> <span class='ocrx_word' id='word_1_497' title='bbox 2789 2358 2964 2410; x_wconf 62' lang='lat' dir='ltr'><strong>est&#39;.»</strong></span> <span class='ocrx_word' id='word_1_498' title='bbox 2994 2357 3304 2425; x_wconf 84' lang='lat' dir='ltr'><strong>Aliquando</strong></span> <span class='ocrx_word' id='word_1_499' title='bbox 3325 2369 3546 2412; x_wconf 69' lang='lat' dir='ltr'><strong>autem:</strong></span> 
     </span>
    </p>
   </div>
   <div class='ocr_carea' id='block_1_69' title="bbox 1977 2446 3548 2509">
    <p class='ocr_par' dir='ltr' id='par_1_69' title="bbox 1977 2446 3548 2509">
     <span class='ocr_line' id='line_1_69' title="bbox 1977 2446 3548 2509; baseline 0.001 -11"><span class='ocrx_word' id='word_1_500' title='bbox 1977 2465 1994 2498; x_wconf 83' lang='grc' dir='ltr'>ι</span> <span class='ocrx_word' id='word_1_501' title='bbox 2038 2446 2236 2502; x_wconf 65' lang='grc' dir='ltr'>[ιυοίιοι</span> <span class='ocrx_word' id='word_1_502' title='bbox 2268 2447 2360 2500; x_wconf 79' lang='lat' dir='ltr'><strong>lux</strong></span> <span class='ocrx_word' id='word_1_503' title='bbox 2395 2457 2575 2502; x_wconf 88' lang='lat' dir='ltr'><strong>vestra</strong></span> <span class='ocrx_word' id='word_1_504' title='bbox 2620 2463 2801 2502; x_wconf 87' lang='lat' dir='ltr'><strong>coram</strong></span> <span class='ocrx_word' id='word_1_505' title='bbox 2839 2447 3183 2509; x_wconf 77' lang='lat' dir='ltr'><strong>hominibus,</strong></span> <span class='ocrx_word' id='word_1_506' title='bbox 3218 2459 3276 2502; x_wconf 86' lang='lat' dir='ltr'><strong>ut</strong></span> <span class='ocrx_word' id='word_1_507' title='bbox 3331 2449 3548 2502; x_wconf 76' lang='lat' dir='ltr'><strong>videant</strong></span> 
     </span>
    </p>
   </div>
   <div class='ocr_carea' id='block_1_70' title="bbox 1970 2537 3551 2608">
    <p class='ocr_par' dir='ltr' id='par_1_70' title="bbox 1970 2537 3551 2608">
     <span class='ocr_line' id='line_1_70' title="bbox 1970 2537 3551 2608; baseline 0.001 -18"><span class='ocrx_word' id='word_1_508' title='bbox 1970 2552 2135 2607; x_wconf 85' lang='lat' dir='ltr'><strong>opera</strong></span> <span class='ocrx_word' id='word_1_509' title='bbox 2165 2547 2347 2591; x_wconf 81' lang='lat' dir='ltr'><strong>vestra</strong></span> <span class='ocrx_word' id='word_1_510' title='bbox 2379 2537 2522 2592; x_wconf 87' lang='lat' dir='ltr'><strong>bona</strong></span> <span class='ocrx_word' id='word_1_511' title='bbox 2547 2539 2619 2592; x_wconf 70' lang='grc'><strong>⁸.»</strong></span> <span class='ocrx_word' id='word_1_512' title='bbox 2667 2537 2921 2607; x_wconf 68' lang='lat' dir='ltr'><strong>lla-.leges</strong></span> <span class='ocrx_word' id='word_1_513' title='bbox 2943 2539 3195 2606; x_wconf 83' lang='lat' dir='ltr'><strong>quamvis</strong></span> <span class='ocrx_word' id='word_1_514' title='bbox 3232 2541 3416 2593; x_wconf 83' lang='lat' dir='ltr'><strong>secum</strong></span> <span class='ocrx_word' id='word_1_515' title='bbox 3445 2556 3551 2608; x_wconf 89' lang='lat' dir='ltr'><strong>pu-</strong></span> 
     </span>
    </p>
   </div>
   <div class='ocr_carea' id='block_1_71' title="bbox 1971 2627 3551 2699">
    <p class='ocr_par' dir='ltr' id='par_1_71' title="bbox 1971 2627 3551 2699">
     <span class='ocr_line' id='line_1_71' title="bbox 1971 2627 3551 2699; baseline 0.002 -19"><span class='ocrx_word' id='word_1_516' title='bbox 1971 2643 2137 2697; x_wconf 76' lang='lat' dir='ltr'><strong>gnare</strong></span> <span class='ocrx_word' id='word_1_517' title='bbox 2181 2627 2496 2692; x_wconf 87' lang='lat' dir='ltr'><strong>videantur,</strong></span> <span class='ocrx_word' id='word_1_518' title='bbox 2531 2638 2711 2682; x_wconf 88' lang='lat' dir='ltr'><strong>tamen</strong></span> <span class='ocrx_word' id='word_1_519' title='bbox 2754 2630 2858 2682; x_wconf 90' lang='lat' dir='ltr'><strong>nisi</strong></span> <span class='ocrx_word' id='word_1_520' title='bbox 2899 2631 3119 2684; x_wconf 85' lang='lat' dir='ltr'><strong>aberrat</strong></span> <span class='ocrx_word' id='word_1_521' title='bbox 3148 2631 3357 2699; x_wconf 83' lang='lat' dir='ltr'><strong>opinio,</strong></span> <span class='ocrx_word' id='word_1_522' title='bbox 3392 2631 3551 2683; x_wconf 85' lang='lat' dir='ltr'><strong>nobis</strong></span> 
     </span>
    </p>
   </div>
   <div class='ocr_carea' id='block_1_72' title="bbox 1972 2720 3550 2789">
    <p class='ocr_par' dir='ltr' id='par_1_72' title="bbox 1972 2720 3550 2789">
     <span class='ocr_line' id='line_1_72' title="bbox 1972 2720 3550 2789; baseline -0.001 -15"><span class='ocrx_word' id='word_1_523' title='bbox 1972 2720 2324 2789; x_wconf 80' lang='lat' dir='ltr'><strong>imperfectis,</strong></span> <span class='ocrx_word' id='word_1_524' title='bbox 2349 2728 2403 2775; x_wconf 89' lang='lat' dir='ltr'><strong>ct</strong></span> <span class='ocrx_word' id='word_1_525' title='bbox 2420 2720 2512 2789; x_wconf 91' lang='lat' dir='ltr'><strong>qui</strong></span> <span class='ocrx_word' id='word_1_526' title='bbox 2530 2737 2822 2788; x_wconf 88' lang='lat' dir='ltr'><strong>possumus</strong></span> <span class='ocrx_word' id='word_1_527' title='bbox 2835 2737 2900 2774; x_wconf 76' lang='lat' dir='ltr'><strong>ex</strong></span> <span class='ocrx_word' id='word_1_528' title='bbox 2920 2722 3283 2775; x_wconf 89' lang='lat' dir='ltr'><strong>ostentatione</strong></span> <span class='ocrx_word' id='word_1_529' title='bbox 3302 2722 3550 2775; x_wconf 77' lang='lat' dir='ltr'><strong>laborum</strong></span> 
     </span>
    </p>
   </div>
   <div class='ocr_carea' id='block_1_73' title="bbox 1976 2813 3555 2882">
    <p class='ocr_par' dir='ltr' id='par_1_73' title="bbox 1976 2813 3555 2882">
     <span class='ocr_line' id='line_1_73' title="bbox 1976 2813 3555 2882; baseline 0 -16"><span class='ocrx_word' id='word_1_530' title='bbox 1976 2821 2293 2866; x_wconf 88' lang='lat' dir='ltr'><strong>nostrorum</strong></span> <span class='ocrx_word' id='word_1_531' title='bbox 2331 2813 2557 2882; x_wconf 82' lang='lat' dir='ltr'><strong>praemia</strong></span> <span class='ocrx_word' id='word_1_532' title='bbox 2597 2813 2877 2868; x_wconf 83' lang='lat' dir='ltr'><strong>amitterre</strong></span> <span class='ocrx_word' id='word_1_533' title='bbox 2910 2813 3118 2867; x_wconf 88' lang='lat' dir='ltr'><strong>dictum</strong></span> <span class='ocrx_word' id='word_1_534' title='bbox 3149 2823 3254 2875; x_wconf 87' lang='lat' dir='ltr'><strong>est,</strong></span> <span class='ocrx_word' id='word_1_535' title='bbox 3296 2813 3373 2866; x_wconf 91' lang='lat' dir='ltr'><strong>uti</strong></span> <span class='ocrx_word' id='word_1_536' title='bbox 3408 2813 3555 2881; x_wconf 89' lang='lat' dir='ltr'><strong>ipsos</strong></span> 
     </span>
    </p>
   </div>
   <div class='ocr_carea' id='block_1_74' title="bbox 1976 2902 3554 2975">
    <p class='ocr_par' dir='ltr' id='par_1_74' title="bbox 1976 2902 3554 2975">
     <span class='ocr_line' id='line_1_74' title="bbox 1976 2902 3554 2975; baseline 0.002 -20"><span class='ocrx_word' id='word_1_537' title='bbox 1976 2902 2105 2957; x_wconf 86' lang='lat' dir='ltr'><strong>tntis</strong></span> <span class='ocrx_word' id='word_1_538' title='bbox 2137 2905 2349 2958; x_wconf 89' lang='lat' dir='ltr'><strong>viribus</strong></span> <span class='ocrx_word' id='word_1_539' title='bbox 2379 2905 2819 2970; x_wconf 86' lang='lat' dir='ltr'><strong>abscondamus;</strong></span> <span class='ocrx_word' id='word_1_540' title='bbox 2855 2905 3012 2959; x_wconf 91' lang='lat' dir='ltr'><strong>vobis</strong></span> <span class='ocrx_word' id='word_1_541' title='bbox 3038 2915 3221 2959; x_wconf 89' lang='lat' dir='ltr'><strong>autem</strong></span> <span class='ocrx_word' id='word_1_542' title='bbox 3256 2907 3554 2975; x_wconf 74' lang='lat' dir='ltr'><strong>magistris,</strong></span> 
     </span>
    </p>
   </div>
   <div class='ocr_carea' id='block_1_75' title="bbox 1975 2993 3557 3061">
    <p class='ocr_par' dir='ltr' id='par_1_75' title="bbox 1975 2993 3557 3061">
     <span class='ocr_line' id='line_1_75' title="bbox 1975 2993 3557 3061; baseline -0.001 -15"><span class='ocrx_word' id='word_1_543' title='bbox 1975 3003 2030 3046; x_wconf 86' lang='lat' dir='ltr'><strong>et</strong></span> <span class='ocrx_word' id='word_1_544' title='bbox 2063 2993 2451 3047; x_wconf 88' lang='lat' dir='ltr'><strong>communibus</strong></span> <span class='ocrx_word' id='word_1_545' title='bbox 2482 3003 2648 3048; x_wconf 60' lang='lat' dir='ltr'><strong>rectm</strong></span> <span class='ocrx_word' id='word_1_546' title='bbox 2692 2993 3091 3061; x_wconf 74' lang='lat' dir='ltr'><strong>inculpatmque</strong></span> <span class='ocrx_word' id='word_1_547' title='bbox 3125 2993 3245 3046; x_wconf 73' lang='lat' dir='ltr'><strong>vita:</strong></span> <span class='ocrx_word' id='word_1_548' title='bbox 3275 2995 3557 3060; x_wconf 73' lang='lat' dir='ltr'><strong>exempla-</strong></span> 
     </span>
    </p>
   </div>
   <div class='ocr_carea' id='block_1_76' title="bbox 1977 3085 3556 3154">
    <p class='ocr_par' dir='ltr' id='par_1_76' title="bbox 1977 3085 3556 3154">
     <span class='ocr_line' id='line_1_76' title="bbox 1977 3085 3556 3154; baseline -0.002 -16"><span class='ocrx_word' id='word_1_549' title='bbox 1977 3085 2151 3149; x_wconf 88' lang='lat' dir='ltr'><strong>ribus,</strong></span> <span class='ocrx_word' id='word_1_550' title='bbox 2188 3094 2246 3139; x_wconf 92' lang='lat' dir='ltr'><strong>ut</strong></span> <span class='ocrx_word' id='word_1_551' title='bbox 2271 3085 2493 3139; x_wconf 87' lang='lat' dir='ltr'><strong>luceant</strong></span> <span class='ocrx_word' id='word_1_552' title='bbox 2526 3100 2694 3154; x_wconf 87' lang='lat' dir='ltr'><strong>opera</strong></span> <span class='ocrx_word' id='word_1_553' title='bbox 2722 3095 2928 3142; x_wconf 82' lang='lat' dir='ltr'><strong>vestra.</strong></span> <span class='ocrx_word' id='word_1_554' title='bbox 2976 3100 3086 3153; x_wconf 92' lang='lat' dir='ltr'><strong>quo</strong></span> <span class='ocrx_word' id='word_1_555' title='bbox 3113 3085 3288 3147; x_wconf 89' lang='lat' dir='ltr'><strong>multi,</strong></span> <span class='ocrx_word' id='word_1_556' title='bbox 3335 3085 3462 3136; x_wconf 86' lang='lat' dir='ltr'><strong>dum</strong></span> <span class='ocrx_word' id='word_1_557' title='bbox 3495 3099 3556 3137; x_wconf 83' lang='lat' dir='ltr'><strong>ea</strong></span> 
     </span>
    </p>
   </div>
   <div class='ocr_carea' id='block_1_77' title="bbox 1901 3174 3561 3265">
    <p class='ocr_par' dir='ltr' id='par_1_77' title="bbox 1901 3174 3561 3265">
     <span class='ocr_line' id='line_1_77' title="bbox 1901 3174 3561 3265; baseline -0.003 -33"><span class='ocrx_word' id='word_1_558' title='bbox 1901 3202 1948 3265; x_wconf 81' lang='lat' dir='ltr'><strong><em>C</em></strong></span> <span class='ocrx_word' id='word_1_559' title='bbox 1982 3177 2288 3241; x_wconf 88' lang='lat' dir='ltr'><strong>intuentur,</strong></span> <span class='ocrx_word' id='word_1_560' title='bbox 2322 3177 2538 3232; x_wconf 85' lang='lat' dir='ltr'><strong>Patrem</strong></span> <span class='ocrx_word' id='word_1_561' title='bbox 2574 3185 2820 3230; x_wconf 86' lang='lat' dir='ltr'><strong>nostrum</strong></span> <span class='ocrx_word' id='word_1_562' title='bbox 2853 3178 2945 3246; x_wconf 90' lang='lat' dir='ltr'><strong>qui</strong></span> <span class='ocrx_word' id='word_1_563' title='bbox 2973 3177 3027 3230; x_wconf 91' lang='lat' dir='ltr'><strong>iu</strong></span> <span class='ocrx_word' id='word_1_564' title='bbox 3052 3177 3208 3231; x_wconf 63' lang='lat' dir='ltr'><strong>caelis</strong></span> <span class='ocrx_word' id='word_1_565' title='bbox 3230 3184 3330 3232; x_wconf 79' lang='lat' dir='ltr'><strong>est.</strong></span> <span class='ocrx_word' id='word_1_566' title='bbox 3356 3174 3561 3244; x_wconf 74' lang='lat' dir='ltr'><strong>glorifi-</strong></span> 
     </span>
    </p>
   </div>
   <div class='ocr_carea' id='block_1_78' title="bbox 1980 3263 3556 3339">
    <p class='ocr_par' dir='ltr' id='par_1_78' title="bbox 1980 3263 3556 3339">
     <span class='ocr_line' id='line_1_78' title="bbox 1980 3263 3556 3339; baseline -0.005 -17"><span class='ocrx_word' id='word_1_567' title='bbox 1980 3277 2128 3323; x_wconf 89' lang='lat' dir='ltr'><strong>cent.</strong></span> <span class='ocrx_word' id='word_1_568' title='bbox 2151 3266 2216 3339; x_wconf 18' lang='lat' dir='ltr'><strong>ISi</strong></span> <span class='ocrx_word' id='word_1_569' title='bbox 2253 3268 2434 3336; x_wconf 92' lang='lat' dir='ltr'><strong>itaque</strong></span> <span class='ocrx_word' id='word_1_570' title='bbox 2457 3281 2553 3320; x_wconf 77' lang='lat' dir='ltr'><strong>vos</strong></span> <span class='ocrx_word' id='word_1_571' title='bbox 2581 3267 2672 3335; x_wconf 87' lang='lat' dir='ltr'><strong>qui</strong></span> <span class='ocrx_word' id='word_1_572' title='bbox 2698 3266 2787 3320; x_wconf 72' lang='lat' dir='ltr'><strong>lux</strong></span> <span class='ocrx_word' id='word_1_573' title='bbox 2815 3274 2999 3320; x_wconf 86' lang='lat' dir='ltr'><strong>nostra</strong></span> <span class='ocrx_word' id='word_1_574' title='bbox 3026 3307 3040 3328; x_wconf 91' lang='lat'><strong>,</strong></span> <span class='ocrx_word' id='word_1_575' title='bbox 3067 3273 3276 3324; x_wconf 88' lang='lat' dir='ltr'><strong>nostra,</strong></span> <span class='ocrx_word' id='word_1_576' title='bbox 3309 3263 3556 3332; x_wconf 83' lang='lat' dir='ltr'><strong>inquam,</strong></span> 
     </span>
    </p>
   </div>
   <div class='ocr_carea' id='block_1_79' title="bbox 1980 3356 3562 3430">
    <p class='ocr_par' dir='ltr' id='par_1_79' title="bbox 1980 3356 3562 3430">
     <span class='ocr_line' id='line_1_79' title="bbox 1980 3356 3562 3430; baseline -0.003 -16"><span class='ocrx_word' id='word_1_577' title='bbox 1980 3359 2073 3430; x_wconf 91' lang='lat' dir='ltr'><strong>qui</strong></span> <span class='ocrx_word' id='word_1_578' title='bbox 2101 3359 2354 3428; x_wconf 83' lang='lat' dir='ltr'><strong>discipuli</strong></span> <span class='ocrx_word' id='word_1_579' title='bbox 2375 3369 2660 3418; x_wconf 85' lang='lat' dir='ltr'><strong>sumus.et</strong></span> <span class='ocrx_word' id='word_1_580' title='bbox 2683 3357 2931 3421; x_wconf 81' lang='lat' dir='ltr'><strong>fallaciis,</strong></span> <span class='ocrx_word' id='word_1_581' title='bbox 2961 3356 3432 3411; x_wconf 89' lang='lat' dir='ltr'><strong>sollicitudinibus</strong></span> <span class='ocrx_word' id='word_1_582' title='bbox 3452 3397 3468 3422; x_wconf 86' lang='lat'><strong>,</strong></span> <span class='ocrx_word' id='word_1_583' title='bbox 3496 3371 3562 3410; x_wconf 84' lang='lat' dir='ltr'><strong>ac</strong></span> 
     </span>
    </p>
   </div>
   <div class='ocr_carea' id='block_1_80' title="bbox 1978 3449 3562 3520">
    <p class='ocr_par' dir='ltr' id='par_1_80' title="bbox 1978 3449 3562 3520">
     <span class='ocr_line' id='line_1_80' title="bbox 1978 3449 3562 3520; baseline -0.002 -16"><span class='ocrx_word' id='word_1_584' title='bbox 1978 3451 2355 3520; x_wconf 71' lang='lat' dir='ltr'><strong>voluptatibus</strong></span> <span class='ocrx_word' id='word_1_585' title='bbox 2395 3451 2556 3519; x_wconf 84' lang='lat' dir='ltr'><strong>hujus</strong></span> <span class='ocrx_word' id='word_1_586' title='bbox 2589 3450 2713 3502; x_wconf 78' lang='lat' dir='ltr'><strong>vita:</strong></span> <span class='ocrx_word' id='word_1_587' title='bbox 2750 3449 3014 3517; x_wconf 84' lang='lat' dir='ltr'><strong>implicati</strong></span> <span class='ocrx_word' id='word_1_588' title='bbox 3048 3457 3322 3512; x_wconf 87' lang='lat' dir='ltr'><strong>tenemur,</strong></span> <span class='ocrx_word' id='word_1_589' title='bbox 3367 3450 3562 3502; x_wconf 86' lang='lat' dir='ltr'><strong>merito</strong></span> 
     </span>
    </p>
   </div>
   <div class='ocr_carea' id='block_1_81' title="bbox 1978 3539 3559 3608">
    <p class='ocr_par' dir='ltr' id='par_1_81' title="bbox 1978 3539 3559 3608">
     <span class='ocr_line' id='line_1_81' title="bbox 1978 3539 3559 3608; baseline -0.006 -9"><span class='ocrx_word' id='word_1_590' title='bbox 1978 3560 2098 3599; x_wconf 86' lang='lat' dir='ltr'><strong>esse</strong></span> <span class='ocrx_word' id='word_1_591' title='bbox 2125 3542 2363 3608; x_wconf 69' lang='lat' dir='ltr'><strong>debetis,</strong></span> <span class='ocrx_word' id='word_1_592' title='bbox 2416 3542 2539 3595; x_wconf 80' lang='lat' dir='ltr'><strong>duri</strong></span> <span class='ocrx_word' id='word_1_593' title='bbox 2595 3551 2651 3594; x_wconf 84' lang='lat' dir='ltr'><strong>et</strong></span> <span class='ocrx_word' id='word_1_594' title='bbox 2713 3541 3080 3594; x_wconf 81' lang='lat' dir='ltr'><strong>inexorabiles</strong></span> <span class='ocrx_word' id='word_1_595' title='bbox 3105 3541 3290 3600; x_wconf 83' lang='lat' dir='ltr'><strong>eritis.</strong></span> <span class='ocrx_word' id='word_1_596' title='bbox 3335 3549 3390 3593; x_wconf 90' lang='lat' dir='ltr'><strong>et</strong></span> <span class='ocrx_word' id='word_1_597' title='bbox 3423 3539 3559 3591; x_wconf 83' lang='lat' dir='ltr'><strong>mala</strong></span> 
     </span>
    </p>
   </div>
   <div class='ocr_carea' id='block_1_82' title="bbox 1982 3630 3562 3708">
    <p class='ocr_par' dir='ltr' id='par_1_82' title="bbox 1982 3630 3562 3708">
     <span class='ocr_line' id='line_1_82' title="bbox 1982 3630 3562 3708; baseline -0.005 -17"><span class='ocrx_word' id='word_1_598' title='bbox 1982 3639 2292 3708; x_wconf 75' lang='lat' dir='ltr'><strong>irrogantes</strong></span> <span class='ocrx_word' id='word_1_599' title='bbox 2347 3635 2505 3688; x_wconf 83' lang='lat' dir='ltr'><strong>venia</strong></span> <span class='ocrx_word' id='word_1_600' title='bbox 2540 3633 2689 3686; x_wconf 87' lang='lat' dir='ltr'><strong>nulla</strong></span> <span class='ocrx_word' id='word_1_601' title='bbox 2727 3633 3160 3702; x_wconf 86' lang='lat' dir='ltr'><strong>prosequemini,</strong></span> <span class='ocrx_word' id='word_1_602' title='bbox 3207 3647 3390 3684; x_wconf 89' lang='lat' dir='ltr'><strong>nonne</strong></span> <span class='ocrx_word' id='word_1_603' title='bbox 3431 3630 3562 3684; x_wconf 82' lang='lat' dir='ltr'><strong>feris</strong></span> 
     </span>
    </p>
   </div>
   <div class='ocr_carea' id='block_1_83' title="bbox 1983 3721 3565 3788">
    <p class='ocr_par' dir='ltr' id='par_1_83' title="bbox 1983 3721 3565 3788">
     <span class='ocr_line' id='line_1_83' title="bbox 1983 3721 3565 3788; baseline -0.008 -2"><span class='ocrx_word' id='word_1_604' title='bbox 1983 3729 2290 3786; x_wconf 85' lang='lat' dir='ltr'><strong>immitibus</strong></span> <span class='ocrx_word' id='word_1_605' title='bbox 2344 3725 2703 3788; x_wconf 83' lang='lat' dir='ltr'><strong>immitiorcs,</strong></span> <span class='ocrx_word' id='word_1_606' title='bbox 2763 3740 2827 3779; x_wconf 89' lang='lat' dir='ltr'><strong>ac</strong></span> <span class='ocrx_word' id='word_1_607' title='bbox 2881 3724 3138 3778; x_wconf 77' lang='lat' dir='ltr'><strong>sa-viores</strong></span> <span class='ocrx_word' id='word_1_608' title='bbox 3192 3738 3292 3777; x_wconf 82' lang='lat' dir='ltr'><strong>nos</strong></span> <span class='ocrx_word' id='word_1_609' title='bbox 3339 3721 3565 3777; x_wconf 81' lang='lat' dir='ltr'><strong>facitis?</strong></span> 
     </span>
    </p>
   </div>
   <div class='ocr_carea' id='block_1_84' title="bbox 1983 3815 3564 3888">
    <p class='ocr_par' dir='ltr' id='par_1_84' title="bbox 1983 3815 3564 3888">
     <span class='ocr_line' id='line_1_84' title="bbox 1983 3815 3564 3888; baseline -0.005 -14"><span class='ocrx_word' id='word_1_610' title='bbox 1983 3823 2165 3888; x_wconf 86' lang='lat' dir='ltr'><strong>Quare</strong></span> <span class='ocrx_word' id='word_1_611' title='bbox 2196 3817 2663 3888; x_wconf 79' lang='lat' dir='ltr'><strong>quemadmodum</strong></span> <span class='ocrx_word' id='word_1_612' title='bbox 2698 3817 2742 3870; x_wconf 91' lang='lat' dir='ltr'><strong>si</strong></span> <span class='ocrx_word' id='word_1_613' title='bbox 2779 3815 2846 3869; x_wconf 88' lang='lat' dir='ltr'><strong>ad</strong></span> <span class='ocrx_word' id='word_1_614' title='bbox 2879 3815 3124 3869; x_wconf 89' lang='lat' dir='ltr'><strong>omnium</strong></span> <span class='ocrx_word' id='word_1_615' title='bbox 3165 3815 3400 3868; x_wconf 86' lang='lat' dir='ltr'><strong>fructum</strong></span> <span class='ocrx_word' id='word_1_616' title='bbox 3437 3829 3564 3882; x_wconf 78' lang='lat' dir='ltr'><strong>pro-</strong></span> 
     </span>
    </p>
   </div>
   <div class='ocr_carea' id='block_1_85' title="bbox 1985 3906 3566 3979">
    <p class='ocr_par' dir='ltr' id='par_1_85' title="bbox 1985 3906 3566 3979">
     <span class='ocr_line' id='line_1_85' title="bbox 1985 3906 3566 3979; baseline -0.005 -13"><span class='ocrx_word' id='word_1_617' title='bbox 1985 3913 2174 3966; x_wconf 85' lang='lat' dir='ltr'><strong>bitatis</strong></span> <span class='ocrx_word' id='word_1_618' title='bbox 2202 3911 2533 3979; x_wconf 77' lang='lat' dir='ltr'><strong>exemplaria</strong></span> <span class='ocrx_word' id='word_1_619' title='bbox 2564 3910 2788 3974; x_wconf 82' lang='lat' dir='ltr'><strong>fieretis,</strong></span> <span class='ocrx_word' id='word_1_620' title='bbox 2820 3924 2848 3962; x_wconf 88' lang='lat' dir='ltr'><strong>a</strong></span> <span class='ocrx_word' id='word_1_621' title='bbox 2881 3908 3039 3978; x_wconf 74' lang='lat' dir='ltr'><strong>piot-t</strong></span> <span class='ocrx_word' id='word_1_622' title='bbox 3064 3909 3213 3978; x_wconf 69' lang='lat' dir='ltr'><strong>justo</strong></span> <span class='ocrx_word' id='word_1_623' title='bbox 3247 3906 3566 3961; x_wconf 88' lang='lat' dir='ltr'><strong>certaminis</strong></span> 
     </span>
    </p>
   </div>
   <div class='ocr_carea' id='block_1_86' title="bbox 1986 3999 3563 4071">
    <p class='ocr_par' dir='ltr' id='par_1_86' title="bbox 1986 3999 3563 4071">
     <span class='ocr_line' id='line_1_86' title="bbox 1986 3999 3563 4071; baseline -0.005 -11"><span class='ocrx_word' id='word_1_624' title='bbox 1986 4004 2195 4062; x_wconf 82' lang='lat' dir='ltr'><strong>arbitro</strong></span> <span class='ocrx_word' id='word_1_625' title='bbox 2225 4003 2448 4058; x_wconf 86' lang='lat' dir='ltr'><strong>coronis</strong></span> <span class='ocrx_word' id='word_1_626' title='bbox 2494 4011 2548 4056; x_wconf 88' lang='lat' dir='ltr'><strong>et</strong></span> <span class='ocrx_word' id='word_1_627' title='bbox 2586 4002 2826 4071; x_wconf 68' lang='lat' dir='ltr'><strong>praemiis</strong></span> <span class='ocrx_word' id='word_1_628' title='bbox 2858 4000 3221 4070; x_wconf 72' lang='lat' dir='ltr'><strong>dignaremini</strong></span> <span class='ocrx_word' id='word_1_629' title='bbox 3251 4017 3264 4052; x_wconf 88' lang='lat'><strong>:</strong></span> <span class='ocrx_word' id='word_1_630' title='bbox 3292 3999 3369 4052; x_wconf 85' lang='lat' dir='ltr'><strong>sic</strong></span> <span class='ocrx_word' id='word_1_631' title='bbox 3395 4014 3563 4060; x_wconf 88' lang='lat' dir='ltr'><strong>nunc,</strong></span> 
     </span>
    </p>
   </div>
   <div class='ocr_carea' id='block_1_87' title="bbox 1987 4093 3565 4170">
    <p class='ocr_par' dir='ltr' id='par_1_87' title="bbox 1987 4093 3565 4170">
     <span class='ocr_line' id='line_1_87' title="bbox 1987 4093 3565 4170; baseline -0.004 -16"><span class='ocrx_word' id='word_1_632' title='bbox 1987 4102 2112 4170; x_wconf 86' lang='lat' dir='ltr'><strong>quia</strong></span> <span class='ocrx_word' id='word_1_633' title='bbox 2152 4098 2418 4153; x_wconf 86' lang='lat' dir='ltr'><strong>omnibus</strong></span> <span class='ocrx_word' id='word_1_634' title='bbox 2455 4096 2685 4151; x_wconf 82' lang='lat' dir='ltr'><strong>nocendi</strong></span> <span class='ocrx_word' id='word_1_635' title='bbox 2721 4095 2844 4149; x_wconf 86' lang='lat' dir='ltr'><strong>aliis</strong></span> <span class='ocrx_word' id='word_1_636' title='bbox 2874 4094 3217 4149; x_wconf 80' lang='lat' dir='ltr'><strong>occasionem</strong></span> <span class='ocrx_word' id='word_1_637' title='bbox 3262 4093 3422 4156; x_wconf 88' lang='lat' dir='ltr'><strong>datis,</strong></span> <span class='ocrx_word' id='word_1_638' title='bbox 3457 4110 3565 4148; x_wconf 86' lang='lat' dir='ltr'><strong>non</strong></span> 
     </span>
    </p>
   </div>
   <div class='ocr_carea' id='block_1_88' title="bbox 1987 4185 3568 4260">
    <p class='ocr_par' dir='ltr' id='par_1_88' title="bbox 1987 4185 3568 4260">
     <span class='ocr_line' id='line_1_88' title="bbox 1987 4185 3568 4260; baseline -0.006 -16"><span class='ocrx_word' id='word_1_639' title='bbox 1987 4190 2309 4260; x_wconf 78' lang='lat' dir='ltr'><strong>vulgaribus</strong></span> <span class='ocrx_word' id='word_1_640' title='bbox 2397 4190 2574 4257; x_wconf 72' lang='lat' dir='ltr'><strong>pmnis</strong></span> <span class='ocrx_word' id='word_1_641' title='bbox 2645 4186 3178 4252; x_wconf 81' lang='lat' dir='ltr'><strong>condemnabimini.</strong></span> <span class='ocrx_word' id='word_1_642' title='bbox 3236 4185 3402 4254; x_wconf 82' lang='lat' dir='ltr'><strong>Atqui</strong></span> <span class='ocrx_word' id='word_1_643' title='bbox 3467 4201 3568 4254; x_wconf 75' lang='lat' dir='ltr'><strong>ego</strong></span> 
     </span>
    </p>
   </div>
   <div class='ocr_carea' id='block_1_89' title="bbox 1989 4275 3568 4349">
    <p class='ocr_par' dir='ltr' id='par_1_89' title="bbox 1989 4275 3568 4349">
     <span class='ocr_line' id='line_1_89' title="bbox 1989 4275 3568 4349; baseline -0.003 -15"><span class='ocrx_word' id='word_1_644' title='bbox 1989 4279 2302 4349; x_wconf 77' lang='lat' dir='ltr'><strong>exemplum</strong></span> <span class='ocrx_word' id='word_1_645' title='bbox 2360 4277 2716 4331; x_wconf 82' lang='lat' dir='ltr'><strong>humanitatis</strong></span> <span class='ocrx_word' id='word_1_646' title='bbox 2762 4276 2829 4329; x_wconf 92' lang='lat' dir='ltr'><strong>de</strong></span> <span class='ocrx_word' id='word_1_647' title='bbox 2865 4276 3062 4337; x_wconf 88' lang='lat' dir='ltr'><strong>nobis,</strong></span> <span class='ocrx_word' id='word_1_648' title='bbox 3129 4275 3256 4329; x_wconf 87' lang='lat' dir='ltr'><strong>huic</strong></span> <span class='ocrx_word' id='word_1_649' title='bbox 3289 4276 3413 4329; x_wconf 82' lang='lat' dir='ltr'><strong>vitae</strong></span> <span class='ocrx_word' id='word_1_650' title='bbox 3467 4291 3568 4330; x_wconf 88' lang='lat' dir='ltr'><strong>ceu</strong></span> 
     </span>
    </p>
   </div>
   <div class='ocr_carea' id='block_1_90' title="bbox 1991 4364 3570 4438">
    <p class='ocr_par' dir='ltr' id='par_1_90' title="bbox 1991 4364 3570 4438">
     <span class='ocr_line' id='line_1_90' title="bbox 1991 4364 3570 4438; baseline -0.006 -10"><span class='ocrx_word' id='word_1_651' title='bbox 1991 4373 2146 4428; x_wconf 87' lang='lat' dir='ltr'><strong>clavo</strong></span> <span class='ocrx_word' id='word_1_652' title='bbox 2201 4369 2380 4424; x_wconf 79' lang='lat' dir='ltr'><strong>allixis</strong></span> <span class='ocrx_word' id='word_1_653' title='bbox 2440 4364 2740 4438; x_wconf 88' lang='lat' dir='ltr'><strong>proponam</strong></span> <span class='ocrx_word' id='word_1_654' title='bbox 2773 4367 2950 4431; x_wconf 81' lang='lat' dir='ltr'><strong>vobis,</strong></span> <span class='ocrx_word' id='word_1_655' title='bbox 2993 4366 3141 4436; x_wconf 86' lang='lat' dir='ltr'><strong>quod</strong></span> <span class='ocrx_word' id='word_1_656' title='bbox 3192 4367 3570 4421; x_wconf 76' lang='lat' dir='ltr'><strong>recentissimo</strong></span> 
     </span>
    </p>
   </div>
   <div class='ocr_carea' id='block_1_91' title="bbox 1994 4462 3571 4535">
    <p class='ocr_par' dir='ltr' id='par_1_91' title="bbox 1994 4462 3571 4535">
     <span class='ocr_line' id='line_1_91' title="bbox 1994 4462 3571 4535; baseline -0.005 -15"><span class='ocrx_word' id='word_1_657' title='bbox 1994 4465 2248 4535; x_wconf 78' lang='lat' dir='ltr'><strong>contigit.</strong></span> <span class='ocrx_word' id='word_1_658' title='bbox 2291 4463 2503 4519; x_wconf 83' lang='lat' dir='ltr'><strong>Videtis</strong></span> <span class='ocrx_word' id='word_1_659' title='bbox 2535 4463 2946 4531; x_wconf 86' lang='lat' dir='ltr'><strong>imperatorem,</strong></span> <span class='ocrx_word' id='word_1_660' title='bbox 2970 4477 3282 4531; x_wconf 82' lang='lat' dir='ltr'><strong>quanquam</strong></span> <span class='ocrx_word' id='word_1_661' title='bbox 3334 4462 3388 4514; x_wconf 92' lang='lat' dir='ltr'><strong>in</strong></span> <span class='ocrx_word' id='word_1_662' title='bbox 3421 4471 3571 4514; x_wconf 81' lang='lat' dir='ltr'><strong>tanto</strong></span> 
     </span>
    </p>
   </div>
   <div class='ocr_carea' id='block_1_92' title="bbox 306 4550 1880 4631">
    <p class='ocr_par' dir='ltr' id='par_1_92' title="bbox 306 4559 1880 4631">
     <span class='ocr_line' id='line_1_92' title="bbox 306 4559 1880 4631; baseline 0.001 -17"><span class='ocrx_word' id='word_1_663' title='bbox 306 4563 531 4631; x_wconf 79' lang='grc' dir='ltr'>έχοντες</span> <span class='ocrx_word' id='word_1_664' title='bbox 562 4559 897 4630; x_wconf 86' lang='grc' dir='ltr'>συγγνώμην</span> <span class='ocrx_word' id='word_1_665' title='bbox 928 4563 1040 4621; x_wconf 89' lang='grc' dir='ltr'>τοῖς</span> <span class='ocrx_word' id='word_1_666' title='bbox 1069 4559 1362 4628; x_wconf 78' lang='grc' dir='ltr'>ἀδικήσασι</span> <span class='ocrx_word' id='word_1_667' title='bbox 1406 4561 1503 4613; x_wconf 81' lang='grc' dir='ltr'>καὶ</span> <span class='ocrx_word' id='word_1_668' title='bbox 1528 4563 1714 4625; x_wconf 81' lang='grc' dir='ltr'>κακῶς</span> <span class='ocrx_word' id='word_1_669' title='bbox 1746 4563 1880 4631; x_wconf 76' lang='grc' dir='ltr'>ὑμᾶς</span> 
     </span>
    </p>
   </div>
   <div class='ocr_carea' id='block_1_93' title="bbox 1971 4550 3571 4631">
    <p class='ocr_par' dir='ltr' id='par_1_93' title="bbox 1995 4553 3571 4628">
     <span class='ocr_line' id='line_1_93' title="bbox 1995 4553 3571 4628; baseline -0.004 -16"><span class='ocrx_word' id='word_1_670' title='bbox 1995 4569 2214 4628; x_wconf 77' lang='lat' dir='ltr'><strong>tamque</strong></span> <span class='ocrx_word' id='word_1_671' title='bbox 2241 4558 2425 4626; x_wconf 88' lang='lat' dir='ltr'><strong>amplo</strong></span> <span class='ocrx_word' id='word_1_672' title='bbox 2451 4556 2690 4625; x_wconf 88' lang='lat' dir='ltr'><strong>imperio</strong></span> <span class='ocrx_word' id='word_1_673' title='bbox 2721 4556 3072 4616; x_wconf 87' lang='lat' dir='ltr'><strong>collocatum,</strong></span> <span class='ocrx_word' id='word_1_674' title='bbox 3103 4555 3274 4607; x_wconf 82' lang='lat' dir='ltr'><strong>nihilo</strong></span> <span class='ocrx_word' id='word_1_675' title='bbox 3311 4555 3495 4606; x_wconf 72' lang='lat' dir='ltr'><strong>minus</strong></span> <span class='ocrx_word' id='word_1_676' title='bbox 3518 4553 3571 4605; x_wconf 91' lang='lat' dir='ltr'><strong>in</strong></span> 
     </span>
    </p>
   </div>
   <div class='ocr_carea' id='block_1_94' title="bbox 306 4651 1891 4724">
    <p class='ocr_par' dir='ltr' id='par_1_94' title="bbox 306 4651 1891 4724">
     <span class='ocr_line' id='line_1_94' title="bbox 306 4651 1891 4724; baseline 0.001 -19"><span class='ocrx_word' id='word_1_677' title='bbox 306 4653 545 4705; x_wconf 88' lang='grc' dir='ltr'>διαθεῖσι</span> <span class='ocrx_word' id='word_1_678' title='bbox 574 4653 804 4720; x_wconf 81' lang='grc' dir='ltr'>φανῆτε,</span> <span class='ocrx_word' id='word_1_679' title='bbox 848 4652 908 4703; x_wconf 85' lang='grc' dir='ltr'><strong>οὐ</strong></span> <span class='ocrx_word' id='word_1_680' title='bbox 945 4651 1152 4719; x_wconf 85' lang='grc' dir='ltr'>θηρίων</span> <span class='ocrx_word' id='word_1_681' title='bbox 1185 4653 1479 4722; x_wconf 85' lang='grc' dir='ltr'>ἀνημέρων</span> <span class='ocrx_word' id='word_1_682' title='bbox 1514 4655 1891 4724; x_wconf 79' lang='grc' dir='ltr'>ἀγριωτέρους</span> 
     </span>
    </p>
   </div>
   <div class='ocr_carea' id='block_1_95' title="bbox 307 4744 1891 4816">
    <p class='ocr_par' dir='ltr' id='par_1_95' title="bbox 307 4744 1891 4816">
     <span class='ocr_line' id='line_1_95' title="bbox 307 4744 1891 4816; baseline 0.002 -19"><span class='ocrx_word' id='word_1_683' title='bbox 307 4747 464 4816; x_wconf 75' lang='grc' dir='ltr'>ἡμᾶς</span> <span class='ocrx_word' id='word_1_684' title='bbox 509 4745 605 4797; x_wconf 77' lang='grc' dir='ltr'><strong>καὶ</strong></span> <span class='ocrx_word' id='word_1_685' title='bbox 631 4744 952 4814; x_wconf 83' lang='grc' dir='ltr'>ὠμοτέρους</span> <span class='ocrx_word' id='word_1_686' title='bbox 985 4745 1441 4812; x_wconf 85' lang='grc' dir='ltr'>παρασκευάσετε</span> <span class='ocrx_word' id='word_1_687' title='bbox 1475 4746 1769 4812; x_wconf 73' lang='grc' dir='ltr'>γενέσθαις</span> <span class='ocrx_word' id='word_1_688' title='bbox 1798 4749 1891 4800; x_wconf 74' lang='grc' dir='ltr'>καὶ</span> 
     </span>
    </p>
   </div>
   <div class='ocr_carea' id='block_1_96' title="bbox 313 4835 1894 4907">
    <p class='ocr_par' dir='ltr' id='par_1_96' title="bbox 313 4835 1894 4907">
     <span class='ocr_line' id='line_1_96' title="bbox 313 4835 1894 4907; baseline -0.001 -17"><span class='ocrx_word' id='word_1_689' title='bbox 313 4837 662 4907; x_wconf 74' lang='grc' dir='ltr'>συμϐήσεται</span> <span class='ocrx_word' id='word_1_690' title='bbox 694 4838 822 4907; x_wconf 82' lang='grc' dir='ltr'>ὑμῖν</span> <span class='ocrx_word' id='word_1_691' title='bbox 875 4837 1066 4905; x_wconf 84' lang='grc' dir='ltr'>ὥσπερ</span> <span class='ocrx_word' id='word_1_692' title='bbox 1095 4836 1189 4887; x_wconf 84' lang='grc' dir='ltr'>τοῦ</span> <span class='ocrx_word' id='word_1_693' title='bbox 1225 4835 1394 4888; x_wconf 78' lang='grc' dir='ltr'>καλοῦ</span> <span class='ocrx_word' id='word_1_694' title='bbox 1431 4837 1784 4906; x_wconf 80' lang='grc' dir='ltr'>παράδειγμα</span> <span class='ocrx_word' id='word_1_695' title='bbox 1809 4854 1894 4903; x_wconf 82' lang='grc' dir='ltr'>γι-</span> 
     </span>
    </p>
   </div>
   <div class='ocr_carea' id='block_1_97' title="bbox 310 4927 1889 5001">
    <p class='ocr_par' dir='ltr' id='par_1_97' title="bbox 310 4927 1889 5001">
     <span class='ocr_line' id='line_1_97' title="bbox 310 4927 1889 5001; baseline -0.001 -19"><span class='ocrx_word' id='word_1_696' title='bbox 310 4930 564 4998; x_wconf 77' lang='grc' dir='ltr'>νομένοις</span> <span class='ocrx_word' id='word_1_697' title='bbox 610 4931 750 5001; x_wconf 77' lang='grc' dir='ltr'>ὑπὲρ</span> <span class='ocrx_word' id='word_1_698' title='bbox 806 4930 905 4998; x_wconf 85' lang='grc' dir='ltr'>τῆς</span> <span class='ocrx_word' id='word_1_699' title='bbox 973 4930 1195 4982; x_wconf 80' lang='grc' dir='ltr'>πάντων</span> <span class='ocrx_word' id='word_1_700' title='bbox 1258 4927 1527 4998; x_wconf 84' lang='grc' dir='ltr'>ὠφελείας</span> <span class='ocrx_word' id='word_1_701' title='bbox 1588 4929 1738 4998; x_wconf 71' lang='grc' dir='ltr'>πῖρὰ</span> <span class='ocrx_word' id='word_1_702' title='bbox 1796 4928 1889 4981; x_wconf 77' lang='grc' dir='ltr'><strong>τοῦ</strong></span> 
     </span>
    </p>
   </div>
   <div class='ocr_carea' id='block_1_98' title="bbox 313 5018 1893 5093">
    <p class='ocr_par' dir='ltr' id='par_1_98' title="bbox 313 5018 1893 5093">
     <span class='ocr_line' id='line_1_98' title="bbox 313 5018 1893 5093; baseline -0.002 -19"><span class='ocrx_word' id='word_1_703' title='bbox 313 5021 708 5093; x_wconf 75' lang='grc' dir='ltr'>φιλανθρώπου</span> <span class='ocrx_word' id='word_1_704' title='bbox 733 5025 829 5076; x_wconf 79' lang='grc' dir='ltr'>καὶ</span> <span class='ocrx_word' id='word_1_705' title='bbox 846 5021 1057 5075; x_wconf 81' lang='grc' dir='ltr'>δικαίου</span> <span class='ocrx_word' id='word_1_706' title='bbox 1085 5020 1383 5091; x_wconf 76' lang='grc' dir='ltr'>βραὸευτοῦ</span> <span class='ocrx_word' id='word_1_707' title='bbox 1410 5019 1689 5087; x_wconf 81' lang='grc' dir='ltr'>στεφάνων</span> <span class='ocrx_word' id='word_1_708' title='bbox 1712 5018 1893 5082; x_wconf 78' lang='grc' dir='ltr'>ἀξιοῦ-</span> 
     </span>
    </p>
   </div>
   <div class='ocr_carea' id='block_1_99' title="bbox 315 5112 1892 5187">
    <p class='ocr_par' dir='ltr' id='par_1_99' title="bbox 315 5112 1892 5187">
     <span class='ocr_line' id='line_1_99' title="bbox 315 5112 1892 5187; baseline -0.003 -21"><span class='ocrx_word' id='word_1_709' title='bbox 315 5116 445 5167; x_wconf 85' lang='grc' dir='ltr'>σθαι</span> <span class='ocrx_word' id='word_1_710' title='bbox 479 5115 573 5167; x_wconf 79' lang='grc' dir='ltr'><strong>καὶ</strong></span> <span class='ocrx_word' id='word_1_711' title='bbox 607 5114 808 5187; x_wconf 84' lang='grc' dir='ltr'>γερῶν,</span> <span class='ocrx_word' id='word_1_712' title='bbox 846 5113 986 5166; x_wconf 73' lang='grc' dir='ltr'>οὕτω</span> <span class='ocrx_word' id='word_1_713' title='bbox 1018 5113 1112 5165; x_wconf 84' lang='grc' dir='ltr'><strong>νῦν</strong></span> <span class='ocrx_word' id='word_1_714' title='bbox 1161 5112 1346 5180; x_wconf 74' lang='grc' dir='ltr'>ὅφλειν</span> <span class='ocrx_word' id='word_1_715' title='bbox 1377 5113 1438 5163; x_wconf 88' lang='grc' dir='ltr'><strong>οὐ</strong></span> <span class='ocrx_word' id='word_1_716' title='bbox 1492 5113 1589 5174; x_wconf 77' lang='grc' dir='ltr'><strong>τὰς</strong></span> <span class='ocrx_word' id='word_1_717' title='bbox 1620 5115 1892 5182; x_wconf 68' lang='grc' dir='ltr'>τυχούσας</span> 
     </span>
    </p>
   </div>
   <div class='ocr_carea' id='block_1_100' title="bbox 312 5204 1892 5276">
    <p class='ocr_par' dir='ltr' id='par_1_100' title="bbox 312 5204 1892 5276">
     <span class='ocr_line' id='line_1_100' title="bbox 312 5204 1892 5276; baseline -0.006 -12"><span class='ocrx_word' id='word_1_718' title='bbox 312 5211 473 5270; x_wconf 80' lang='grc' dir='ltr'>δίκας</span> <span class='ocrx_word' id='word_1_719' title='bbox 515 5208 658 5276; x_wconf 82' lang='grc' dir='ltr'>ὑπὲρ</span> <span class='ocrx_word' id='word_1_720' title='bbox 711 5206 804 5260; x_wconf 76' lang='grc' dir='ltr'>τοῦ</span> <span class='ocrx_word' id='word_1_721' title='bbox 837 5207 970 5258; x_wconf 78' lang='grc' dir='ltr'>πᾶσι</span> <span class='ocrx_word' id='word_1_722' title='bbox 1001 5205 1204 5274; x_wconf 75' lang='grc' dir='ltr'>βλάϐης</span> <span class='ocrx_word' id='word_1_723' title='bbox 1229 5205 1490 5273; x_wconf 80' lang='grc' dir='ltr'>ἀφορμὴν</span> <span class='ocrx_word' id='word_1_724' title='bbox 1541 5204 1892 5273; x_wconf 75' lang='grc' dir='ltr'>παρεσχηκέο</span> 
     </span>
    </p>
   </div>
   <div class='ocr_carea' id='block_1_101' title="bbox 315 5294 1896 5366">
    <p class='ocr_par' dir='ltr' id='par_1_101' title="bbox 315 5294 1896 5366">
     <span class='ocr_line' id='line_1_101' title="bbox 315 5294 1896 5366; baseline -0.005 -12"><span class='ocrx_word' id='word_1_725' title='bbox 315 5319 429 5356; x_wconf 83' lang='grc' dir='ltr'>ναι.</span> <span class='ocrx_word' id='word_1_726' title='bbox 481 5298 621 5366; x_wconf 82' lang='grc' dir='ltr'>Ἐγὼ</span> <span class='ocrx_word' id='word_1_727' title='bbox 654 5300 709 5350; x_wconf 78' lang='grc' dir='ltr'>δὲ</span> <span class='ocrx_word' id='word_1_728' title='bbox 770 5299 1128 5366; x_wconf 74' lang='grc' dir='ltr'>παράδειγμα</span> <span class='ocrx_word' id='word_1_729' title='bbox 1183 5295 1602 5363; x_wconf 74' lang='grc' dir='ltr'>φιλανθρωπίας</span> <span class='ocrx_word' id='word_1_730' title='bbox 1647 5299 1740 5346; x_wconf 73' lang='grc' dir='ltr'><strong>καὶ</strong></span> <span class='ocrx_word' id='word_1_731' title='bbox 1789 5294 1896 5346; x_wconf 76' lang='grc' dir='ltr'>ἀπὸ</span> 
     </span>
    </p>
   </div>
   <div class='ocr_carea' id='block_1_102' title="bbox 317 5387 1898 5459">
    <p class='ocr_par' dir='ltr' id='par_1_102' title="bbox 317 5387 1898 5459">
     <span class='ocr_line' id='line_1_102' title="bbox 317 5387 1898 5459; baseline 0.003 -24"><span class='ocrx_word' id='word_1_732' title='bbox 317 5395 429 5445; x_wconf 72' lang='grc' dir='ltr'><strong>τῶν</strong></span> <span class='ocrx_word' id='word_1_733' title='bbox 475 5392 552 5455; x_wconf 75' lang='grc' dir='ltr'>τῷ</span> <span class='ocrx_word' id='word_1_734' title='bbox 587 5391 684 5459; x_wconf 80' lang='grc' dir='ltr'><strong>βίῳ</strong></span> <span class='ocrx_word' id='word_1_735' title='bbox 719 5389 1161 5456; x_wconf 80' lang='grc' dir='ltr'>προσηλωμένων</span> <span class='ocrx_word' id='word_1_736' title='bbox 1213 5387 1370 5456; x_wconf 81' lang='grc' dir='ltr'>ἡμῶν</span> <span class='ocrx_word' id='word_1_737' title='bbox 1402 5387 1712 5456; x_wconf 80' lang='grc' dir='ltr'>παρέξομαι</span> <span class='ocrx_word' id='word_1_738' title='bbox 1745 5387 1898 5459; x_wconf 57' lang='grc' dir='ltr'>ὑμῖν,</span> 
     </span>
    </p>
   </div>
   <div class='ocr_carea' id='block_1_103' title="bbox 317 5470 1898 5552">
    <p class='ocr_par' dir='ltr' id='par_1_103' title="bbox 317 5470 1898 5552">
     <span class='ocr_line' id='line_1_103' title="bbox 317 5470 1898 5552; baseline -0.004 -14"><span class='ocrx_word' id='word_1_739' title='bbox 317 5487 476 5538; x_wconf 73' lang='grc' dir='ltr'>οὖπω</span> <span class='ocrx_word' id='word_1_740' title='bbox 501 5484 625 5552; x_wconf 65' lang='grc' dir='ltr'>χθὲς</span> <span class='ocrx_word' id='word_1_741' title='bbox 655 5484 752 5535; x_wconf 75' lang='grc' dir='ltr'>καὶ</span> <span class='ocrx_word' id='word_1_742' title='bbox 781 5480 972 5552; x_wconf 76' lang='grc' dir='ltr'>πρῴην</span> <span class='ocrx_word' id='word_1_743' title='bbox 999 5470 1388 5549; x_wconf 82' lang='grc' dir='ltr'>γεγενημένον.</span> <span class='ocrx_word' id='word_1_744' title='bbox 1435 5481 1629 5548; x_wconf 78' lang='grc' dir='ltr'>Ὀρᾶτε</span> <span class='ocrx_word' id='word_1_745' title='bbox 1672 5479 1780 5549; x_wconf 81' lang='grc' dir='ltr'>γὰρ</span> <span class='ocrx_word' id='word_1_746' title='bbox 1807 5479 1898 5532; x_wconf 75' lang='grc' dir='ltr'><strong>τὸν</strong></span> 
     </span>
    </p>
   </div>
   <div class='ocr_carea' id='block_1_104' title="bbox 320 5571 1900 5645">
    <p class='ocr_par' dir='ltr' id='par_1_104' title="bbox 320 5571 1900 5645">
     <span class='ocr_line' id='line_1_104' title="bbox 320 5571 1900 5645; baseline -0.001 -19"><span class='ocrx_word' id='word_1_747' title='bbox 320 5576 574 5645; x_wconf 73' lang='grc' dir='ltr'>βασιλέα,</span> <span class='ocrx_word' id='word_1_748' title='bbox 603 5571 832 5625; x_wconf 80' lang='grc' dir='ltr'>τοσοῦτο</span> <span class='ocrx_word' id='word_1_749' title='bbox 867 5573 966 5640; x_wconf 79' lang='grc' dir='ltr'>μὲν</span> <span class='ocrx_word' id='word_1_750' title='bbox 999 5573 1176 5640; x_wconf 82' lang='grc' dir='ltr'>ἀρχῆς</span> <span class='ocrx_word' id='word_1_751' title='bbox 1220 5571 1450 5639; x_wconf 77' lang='grc' dir='ltr'>μέγεθος</span> <span class='ocrx_word' id='word_1_752' title='bbox 1493 5572 1900 5641; x_wconf 77' lang='grc' dir='ltr'>περιϐεϐλημέ-</span> 
     </span>
    </p>
   </div>
   <div class='ocr_carea' id='block_1_105' title="bbox 319 5647 1899 5735">
    <p class='ocr_par' dir='ltr' id='par_1_105' title="bbox 319 5647 1899 5735">
     <span class='ocr_line' id='line_1_105' title="bbox 319 5647 1899 5735; baseline -0.002 -15"><span class='ocrx_word' id='word_1_753' title='bbox 319 5685 434 5730; x_wconf 91' lang='grc' dir='ltr'>νον,</span> <span class='ocrx_word' id='word_1_754' title='bbox 484 5666 626 5718; x_wconf 81' lang='grc' dir='ltr'>ούτω</span> <span class='ocrx_word' id='word_1_755' title='bbox 649 5665 691 5716; x_wconf 81' lang='grc' dir='ltr'>δ’</span> <span class='ocrx_word' id='word_1_756' title='bbox 721 5666 780 5716; x_wconf 79' lang='grc' dir='ltr'><strong>ὲν</strong></span> <span class='ocrx_word' id='word_1_757' title='bbox 813 5664 962 5733; x_wconf 87' lang='grc' dir='ltr'>αὐτῷ</span> <span class='ocrx_word' id='word_1_758' title='bbox 995 5664 1072 5735; x_wconf 82' lang='grc' dir='ltr'>τῷ</span> <span class='ocrx_word' id='word_1_759' title='bbox 1127 5665 1224 5734; x_wconf 84' lang='grc' dir='ltr'>τῆς</span> <span class='ocrx_word' id='word_1_760' title='bbox 1269 5647 1525 5734; x_wconf 77' lang='grc' dir='ltr'>νεότητος</span> <span class='ocrx_word' id='word_1_761' title='bbox 1557 5663 1710 5717; x_wconf 79' lang='grc' dir='ltr'>ἄνθει</span> <span class='ocrx_word' id='word_1_762' title='bbox 1738 5704 1752 5731; x_wconf 92' lang='grc'><strong>,</strong></span> <span class='ocrx_word' id='word_1_763' title='bbox 1808 5664 1899 5717; x_wconf 81' lang='grc' dir='ltr'>ὅτε</span> 
     </span>
    </p>
   </div>
   <div class='ocr_carea' id='block_1_106' title="bbox 402 5819 1454 5888">
    <p class='ocr_par' dir='ltr' id='par_1_106' title="bbox 402 5819 1454 5888">
     <span class='ocr_line' id='line_1_106' title="bbox 402 5819 1454 5888; baseline 0 -12"><span class='ocrx_word' id='word_1_764' title='bbox 402 5823 418 5853; x_wconf 86' lang='grc'>¹</span> <span class='ocrx_word' id='word_1_765' title='bbox 458 5821 652 5877; x_wconf 80' lang='lat' dir='ltr'><strong>Matth.</strong></span> <span class='ocrx_word' id='word_1_766' title='bbox 691 5835 744 5888; x_wconf 76' lang='grc' dir='ltr'>ν,</span> <span class='ocrx_word' id='word_1_767' title='bbox 780 5819 871 5874; x_wconf 73' lang='lat'><strong>20.</strong></span> <span class='ocrx_word' id='word_1_768' title='bbox 948 5821 968 5852; x_wconf 80' lang='lat'>&#39;</span> <span class='ocrx_word' id='word_1_769' title='bbox 1001 5819 1193 5874; x_wconf 81' lang='lat' dir='ltr'><strong>Matth.</strong></span> <span class='ocrx_word' id='word_1_770' title='bbox 1245 5835 1333 5885; x_wconf 70' lang='grc' dir='ltr'>γι,</span> <span class='ocrx_word' id='word_1_771' title='bbox 1399 5820 1454 5876; x_wconf 85' lang='grc'>5.</span> 
     </span>
    </p>
   </div>
   <div class='ocr_carea' id='block_1_107' title="bbox 1995 4645 3574 4724">
    <p class='ocr_par' dir='ltr' id='par_1_107' title="bbox 1995 4645 3574 4724">
     <span class='ocr_line' id='line_1_107' title="bbox 1995 4645 3574 4724; baseline -0.007 -17"><span class='ocrx_word' id='word_1_772' title='bbox 1995 4655 2114 4722; x_wconf 84' lang='lat' dir='ltr'><strong>ipso</strong></span> <span class='ocrx_word' id='word_1_773' title='bbox 2151 4653 2328 4706; x_wconf 68' lang='lat' dir='ltr'><strong>aetatis</strong></span> <span class='ocrx_word' id='word_1_774' title='bbox 2357 4650 2510 4724; x_wconf 73' lang='lat' dir='ltr'><strong>ﬂore,</strong></span> <span class='ocrx_word' id='word_1_775' title='bbox 2547 4649 2764 4719; x_wconf 87' lang='lat' dir='ltr'><strong>quando</strong></span> <span class='ocrx_word' id='word_1_776' title='bbox 2794 4647 2940 4716; x_wconf 86' lang='lat' dir='ltr'><strong>quis,</strong></span> <span class='ocrx_word' id='word_1_777' title='bbox 2976 4646 3142 4700; x_wconf 90' lang='lat' dir='ltr'><strong>etiam</strong></span> <span class='ocrx_word' id='word_1_778' title='bbox 3173 4645 3461 4714; x_wconf 87' lang='lat' dir='ltr'><strong>plurimum</strong></span> <span class='ocrx_word' id='word_1_779' title='bbox 3507 4646 3574 4697; x_wconf 68' lang='lat' dir='ltr'><strong>de</strong></span> 
     </span>
    </p>
   </div>
   <div class='ocr_carea' id='block_1_108' title="bbox 1992 4737 3575 4803">
    <p class='ocr_par' dir='ltr' id='par_1_108' title="bbox 1992 4737 3575 4803">
     <span class='ocr_line' id='line_1_108' title="bbox 1992 4737 3575 4803; baseline -0.008 -5"><span class='ocrx_word' id='word_1_780' title='bbox 1992 4745 2102 4798; x_wconf 80' lang='lat' dir='ltr'><strong>vita</strong></span> <span class='ocrx_word' id='word_1_781' title='bbox 2145 4759 2291 4799; x_wconf 87' lang='lat' dir='ltr'><strong>recte</strong></span> <span class='ocrx_word' id='word_1_782' title='bbox 2313 4744 2650 4796; x_wconf 83' lang='lat' dir='ltr'><strong>instituenda</strong></span> <span class='ocrx_word' id='word_1_783' title='bbox 2675 4739 2967 4803; x_wconf 83' lang='lat' dir='ltr'><strong>sollicitus.</strong></span> <span class='ocrx_word' id='word_1_784' title='bbox 2992 4739 3250 4792; x_wconf 85' lang='lat' dir='ltr'><strong>facillime</strong></span> <span class='ocrx_word' id='word_1_785' title='bbox 3280 4748 3329 4789; x_wconf 87' lang='lat' dir='ltr'><strong>et</strong></span> <span class='ocrx_word' id='word_1_786' title='bbox 3355 4751 3385 4789; x_wconf 89' lang='lat' dir='ltr'><strong>a</strong></span> <span class='ocrx_word' id='word_1_787' title='bbox 3415 4737 3575 4788; x_wconf 86' lang='lat' dir='ltr'><strong>voln-</strong></span> 
     </span>
    </p>
   </div>
   <div class='ocr_carea' id='block_1_109' title="bbox 1995 4828 3578 4904">
    <p class='ocr_par' dir='ltr' id='par_1_109' title="bbox 1995 4828 3578 4904">
     <span class='ocr_line' id='line_1_109' title="bbox 1995 4828 3578 4904; baseline -0.004 -17"><span class='ocrx_word' id='word_1_788' title='bbox 1995 4833 2238 4904; x_wconf 88' lang='lat' dir='ltr'><strong>ptatibus</strong></span> <span class='ocrx_word' id='word_1_789' title='bbox 2267 4833 2635 4903; x_wconf 88' lang='lat' dir='ltr'><strong>pessumdari,</strong></span> <span class='ocrx_word' id='word_1_790' title='bbox 2655 4839 2710 4884; x_wconf 89' lang='lat' dir='ltr'><strong>et</strong></span> <span class='ocrx_word' id='word_1_791' title='bbox 2739 4831 2805 4884; x_wconf 87' lang='lat' dir='ltr'><strong>ad</strong></span> <span class='ocrx_word' id='word_1_792' title='bbox 2842 4832 2975 4882; x_wconf 88' lang='lat' dir='ltr'><strong>iram</strong></span> <span class='ocrx_word' id='word_1_793' title='bbox 3006 4828 3420 4882; x_wconf 84' lang='lat' dir='ltr'><strong>immoderatam</strong></span> <span class='ocrx_word' id='word_1_794' title='bbox 3481 4831 3578 4881; x_wconf 84' lang='lat' dir='ltr'><strong>im—</strong></span> 
     </span>
    </p>
   </div>
   <div class='ocr_carea' id='block_1_110' title="bbox 2001 4921 3575 4996">
    <p class='ocr_par' dir='ltr' id='par_1_110' title="bbox 2001 4921 3575 4996">
     <span class='ocr_line' id='line_1_110' title="bbox 2001 4921 3575 4996; baseline -0.004 -16"><span class='ocrx_word' id='word_1_795' title='bbox 2001 4927 2126 4996; x_wconf 72' lang='lat' dir='ltr'><strong>pelli</strong></span> <span class='ocrx_word' id='word_1_796' title='bbox 2163 4927 2324 4992; x_wconf 88' lang='lat' dir='ltr'><strong>solet,</strong></span> <span class='ocrx_word' id='word_1_797' title='bbox 2351 4924 2618 4979; x_wconf 85' lang='lat' dir='ltr'><strong>adversus</strong></span> <span class='ocrx_word' id='word_1_798' title='bbox 2651 4925 3062 4993; x_wconf 72' lang='lat' dir='ltr'><strong>protervitatem</strong></span> <span class='ocrx_word' id='word_1_799' title='bbox 3099 4921 3286 4987; x_wconf 83' lang='lat' dir='ltr'><strong>Marci,</strong></span> <span class='ocrx_word' id='word_1_800' title='bbox 3332 4923 3575 4974; x_wconf 83' lang='lat' dir='ltr'><strong>on-niuui</strong></span> 
     </span>
    </p>
   </div>
   <div class='ocr_carea' id='block_1_111' title="bbox 2001 5015 3580 5090">
    <p class='ocr_par' dir='ltr' id='par_1_111' title="bbox 2001 5015 3580 5090">
     <span class='ocr_line' id='line_1_111' title="bbox 2001 5015 3580 5090; baseline -0.003 -18"><span class='ocrx_word' id='word_1_801' title='bbox 2001 5018 2314 5072; x_wconf 80' lang='lat' dir='ltr'><strong>mortalium</strong></span> <span class='ocrx_word' id='word_1_802' title='bbox 2372 5015 2768 5090; x_wconf 86' lang='lat' dir='ltr'><strong>scelestissimi,</strong></span> <span class='ocrx_word' id='word_1_803' title='bbox 2796 5015 2968 5084; x_wconf 88' lang='lat' dir='ltr'><strong>quali,</strong></span> <span class='ocrx_word' id='word_1_804' title='bbox 2998 5030 3271 5084; x_wconf 83' lang='lat' dir='ltr'><strong>quamque</strong></span> <span class='ocrx_word' id='word_1_805' title='bbox 3325 5015 3580 5068; x_wconf 79' lang='lat' dir='ltr'><strong>omnibus</strong></span> 
     </span>
    </p>
   </div>
   <div class='ocr_carea' id='block_1_112' title="bbox 2005 5105 3616 5178">
    <p class='ocr_par' dir='ltr' id='par_1_112' title="bbox 2005 5105 3616 5178">
     <span class='ocr_line' id='line_1_112' title="bbox 2005 5105 3616 5178; baseline -0.004 -15"><span class='ocrx_word' id='word_1_806' title='bbox 2005 5109 2286 5178; x_wconf 83' lang='lat' dir='ltr'><strong>inopinata</strong></span> <span class='ocrx_word' id='word_1_807' title='bbox 2325 5107 2753 5161; x_wconf 64' lang='lat' dir='ltr'><strong>mansuetudine</strong></span> <span class='ocrx_word' id='word_1_808' title='bbox 2789 5116 2846 5160; x_wconf 87' lang='lat' dir='ltr'><strong>et</strong></span> <span class='ocrx_word' id='word_1_809' title='bbox 2895 5106 3184 5159; x_wconf 77' lang='lat' dir='ltr'><strong>clementia</strong></span> <span class='ocrx_word' id='word_1_810' title='bbox 3225 5121 3356 5158; x_wconf 91' lang='lat' dir='ltr'><strong>usus</strong></span> <span class='ocrx_word' id='word_1_811' title='bbox 3391 5106 3479 5157; x_wconf 90' lang='lat' dir='ltr'><strong>sit.</strong></span> <span class='ocrx_word' id='word_1_812' title='bbox 3524 5105 3616 5158; x_wconf 66' lang='grc' dir='ltr'><strong>δί’</strong></span> 
     </span>
    </p>
   </div>
   <div class='ocr_carea' id='block_1_113' title="bbox 2004 5197 3581 5269">
    <p class='ocr_par' dir='ltr' id='par_1_113' title="bbox 2004 5197 3581 5269">
     <span class='ocr_line' id='line_1_113' title="bbox 2004 5197 3581 5269; baseline -0.005 -15"><span class='ocrx_word' id='word_1_813' title='bbox 2004 5215 2134 5269; x_wconf 71' lang='lat' dir='ltr'><strong>ergo</strong></span> <span class='ocrx_word' id='word_1_814' title='bbox 2165 5199 2254 5253; x_wconf 87' lang='lat' dir='ltr'><strong>ille</strong></span> <span class='ocrx_word' id='word_1_815' title='bbox 2283 5199 2772 5266; x_wconf 69' lang='lat' dir='ltr'><strong>etsetatejuvvnis,</strong></span> <span class='ocrx_word' id='word_1_816' title='bbox 2796 5207 2848 5251; x_wconf 82' lang='lat' dir='ltr'><strong>et</strong></span> <span class='ocrx_word' id='word_1_817' title='bbox 2874 5199 3192 5265; x_wconf 84' lang='lat' dir='ltr'><strong>imperator,</strong></span> <span class='ocrx_word' id='word_1_818' title='bbox 3228 5208 3286 5248; x_wconf 87' lang='lat' dir='ltr'><strong>ut</strong></span> <span class='ocrx_word' id='word_1_819' title='bbox 3315 5197 3581 5260; x_wconf 62' lang='lat' dir='ltr'><strong>diximus,</strong></span> 
     </span>
    </p>
   </div>
   <div class='ocr_carea' id='block_1_114' title="bbox 2005 5286 3583 5358">
    <p class='ocr_par' dir='ltr' id='par_1_114' title="bbox 2005 5286 3583 5358">
     <span class='ocr_line' id='line_1_114' title="bbox 2005 5286 3583 5358; baseline -0.004 -13"><span class='ocrx_word' id='word_1_820' title='bbox 2005 5303 2060 5346; x_wconf 84' lang='lat' dir='ltr'><strong>et</strong></span> <span class='ocrx_word' id='word_1_821' title='bbox 2107 5291 2346 5358; x_wconf 71' lang='lat' dir='ltr'><strong>negotiis</strong></span> <span class='ocrx_word' id='word_1_822' title='bbox 2404 5290 2566 5358; x_wconf 82' lang='lat' dir='ltr'><strong>hujus</strong></span> <span class='ocrx_word' id='word_1_823' title='bbox 2629 5289 2755 5342; x_wconf 76' lang='lat' dir='ltr'><strong>vita:</strong></span> <span class='ocrx_word' id='word_1_824' title='bbox 2796 5287 3117 5349; x_wconf 83' lang='lat' dir='ltr'><strong>involutus,</strong></span> <span class='ocrx_word' id='word_1_825' title='bbox 3180 5297 3286 5338; x_wconf 87' lang='lat' dir='ltr'><strong>tam</strong></span> <span class='ocrx_word' id='word_1_826' title='bbox 3349 5286 3583 5339; x_wconf 78' lang='lat' dir='ltr'><strong>libent-1&#39;</strong></span> 
     </span>
    </p>
   </div>
   <div class='ocr_carea' id='block_1_115' title="bbox 2002 5379 3584 5447">
    <p class='ocr_par' dir='ltr' id='par_1_115' title="bbox 2002 5379 3584 5447">
     <span class='ocr_line' id='line_1_115' title="bbox 2002 5379 3584 5447; baseline -0.004 -10"><span class='ocrx_word' id='word_1_827' title='bbox 2002 5383 2267 5437; x_wconf 80' lang='lat' dir='ltr'><strong>offensam</strong></span> <span class='ocrx_word' id='word_1_828' title='bbox 2301 5381 2654 5443; x_wconf 74' lang='lat' dir='ltr'><strong>condonavit,</strong></span> <span class='ocrx_word' id='word_1_829' title='bbox 2694 5391 2749 5432; x_wconf 89' lang='lat' dir='ltr'><strong>tu</strong></span> <span class='ocrx_word' id='word_1_830' title='bbox 2801 5379 3110 5432; x_wconf 81' lang='lat' dir='ltr'><strong>Communis</strong></span> <span class='ocrx_word' id='word_1_831' title='bbox 3175 5389 3480 5447; x_wconf 59' lang='lat' dir='ltr'><strong>praeceptor</strong></span> <span class='ocrx_word' id='word_1_832' title='bbox 3526 5387 3584 5431; x_wconf 88' lang='lat' dir='ltr'><strong>et</strong></span> 
     </span>
    </p>
   </div>
   <div class='ocr_carea' id='block_1_116' title="bbox 2007 5455 3583 5544">
    <p class='ocr_par' dir='ltr' id='par_1_116' title="bbox 2007 5455 3583 5544">
     <span class='ocr_line' id='line_1_116' title="bbox 2007 5455 3583 5544; baseline -0.004 -14"><span class='ocrx_word' id='word_1_833' title='bbox 2007 5488 2270 5544; x_wconf 84' lang='lat' dir='ltr'><strong>tauquam</strong></span> <span class='ocrx_word' id='word_1_834' title='bbox 2337 5476 2630 5543; x_wconf 77' lang='lat' dir='ltr'><strong>sanctioris</strong></span> <span class='ocrx_word' id='word_1_835' title='bbox 2686 5475 2812 5526; x_wconf 66' lang='lat' dir='ltr'><strong>vita:</strong></span> <span class='ocrx_word' id='word_1_836' title='bbox 2882 5473 3164 5542; x_wconf 78' lang='lat' dir='ltr'><strong>speculum</strong></span> <span class='ocrx_word' id='word_1_837' title='bbox 3223 5455 3583 5540; x_wconf 77' lang='lat' dir='ltr'><strong>propositus,</strong></span> 
     </span>
    </p>
   </div>
   <div class='ocr_carea' id='block_1_117' title="bbox 2005 5564 3586 5637">
    <p class='ocr_par' dir='ltr' id='par_1_117' title="bbox 2005 5564 3586 5637">
     <span class='ocr_line' id='line_1_117' title="bbox 2005 5564 3586 5637; baseline -0.005 -14"><span class='ocrx_word' id='word_1_838' title='bbox 2005 5570 2268 5624; x_wconf 76' lang='lat' dir='ltr'><strong>fratribus</strong></span> <span class='ocrx_word' id='word_1_839' title='bbox 2301 5568 2516 5637; x_wconf 77' lang='lat' dir='ltr'><strong>ignavia</strong></span> <span class='ocrx_word' id='word_1_840' title='bbox 2551 5567 2787 5637; x_wconf 85' lang='lat' dir='ltr'><strong>quadam</strong></span> <span class='ocrx_word' id='word_1_841' title='bbox 2813 5566 2951 5619; x_wconf 82' lang='lat' dir='ltr'><strong>male</strong></span> <span class='ocrx_word' id='word_1_842' title='bbox 2975 5566 3043 5619; x_wconf 84' lang='lat' dir='ltr'><strong>de</strong></span> <span class='ocrx_word' id='word_1_843' title='bbox 3076 5575 3126 5619; x_wconf 87' lang='lat' dir='ltr'><strong>te</strong></span> <span class='ocrx_word' id='word_1_844' title='bbox 3158 5564 3370 5618; x_wconf 82' lang='lat' dir='ltr'><strong>meritis</strong></span> <span class='ocrx_word' id='word_1_845' title='bbox 3403 5578 3586 5615; x_wconf 89' lang='lat' dir='ltr'><strong>nonne</strong></span> 
     </span>
    </p>
   </div>
   <div class='ocr_carea' id='block_1_118' title="bbox 2009 5657 3679 5736">
    <p class='ocr_par' dir='ltr' id='par_1_118' title="bbox 2009 5657 3679 5736">
     <span class='ocr_line' id='line_1_118' title="bbox 2009 5657 3679 5736; baseline -0.007 -17"><span class='ocrx_word' id='word_1_846' title='bbox 2009 5663 2303 5736; x_wconf 78' lang='lat' dir='ltr'><strong>ignosces?</strong></span> <span class='ocrx_word' id='word_1_847' title='bbox 2343 5680 2410 5716; x_wconf 75' lang='lat' dir='ltr'><strong>aa</strong></span> <span class='ocrx_word' id='word_1_848' title='bbox 2456 5663 2527 5717; x_wconf 88' lang='lat' dir='ltr'><strong>ita</strong></span> <span class='ocrx_word' id='word_1_849' title='bbox 2560 5664 2883 5718; x_wconf 74' lang='lat' dir='ltr'><strong>obiit-matus</strong></span> <span class='ocrx_word' id='word_1_850' title='bbox 2915 5659 2970 5714; x_wconf 88' lang='lat' dir='ltr'><strong>in</strong></span> <span class='ocrx_word' id='word_1_851' title='bbox 3014 5657 3369 5730; x_wconf 80' lang='lat' dir='ltr'><strong>reposcendis</strong></span> <span class='ocrx_word' id='word_1_852' title='bbox 3396 5671 3425 5709; x_wconf 89' lang='lat' dir='ltr'><strong>a</strong></span> <span class='ocrx_word' id='word_1_853' title='bbox 3457 5669 3590 5711; x_wconf 75' lang='lat' dir='ltr'><strong>son-</strong></span> <span class='ocrx_word' id='word_1_854' title='bbox 3674 5677 3679 5686; x_wconf 71' lang='grc' dir='ltr'><strong><em>π</em></strong></span> 
     </span>
    </p>
   </div>
   <div class='ocr_carea' id='block_1_119' title="bbox 1530 5817 2343 5886">
    <p class='ocr_par' dir='ltr' id='par_1_119' title="bbox 1530 5817 2343 5886">
     <span class='ocr_line' id='line_1_119' title="bbox 1530 5817 2343 5886; baseline -0.001 -13"><span class='ocrx_word' id='word_1_855' title='bbox 1530 5819 1550 5850; x_wconf 85' lang='grc'><strong>⁹</strong></span> <span class='ocrx_word' id='word_1_856' title='bbox 1586 5817 1723 5873; x_wconf 85' lang='lat' dir='ltr'><strong>Ibid.</strong></span> <span class='ocrx_word' id='word_1_857' title='bbox 1759 5819 1812 5873; x_wconf 82' lang='grc'>6.</span> <span class='ocrx_word' id='word_1_858' title='bbox 1888 5819 1910 5852; x_wconf 76' lang='grc'>⁸</span> <span class='ocrx_word' id='word_1_859' title='bbox 1943 5820 2134 5875; x_wconf 80' lang='lat' dir='ltr'><strong>Matth.</strong></span> <span class='ocrx_word' id='word_1_860' title='bbox 2173 5836 2225 5886; x_wconf 71' lang='grc' dir='ltr'>ι’,</span> <span class='ocrx_word' id='word_1_861' title='bbox 2256 5820 2343 5873; x_wconf 83' lang='lat' dir='ltr'><strong>l6.</strong></span> 
     </span>
    </p>
   </div>
  </div>
