  <div class='ocr_page' id='page_1' title='image "/cluster/home/n/w/nwhite01/storage/ocr_20150623/153/nnc1.0046981039/222.png"; bbox 0 0 4250 6444; ppageno 0'>
   <div class='ocr_carea' id='block_1_1' title="bbox 209 425 323 485">
    <p class='ocr_par' dir='ltr' id='par_1_1' title="bbox 209 425 323 485">
     <span class='ocr_line' id='line_1_1' title="bbox 209 425 323 485; baseline 0.018 -2"><span class='ocrx_word' id='word_1_1' title='bbox 209 425 323 485; x_wconf 74' lang='grc'><strong>421</strong></span> 
     </span>
    </p>
   </div>
   <div class='ocr_carea' id='block_1_2' title="bbox 1378 415 2318 477">
    <p class='ocr_par' dir='ltr' id='par_1_2' title="bbox 1378 415 2318 477">
     <span class='ocr_line' id='line_1_2' title="bbox 1378 415 2318 477; baseline -0.006 -1"><span class='ocrx_word' id='word_1_2' title='bbox 1378 416 1918 477; x_wconf 64' lang='grc' dir='ltr'>Ηιδτοιιιιιιιυιι</span> <span class='ocrx_word' id='word_1_3' title='bbox 1971 415 2194 474; x_wconf 68' lang='lat' dir='ltr'><strong>LiBEii</strong></span> <span class='ocrx_word' id='word_1_4' title='bbox 2247 429 2318 472; x_wconf 81' lang='lat' dir='ltr'><strong>tt.</strong></span> 
     </span>
    </p>
   </div>
   <div class='ocr_carea' id='block_1_3' title="bbox 3383 405 3492 478">
    <p class='ocr_par' dir='ltr' id='par_1_3' title="bbox 3383 405 3492 478">
     <span class='ocr_line' id='line_1_3' title="bbox 3383 405 3492 478; baseline 0.018 -2"><span class='ocrx_word' id='word_1_5' title='bbox 3383 405 3492 478; x_wconf 66' lang='grc' dir='ltr'><strong>λιῗὲ</strong></span> 
     </span>
    </p>
   </div>
   <div class='ocr_carea' id='block_1_4' title="bbox 213 523 1891 604">
    <p class='ocr_par' dir='ltr' id='par_1_4' title="bbox 213 529 1888 604">
     <span class='ocr_line' id='line_1_4' title="bbox 213 529 1888 604; baseline -0.001 -20"><span class='ocrx_word' id='word_1_6' title='bbox 213 532 482 602; x_wconf 64' lang='grc' dir='ltr'>βασιλεὺς</span> <span class='ocrx_word' id='word_1_7' title='bbox 515 531 732 604; x_wconf 77' lang='grc' dir='ltr'>Μιχαὴλ</span> <span class='ocrx_word' id='word_1_8' title='bbox 765 531 1108 602; x_wconf 69' lang='grc' dir='ltr'><strong>πανστρατιᾷ</strong></span> <span class='ocrx_word' id='word_1_9' title='bbox 1133 529 1392 582; x_wconf 77' lang='grc' dir='ltr'>ἐσέϐαλεν</span> <span class='ocrx_word' id='word_1_10' title='bbox 1420 529 1502 592; x_wconf 88' lang='grc' dir='ltr'><strong>είς</strong></span> <span class='ocrx_word' id='word_1_11' title='bbox 1532 532 1632 598; x_wconf 84' lang='grc' dir='ltr'><strong>τὴν</strong></span> <span class='ocrx_word' id='word_1_12' title='bbox 1674 529 1810 582; x_wconf 87' lang='grc' dir='ltr'><strong>Ῥω·</strong></span> <span class='ocrx_word' id='word_1_13' title='bbox 1835 530 1888 589; x_wconf 77' lang='grc' dir='ltr'>Α</span> 
     </span>
    </p>
   </div>
   <div class='ocr_carea' id='block_1_5' title="bbox 1809 523 3487 604">
    <p class='ocr_par' dir='ltr' id='par_1_5' title="bbox 1809 523 3487 594">
     <span class='ocr_line' id='line_1_5' title="bbox 1809 523 3487 594; baseline 0.001 -14"><span class='ocrx_word' id='word_1_14' title='bbox 1809 530 1888 589; x_wconf 60' lang='grc' dir='ltr'><strong>ηΑ</strong></span> <span class='ocrx_word' id='word_1_15' title='bbox 1913 525 2178 580; x_wconf 69' lang='lat' dir='ltr'><strong>orrmibus</strong></span> <span class='ocrx_word' id='word_1_16' title='bbox 2207 525 2382 594; x_wconf 75' lang='lat' dir='ltr'><strong>copiis</strong></span> <span class='ocrx_word' id='word_1_17' title='bbox 2413 526 2526 577; x_wconf 85' lang='lat' dir='ltr'><strong>suis</strong></span> <span class='ocrx_word' id='word_1_18' title='bbox 2549 535 2601 576; x_wconf 87' lang='lat' dir='ltr'><strong>et</strong></span> <span class='ocrx_word' id='word_1_19' title='bbox 2639 523 2964 594; x_wconf 80' lang='lat' dir='ltr'><strong>Scytharum</strong></span> <span class='ocrx_word' id='word_1_20' title='bbox 3003 523 3243 586; x_wconf 83' lang='lat' dir='ltr'><strong>auxiliis,</strong></span> <span class='ocrx_word' id='word_1_21' title='bbox 3272 524 3325 577; x_wconf 90' lang='lat' dir='ltr'><strong>in</strong></span> <span class='ocrx_word' id='word_1_22' title='bbox 3353 525 3487 584; x_wconf 69' lang='lat' dir='ltr'><strong>linis</strong></span> 
     </span>
    </p>
   </div>
   <div class='ocr_carea' id='block_1_6' title="bbox 213 622 1804 696">
    <p class='ocr_par' dir='ltr' id='par_1_6' title="bbox 213 622 1804 696">
     <span class='ocr_line' id='line_1_6' title="bbox 213 622 1804 696; baseline -0.003 -16"><span class='ocrx_word' id='word_1_23' title='bbox 213 628 426 696; x_wconf 82' lang='grc' dir='ltr'>μαίων,</span> <span class='ocrx_word' id='word_1_24' title='bbox 456 629 608 694; x_wconf 85' lang='grc' dir='ltr'>ἀγων</span> <span class='ocrx_word' id='word_1_25' title='bbox 639 625 734 678; x_wconf 78' lang='grc' dir='ltr'>καὶ</span> <span class='ocrx_word' id='word_1_26' title='bbox 789 625 1004 686; x_wconf 75' lang='grc' dir='ltr'>Σκύθας</span> <span class='ocrx_word' id='word_1_27' title='bbox 1045 625 1391 694; x_wconf 85' lang='grc' dir='ltr'>συμμάχους,</span> <span class='ocrx_word' id='word_1_28' title='bbox 1426 623 1524 675; x_wconf 73' lang='grc' dir='ltr'>καὶ</span> <span class='ocrx_word' id='word_1_29' title='bbox 1561 623 1660 684; x_wconf 80' lang='grc' dir='ltr'>τὰς</span> <span class='ocrx_word' id='word_1_30' title='bbox 1689 622 1804 675; x_wconf 87' lang='grc' dir='ltr'><strong>ἀνω</strong></span> 
     </span>
    </p>
   </div>
   <div class='ocr_carea' id='block_1_7' title="bbox 209 714 1800 789">
    <p class='ocr_par' dir='ltr' id='par_1_7' title="bbox 209 714 1800 789">
     <span class='ocr_line' id='line_1_7' title="bbox 209 714 1800 789; baseline -0.004 -19"><span class='ocrx_word' id='word_1_31' title='bbox 209 720 324 786; x_wconf 72' lang='grc' dir='ltr'>τῆς</span> <span class='ocrx_word' id='word_1_32' title='bbox 384 720 606 789; x_wconf 78' lang='grc' dir='ltr'>Θρᾴκης</span> <span class='ocrx_word' id='word_1_33' title='bbox 654 717 856 786; x_wconf 77' lang='grc' dir='ltr'>ἐδῄωσε</span> <span class='ocrx_word' id='word_1_34' title='bbox 912 717 1096 777; x_wconf 79' lang='grc' dir='ltr'>πόλεις</span> <span class='ocrx_word' id='word_1_35' title='bbox 1145 716 1232 783; x_wconf 66' lang='grc' dir='ltr'><strong>ἐφ’</strong></span> <span class='ocrx_word' id='word_1_36' title='bbox 1285 714 1524 784; x_wconf 85' lang='grc' dir='ltr'>ἡμέραις</span> <span class='ocrx_word' id='word_1_37' title='bbox 1563 715 1800 773; x_wconf 75' lang='grc' dir='ltr'><strong>ἱκαναῖς.</strong></span> 
     </span>
    </p>
   </div>
   <div class='ocr_carea' id='block_1_8' title="bbox 229 799 1802 873">
    <p class='ocr_par' dir='ltr' id='par_1_8' title="bbox 229 799 1802 873">
     <span class='ocr_line' id='line_1_8' title="bbox 229 799 1802 873; baseline -0.004 -15"><span class='ocrx_word' id='word_1_38' title='bbox 229 807 390 859; x_wconf 74' lang='grc' dir='ltr'>Ἐπεὶ</span> <span class='ocrx_word' id='word_1_39' title='bbox 411 807 468 864; x_wconf 71' lang='grc' dir='ltr'>δὲ.</span> <span class='ocrx_word' id='word_1_40' title='bbox 495 806 726 858; x_wconf 81' lang='grc' dir='ltr'>ἐπύθετο</span> <span class='ocrx_word' id='word_1_41' title='bbox 749 807 774 854; x_wconf 87' lang='grc' dir='ltr'><strong><em>ὸ</em></strong></span> <span class='ocrx_word' id='word_1_42' title='bbox 801 804 1053 872; x_wconf 81' lang='grc' dir='ltr'>βασιλεὺς</span> <span class='ocrx_word' id='word_1_43' title='bbox 1079 803 1178 873; x_wconf 83' lang='grc' dir='ltr'><strong>τὴν</strong></span> <span class='ocrx_word' id='word_1_44' title='bbox 1215 799 1485 869; x_wconf 83' lang='grc' dir='ltr'>εἰσϐολὴν,</span> <span class='ocrx_word' id='word_1_45' title='bbox 1518 801 1651 870; x_wconf 82' lang='grc' dir='ltr'>ὅσην</span> <span class='ocrx_word' id='word_1_46' title='bbox 1677 800 1802 868; x_wconf 73' lang='grc' dir='ltr'><strong>ἐξῆν</strong></span> 
     </span>
    </p>
   </div>
   <div class='ocr_carea' id='block_1_9' title="bbox 211 887 1800 966">
    <p class='ocr_par' dir='ltr' id='par_1_9' title="bbox 211 887 1800 966">
     <span class='ocr_line' id='line_1_9' title="bbox 211 887 1800 966; baseline -0.003 -20"><span class='ocrx_word' id='word_1_47' title='bbox 211 895 485 966; x_wconf 83' lang='grc' dir='ltr'>ἁθροίσας</span> <span class='ocrx_word' id='word_1_48' title='bbox 514 894 797 963; x_wconf 74' lang='grc' dir='ltr'>στρατιὰν,</span> <span class='ocrx_word' id='word_1_49' title='bbox 850 887 1016 962; x_wconf 83' lang='grc' dir='ltr'>ἦλθεν</span> <span class='ocrx_word' id='word_1_50' title='bbox 1065 892 1144 954; x_wconf 80' lang='grc' dir='ltr'><strong>είς</strong></span> <span class='ocrx_word' id='word_1_51' title='bbox 1204 889 1407 958; x_wconf 78' lang='grc' dir='ltr'>Βιζύην</span> <span class='ocrx_word' id='word_1_52' title='bbox 1439 887 1582 940; x_wconf 77' lang='grc' dir='ltr'><strong>κατά</strong></span> <span class='ocrx_word' id='word_1_53' title='bbox 1613 887 1800 955; x_wconf 73' lang='grc' dir='ltr'>τάχος,</span> 
     </span>
    </p>
   </div>
   <div class='ocr_carea' id='block_1_10' title="bbox 215 971 1804 1055">
    <p class='ocr_par' dir='ltr' id='par_1_10' title="bbox 215 971 1804 1055">
     <span class='ocr_line' id='line_1_10' title="bbox 215 971 1804 1055; baseline -0.005 -16"><span class='ocrx_word' id='word_1_54' title='bbox 215 990 386 1040; x_wconf 71' lang='grc' dir='ltr'>κάκεῖ</span> <span class='ocrx_word' id='word_1_55' title='bbox 424 971 872 1055; x_wconf 62' lang='grc' dir='ltr'>παρεσκευάζετο</span> <span class='ocrx_word' id='word_1_56' title='bbox 923 983 1061 1052; x_wconf 78' lang='grc' dir='ltr'>πρὸς</span> <span class='ocrx_word' id='word_1_57' title='bbox 1092 987 1291 1053; x_wconf 69' lang='grc' dir='ltr'>μάχην.</span> <span class='ocrx_word' id='word_1_58' title='bbox 1328 981 1552 1052; x_wconf 76' lang='grc' dir='ltr'>Μιχαὴλ</span> <span class='ocrx_word' id='word_1_59' title='bbox 1588 980 1646 1033; x_wconf 77' lang='grc' dir='ltr'>δὲ</span> <span class='ocrx_word' id='word_1_60' title='bbox 1679 981 1804 1032; x_wconf 77' lang='grc' dir='ltr'>ἐπεὶ</span> 
     </span>
    </p>
   </div>
   <div class='ocr_carea' id='block_1_11' title="bbox 215 1071 1801 1151">
    <p class='ocr_par' dir='ltr' id='par_1_11' title="bbox 215 1071 1801 1151">
     <span class='ocr_line' id='line_1_11' title="bbox 215 1071 1801 1151; baseline -0.004 -20"><span class='ocrx_word' id='word_1_61' title='bbox 215 1083 364 1151; x_wconf 68' lang='grc' dir='ltr'>πρὶς</span> <span class='ocrx_word' id='word_1_62' title='bbox 412 1083 522 1134; x_wconf 83' lang='grc' dir='ltr'><strong>τῶν</strong></span> <span class='ocrx_word' id='word_1_63' title='bbox 570 1081 852 1150; x_wconf 81' lang='grc' dir='ltr'>σφετέρων</span> <span class='ocrx_word' id='word_1_64' title='bbox 909 1079 1072 1147; x_wconf 81' lang='grc' dir='ltr'>μάθοι</span> <span class='ocrx_word' id='word_1_65' title='bbox 1125 1081 1494 1129; x_wconf 69' lang='grc' dir='ltr'>κατασκόπων</span> <span class='ocrx_word' id='word_1_66' title='bbox 1543 1077 1600 1128; x_wconf 79' lang='grc' dir='ltr'>ὲν</span> <span class='ocrx_word' id='word_1_67' title='bbox 1633 1071 1801 1143; x_wconf 79' lang='grc' dir='ltr'>Βιζύῃ</span> 
     </span>
    </p>
   </div>
   <div class='ocr_carea' id='block_1_12' title="bbox 216 1165 1803 1241">
    <p class='ocr_par' dir='ltr' id='par_1_12' title="bbox 216 1165 1803 1241">
     <span class='ocr_line' id='line_1_12' title="bbox 216 1165 1803 1241; baseline -0.007 -15"><span class='ocrx_word' id='word_1_68' title='bbox 216 1170 750 1241; x_wconf 72' lang='grc' dir='ltr'><strong>παρασκευάζεσθαι</strong></span> <span class='ocrx_word' id='word_1_69' title='bbox 782 1171 873 1222; x_wconf 86' lang='grc' dir='ltr'><strong>τδν</strong></span> <span class='ocrx_word' id='word_1_70' title='bbox 905 1168 1155 1238; x_wconf 77' lang='grc' dir='ltr'><strong>βασιλέα.</strong></span> <span class='ocrx_word' id='word_1_71' title='bbox 1188 1167 1292 1238; x_wconf 80' lang='grc' dir='ltr'>(ἔτι</span> <span class='ocrx_word' id='word_1_72' title='bbox 1336 1166 1447 1234; x_wconf 86' lang='grc' dir='ltr'>γὰρ</span> <span class='ocrx_word' id='word_1_73' title='bbox 1478 1166 1536 1216; x_wconf 80' lang='grc' dir='ltr'>ὲν</span> <span class='ocrx_word' id='word_1_74' title='bbox 1559 1167 1626 1234; x_wconf 89' lang='grc' dir='ltr'>τῇ</span> <span class='ocrx_word' id='word_1_75' title='bbox 1669 1165 1803 1217; x_wconf 83' lang='grc' dir='ltr'><strong>Ῥω-</strong></span> 
     </span>
    </p>
   </div>
   <div class='ocr_carea' id='block_1_13' title="bbox 220 1255 1802 1334">
    <p class='ocr_par' dir='ltr' id='par_1_13' title="bbox 220 1255 1802 1334">
     <span class='ocr_line' id='line_1_13' title="bbox 220 1255 1802 1334; baseline -0.008 -16"><span class='ocrx_word' id='word_1_76' title='bbox 220 1267 406 1334; x_wconf 80' lang='grc' dir='ltr'>μαίων</span> <span class='ocrx_word' id='word_1_77' title='bbox 437 1265 746 1334; x_wconf 84' lang='grc' dir='ltr'>καθήμενος</span> <span class='ocrx_word' id='word_1_78' title='bbox 779 1262 985 1333; x_wconf 76' lang='grc' dir='ltr'>ἐδῄου),</span> <span class='ocrx_word' id='word_1_79' title='bbox 1018 1262 1199 1322; x_wconf 87' lang='grc' dir='ltr'>δείσας</span> <span class='ocrx_word' id='word_1_80' title='bbox 1233 1259 1308 1328; x_wconf 90' lang='grc' dir='ltr'><strong>μὴ</strong></span> <span class='ocrx_word' id='word_1_81' title='bbox 1359 1257 1658 1312; x_wconf 71' lang='grc' dir='ltr'>ἐπελθόντα</span> <span class='ocrx_word' id='word_1_82' title='bbox 1701 1255 1802 1326; x_wconf 83' lang='grc' dir='ltr'><strong>οὐχ</strong></span> 
     </span>
    </p>
   </div>
   <div class='ocr_carea' id='block_1_14' title="bbox 213 1351 1800 1426">
    <p class='ocr_par' dir='ltr' id='par_1_14' title="bbox 213 1351 1800 1426">
     <span class='ocr_line' id='line_1_14' title="bbox 213 1351 1800 1426; baseline -0.006 -16"><span class='ocrx_word' id='word_1_83' title='bbox 213 1353 334 1421; x_wconf 78' lang='grc' dir='ltr'>οἷός</span> <span class='ocrx_word' id='word_1_84' title='bbox 364 1375 424 1412; x_wconf 81' lang='grc' dir='ltr'><strong>τε</strong></span> <span class='ocrx_word' id='word_1_85' title='bbox 462 1356 766 1426; x_wconf 85' lang='grc' dir='ltr'>ἀμύνεσθαι</span> <span class='ocrx_word' id='word_1_86' title='bbox 809 1352 866 1426; x_wconf 81' lang='grc' dir='ltr'>ᾗ,</span> <span class='ocrx_word' id='word_1_87' title='bbox 929 1355 1072 1422; x_wconf 76' lang='grc' dir='ltr'>ἔγνω</span> <span class='ocrx_word' id='word_1_88' title='bbox 1127 1353 1238 1406; x_wconf 86' lang='grc' dir='ltr'>δεῖν</span> <span class='ocrx_word' id='word_1_89' title='bbox 1283 1351 1661 1418; x_wconf 76' lang='grc' dir='ltr'>ἐξαπατῆσαι·</span> <span class='ocrx_word' id='word_1_90' title='bbox 1707 1351 1800 1402; x_wconf 70' lang='grc' dir='ltr'>καὶ</span> 
     </span>
    </p>
   </div>
   <div class='ocr_carea' id='block_1_15' title="bbox 217 1439 1800 1522">
    <p class='ocr_par' dir='ltr' id='par_1_15' title="bbox 217 1439 1800 1522">
     <span class='ocr_line' id='line_1_15' title="bbox 217 1439 1800 1522; baseline -0.007 -19"><span class='ocrx_word' id='word_1_91' title='bbox 217 1451 450 1522; x_wconf 72' lang='grc' dir='ltr'>πέμψας</span> <span class='ocrx_word' id='word_1_92' title='bbox 485 1449 851 1520; x_wconf 88' lang='grc' dir='ltr'>πρεσϐευτὴν,</span> <span class='ocrx_word' id='word_1_93' title='bbox 885 1447 1186 1512; x_wconf 76' lang='grc' dir='ltr'><strong>ἀκηκοέναι</strong></span> <span class='ocrx_word' id='word_1_94' title='bbox 1223 1445 1462 1512; x_wconf 71' lang='grc' dir='ltr'>ἔφασκεν</span> <span class='ocrx_word' id='word_1_95' title='bbox 1491 1445 1569 1505; x_wconf 82' lang='grc' dir='ltr'>εἰς</span> <span class='ocrx_word' id='word_1_96' title='bbox 1597 1439 1800 1510; x_wconf 79' lang='grc' dir='ltr'>Βιζύην</span> 
     </span>
    </p>
   </div>
   <div class='ocr_carea' id='block_1_16' title="bbox 215 1534 1804 1611">
    <p class='ocr_par' dir='ltr' id='par_1_16' title="bbox 215 1534 1804 1611">
     <span class='ocr_line' id='line_1_16' title="bbox 215 1534 1804 1611; baseline -0.006 -15"><span class='ocrx_word' id='word_1_97' title='bbox 215 1545 562 1611; x_wconf 80' lang='grc' dir='ltr'><strong>ἀφιγμένον·</strong></span> <span class='ocrx_word' id='word_1_98' title='bbox 602 1541 960 1611; x_wconf 80' lang='grc' dir='ltr'>στοχάζεσθαί</span> <span class='ocrx_word' id='word_1_99' title='bbox 983 1557 1043 1608; x_wconf 92' lang='grc' dir='ltr'><strong>γε</strong></span> <span class='ocrx_word' id='word_1_100' title='bbox 1083 1544 1189 1609; x_wconf 81' lang='grc' dir='ltr'><strong>μὴν</strong></span> <span class='ocrx_word' id='word_1_101' title='bbox 1215 1541 1280 1590; x_wconf 80' lang='grc' dir='ltr'>ὲκ</span> <span class='ocrx_word' id='word_1_102' title='bbox 1303 1537 1410 1590; x_wconf 85' lang='grc' dir='ltr'><strong>τῶν</strong></span> <span class='ocrx_word' id='word_1_103' title='bbox 1444 1535 1672 1588; x_wconf 84' lang='grc' dir='ltr'>εἰκότων</span> <span class='ocrx_word' id='word_1_104' title='bbox 1691 1534 1804 1604; x_wconf 57' lang='lat' dir='ltr'><strong>p.31-</strong></span> 
     </span>
    </p>
   </div>
   <div class='ocr_carea' id='block_1_17' title="bbox 215 1623 1798 1704">
    <p class='ocr_par' dir='ltr' id='par_1_17' title="bbox 215 1623 1798 1704">
     <span class='ocr_line' id='line_1_17' title="bbox 215 1623 1798 1704; baseline -0.018 0"><span class='ocrx_word' id='word_1_105' title='bbox 215 1635 418 1704; x_wconf 65' lang='grc' dir='ltr'>ἵεσθαί</span> <span class='ocrx_word' id='word_1_106' title='bbox 450 1637 500 1688; x_wconf 75' lang='grc' dir='ltr'>οἱ</span> <span class='ocrx_word' id='word_1_107' title='bbox 530 1634 859 1704; x_wconf 81' lang='grc' dir='ltr'><strong>ὡρμημένον</strong></span> <span class='ocrx_word' id='word_1_108' title='bbox 894 1634 1107 1685; x_wconf 68' lang='grc' dir='ltr'>ἐπιέναι</span> <span class='ocrx_word' id='word_1_109' title='bbox 1130 1648 1142 1660; x_wconf 91' lang='grc'><strong>·</strong></span> <span class='ocrx_word' id='word_1_110' title='bbox 1177 1630 1241 1684; x_wconf 83' lang='grc' dir='ltr'>οὐ</span> <span class='ocrx_word' id='word_1_111' title='bbox 1275 1630 1383 1682; x_wconf 80' lang='grc' dir='ltr'>δεῖν</span> <span class='ocrx_word' id='word_1_112' title='bbox 1409 1623 1505 1682; x_wconf 83' lang='grc' dir='ltr'>οὖν</span> <span class='ocrx_word' id='word_1_113' title='bbox 1533 1625 1798 1695; x_wconf 85' lang='grc' dir='ltr'>κατατρί-</span> 
     </span>
    </p>
   </div>
   <div class='ocr_carea' id='block_1_18' title="bbox 218 1721 1801 1798">
    <p class='ocr_par' dir='ltr' id='par_1_18' title="bbox 218 1721 1801 1798">
     <span class='ocr_line' id='line_1_18' title="bbox 218 1721 1801 1798; baseline -0.005 -18"><span class='ocrx_word' id='word_1_114' title='bbox 218 1729 342 1780; x_wconf 80' lang='grc' dir='ltr'>ϐειν</span> <span class='ocrx_word' id='word_1_115' title='bbox 369 1729 470 1796; x_wconf 83' lang='grc' dir='ltr'><strong>τὴν</strong></span> <span class='ocrx_word' id='word_1_116' title='bbox 499 1729 756 1796; x_wconf 76' lang='grc' dir='ltr'>στρατιὰν</span> <span class='ocrx_word' id='word_1_117' title='bbox 795 1725 1016 1798; x_wconf 77' lang='grc' dir='ltr'>μακρὰν</span> <span class='ocrx_word' id='word_1_118' title='bbox 1045 1723 1275 1777; x_wconf 76' lang='grc' dir='ltr'>ἀνύοντα</span> <span class='ocrx_word' id='word_1_119' title='bbox 1307 1723 1455 1777; x_wconf 76' lang='grc' dir='ltr'><strong>ὁδὸνο</strong></span> <span class='ocrx_word' id='word_1_120' title='bbox 1497 1722 1661 1775; x_wconf 77' lang='grc' dir='ltr'>αὑτὸν</span> <span class='ocrx_word' id='word_1_121' title='bbox 1691 1721 1801 1788; x_wconf 82' lang='grc' dir='ltr'><strong>γὰρ</strong></span> 
     </span>
    </p>
   </div>
   <div class='ocr_carea' id='block_1_19' title="bbox 219 1815 1797 1889">
    <p class='ocr_par' dir='ltr' id='par_1_19' title="bbox 219 1815 1797 1889">
     <span class='ocr_line' id='line_1_19' title="bbox 219 1815 1797 1889; baseline -0.005 -15"><span class='ocrx_word' id='word_1_122' title='bbox 219 1825 280 1884; x_wconf 71' lang='grc' dir='ltr'>ἐς</span> <span class='ocrx_word' id='word_1_123' title='bbox 302 1824 404 1889; x_wconf 80' lang='grc' dir='ltr'><strong>τὴν</strong></span> <span class='ocrx_word' id='word_1_124' title='bbox 427 1820 720 1888; x_wconf 74' lang='grc' dir='ltr'>ὑστεραίαν</span> <span class='ocrx_word' id='word_1_125' title='bbox 761 1818 878 1887; x_wconf 72' lang='grc' dir='ltr'>ἅμα</span> <span class='ocrx_word' id='word_1_126' title='bbox 913 1819 988 1886; x_wconf 78' lang='grc' dir='ltr'>ἒῳ</span> <span class='ocrx_word' id='word_1_127' title='bbox 1015 1819 1306 1886; x_wconf 77' lang='grc' dir='ltr'>ἀφίξεσθαι</span> <span class='ocrx_word' id='word_1_128' title='bbox 1329 1819 1385 1880; x_wconf 74' lang='grc' dir='ltr'>ἐς</span> <span class='ocrx_word' id='word_1_129' title='bbox 1415 1815 1616 1885; x_wconf 78' lang='grc' dir='ltr'>Βιζύην</span> <span class='ocrx_word' id='word_1_130' title='bbox 1640 1815 1714 1878; x_wconf 83' lang='grc' dir='ltr'><strong>ὡς</strong></span> <span class='ocrx_word' id='word_1_131' title='bbox 1743 1816 1797 1875; x_wconf 67' lang='grc' dir='ltr'>ἐς</span> 
     </span>
    </p>
   </div>
   <div class='ocr_carea' id='block_1_20' title="bbox 1914 616 3490 689">
    <p class='ocr_par' dir='ltr' id='par_1_20' title="bbox 1914 616 3490 689">
     <span class='ocr_line' id='line_1_20' title="bbox 1914 616 3490 689; baseline 0 -17"><span class='ocrx_word' id='word_1_132' title='bbox 1914 619 2191 672; x_wconf 80' lang='lat' dir='ltr'><strong>Romanos</strong></span> <span class='ocrx_word' id='word_1_133' title='bbox 2245 616 2467 685; x_wconf 90' lang='lat' dir='ltr'><strong>irrupit,</strong></span> <span class='ocrx_word' id='word_1_134' title='bbox 2519 617 2936 689; x_wconf 79' lang='lat' dir='ltr'><strong>superiorisque</strong></span> <span class='ocrx_word' id='word_1_135' title='bbox 2999 617 3248 670; x_wconf 60' lang='lat' dir='ltr'><strong>Thracia!</strong></span> <span class='ocrx_word' id='word_1_136' title='bbox 3290 618 3490 686; x_wconf 85' lang='lat' dir='ltr'><strong>oppida</strong></span> 
     </span>
    </p>
   </div>
   <div class='ocr_carea' id='block_1_21' title="bbox 1911 708 3492 776">
    <p class='ocr_par' dir='ltr' id='par_1_21' title="bbox 1911 708 3492 776">
     <span class='ocr_line' id='line_1_21' title="bbox 1911 708 3492 776; baseline -0.003 -12"><span class='ocrx_word' id='word_1_137' title='bbox 1911 709 2108 764; x_wconf 85' lang='lat' dir='ltr'><strong>diebus</strong></span> <span class='ocrx_word' id='word_1_138' title='bbox 2161 708 2349 762; x_wconf 88' lang='lat' dir='ltr'><strong>multis</strong></span> <span class='ocrx_word' id='word_1_139' title='bbox 2379 709 2740 776; x_wconf 85' lang='lat' dir='ltr'><strong>depopulatus</strong></span> <span class='ocrx_word' id='word_1_140' title='bbox 2799 719 2904 761; x_wconf 81' lang='lat' dir='ltr'><strong>est.</strong></span> <span class='ocrx_word' id='word_1_141' title='bbox 2942 708 3021 761; x_wconf 89' lang='lat' dir='ltr'><strong>E0</strong></span> <span class='ocrx_word' id='word_1_142' title='bbox 3055 717 3360 776; x_wconf 87' lang='lat' dir='ltr'><strong>comperto,</strong></span> <span class='ocrx_word' id='word_1_143' title='bbox 3391 708 3492 762; x_wconf 88' lang='lat' dir='ltr'><strong>im-</strong></span> 
     </span>
    </p>
   </div>
   <div class='ocr_carea' id='block_1_22' title="bbox 1911 800 3492 870">
    <p class='ocr_par' dir='ltr' id='par_1_22' title="bbox 1911 800 3492 870">
     <span class='ocr_line' id='line_1_22' title="bbox 1911 800 3492 870; baseline 0 -17"><span class='ocrx_word' id='word_1_144' title='bbox 1911 813 2137 870; x_wconf 83' lang='lat' dir='ltr'><strong>perator</strong></span> <span class='ocrx_word' id='word_1_145' title='bbox 2187 815 2354 869; x_wconf 81' lang='lat' dir='ltr'><strong>quam</strong></span> <span class='ocrx_word' id='word_1_146' title='bbox 2410 800 2678 853; x_wconf 75' lang='lat' dir='ltr'><strong>maximos</strong></span> <span class='ocrx_word' id='word_1_147' title='bbox 2738 802 2917 868; x_wconf 88' lang='lat' dir='ltr'><strong>potuit</strong></span> <span class='ocrx_word' id='word_1_148' title='bbox 2975 800 3226 854; x_wconf 77' lang='lat' dir='ltr'><strong>delectus</strong></span> <span class='ocrx_word' id='word_1_149' title='bbox 3279 801 3410 870; x_wconf 86' lang='lat' dir='ltr'><strong>egit,</strong></span> <span class='ocrx_word' id='word_1_150' title='bbox 3437 810 3492 853; x_wconf 86' lang='lat' dir='ltr'><strong>et</strong></span> 
     </span>
    </p>
   </div>
   <div class='ocr_carea' id='block_1_23' title="bbox 1909 891 3488 962">
    <p class='ocr_par' dir='ltr' id='par_1_23' title="bbox 1909 891 3488 962">
     <span class='ocr_line' id='line_1_23' title="bbox 1909 891 3488 962; baseline -0.001 -18"><span class='ocrx_word' id='word_1_151' title='bbox 1909 891 2126 962; x_wconf 73' lang='lat' dir='ltr'><strong>Bizyatn</strong></span> <span class='ocrx_word' id='word_1_152' title='bbox 2166 907 2488 962; x_wconf 83' lang='lat' dir='ltr'><strong>properans.</strong></span> <span class='ocrx_word' id='word_1_153' title='bbox 2547 892 2620 944; x_wconf 88' lang='lat' dir='ltr'><strong>ibi</strong></span> <span class='ocrx_word' id='word_1_154' title='bbox 2672 906 2728 946; x_wconf 84' lang='lat' dir='ltr'><strong>se</strong></span> <span class='ocrx_word' id='word_1_155' title='bbox 2782 893 2848 945; x_wconf 87' lang='lat' dir='ltr'><strong>ad</strong></span> <span class='ocrx_word' id='word_1_156' title='bbox 2899 893 3148 960; x_wconf 64' lang='lat' dir='ltr'><strong>praelium</strong></span> <span class='ocrx_word' id='word_1_157' title='bbox 3206 893 3488 945; x_wconf 80' lang='lat' dir='ltr'><strong>instruxit.</strong></span> 
     </span>
    </p>
   </div>
   <div class='ocr_carea' id='block_1_24' title="bbox 1909 969 3488 1051">
    <p class='ocr_par' dir='ltr' id='par_1_24' title="bbox 1909 969 3488 1051">
     <span class='ocr_line' id='line_1_24' title="bbox 1909 969 3488 1051; baseline 0.001 -15"><span class='ocrx_word' id='word_1_158' title='bbox 1909 984 2063 1049; x_wconf 83' lang='lat' dir='ltr'><strong>Quod</strong></span> <span class='ocrx_word' id='word_1_159' title='bbox 2095 999 2220 1038; x_wconf 90' lang='lat' dir='ltr'><strong>cum</strong></span> <span class='ocrx_word' id='word_1_160' title='bbox 2277 998 2344 1036; x_wconf 77' lang='lat' dir='ltr'><strong>ex</strong></span> <span class='ocrx_word' id='word_1_161' title='bbox 2389 983 2826 1051; x_wconf 77' lang='lat' dir='ltr'><strong>speculatoribus</strong></span> <span class='ocrx_word' id='word_1_162' title='bbox 2864 985 2978 1036; x_wconf 92' lang='lat' dir='ltr'><strong>suis</strong></span> <span class='ocrx_word' id='word_1_163' title='bbox 3009 969 3234 1037; x_wconf 83' lang='lat' dir='ltr'><strong>Michael</strong></span> <span class='ocrx_word' id='word_1_164' title='bbox 3267 985 3488 1038; x_wconf 86' lang='lat' dir='ltr'><strong>didicis-</strong></span> 
     </span>
    </p>
   </div>
   <div class='ocr_carea' id='block_1_25' title="bbox 1908 1075 3487 1148">
    <p class='ocr_par' dir='ltr' id='par_1_25' title="bbox 1908 1075 3487 1148">
     <span class='ocr_line' id='line_1_25' title="bbox 1908 1075 3487 1148; baseline -0.001 -18"><span class='ocrx_word' id='word_1_165' title='bbox 1908 1085 1990 1130; x_wconf 87' lang='lat' dir='ltr'><strong>set</strong></span> <span class='ocrx_word' id='word_1_166' title='bbox 2025 1075 2228 1134; x_wconf 86' lang='lat' dir='ltr'><strong>(adhuc</strong></span> <span class='ocrx_word' id='word_1_167' title='bbox 2251 1076 2398 1129; x_wconf 90' lang='lat' dir='ltr'><strong>enim</strong></span> <span class='ocrx_word' id='word_1_168' title='bbox 2429 1076 2728 1130; x_wconf 78' lang='lat' dir='ltr'><strong>Romanam</strong></span> <span class='ocrx_word' id='word_1_169' title='bbox 2751 1077 3088 1144; x_wconf 62' lang='lat' dir='ltr'><strong>provinciam</strong></span> <span class='ocrx_word' id='word_1_170' title='bbox 3123 1077 3487 1148; x_wconf 75' lang='lat' dir='ltr'><strong>devastabat).</strong></span> 
     </span>
    </p>
   </div>
   <div class='ocr_carea' id='block_1_26' title="bbox 1908 1165 3490 1240">
    <p class='ocr_par' dir='ltr' id='par_1_26' title="bbox 1908 1165 3490 1240">
     <span class='ocr_line' id='line_1_26' title="bbox 1908 1165 3490 1240; baseline 0.004 -22"><span class='ocrx_word' id='word_1_171' title='bbox 1908 1174 2188 1230; x_wconf 79' lang='lat' dir='ltr'><strong>metuens,</strong></span> <span class='ocrx_word' id='word_1_172' title='bbox 2245 1181 2313 1219; x_wconf 88' lang='lat' dir='ltr'><strong>ne</strong></span> <span class='ocrx_word' id='word_1_173' title='bbox 2362 1165 2746 1220; x_wconf 70' lang='lat' dir='ltr'><strong>adventantem</strong></span> <span class='ocrx_word' id='word_1_174' title='bbox 2805 1167 3080 1222; x_wconf 69' lang='lat' dir='ltr'><strong>sustinuere</strong></span> <span class='ocrx_word' id='word_1_175' title='bbox 3117 1183 3224 1220; x_wconf 87' lang='lat' dir='ltr'><strong>non</strong></span> <span class='ocrx_word' id='word_1_176' title='bbox 3285 1183 3490 1240; x_wconf 87' lang='lat' dir='ltr'><strong>posset,</strong></span> 
     </span>
    </p>
   </div>
   <div class='ocr_carea' id='block_1_27' title="bbox 1907 1257 3494 1332">
    <p class='ocr_par' dir='ltr' id='par_1_27' title="bbox 1907 1257 3494 1332">
     <span class='ocr_line' id='line_1_27' title="bbox 1907 1257 3494 1332; baseline 0.003 -21"><span class='ocrx_word' id='word_1_177' title='bbox 1907 1258 1976 1311; x_wconf 88' lang='lat' dir='ltr'><strong>ad</strong></span> <span class='ocrx_word' id='word_1_178' title='bbox 2027 1257 2276 1314; x_wconf 73' lang='lat' dir='ltr'><strong>fraudem</strong></span> <span class='ocrx_word' id='word_1_179' title='bbox 2338 1260 2772 1330; x_wconf 79' lang='lat' dir='ltr'><strong>confugiendum</strong></span> <span class='ocrx_word' id='word_1_180' title='bbox 2817 1264 3056 1315; x_wconf 87' lang='lat' dir='ltr'><strong>censuit.</strong></span> <span class='ocrx_word' id='word_1_181' title='bbox 3106 1263 3268 1316; x_wconf 80' lang='lat' dir='ltr'><strong>Misso</strong></span> <span class='ocrx_word' id='word_1_182' title='bbox 3326 1263 3494 1332; x_wconf 77' lang='lat' dir='ltr'><strong>igitur</strong></span> 
     </span>
    </p>
   </div>
   <div class='ocr_carea' id='block_1_28' title="bbox 1907 1348 3490 1425">
    <p class='ocr_par' dir='ltr' id='par_1_28' title="bbox 1907 1348 3490 1425">
     <span class='ocr_line' id='line_1_28' title="bbox 1907 1348 3490 1425; baseline 0.003 -21"><span class='ocrx_word' id='word_1_183' title='bbox 1907 1351 2112 1419; x_wconf 86' lang='lat' dir='ltr'><strong>legato,</strong></span> <span class='ocrx_word' id='word_1_184' title='bbox 2147 1348 2256 1404; x_wconf 81' lang='lat' dir='ltr'><strong>dici</strong></span> <span class='ocrx_word' id='word_1_185' title='bbox 2314 1353 2500 1418; x_wconf 87' lang='lat' dir='ltr'><strong>jussit,</strong></span> <span class='ocrx_word' id='word_1_186' title='bbox 2549 1353 2770 1408; x_wconf 82' lang='lat' dir='ltr'><strong>audisse</strong></span> <span class='ocrx_word' id='word_1_187' title='bbox 2819 1371 2875 1408; x_wconf 90' lang='lat' dir='ltr'><strong>se</strong></span> <span class='ocrx_word' id='word_1_188' title='bbox 2901 1371 3026 1409; x_wconf 88' lang='lat' dir='ltr'><strong>eum</strong></span> <span class='ocrx_word' id='word_1_189' title='bbox 3074 1355 3288 1425; x_wconf 56' lang='lat' dir='ltr'><strong>Biziam</strong></span> <span class='ocrx_word' id='word_1_190' title='bbox 3323 1356 3490 1410; x_wconf 81' lang='lat' dir='ltr'><strong>adve-</strong></span> 
     </span>
    </p>
   </div>
   <div class='ocr_carea' id='block_1_29' title="bbox 1909 1442 3492 1512">
    <p class='ocr_par' dir='ltr' id='par_1_29' title="bbox 1909 1442 3492 1512">
     <span class='ocr_line' id='line_1_29' title="bbox 1909 1442 3492 1512; baseline 0.005 -20"><span class='ocrx_word' id='word_1_191' title='bbox 1909 1442 2082 1496; x_wconf 82' lang='lat' dir='ltr'><strong>uisse.</strong></span> <span class='ocrx_word' id='word_1_192' title='bbox 2129 1442 2338 1497; x_wconf 84' lang='lat' dir='ltr'><strong>Ducere</strong></span> <span class='ocrx_word' id='word_1_193' title='bbox 2374 1444 2753 1512; x_wconf 85' lang='lat' dir='ltr'><strong>conjecturam</strong></span> <span class='ocrx_word' id='word_1_194' title='bbox 2800 1459 2830 1496; x_wconf 93' lang='lat' dir='ltr'><strong>e</strong></span> <span class='ocrx_word' id='word_1_195' title='bbox 2863 1445 3277 1510; x_wconf 75' lang='lat' dir='ltr'><strong>verisimilibus,</strong></span> <span class='ocrx_word' id='word_1_196' title='bbox 3308 1448 3492 1506; x_wconf 85' lang='lat' dir='ltr'><strong>hostili</strong></span> 
     </span>
    </p>
   </div>
   <div class='ocr_carea' id='block_1_30' title="bbox 1907 1534 3498 1604">
    <p class='ocr_par' dir='ltr' id='par_1_30' title="bbox 1907 1534 3498 1604">
     <span class='ocr_line' id='line_1_30' title="bbox 1907 1534 3498 1604; baseline 0.004 -18"><span class='ocrx_word' id='word_1_197' title='bbox 1907 1534 2092 1588; x_wconf 88' lang='lat' dir='ltr'><strong>animo</strong></span> <span class='ocrx_word' id='word_1_198' title='bbox 2131 1537 2370 1598; x_wconf 87' lang='lat' dir='ltr'><strong>venisse,</strong></span> <span class='ocrx_word' id='word_1_199' title='bbox 2402 1551 2587 1588; x_wconf 90' lang='lat' dir='ltr'><strong>secum</strong></span> <span class='ocrx_word' id='word_1_200' title='bbox 2648 1536 2931 1604; x_wconf 59' lang='lat' dir='ltr'><strong>proeliandi</strong></span> <span class='ocrx_word' id='word_1_201' title='bbox 2965 1538 3158 1590; x_wconf 89' lang='lat' dir='ltr'><strong>ardore</strong></span> <span class='ocrx_word' id='word_1_202' title='bbox 3189 1539 3498 1593; x_wconf 84' lang='lat' dir='ltr'><strong>inﬂamma-</strong></span> 
     </span>
    </p>
   </div>
   <div class='ocr_carea' id='block_1_31' title="bbox 1909 1625 3492 1698">
    <p class='ocr_par' dir='ltr' id='par_1_31' title="bbox 1909 1625 3492 1698">
     <span class='ocr_line' id='line_1_31' title="bbox 1909 1625 3492 1698; baseline 0.003 -20"><span class='ocrx_word' id='word_1_203' title='bbox 1909 1633 2047 1678; x_wconf 86' lang='lat' dir='ltr'><strong>tum.</strong></span> <span class='ocrx_word' id='word_1_204' title='bbox 2077 1625 2156 1679; x_wconf 87' lang='lat' dir='ltr'><strong>Ne</strong></span> <span class='ocrx_word' id='word_1_205' title='bbox 2193 1625 2360 1694; x_wconf 78' lang='lat' dir='ltr'><strong>igitur</strong></span> <span class='ocrx_word' id='word_1_206' title='bbox 2395 1625 2623 1680; x_wconf 75' lang='lat' dir='ltr'><strong>militem</strong></span> <span class='ocrx_word' id='word_1_207' title='bbox 2662 1641 2822 1680; x_wconf 90' lang='lat' dir='ltr'><strong>suum</strong></span> <span class='ocrx_word' id='word_1_208' title='bbox 2883 1628 3046 1698; x_wconf 81' lang='lat' dir='ltr'><strong>longo</strong></span> <span class='ocrx_word' id='word_1_209' title='bbox 3079 1629 3276 1682; x_wconf 73' lang='lat' dir='ltr'><strong>itinere</strong></span> <span class='ocrx_word' id='word_1_210' title='bbox 3315 1629 3492 1683; x_wconf 80' lang='lat' dir='ltr'><strong>delas-</strong></span> 
     </span>
    </p>
   </div>
   <div class='ocr_carea' id='block_1_32' title="bbox 1909 1719 3491 1789">
    <p class='ocr_par' dir='ltr' id='par_1_32' title="bbox 1909 1719 3491 1789">
     <span class='ocr_line' id='line_1_32' title="bbox 1909 1719 3491 1789; baseline 0.002 -18"><span class='ocrx_word' id='word_1_211' title='bbox 1909 1727 2016 1782; x_wconf 83' lang='lat' dir='ltr'><strong>set,</strong></span> <span class='ocrx_word' id='word_1_212' title='bbox 2072 1731 2128 1772; x_wconf 90' lang='lat' dir='ltr'><strong>se</strong></span> <span class='ocrx_word' id='word_1_213' title='bbox 2166 1733 2291 1772; x_wconf 76' lang='lat' dir='ltr'><strong>cunt</strong></span> <span class='ocrx_word' id='word_1_214' title='bbox 2343 1719 2568 1778; x_wconf 84' lang='lat' dir='ltr'><strong>diliculo</strong></span> <span class='ocrx_word' id='word_1_215' title='bbox 2607 1721 2848 1774; x_wconf 89' lang='lat' dir='ltr'><strong>crastino</strong></span> <span class='ocrx_word' id='word_1_216' title='bbox 2887 1721 3102 1789; x_wconf 78' lang='lat' dir='ltr'><strong>Bizyaut</strong></span> <span class='ocrx_word' id='word_1_217' title='bbox 3153 1723 3218 1775; x_wconf 90' lang='lat' dir='ltr'><strong>ad</strong></span> <span class='ocrx_word' id='word_1_218' title='bbox 3271 1737 3491 1774; x_wconf 89' lang='lat' dir='ltr'><strong>manum</strong></span> 
     </span>
    </p>
   </div>
   <div class='ocr_carea' id='block_1_33' title="bbox 1909 1807 3494 1882">
    <p class='ocr_par' dir='ltr' id='par_1_33' title="bbox 1909 1807 3494 1882">
     <span class='ocr_line' id='line_1_33' title="bbox 1909 1807 3494 1882; baseline 0.001 -17"><span class='ocrx_word' id='word_1_219' title='bbox 1909 1811 2308 1865; x_wconf 85' lang='lat' dir='ltr'><strong>conserendam</strong></span> <span class='ocrx_word' id='word_1_220' title='bbox 2377 1807 2777 1867; x_wconf 43' lang='lat' dir='ltr'><strong>areessurumﬁ</strong></span> <span class='ocrx_word' id='word_1_221' title='bbox 2808 1813 2905 1867; x_wconf 88' lang='lat' dir='ltr'><strong>llis</strong></span> <span class='ocrx_word' id='word_1_222' title='bbox 2956 1813 3250 1867; x_wconf 75' lang='lat' dir='ltr'><strong>nuntiatis</strong></span> <span class='ocrx_word' id='word_1_223' title='bbox 3281 1814 3494 1882; x_wconf 75' lang='lat' dir='ltr'><strong>legatus</strong></span> 
     </span>
    </p>
   </div>
   <div class='ocr_carea' id='block_1_34' title="bbox 225 1887 1903 1985">
    <p class='ocr_par' dir='ltr' id='par_1_34' title="bbox 225 1887 1877 1985">
     <span class='ocr_line' id='line_1_34' title="bbox 225 1887 1877 1985; baseline -0.007 -16"><span class='ocrx_word' id='word_1_224' title='bbox 225 1887 432 1985; x_wconf 78' lang='grc' dir='ltr'>μάχην.</span> <span class='ocrx_word' id='word_1_225' title='bbox 470 1915 528 1967; x_wconf 90' lang='lat'><strong>&#39;0</strong></span> <span class='ocrx_word' id='word_1_226' title='bbox 559 1887 658 1982; x_wconf 82' lang='grc' dir='ltr'>μὲν</span> <span class='ocrx_word' id='word_1_227' title='bbox 685 1910 780 1966; x_wconf 79' lang='grc' dir='ltr'>οὖν</span> <span class='ocrx_word' id='word_1_228' title='bbox 799 1909 1144 1983; x_wconf 84' lang='grc' dir='ltr'>πρεσϐευτὴς</span> <span class='ocrx_word' id='word_1_229' title='bbox 1175 1911 1399 1962; x_wconf 75' lang='grc' dir='ltr'>τοιαῦτα</span> <span class='ocrx_word' id='word_1_230' title='bbox 1429 1907 1600 1961; x_wconf 67' lang='grc' dir='ltr'>εἰπὼν</span> <span class='ocrx_word' id='word_1_231' title='bbox 1624 1905 1802 1976; x_wconf 66' lang='grc' dir='ltr'>ἀπῆλι</span> <span class='ocrx_word' id='word_1_232' title='bbox 1837 1887 1877 1942; x_wconf 75' lang='grc' dir='ltr'>Β</span> 
     </span>
    </p>
   </div>
   <div class='ocr_carea' id='block_1_35' title="bbox 1815 1887 3493 1985">
    <p class='ocr_par' dir='ltr' id='par_1_35' title="bbox 1837 1887 3493 1985">
     <span class='ocr_line' id='line_1_35' title="bbox 1837 1887 3493 1985; baseline 0.004 -27"><span class='ocrx_word' id='word_1_233' title='bbox 1837 1887 1877 1942; x_wconf 75' lang='grc' dir='ltr'><strong>Β</strong></span> <span class='ocrx_word' id='word_1_234' title='bbox 1908 1905 2179 1960; x_wconf 81' lang='lat' dir='ltr'><strong>discessit.</strong></span> <span class='ocrx_word' id='word_1_235' title='bbox 2214 1907 2281 1960; x_wconf 83' lang='lat' dir='ltr'><strong>At</strong></span> <span class='ocrx_word' id='word_1_236' title='bbox 2332 1907 2584 1972; x_wconf 75' lang='lat' dir='ltr'><strong>Michael,</strong></span> <span class='ocrx_word' id='word_1_237' title='bbox 2619 1907 2744 1985; x_wconf 82' lang='lat' dir='ltr'><strong>inde</strong></span> <span class='ocrx_word' id='word_1_238' title='bbox 2776 1921 2833 1960; x_wconf 90' lang='lat' dir='ltr'><strong>se</strong></span> <span class='ocrx_word' id='word_1_239' title='bbox 2867 1921 3113 1972; x_wconf 85' lang='lat' dir='ltr'><strong>movens,</strong></span> <span class='ocrx_word' id='word_1_240' title='bbox 3146 1917 3202 1959; x_wconf 90' lang='lat' dir='ltr'><strong>et</strong></span> <span class='ocrx_word' id='word_1_241' title='bbox 3236 1922 3330 1977; x_wconf 89' lang='lat' dir='ltr'><strong>per</strong></span> <span class='ocrx_word' id='word_1_242' title='bbox 3368 1909 3493 1964; x_wconf 79' lang='lat' dir='ltr'><strong>reli~</strong></span> 
     </span>
    </p>
   </div>
   <div class='ocr_carea' id='block_1_36' title="bbox 223 1999 1807 2074">
    <p class='ocr_par' dir='ltr' id='par_1_36' title="bbox 223 1999 1807 2074">
     <span class='ocr_line' id='line_1_36' title="bbox 223 1999 1807 2074; baseline -0.004 -17"><span class='ocrx_word' id='word_1_243' title='bbox 223 2007 306 2060; x_wconf 79' lang='grc' dir='ltr'><strong>θε.</strong></span> <span class='ocrx_word' id='word_1_244' title='bbox 347 2004 569 2074; x_wconf 80' lang='grc' dir='ltr'>Μιχαὴλ</span> <span class='ocrx_word' id='word_1_245' title='bbox 605 2005 661 2056; x_wconf 87' lang='grc' dir='ltr'>δὲ</span> <span class='ocrx_word' id='word_1_246' title='bbox 694 2005 832 2074; x_wconf 78' lang='grc' dir='ltr'>ἄρας</span> <span class='ocrx_word' id='word_1_247' title='bbox 863 2003 938 2074; x_wconf 80' lang='grc' dir='ltr'><strong>τῷ</strong></span> <span class='ocrx_word' id='word_1_248' title='bbox 977 2003 1194 2073; x_wconf 80' lang='grc' dir='ltr'>στρατῷ</span> <span class='ocrx_word' id='word_1_249' title='bbox 1225 2002 1326 2069; x_wconf 81' lang='grc' dir='ltr'>τῆς</span> <span class='ocrx_word' id='word_1_250' title='bbox 1378 2003 1438 2052; x_wconf 79' lang='grc' dir='ltr'><strong>τε</strong></span> <span class='ocrx_word' id='word_1_251' title='bbox 1491 1999 1702 2070; x_wconf 84' lang='grc' dir='ltr'>ἡμέρας</span> <span class='ocrx_word' id='word_1_252' title='bbox 1747 1999 1807 2052; x_wconf 81' lang='grc' dir='ltr'>τὸ</span> 
     </span>
    </p>
   </div>
   <div class='ocr_carea' id='block_1_37' title="bbox 222 2090 1807 2167">
    <p class='ocr_par' dir='ltr' id='par_1_37' title="bbox 222 2090 1807 2167">
     <span class='ocr_line' id='line_1_37' title="bbox 222 2090 1807 2167; baseline -0.004 -18"><span class='ocrx_word' id='word_1_253' title='bbox 222 2098 412 2151; x_wconf 78' lang='grc' dir='ltr'>λοιπὸν</span> <span class='ocrx_word' id='word_1_254' title='bbox 445 2098 540 2150; x_wconf 82' lang='grc' dir='ltr'>καὶ</span> <span class='ocrx_word' id='word_1_255' title='bbox 571 2096 670 2167; x_wconf 89' lang='grc' dir='ltr'><strong>τὴν</strong></span> <span class='ocrx_word' id='word_1_256' title='bbox 691 2095 956 2150; x_wconf 70' lang='grc' dir='ltr'>ἐπιοῦσαν</span> <span class='ocrx_word' id='word_1_257' title='bbox 979 2095 1147 2148; x_wconf 81' lang='grc' dir='ltr'>νύκτα</span> <span class='ocrx_word' id='word_1_258' title='bbox 1187 2093 1410 2162; x_wconf 80' lang='grc' dir='ltr'>βαδίσας</span> <span class='ocrx_word' id='word_1_259' title='bbox 1432 2092 1719 2152; x_wconf 79' lang='grc' dir='ltr'>συντόνως,</span> <span class='ocrx_word' id='word_1_260' title='bbox 1749 2090 1807 2152; x_wconf 67' lang='grc' dir='ltr'>ἐς</span> 
     </span>
    </p>
   </div>
   <div class='ocr_carea' id='block_1_38' title="bbox 217 2177 1806 2260">
    <p class='ocr_par' dir='ltr' id='par_1_38' title="bbox 217 2177 1806 2260">
     <span class='ocr_line' id='line_1_38' title="bbox 217 2177 1806 2260; baseline -0.006 -18"><span class='ocrx_word' id='word_1_261' title='bbox 217 2190 322 2260; x_wconf 84' lang='grc' dir='ltr'><strong>τὴν</strong></span> <span class='ocrx_word' id='word_1_262' title='bbox 353 2188 650 2258; x_wconf 80' lang='grc' dir='ltr'>ὑστεραίαν</span> <span class='ocrx_word' id='word_1_263' title='bbox 679 2189 736 2240; x_wconf 79' lang='grc' dir='ltr'>ὲν</span> <span class='ocrx_word' id='word_1_264' title='bbox 768 2187 936 2257; x_wconf 84' lang='grc' dir='ltr'>ὁρίοις</span> <span class='ocrx_word' id='word_1_265' title='bbox 962 2185 1062 2254; x_wconf 81' lang='grc' dir='ltr'>τῆς</span> <span class='ocrx_word' id='word_1_266' title='bbox 1092 2184 1226 2246; x_wconf 84' lang='grc' dir='ltr'>ἰδίας</span> <span class='ocrx_word' id='word_1_267' title='bbox 1255 2183 1552 2253; x_wconf 79' lang='grc' dir='ltr'>ἡγεμονίας</span> <span class='ocrx_word' id='word_1_268' title='bbox 1577 2177 1664 2252; x_wconf 85' lang='grc' dir='ltr'><strong>ἦν·</strong></span> <span class='ocrx_word' id='word_1_269' title='bbox 1709 2179 1806 2250; x_wconf 82' lang='grc' dir='ltr'><strong>βα-</strong></span> 
     </span>
    </p>
   </div>
   <div class='ocr_carea' id='block_1_39' title="bbox 223 2273 1808 2351">
    <p class='ocr_par' dir='ltr' id='par_1_39' title="bbox 223 2273 1808 2351">
     <span class='ocr_line' id='line_1_39' title="bbox 223 2273 1808 2351; baseline -0.006 -17"><span class='ocrx_word' id='word_1_270' title='bbox 223 2283 410 2344; x_wconf 72' lang='grc' dir='ltr'>σιλεὺς</span> <span class='ocrx_word' id='word_1_271' title='bbox 446 2283 504 2334; x_wconf 78' lang='grc' dir='ltr'>δὲ</span> <span class='ocrx_word' id='word_1_272' title='bbox 532 2283 648 2351; x_wconf 68' lang='grc' dir='ltr'>ἅμα</span> <span class='ocrx_word' id='word_1_273' title='bbox 676 2279 844 2350; x_wconf 80' lang='grc' dir='ltr'>πρωῒ.</span> <span class='ocrx_word' id='word_1_274' title='bbox 879 2279 983 2348; x_wconf 77' lang='grc' dir='ltr'>τήν</span> <span class='ocrx_word' id='word_1_275' title='bbox 1029 2295 1087 2330; x_wconf 87' lang='grc' dir='ltr'><strong>τε</strong></span> <span class='ocrx_word' id='word_1_276' title='bbox 1141 2277 1403 2346; x_wconf 72' lang='grc' dir='ltr'>στρατιὰν</span> <span class='ocrx_word' id='word_1_277' title='bbox 1458 2273 1722 2334; x_wconf 86' lang='grc' dir='ltr'>κελεύσας</span> <span class='ocrx_word' id='word_1_278' title='bbox 1751 2273 1808 2325; x_wconf 71' lang='grc' dir='ltr'>ἐν</span> 
     </span>
    </p>
   </div>
   <div class='ocr_carea' id='block_1_40' title="bbox 219 2367 1806 2441">
    <p class='ocr_par' dir='ltr' id='par_1_40' title="bbox 219 2367 1806 2441">
     <span class='ocr_line' id='line_1_40' title="bbox 219 2367 1806 2441; baseline -0.006 -15"><span class='ocrx_word' id='word_1_279' title='bbox 219 2376 334 2434; x_wconf 83' lang='grc' dir='ltr'>τοῖς</span> <span class='ocrx_word' id='word_1_280' title='bbox 363 2374 552 2435; x_wconf 77' lang='grc' dir='ltr'>ὅπλοις</span> <span class='ocrx_word' id='word_1_281' title='bbox 576 2367 740 2435; x_wconf 71' lang='grc' dir='ltr'>εἶναι,</span> <span class='ocrx_word' id='word_1_282' title='bbox 771 2371 869 2424; x_wconf 78' lang='grc' dir='ltr'>καὶ</span> <span class='ocrx_word' id='word_1_283' title='bbox 897 2372 998 2441; x_wconf 85' lang='grc' dir='ltr'><strong>τὴν</strong></span> <span class='ocrx_word' id='word_1_284' title='bbox 1027 2369 1214 2438; x_wconf 72' lang='grc' dir='ltr'>ἔφοδον</span> <span class='ocrx_word' id='word_1_285' title='bbox 1245 2369 1353 2421; x_wconf 85' lang='grc' dir='ltr'>τῶν</span> <span class='ocrx_word' id='word_1_286' title='bbox 1383 2367 1678 2438; x_wconf 74' lang='grc' dir='ltr'>βαρϐαρων</span> <span class='ocrx_word' id='word_1_287' title='bbox 1707 2381 1806 2416; x_wconf 86' lang='grc' dir='ltr'>πε-</span> 
     </span>
    </p>
   </div>
   <div class='ocr_carea' id='block_1_41' title="bbox 225 2458 1805 2534">
    <p class='ocr_par' dir='ltr' id='par_1_41' title="bbox 225 2458 1805 2534">
     <span class='ocr_line' id='line_1_41' title="bbox 225 2458 1805 2534; baseline -0.003 -17"><span class='ocrx_word' id='word_1_288' title='bbox 225 2465 495 2534; x_wconf 84' lang='grc' dir='ltr'>ριμένειν,</span> <span class='ocrx_word' id='word_1_289' title='bbox 527 2463 826 2533; x_wconf 69' lang='grc' dir='ltr'>ἐξηρτύετο</span> <span class='ocrx_word' id='word_1_290' title='bbox 874 2464 967 2514; x_wconf 80' lang='grc' dir='ltr'>καὶ</span> <span class='ocrx_word' id='word_1_291' title='bbox 993 2463 1155 2522; x_wconf 83' lang='grc' dir='ltr'>αὐτὸς</span> <span class='ocrx_word' id='word_1_292' title='bbox 1193 2460 1266 2514; x_wconf 71' lang='grc' dir='ltr'>τᾶ</span> <span class='ocrx_word' id='word_1_293' title='bbox 1294 2460 1430 2531; x_wconf 81' lang='grc' dir='ltr'>πρὸς</span> <span class='ocrx_word' id='word_1_294' title='bbox 1463 2458 1562 2527; x_wconf 90' lang='grc' dir='ltr'><strong>τὴν</strong></span> <span class='ocrx_word' id='word_1_295' title='bbox 1601 2459 1805 2526; x_wconf 84' lang='grc' dir='ltr'>μάχην.</span> 
     </span>
    </p>
   </div>
   <div class='ocr_carea' id='block_1_42' title="bbox 223 2553 1806 2626">
    <p class='ocr_par' dir='ltr' id='par_1_42' title="bbox 223 2553 1806 2626">
     <span class='ocr_line' id='line_1_42' title="bbox 223 2553 1806 2626; baseline -0.003 -17"><span class='ocrx_word' id='word_1_296' title='bbox 223 2559 336 2611; x_wconf 71' lang='grc' dir='ltr'><strong>Καὶ</strong></span> <span class='ocrx_word' id='word_1_297' title='bbox 365 2556 708 2626; x_wconf 83' lang='grc' dir='ltr'>στρατιώτας</span> <span class='ocrx_word' id='word_1_298' title='bbox 757 2557 969 2625; x_wconf 70' lang='grc' dir='ltr'>ἔπεμψέ</span> <span class='ocrx_word' id='word_1_299' title='bbox 1010 2571 1162 2616; x_wconf 84' lang='grc' dir='ltr'>τινας</span> <span class='ocrx_word' id='word_1_300' title='bbox 1215 2553 1291 2618; x_wconf 83' lang='grc' dir='ltr'><strong>ὡς</strong></span> <span class='ocrx_word' id='word_1_301' title='bbox 1349 2553 1410 2604; x_wconf 81' lang='grc' dir='ltr'>τὸ</span> <span class='ocrx_word' id='word_1_302' title='bbox 1444 2553 1806 2622; x_wconf 85' lang='grc' dir='ltr'>στρατόπεδον</span> 
     </span>
    </p>
   </div>
   <div class='ocr_carea' id='block_1_43' title="bbox 219 2645 1808 2719">
    <p class='ocr_par' dir='ltr' id='par_1_43' title="bbox 219 2645 1808 2719">
     <span class='ocr_line' id='line_1_43' title="bbox 219 2645 1808 2719; baseline -0.003 -16"><span class='ocrx_word' id='word_1_303' title='bbox 219 2651 333 2705; x_wconf 85' lang='grc' dir='ltr'><strong>τῶν</strong></span> <span class='ocrx_word' id='word_1_304' title='bbox 361 2651 640 2719; x_wconf 76' lang='grc' dir='ltr'>πολεμίων</span> <span class='ocrx_word' id='word_1_305' title='bbox 664 2650 1200 2718; x_wconf 65' lang='grc' dir='ltr'>κατασκεψομένους.</span> <span class='ocrx_word' id='word_1_306' title='bbox 1227 2649 1357 2717; x_wconf 70' lang='grc' dir='ltr'>Περὶ</span> <span class='ocrx_word' id='word_1_307' title='bbox 1382 2646 1730 2716; x_wconf 81' lang='grc' dir='ltr'>μεσημϐρίαν</span> <span class='ocrx_word' id='word_1_308' title='bbox 1750 2645 1808 2699; x_wconf 85' lang='grc' dir='ltr'>δὲ</span> 
     </span>
    </p>
   </div>
   <div class='ocr_carea' id='block_1_44' title="bbox 221 2737 1810 2813">
    <p class='ocr_par' dir='ltr' id='par_1_44' title="bbox 221 2737 1810 2813">
     <span class='ocr_line' id='line_1_44' title="bbox 221 2737 1810 2813; baseline -0.003 -17"><span class='ocrx_word' id='word_1_309' title='bbox 221 2745 272 2796; x_wconf 81' lang='grc' dir='ltr'>οι</span> <span class='ocrx_word' id='word_1_310' title='bbox 306 2742 650 2796; x_wconf 78' lang='grc' dir='ltr'>κατάσκοποι</span> <span class='ocrx_word' id='word_1_311' title='bbox 688 2737 822 2813; x_wconf 82' lang='grc' dir='ltr'>ἧκον</span> <span class='ocrx_word' id='word_1_312' title='bbox 859 2741 1214 2811; x_wconf 81' lang='grc' dir='ltr'>στρατιῶται,</span> <span class='ocrx_word' id='word_1_313' title='bbox 1280 2742 1509 2808; x_wconf 80' lang='grc' dir='ltr'>ἄγοντες</span> <span class='ocrx_word' id='word_1_314' title='bbox 1556 2740 1652 2791; x_wconf 71' lang='grc' dir='ltr'>καὶ</span> <span class='ocrx_word' id='word_1_315' title='bbox 1696 2739 1810 2794; x_wconf 80' lang='grc' dir='ltr'><strong>Μυ-</strong></span> 
     </span>
    </p>
   </div>
   <div class='ocr_carea' id='block_1_45' title="bbox 221 2831 1807 2904">
    <p class='ocr_par' dir='ltr' id='par_1_45' title="bbox 221 2831 1807 2904">
     <span class='ocr_line' id='line_1_45' title="bbox 221 2831 1807 2904; baseline -0.002 -16"><span class='ocrx_word' id='word_1_316' title='bbox 221 2836 350 2898; x_wconf 77' lang='grc' dir='ltr'>σοὺς</span> <span class='ocrx_word' id='word_1_317' title='bbox 375 2835 738 2904; x_wconf 72' lang='grc' dir='ltr'>δοριαλώτους</span> <span class='ocrx_word' id='word_1_318' title='bbox 761 2833 822 2898; x_wconf 79' lang='grc' dir='ltr'>ἓξ</span> <span class='ocrx_word' id='word_1_319' title='bbox 844 2850 858 2864; x_wconf 72' lang='grc' dir='ltr'><strong>ο</strong></span> <span class='ocrx_word' id='word_1_320' title='bbox 897 2833 946 2886; x_wconf 79' lang='grc' dir='ltr'>οἳ</span> <span class='ocrx_word' id='word_1_321' title='bbox 978 2833 1431 2902; x_wconf 72' lang='grc' dir='ltr'>ἀνερευνώμενοι,</span> <span class='ocrx_word' id='word_1_322' title='bbox 1459 2833 1550 2884; x_wconf 83' lang='grc' dir='ltr'>τὸν</span> <span class='ocrx_word' id='word_1_323' title='bbox 1584 2831 1807 2902; x_wconf 76' lang='grc' dir='ltr'>βασιλέα</span> 
     </span>
    </p>
   </div>
   <div class='ocr_carea' id='block_1_46' title="bbox 220 2923 1808 2996">
    <p class='ocr_par' dir='ltr' id='par_1_46' title="bbox 220 2923 1808 2996">
     <span class='ocr_line' id='line_1_46' title="bbox 220 2923 1808 2996; baseline -0.001 -18"><span class='ocrx_word' id='word_1_324' title='bbox 220 2927 438 2995; x_wconf 79' lang='grc' dir='ltr'>ἔφασαν</span> <span class='ocrx_word' id='word_1_325' title='bbox 471 2926 620 2993; x_wconf 78' lang='grc' dir='ltr'>σφῶν</span> <span class='ocrx_word' id='word_1_326' title='bbox 647 2928 712 2996; x_wconf 78' lang='grc' dir='ltr'>τῇ</span> <span class='ocrx_word' id='word_1_327' title='bbox 769 2924 1073 2994; x_wconf 66' lang='grc' dir='ltr'>προτεραίᾳ</span> <span class='ocrx_word' id='word_1_328' title='bbox 1128 2925 1340 2994; x_wconf 84' lang='grc' dir='ltr'>ἄραντα</span> <span class='ocrx_word' id='word_1_329' title='bbox 1365 2925 1433 2994; x_wconf 77' lang='grc' dir='ltr'>τῇ</span> <span class='ocrx_word' id='word_1_330' title='bbox 1467 2925 1699 2994; x_wconf 76' lang='grc' dir='ltr'>στρατιᾷ</span> <span class='ocrx_word' id='word_1_331' title='bbox 1732 2923 1808 2976; x_wconf 80' lang='grc' dir='ltr'><strong>οτ-</strong></span> 
     </span>
    </p>
   </div>
   <div class='ocr_carea' id='block_1_47' title="bbox 219 3013 1809 3089">
    <p class='ocr_par' dir='ltr' id='par_1_47' title="bbox 219 3013 1809 3089">
     <span class='ocr_line' id='line_1_47' title="bbox 219 3013 1809 3089; baseline -0.001 -19"><span class='ocrx_word' id='word_1_332' title='bbox 219 3019 420 3088; x_wconf 80' lang='grc' dir='ltr'>χεσθαι</span> <span class='ocrx_word' id='word_1_333' title='bbox 459 3019 538 3080; x_wconf 86' lang='grc' dir='ltr'><strong>είς</strong></span> <span class='ocrx_word' id='word_1_334' title='bbox 585 3018 686 3089; x_wconf 83' lang='grc' dir='ltr'><strong>τὴν</strong></span> <span class='ocrx_word' id='word_1_335' title='bbox 741 3016 972 3078; x_wconf 81' lang='grc' dir='ltr'>οἰκείαν,</span> <span class='ocrx_word' id='word_1_336' title='bbox 1015 3017 1213 3078; x_wconf 75' lang='grc' dir='ltr'>αὐτοὺς</span> <span class='ocrx_word' id='word_1_337' title='bbox 1241 3016 1297 3067; x_wconf 81' lang='grc' dir='ltr'>δὲ</span> <span class='ocrx_word' id='word_1_338' title='bbox 1347 3014 1608 3085; x_wconf 82' lang='grc' dir='ltr'>ἁρπαγῆς</span> <span class='ocrx_word' id='word_1_339' title='bbox 1645 3013 1809 3068; x_wconf 72' lang='grc' dir='ltr'>ἕνεκα</span> 
     </span>
    </p>
   </div>
   <div class='ocr_carea' id='block_1_48' title="bbox 221 3107 1809 3182">
    <p class='ocr_par' dir='ltr' id='par_1_48' title="bbox 221 3107 1809 3182">
     <span class='ocr_line' id='line_1_48' title="bbox 221 3107 1809 3182; baseline -0.001 -19"><span class='ocrx_word' id='word_1_340' title='bbox 221 3112 698 3182; x_wconf 71' lang='grc' dir='ltr'>περιλειφθέντας,</span> <span class='ocrx_word' id='word_1_341' title='bbox 729 3109 836 3162; x_wconf 75' lang='grc' dir='ltr'><strong>ὑπὸ</strong></span> <span class='ocrx_word' id='word_1_342' title='bbox 865 3110 976 3162; x_wconf 84' lang='grc' dir='ltr'>τῶν</span> <span class='ocrx_word' id='word_1_343' title='bbox 1013 3108 1368 3180; x_wconf 84' lang='grc' dir='ltr'>στρατιωτῶν</span> <span class='ocrx_word' id='word_1_344' title='bbox 1400 3107 1623 3163; x_wconf 82' lang='grc' dir='ltr'>ἁλῶναι.</span> <span class='ocrx_word' id='word_1_345' title='bbox 1652 3107 1809 3162; x_wconf 76' lang='grc' dir='ltr'>Οὕτω</span> 
     </span>
    </p>
   </div>
   <div class='ocr_carea' id='block_1_49' title="bbox 1909 1993 3492 2069">
    <p class='ocr_par' dir='ltr' id='par_1_49' title="bbox 1909 1993 3492 2069">
     <span class='ocr_line' id='line_1_49' title="bbox 1909 1993 3492 2069; baseline 0.001 -19"><span class='ocrx_word' id='word_1_346' title='bbox 1909 2014 2077 2067; x_wconf 87' lang='lat' dir='ltr'><strong>quum</strong></span> <span class='ocrx_word' id='word_1_347' title='bbox 2116 1999 2248 2058; x_wconf 87' lang='lat' dir='ltr'><strong>diei.</strong></span> <span class='ocrx_word' id='word_1_348' title='bbox 2289 1993 2626 2069; x_wconf 78' lang='lat' dir='ltr'><strong>noctemque</strong></span> <span class='ocrx_word' id='word_1_349' title='bbox 2679 1999 3026 2056; x_wconf 71' lang='lat' dir='ltr'><strong>continenter</strong></span> <span class='ocrx_word' id='word_1_350' title='bbox 3059 2003 3369 2064; x_wconf 77' lang='lat' dir='ltr'><strong>ambulans,</strong></span> <span class='ocrx_word' id='word_1_351' title='bbox 3403 2004 3492 2058; x_wconf 70' lang='lat' dir='ltr'><strong>die</strong></span> 
     </span>
    </p>
   </div>
   <div class='ocr_carea' id='block_1_50' title="bbox 1909 2092 3495 2164">
    <p class='ocr_par' dir='ltr' id='par_1_50' title="bbox 1909 2092 3495 2164">
     <span class='ocr_line' id='line_1_50' title="bbox 1909 2092 3495 2164; baseline 0.003 -20"><span class='ocrx_word' id='word_1_352' title='bbox 1909 2092 2086 2144; x_wconf 87' lang='lat' dir='ltr'><strong>altero</strong></span> <span class='ocrx_word' id='word_1_353' title='bbox 2119 2092 2254 2146; x_wconf 82' lang='lat' dir='ltr'><strong>ﬁnes</strong></span> <span class='ocrx_word' id='word_1_354' title='bbox 2305 2094 2388 2147; x_wconf 92' lang='lat' dir='ltr'><strong>sui</strong></span> <span class='ocrx_word' id='word_1_355' title='bbox 2426 2093 2767 2163; x_wconf 81' lang='lat' dir='ltr'><strong>principatus</strong></span> <span class='ocrx_word' id='word_1_356' title='bbox 2803 2095 3008 2164; x_wconf 83' lang='lat' dir='ltr'><strong>attigit.</strong></span> <span class='ocrx_word' id='word_1_357' title='bbox 3046 2095 3352 2163; x_wconf 84' lang='lat' dir='ltr'><strong>Imperator</strong></span> <span class='ocrx_word' id='word_1_358' title='bbox 3379 2096 3495 2150; x_wconf 82' lang='lat' dir='ltr'><strong>suis</strong></span> 
     </span>
    </p>
   </div>
   <div class='ocr_carea' id='block_1_51' title="bbox 1909 2187 3490 2257">
    <p class='ocr_par' dir='ltr' id='par_1_51' title="bbox 1909 2187 3490 2257">
     <span class='ocr_line' id='line_1_51' title="bbox 1909 2187 3490 2257; baseline 0.001 -18"><span class='ocrx_word' id='word_1_359' title='bbox 1909 2187 2187 2256; x_wconf 78' lang='lat' dir='ltr'><strong>praecepit,</strong></span> <span class='ocrx_word' id='word_1_360' title='bbox 2227 2189 2304 2240; x_wconf 90' lang='lat' dir='ltr'><strong>uti</strong></span> <span class='ocrx_word' id='word_1_361' title='bbox 2335 2203 2503 2241; x_wconf 85' lang='lat' dir='ltr'><strong>mane</strong></span> <span class='ocrx_word' id='word_1_362' title='bbox 2532 2188 2587 2240; x_wconf 91' lang='lat' dir='ltr'><strong>in</strong></span> <span class='ocrx_word' id='word_1_363' title='bbox 2636 2189 2812 2242; x_wconf 89' lang='lat' dir='ltr'><strong>armis</strong></span> <span class='ocrx_word' id='word_1_364' title='bbox 2838 2189 3052 2244; x_wconf 83' lang='lat' dir='ltr'><strong>hostem</strong></span> <span class='ocrx_word' id='word_1_365' title='bbox 3083 2197 3490 2257; x_wconf 73' lang='lat' dir='ltr'><strong>exspectarent,</strong></span> 
     </span>
    </p>
   </div>
   <div class='ocr_carea' id='block_1_52' title="bbox 1907 2277 3491 2347">
    <p class='ocr_par' dir='ltr' id='par_1_52' title="bbox 1907 2277 3491 2347">
     <span class='ocr_line' id='line_1_52' title="bbox 1907 2277 3491 2347; baseline 0.003 -15"><span class='ocrx_word' id='word_1_366' title='bbox 1907 2289 1964 2333; x_wconf 87' lang='lat' dir='ltr'><strong>et</strong></span> <span class='ocrx_word' id='word_1_367' title='bbox 2012 2277 2128 2347; x_wconf 89' lang='lat' dir='ltr'><strong>ipse</strong></span> <span class='ocrx_word' id='word_1_368' title='bbox 2163 2277 2443 2332; x_wconf 83' lang='lat' dir='ltr'><strong>conﬂictui</strong></span> <span class='ocrx_word' id='word_1_369' title='bbox 2502 2295 2811 2334; x_wconf 82' lang='lat' dir='ltr'><strong>necessaria</strong></span> <span class='ocrx_word' id='word_1_370' title='bbox 2845 2297 3064 2347; x_wconf 87' lang='lat' dir='ltr'><strong>curans,</strong></span> <span class='ocrx_word' id='word_1_371' title='bbox 3099 2283 3395 2338; x_wconf 80' lang='lat' dir='ltr'><strong>noiinullos</strong></span> <span class='ocrx_word' id='word_1_372' title='bbox 3425 2285 3491 2336; x_wconf 88' lang='lat' dir='ltr'><strong>ad</strong></span> 
     </span>
    </p>
   </div>
   <div class='ocr_carea' id='block_1_53' title="bbox 1909 2369 3492 2442">
    <p class='ocr_par' dir='ltr' id='par_1_53' title="bbox 1909 2369 3492 2442">
     <span class='ocr_line' id='line_1_53' title="bbox 1909 2369 3492 2442; baseline 0.004 -20"><span class='ocrx_word' id='word_1_373' title='bbox 1909 2380 2088 2422; x_wconf 89' lang='lat' dir='ltr'><strong>castra</strong></span> <span class='ocrx_word' id='word_1_374' title='bbox 2138 2369 2435 2423; x_wconf 64' lang='lat' dir='ltr'><strong>Moesorum</strong></span> <span class='ocrx_word' id='word_1_375' title='bbox 2463 2372 2799 2438; x_wconf 74' lang='lat' dir='ltr'><strong>eXploranda</strong></span> <span class='ocrx_word' id='word_1_376' title='bbox 2829 2374 3079 2437; x_wconf 85' lang='lat' dir='ltr'><strong>dimittit,</strong></span> <span class='ocrx_word' id='word_1_377' title='bbox 3110 2373 3202 2442; x_wconf 88' lang='lat' dir='ltr'><strong>qui</strong></span> <span class='ocrx_word' id='word_1_378' title='bbox 3241 2373 3344 2427; x_wconf 84' lang='lat' dir='ltr'><strong>sub</strong></span> <span class='ocrx_word' id='word_1_379' title='bbox 3379 2391 3492 2429; x_wconf 88' lang='lat' dir='ltr'><strong>me-</strong></span> 
     </span>
    </p>
   </div>
   <div class='ocr_carea' id='block_1_54' title="bbox 1909 2460 3488 2531">
    <p class='ocr_par' dir='ltr' id='par_1_54' title="bbox 1909 2460 3488 2531">
     <span class='ocr_line' id='line_1_54' title="bbox 1909 2460 3488 2531; baseline 0.003 -19"><span class='ocrx_word' id='word_1_380' title='bbox 1909 2460 2102 2514; x_wconf 86' lang='lat' dir='ltr'><strong>ridiem</strong></span> <span class='ocrx_word' id='word_1_381' title='bbox 2128 2475 2254 2515; x_wconf 91' lang='lat' dir='ltr'><strong>cum</strong></span> <span class='ocrx_word' id='word_1_382' title='bbox 2288 2477 2381 2516; x_wconf 82' lang='lat' dir='ltr'><strong>sex</strong></span> <span class='ocrx_word' id='word_1_383' title='bbox 2417 2462 2606 2517; x_wconf 70' lang='lat' dir='ltr'><strong>Mmsis</strong></span> <span class='ocrx_word' id='word_1_384' title='bbox 2639 2464 2870 2531; x_wconf 78' lang='lat' dir='ltr'><strong>captivis</strong></span> <span class='ocrx_word' id='word_1_385' title='bbox 2913 2472 3288 2517; x_wconf 84' lang='lat' dir='ltr'><strong>revertuntur.</strong></span> <span class='ocrx_word' id='word_1_386' title='bbox 3323 2463 3365 2517; x_wconf 88' lang='lat' dir='ltr'><strong>li</strong></span> <span class='ocrx_word' id='word_1_387' title='bbox 3409 2465 3488 2516; x_wconf 89' lang='lat' dir='ltr'><strong>in-</strong></span> 
     </span>
    </p>
   </div>
   <div class='ocr_carea' id='block_1_55' title="bbox 1911 2554 3492 2624">
    <p class='ocr_par' dir='ltr' id='par_1_55' title="bbox 1911 2554 3492 2624">
     <span class='ocr_line' id='line_1_55' title="bbox 1911 2554 3492 2624; baseline 0.004 -21"><span class='ocrx_word' id='word_1_388' title='bbox 1911 2554 2194 2622; x_wconf 73' lang='lat' dir='ltr'><strong>terrogati,</strong></span> <span class='ocrx_word' id='word_1_389' title='bbox 2226 2569 2407 2623; x_wconf 89' lang='lat' dir='ltr'><strong>regem</strong></span> <span class='ocrx_word' id='word_1_390' title='bbox 2467 2555 2645 2624; x_wconf 86' lang='lat' dir='ltr'><strong>pridie</strong></span> <span class='ocrx_word' id='word_1_391' title='bbox 2677 2571 2800 2609; x_wconf 74' lang='lat' dir='ltr'><strong>(anu</strong></span> <span class='ocrx_word' id='word_1_392' title='bbox 2850 2557 3094 2610; x_wconf 73' lang='lat' dir='ltr'><strong>exercitu</strong></span> <span class='ocrx_word' id='word_1_393' title='bbox 3145 2557 3369 2614; x_wconf 86' lang='lat' dir='ltr'><strong>domum</strong></span> <span class='ocrx_word' id='word_1_394' title='bbox 3409 2573 3492 2609; x_wconf 83' lang='lat' dir='ltr'><strong>re-</strong></span> 
     </span>
    </p>
   </div>
   <div class='ocr_carea' id='block_1_56' title="bbox 1909 2648 3507 2718">
    <p class='ocr_par' dir='ltr' id='par_1_56' title="bbox 1909 2648 3507 2718">
     <span class='ocr_line' id='line_1_56' title="bbox 1909 2648 3507 2718; baseline 0.002 -22"><span class='ocrx_word' id='word_1_395' title='bbox 1909 2660 2182 2714; x_wconf 79' lang='lat' dir='ltr'><strong>gressum,</strong></span> <span class='ocrx_word' id='word_1_396' title='bbox 2215 2663 2273 2701; x_wconf 86' lang='lat' dir='ltr'><strong>se</strong></span> <span class='ocrx_word' id='word_1_397' title='bbox 2309 2648 2586 2716; x_wconf 57' lang='lat' dir='ltr'><strong>praedandi</strong></span> <span class='ocrx_word' id='word_1_398' title='bbox 2618 2664 2779 2702; x_wconf 88' lang='lat' dir='ltr'><strong>causa</strong></span> <span class='ocrx_word' id='word_1_399' title='bbox 2838 2649 3062 2702; x_wconf 86' lang='lat' dir='ltr'><strong>relictos</strong></span> <span class='ocrx_word' id='word_1_400' title='bbox 3109 2657 3164 2702; x_wconf 88' lang='lat' dir='ltr'><strong>et</strong></span> <span class='ocrx_word' id='word_1_401' title='bbox 3195 2650 3266 2703; x_wconf 89' lang='lat' dir='ltr'><strong>ita</strong></span> <span class='ocrx_word' id='word_1_402' title='bbox 3305 2656 3507 2718; x_wconf 86' lang='lat' dir='ltr'><strong>captos-</strong></span> 
     </span>
    </p>
   </div>
   <div class='ocr_carea' id='block_1_57' title="bbox 1911 2737 3490 2808">
    <p class='ocr_par' dir='ltr' id='par_1_57' title="bbox 1911 2737 3490 2808">
     <span class='ocr_line' id='line_1_57' title="bbox 1911 2737 3490 2808; baseline 0.001 -17"><span class='ocrx_word' id='word_1_403' title='bbox 1911 2747 2240 2792; x_wconf 87' lang='lat' dir='ltr'><strong>memorant.</strong></span> <span class='ocrx_word' id='word_1_404' title='bbox 2277 2737 2370 2792; x_wconf 90' lang='lat' dir='ltr'><strong>Sic</strong></span> <span class='ocrx_word' id='word_1_405' title='bbox 2405 2737 2636 2793; x_wconf 79' lang='lat' dir='ltr'><strong>Michael</strong></span> <span class='ocrx_word' id='word_1_406' title='bbox 2682 2749 3066 2808; x_wconf 65' lang='lat' dir='ltr'><strong>strategemate</strong></span> <span class='ocrx_word' id='word_1_407' title='bbox 3101 2740 3490 2808; x_wconf 87' lang='lat' dir='ltr'><strong>imperatorem</strong></span> 
     </span>
    </p>
   </div>
   <div class='ocr_carea' id='block_1_58' title="bbox 1908 2831 3490 2898">
    <p class='ocr_par' dir='ltr' id='par_1_58' title="bbox 1908 2831 3490 2898">
     <span class='ocr_line' id='line_1_58' title="bbox 1908 2831 3490 2898; baseline 0 -14"><span class='ocrx_word' id='word_1_408' title='bbox 1908 2831 2132 2884; x_wconf 86' lang='lat' dir='ltr'><strong>delusit.</strong></span> <span class='ocrx_word' id='word_1_409' title='bbox 2181 2831 2299 2884; x_wconf 84' lang='lat' dir='ltr'><strong>Non</strong></span> <span class='ocrx_word' id='word_1_410' title='bbox 2337 2831 2494 2886; x_wconf 87' lang='lat' dir='ltr'><strong>multi</strong></span> <span class='ocrx_word' id='word_1_411' title='bbox 2545 2831 2666 2884; x_wconf 84' lang='lat' dir='ltr'><strong>dies</strong></span> <span class='ocrx_word' id='word_1_412' title='bbox 2714 2831 3166 2895; x_wconf 79' lang='lat' dir='ltr'><strong>intercesserunt,</strong></span> <span class='ocrx_word' id='word_1_413' title='bbox 3211 2845 3334 2884; x_wconf 87' lang='lat' dir='ltr'><strong>cum</strong></span> <span class='ocrx_word' id='word_1_414' title='bbox 3377 2831 3490 2898; x_wconf 84' lang='lat' dir='ltr'><strong>ipse</strong></span> 
     </span>
    </p>
   </div>
   <div class='ocr_carea' id='block_1_59' title="bbox 1908 2923 3486 2991">
    <p class='ocr_par' dir='ltr' id='par_1_59' title="bbox 1908 2923 3486 2991">
     <span class='ocr_line' id='line_1_59' title="bbox 1908 2923 3486 2991; baseline 0 -15"><span class='ocrx_word' id='word_1_415' title='bbox 1908 2938 2126 2991; x_wconf 80' lang='lat' dir='ltr'><strong>quoque</strong></span> <span class='ocrx_word' id='word_1_416' title='bbox 2193 2927 2500 2991; x_wconf 83' lang='lat' dir='ltr'><strong>imperator</strong></span> <span class='ocrx_word' id='word_1_417' title='bbox 2549 2923 2794 2978; x_wconf 68' lang='lat' dir='ltr'><strong>Moesiam</strong></span> <span class='ocrx_word' id='word_1_418' title='bbox 2851 2924 3161 2986; x_wconf 83' lang='lat' dir='ltr'><strong>incursans,</strong></span> <span class='ocrx_word' id='word_1_419' title='bbox 3195 2933 3250 2976; x_wconf 89' lang='lat' dir='ltr'><strong>et</strong></span> <span class='ocrx_word' id='word_1_420' title='bbox 3289 2924 3486 2978; x_wconf 77' lang='lat' dir='ltr'><strong>czetera</strong></span> 
     </span>
    </p>
   </div>
   <div class='ocr_carea' id='block_1_60' title="bbox 1910 3013 3486 3082">
    <p class='ocr_par' dir='ltr' id='par_1_60' title="bbox 1910 3013 3486 3082">
     <span class='ocr_line' id='line_1_60' title="bbox 1910 3013 3486 3082; baseline 0.001 -15"><span class='ocrx_word' id='word_1_421' title='bbox 1910 3014 2160 3067; x_wconf 76' lang='lat' dir='ltr'><strong>infestam</strong></span> <span class='ocrx_word' id='word_1_422' title='bbox 2219 3013 2432 3074; x_wconf 87' lang='lat' dir='ltr'><strong>habuit,</strong></span> <span class='ocrx_word' id='word_1_423' title='bbox 2485 3023 2540 3068; x_wconf 83' lang='lat' dir='ltr'><strong>et</strong></span> <span class='ocrx_word' id='word_1_424' title='bbox 2595 3013 2898 3082; x_wconf 81' lang='lat' dir='ltr'><strong>Diampolin</strong></span> <span class='ocrx_word' id='word_1_425' title='bbox 2977 3029 3041 3068; x_wconf 79' lang='lat' dir='ltr'><strong>ex</strong></span> <span class='ocrx_word' id='word_1_426' title='bbox 3099 3015 3321 3075; x_wconf 89' lang='lat' dir='ltr'><strong>itinere,</strong></span> <span class='ocrx_word' id='word_1_427' title='bbox 3391 3032 3486 3068; x_wconf 88' lang='lat' dir='ltr'><strong>seu</strong></span> 
     </span>
    </p>
   </div>
   <div class='ocr_carea' id='block_1_61' title="bbox 1910 3105 3486 3177">
    <p class='ocr_par' dir='ltr' id='par_1_61' title="bbox 1910 3105 3486 3177">
     <span class='ocr_line' id='line_1_61' title="bbox 1910 3105 3486 3177; baseline 0.001 -21"><span class='ocrx_word' id='word_1_428' title='bbox 1910 3106 2090 3177; x_wconf 78' lang='lat' dir='ltr'><strong>primo</strong></span> <span class='ocrx_word' id='word_1_429' title='bbox 2125 3107 2356 3174; x_wconf 83' lang='lat' dir='ltr'><strong>impetu,</strong></span> <span class='ocrx_word' id='word_1_430' title='bbox 2379 3106 2732 3174; x_wconf 79' lang='lat' dir='ltr'><strong>expugnavit,</strong></span> <span class='ocrx_word' id='word_1_431' title='bbox 2766 3113 2930 3173; x_wconf 85' lang='lat' dir='ltr'><strong>atque</strong></span> <span class='ocrx_word' id='word_1_432' title='bbox 2967 3105 3038 3157; x_wconf 88' lang='lat' dir='ltr'><strong>ita</strong></span> <span class='ocrx_word' id='word_1_433' title='bbox 3071 3105 3124 3157; x_wconf 90' lang='lat' dir='ltr'><strong>in</strong></span> <span class='ocrx_word' id='word_1_434' title='bbox 3149 3105 3486 3170; x_wconf 76' lang='lat' dir='ltr'><strong>provinciam</strong></span> 
     </span>
    </p>
   </div>
   <div class='ocr_carea' id='block_1_62' title="bbox 223 3199 1901 3296">
    <p class='ocr_par' dir='ltr' id='par_1_62' title="bbox 223 3202 1880 3296">
     <span class='ocr_line' id='line_1_62' title="bbox 223 3202 1880 3296; baseline -0.004 -38"><span class='ocrx_word' id='word_1_435' title='bbox 223 3207 326 3274; x_wconf 78' lang='grc' dir='ltr'>μὲν</span> <span class='ocrx_word' id='word_1_436' title='bbox 360 3205 574 3275; x_wconf 80' lang='grc' dir='ltr'>Μιχαὴλ</span> <span class='ocrx_word' id='word_1_437' title='bbox 598 3205 1086 3274; x_wconf 83' lang='grc' dir='ltr'>κατεστρατήγησε</span> <span class='ocrx_word' id='word_1_438' title='bbox 1120 3203 1370 3271; x_wconf 87' lang='grc' dir='ltr'>βασιλέα.</span> <span class='ocrx_word' id='word_1_439' title='bbox 1401 3203 1476 3256; x_wconf 86' lang='grc' dir='ltr'><strong>Οὐ</strong></span> <span class='ocrx_word' id='word_1_440' title='bbox 1509 3202 1727 3258; x_wconf 75' lang='grc' dir='ltr'>πολλαῖς</span> <span class='ocrx_word' id='word_1_441' title='bbox 1751 3202 1806 3254; x_wconf 82' lang='grc' dir='ltr'>δὲ</span> <span class='ocrx_word' id='word_1_442' title='bbox 1836 3237 1880 3296; x_wconf 78' lang='lat' dir='ltr'><strong>C</strong></span> 
     </span>
    </p>
   </div>
   <div class='ocr_carea' id='block_1_63' title="bbox 1808 3199 3486 3296">
    <p class='ocr_par' dir='ltr' id='par_1_63' title="bbox 1836 3199 3486 3296">
     <span class='ocr_line' id='line_1_63' title="bbox 1836 3199 3486 3296; baseline 0.001 -44"><span class='ocrx_word' id='word_1_443' title='bbox 1836 3237 1880 3296; x_wconf 64' lang='grc' dir='ltr'>ε</span> <span class='ocrx_word' id='word_1_444' title='bbox 1915 3215 2067 3253; x_wconf 87' lang='lat' dir='ltr'><strong>suam</strong></span> <span class='ocrx_word' id='word_1_445' title='bbox 2107 3215 2362 3280; x_wconf 71' lang='lat' dir='ltr'><strong>reversus</strong></span> <span class='ocrx_word' id='word_1_446' title='bbox 2405 3209 2505 3252; x_wconf 87' lang='lat' dir='ltr'><strong>est.</strong></span> <span class='ocrx_word' id='word_1_447' title='bbox 2537 3200 2629 3254; x_wconf 85' lang='lat' dir='ltr'><strong>Die</strong></span> <span class='ocrx_word' id='word_1_448' title='bbox 2681 3199 2751 3252; x_wconf 89' lang='lat' dir='ltr'><strong>ab</strong></span> <span class='ocrx_word' id='word_1_449' title='bbox 2783 3199 2886 3252; x_wconf 90' lang='lat' dir='ltr'><strong>hac</strong></span> <span class='ocrx_word' id='word_1_450' title='bbox 2917 3199 3236 3254; x_wconf 87' lang='lat' dir='ltr'><strong>incursione</strong></span> <span class='ocrx_word' id='word_1_451' title='bbox 3264 3216 3486 3270; x_wconf 81' lang='lat' dir='ltr'><strong>sexage-</strong></span> 
     </span>
    </p>
   </div>
   <div class='ocr_carea' id='block_1_64' title="bbox 219 3290 1793 3364">
    <p class='ocr_par' dir='ltr' id='par_1_64' title="bbox 219 3290 1793 3364">
     <span class='ocr_line' id='line_1_64' title="bbox 219 3290 1793 3364; baseline -0.003 -17"><span class='ocrx_word' id='word_1_452' title='bbox 219 3295 456 3364; x_wconf 75' lang='grc' dir='ltr'>ὕστερον</span> <span class='ocrx_word' id='word_1_453' title='bbox 487 3295 724 3364; x_wconf 78' lang='grc' dir='ltr'>ἡμέραις</span> <span class='ocrx_word' id='word_1_454' title='bbox 755 3293 846 3344; x_wconf 78' lang='grc' dir='ltr'>καὶ</span> <span class='ocrx_word' id='word_1_455' title='bbox 896 3293 1059 3356; x_wconf 69' lang='grc' dir='ltr'>αὐτὸς</span> <span class='ocrx_word' id='word_1_456' title='bbox 1105 3291 1387 3344; x_wconf 74' lang='grc' dir='ltr'>εἰσέϐαλεν</span> <span class='ocrx_word' id='word_1_457' title='bbox 1426 3293 1506 3353; x_wconf 82' lang='grc' dir='ltr'><strong>είς</strong></span> <span class='ocrx_word' id='word_1_458' title='bbox 1539 3290 1636 3359; x_wconf 76' lang='grc' dir='ltr'><strong>τὴν</strong></span> <span class='ocrx_word' id='word_1_459' title='bbox 1686 3292 1793 3343; x_wconf 86' lang='grc' dir='ltr'><strong>Μυ-</strong></span> 
     </span>
    </p>
   </div>
   <div class='ocr_carea' id='block_1_65' title="bbox 222 3379 1802 3446">
    <p class='ocr_par' dir='ltr' id='par_1_65' title="bbox 222 3379 1802 3446">
     <span class='ocr_line' id='line_1_65' title="bbox 222 3379 1802 3446; baseline -0.003 -10"><span class='ocrx_word' id='word_1_460' title='bbox 222 3385 372 3446; x_wconf 88' lang='grc' dir='ltr'>σίαν,</span> <span class='ocrx_word' id='word_1_461' title='bbox 403 3381 502 3436; x_wconf 73' lang='grc' dir='ltr'>καὶ</span> <span class='ocrx_word' id='word_1_462' title='bbox 533 3381 703 3434; x_wconf 82' lang='grc' dir='ltr'>τᾶλλα</span> <span class='ocrx_word' id='word_1_463' title='bbox 733 3396 790 3432; x_wconf 89' lang='grc' dir='ltr'><strong>τε</strong></span> <span class='ocrx_word' id='word_1_464' title='bbox 821 3379 1102 3432; x_wconf 66' lang='grc' dir='ltr'>ἐκάκωσεν</span> <span class='ocrx_word' id='word_1_465' title='bbox 1134 3379 1326 3445; x_wconf 77' lang='grc' dir='ltr'>αὐτὴν,</span> <span class='ocrx_word' id='word_1_466' title='bbox 1355 3379 1451 3430; x_wconf 71' lang='grc' dir='ltr'>καὶ</span> <span class='ocrx_word' id='word_1_467' title='bbox 1500 3379 1802 3444; x_wconf 86' lang='grc' dir='ltr'>Διάμπολιν</span> 
     </span>
    </p>
   </div>
   <div class='ocr_carea' id='block_1_66' title="bbox 221 3468 1804 3542">
    <p class='ocr_par' dir='ltr' id='par_1_66' title="bbox 221 3468 1804 3542">
     <span class='ocr_line' id='line_1_66' title="bbox 221 3468 1804 3542; baseline -0.006 -13"><span class='ocrx_word' id='word_1_468' title='bbox 221 3472 368 3529; x_wconf 75' lang='grc' dir='ltr'>εἷλεν</span> <span class='ocrx_word' id='word_1_469' title='bbox 417 3473 476 3538; x_wconf 64' lang='lat' dir='ltr'><strong>EF,</strong></span> <span class='ocrx_word' id='word_1_470' title='bbox 506 3473 696 3542; x_wconf 74' lang='grc' dir='ltr'>ἐφόδου</span> <span class='ocrx_word' id='word_1_471' title='bbox 717 3489 731 3504; x_wconf 87' lang='grc'><strong>·</strong></span> <span class='ocrx_word' id='word_1_472' title='bbox 760 3471 856 3526; x_wconf 76' lang='grc' dir='ltr'><strong>καὶ</strong></span> <span class='ocrx_word' id='word_1_473' title='bbox 889 3470 1174 3540; x_wconf 68' lang='grc' dir='ltr'>πορθήσας</span> <span class='ocrx_word' id='word_1_474' title='bbox 1219 3469 1412 3540; x_wconf 76' lang='grc' dir='ltr'>αὐτὴν,</span> <span class='ocrx_word' id='word_1_475' title='bbox 1441 3468 1804 3534; x_wconf 73' lang='grc' dir='ltr'>ὲπανίζευξεν</span> 
     </span>
    </p>
   </div>
   <div class='ocr_carea' id='block_1_67' title="bbox 225 3559 1806 3636">
    <p class='ocr_par' dir='ltr' id='par_1_67' title="bbox 225 3559 1806 3636">
     <span class='ocr_line' id='line_1_67' title="bbox 225 3559 1806 3636; baseline -0.004 -17"><span class='ocrx_word' id='word_1_476' title='bbox 225 3571 304 3629; x_wconf 87' lang='grc' dir='ltr'><strong>είς</strong></span> <span class='ocrx_word' id='word_1_477' title='bbox 337 3566 438 3636; x_wconf 86' lang='grc' dir='ltr'><strong>τὴν</strong></span> <span class='ocrx_word' id='word_1_478' title='bbox 466 3565 692 3618; x_wconf 75' lang='grc' dir='ltr'>οἰκείαν.</span> <span class='ocrx_word' id='word_1_479' title='bbox 732 3563 792 3616; x_wconf 87' lang='grc'><strong>’0</strong></span> <span class='ocrx_word' id='word_1_480' title='bbox 815 3563 1037 3631; x_wconf 76' lang='grc' dir='ltr'>Μιχαὴλ</span> <span class='ocrx_word' id='word_1_481' title='bbox 1081 3563 1136 3614; x_wconf 78' lang='grc' dir='ltr'>δὲ</span> <span class='ocrx_word' id='word_1_482' title='bbox 1174 3563 1311 3632; x_wconf 84' lang='grc' dir='ltr'><strong>μετά</strong></span> <span class='ocrx_word' id='word_1_483' title='bbox 1334 3559 1635 3631; x_wconf 81' lang='grc' dir='ltr'>ἑξηκοστὴν</span> <span class='ocrx_word' id='word_1_484' title='bbox 1669 3561 1806 3630; x_wconf 74' lang='grc' dir='ltr'>ἡμέ-</span> 
     </span>
    </p>
   </div>
   <div class='ocr_carea' id='block_1_68' title="bbox 227 3653 1806 3729">
    <p class='ocr_par' dir='ltr' id='par_1_68' title="bbox 227 3653 1806 3729">
     <span class='ocr_line' id='line_1_68' title="bbox 227 3653 1806 3729; baseline -0.005 -18"><span class='ocrx_word' id='word_1_485' title='bbox 227 3675 328 3729; x_wconf 88' lang='grc' dir='ltr'><strong>ραν</strong></span> <span class='ocrx_word' id='word_1_486' title='bbox 355 3658 456 3726; x_wconf 81' lang='grc' dir='ltr'>τῆς</span> <span class='ocrx_word' id='word_1_487' title='bbox 489 3655 753 3726; x_wconf 75' lang='grc' dir='ltr'>βασιλέως</span> <span class='ocrx_word' id='word_1_488' title='bbox 811 3655 1100 3722; x_wconf 84' lang='grc' dir='ltr'>εἰσϐολῆς,</span> <span class='ocrx_word' id='word_1_489' title='bbox 1141 3653 1305 3707; x_wconf 85' lang='grc' dir='ltr'>πάλιν</span> <span class='ocrx_word' id='word_1_490' title='bbox 1348 3654 1441 3708; x_wconf 79' lang='grc' dir='ltr'>καὶ</span> <span class='ocrx_word' id='word_1_491' title='bbox 1490 3655 1652 3715; x_wconf 81' lang='grc' dir='ltr'>αὐτὸς</span> <span class='ocrx_word' id='word_1_492' title='bbox 1696 3655 1806 3704; x_wconf 86' lang='grc' dir='ltr'>εἰσ-</span> 
     </span>
    </p>
   </div>
   <div class='ocr_carea' id='block_1_69' title="bbox 225 3743 1807 3818">
    <p class='ocr_par' dir='ltr' id='par_1_69' title="bbox 225 3743 1807 3818">
     <span class='ocr_line' id='line_1_69' title="bbox 225 3743 1807 3818; baseline -0.007 -14"><span class='ocrx_word' id='word_1_493' title='bbox 225 3750 422 3804; x_wconf 79' lang='grc' dir='ltr'>έϐαλεν</span> <span class='ocrx_word' id='word_1_494' title='bbox 449 3749 530 3811; x_wconf 83' lang='grc' dir='ltr'><strong>είς</strong></span> <span class='ocrx_word' id='word_1_495' title='bbox 567 3748 665 3818; x_wconf 85' lang='grc' dir='ltr'><strong>τὴν</strong></span> <span class='ocrx_word' id='word_1_496' title='bbox 710 3747 1020 3816; x_wconf 86' lang='grc' dir='ltr'>Ῥωμαίων.</span> <span class='ocrx_word' id='word_1_497' title='bbox 1065 3747 1174 3800; x_wconf 75' lang='grc' dir='ltr'><strong>Κ-αὶ</strong></span> <span class='ocrx_word' id='word_1_498' title='bbox 1209 3745 1499 3815; x_wconf 83' lang='grc' dir='ltr'>γενόμενος</span> <span class='ocrx_word' id='word_1_499' title='bbox 1529 3745 1587 3796; x_wconf 83' lang='grc' dir='ltr'>ὲν</span> <span class='ocrx_word' id='word_1_500' title='bbox 1621 3743 1807 3810; x_wconf 83' lang='grc' dir='ltr'>Ὀδρυ-</span> 
     </span>
    </p>
   </div>
   <div class='ocr_carea' id='block_1_70' title="bbox 225 3831 1806 3908">
    <p class='ocr_par' dir='ltr' id='par_1_70' title="bbox 225 3831 1806 3908">
     <span class='ocr_line' id='line_1_70' title="bbox 225 3831 1806 3908; baseline -0.005 -14"><span class='ocrx_word' id='word_1_501' title='bbox 225 3843 362 3904; x_wconf 85' lang='grc' dir='ltr'>σοῖς,</span> <span class='ocrx_word' id='word_1_502' title='bbox 393 3841 455 3893; x_wconf 76' lang='grc' dir='ltr'><strong>τὸ</strong></span> <span class='ocrx_word' id='word_1_503' title='bbox 503 3839 768 3892; x_wconf 83' lang='grc' dir='ltr'>Βουκέλου</span> <span class='ocrx_word' id='word_1_504' title='bbox 817 3839 1368 3908; x_wconf 76' lang='grc' dir='ltr'>προσαγορευόμενον</span> <span class='ocrx_word' id='word_1_505' title='bbox 1423 3835 1668 3904; x_wconf 80' lang='grc' dir='ltr'>πόλισμα</span> <span class='ocrx_word' id='word_1_506' title='bbox 1693 3831 1806 3886; x_wconf 79' lang='grc' dir='ltr'>εἷλε</span> 
     </span>
    </p>
   </div>
   <div class='ocr_carea' id='block_1_71' title="bbox 226 3927 1806 4004">
    <p class='ocr_par' dir='ltr' id='par_1_71' title="bbox 226 3927 1806 4004">
     <span class='ocr_line' id='line_1_71' title="bbox 226 3927 1806 4004; baseline -0.006 -17"><span class='ocrx_word' id='word_1_507' title='bbox 226 3933 513 4004; x_wconf 73' lang='grc' dir='ltr'>προδοσία,</span> <span class='ocrx_word' id='word_1_508' title='bbox 545 3932 656 3985; x_wconf 81' lang='grc' dir='ltr'>τῶν</span> <span class='ocrx_word' id='word_1_509' title='bbox 686 3933 946 4000; x_wconf 87' lang='grc' dir='ltr'>φυλάκων</span> <span class='ocrx_word' id='word_1_510' title='bbox 967 3930 1162 3992; x_wconf 80' lang='grc' dir='ltr'>νυκτὸς</span> <span class='ocrx_word' id='word_1_511' title='bbox 1192 3928 1642 4000; x_wconf 67' lang='grc' dir='ltr'>καταπροδόντων</span> <span class='ocrx_word' id='word_1_512' title='bbox 1667 3943 1680 3957; x_wconf 90' lang='grc'><strong>·</strong></span> <span class='ocrx_word' id='word_1_513' title='bbox 1713 3927 1806 3979; x_wconf 71' lang='grc' dir='ltr'>καὶ</span> 
     </span>
    </p>
   </div>
   <div class='ocr_carea' id='block_1_72' title="bbox 222 4011 1806 4098">
    <p class='ocr_par' dir='ltr' id='par_1_72' title="bbox 222 4011 1806 4098">
     <span class='ocr_line' id='line_1_72' title="bbox 222 4011 1806 4098; baseline -0.003 -22"><span class='ocrx_word' id='word_1_514' title='bbox 222 4023 724 4094; x_wconf 79' lang='grc' dir='ltr'>ἐστρατοπέδευσεν</span> <span class='ocrx_word' id='word_1_515' title='bbox 755 4024 814 4074; x_wconf 75' lang='grc' dir='ltr'>ἑν</span> <span class='ocrx_word' id='word_1_516' title='bbox 841 4021 992 4098; x_wconf 83' lang='grc' dir='ltr'>αὐτῷ</span> <span class='ocrx_word' id='word_1_517' title='bbox 1022 4021 1290 4089; x_wconf 83' lang='grc' dir='ltr'>ἀδικήσας</span> <span class='ocrx_word' id='word_1_518' title='bbox 1327 4011 1508 4088; x_wconf 74' lang='grc' dir='ltr'>μηδὲν.</span> <span class='ocrx_word' id='word_1_519' title='bbox 1543 4018 1806 4081; x_wconf 68' lang='grc' dir='ltr'>Βασιλεὺς</span> 
     </span>
    </p>
   </div>
   <div class='ocr_carea' id='block_1_73' title="bbox 223 4111 1806 4186">
    <p class='ocr_par' dir='ltr' id='par_1_73' title="bbox 223 4111 1806 4186">
     <span class='ocr_line' id='line_1_73' title="bbox 223 4111 1806 4186; baseline -0.004 -17"><span class='ocrx_word' id='word_1_520' title='bbox 223 4119 282 4170; x_wconf 79' lang='grc' dir='ltr'>δὲ</span> <span class='ocrx_word' id='word_1_521' title='bbox 352 4117 720 4186; x_wconf 81' lang='grc' dir='ltr'>Διδυμοτείχῳ</span> <span class='ocrx_word' id='word_1_522' title='bbox 781 4114 1154 4184; x_wconf 69' lang='grc' dir='ltr'>ἐνδιατρίϐων,</span> <span class='ocrx_word' id='word_1_523' title='bbox 1214 4115 1338 4164; x_wconf 77' lang='grc' dir='ltr'>ἐπεὶ</span> <span class='ocrx_word' id='word_1_524' title='bbox 1407 4111 1640 4164; x_wconf 66' lang='grc' dir='ltr'>ἐπύθετο</span> <span class='ocrx_word' id='word_1_525' title='bbox 1707 4115 1806 4180; x_wconf 71' lang='grc' dir='ltr'><strong>τὴν</strong></span> 
     </span>
    </p>
   </div>
   <div class='ocr_carea' id='block_1_74' title="bbox 225 4201 1806 4276">
    <p class='ocr_par' dir='ltr' id='par_1_74' title="bbox 225 4201 1806 4276">
     <span class='ocr_line' id='line_1_74' title="bbox 225 4201 1806 4276; baseline -0.001 -15"><span class='ocrx_word' id='word_1_526' title='bbox 225 4208 480 4276; x_wconf 77' lang='grc' dir='ltr'>εἰσϐολὴν</span> <span class='ocrx_word' id='word_1_527' title='bbox 501 4245 516 4270; x_wconf 85' lang='lat'><strong>,</strong></span> <span class='ocrx_word' id='word_1_528' title='bbox 549 4209 627 4270; x_wconf 88' lang='grc' dir='ltr'><strong>είς</strong></span> <span class='ocrx_word' id='word_1_529' title='bbox 673 4205 1120 4276; x_wconf 80' lang='grc' dir='ltr'>Ἀδριανούπολιν</span> <span class='ocrx_word' id='word_1_530' title='bbox 1149 4201 1281 4276; x_wconf 81' lang='grc' dir='ltr'>ἦλθε</span> <span class='ocrx_word' id='word_1_531' title='bbox 1315 4204 1458 4258; x_wconf 72' lang='grc' dir='ltr'>κατὰ</span> <span class='ocrx_word' id='word_1_532' title='bbox 1489 4206 1674 4273; x_wconf 80' lang='grc' dir='ltr'>τάχος,</span> <span class='ocrx_word' id='word_1_533' title='bbox 1705 4208 1806 4260; x_wconf 86' lang='grc' dir='ltr'>κά-</span> 
     </span>
    </p>
   </div>
   <div class='ocr_carea' id='block_1_75' title="bbox 227 4296 1804 4369">
    <p class='ocr_par' dir='ltr' id='par_1_75' title="bbox 227 4296 1804 4369">
     <span class='ocr_line' id='line_1_75' title="bbox 227 4296 1804 4369; baseline -0.003 -16"><span class='ocrx_word' id='word_1_534' title='bbox 227 4303 318 4353; x_wconf 68' lang='grc' dir='ltr'><strong>κιῖ</strong></span> <span class='ocrx_word' id='word_1_535' title='bbox 349 4299 669 4369; x_wconf 76' lang='grc' dir='ltr'>συνήθροιζε</span> <span class='ocrx_word' id='word_1_536' title='bbox 687 4299 786 4367; x_wconf 77' lang='grc' dir='ltr'><strong>τὴν</strong></span> <span class='ocrx_word' id='word_1_537' title='bbox 812 4299 1074 4368; x_wconf 83' lang='grc' dir='ltr'>στρατιὰν</span> <span class='ocrx_word' id='word_1_538' title='bbox 1102 4298 1178 4359; x_wconf 80' lang='grc' dir='ltr'>ὡς</span> <span class='ocrx_word' id='word_1_539' title='bbox 1207 4296 1550 4367; x_wconf 81' lang='grc' dir='ltr'>μαχούμενος</span> <span class='ocrx_word' id='word_1_540' title='bbox 1577 4297 1804 4358; x_wconf 83' lang='grc' dir='ltr'>Μυσοῖς.</span> 
     </span>
    </p>
   </div>
   <div class='ocr_carea' id='block_1_76' title="bbox 227 4375 1808 4460">
    <p class='ocr_par' dir='ltr' id='par_1_76' title="bbox 227 4375 1808 4460">
     <span class='ocr_line' id='line_1_76' title="bbox 227 4375 1808 4460; baseline -0.004 -15"><span class='ocrx_word' id='word_1_541' title='bbox 227 4393 342 4445; x_wconf 76' lang='grc' dir='ltr'><strong>Καὶ</strong></span> <span class='ocrx_word' id='word_1_542' title='bbox 372 4395 400 4444; x_wconf 88' lang='grc' dir='ltr'>ὁ</span> <span class='ocrx_word' id='word_1_543' title='bbox 434 4391 654 4459; x_wconf 79' lang='grc' dir='ltr'>Μιχαὴλ</span> <span class='ocrx_word' id='word_1_544' title='bbox 679 4393 734 4442; x_wconf 85' lang='grc' dir='ltr'>ὲν</span> <span class='ocrx_word' id='word_1_545' title='bbox 764 4389 1034 4444; x_wconf 87' lang='grc' dir='ltr'>Βουκέλου</span> <span class='ocrx_word' id='word_1_546' title='bbox 1053 4375 1633 4460; x_wconf 76' lang='grc' dir='ltr'>ἐστρατοπεδευμένος,</span> <span class='ocrx_word' id='word_1_547' title='bbox 1667 4393 1808 4458; x_wconf 80' lang='grc' dir='ltr'>παρ’·</span> 
     </span>
    </p>
   </div>
   <div class='ocr_carea' id='block_1_77' title="bbox 225 4479 1808 4551">
    <p class='ocr_par' dir='ltr' id='par_1_77' title="bbox 225 4479 1808 4551">
     <span class='ocr_line' id='line_1_77' title="bbox 225 4479 1808 4551; baseline -0.004 -12"><span class='ocrx_word' id='word_1_548' title='bbox 225 4485 560 4547; x_wconf 78' lang='grc' dir='ltr'>εσκευὰζετο</span> <span class='ocrx_word' id='word_1_549' title='bbox 589 4483 682 4535; x_wconf 78' lang='grc' dir='ltr'>καὶ</span> <span class='ocrx_word' id='word_1_550' title='bbox 729 4482 890 4544; x_wconf 71' lang='grc' dir='ltr'>αὐτὸς</span> <span class='ocrx_word' id='word_1_551' title='bbox 936 4483 1000 4534; x_wconf 64' lang='grc' dir='ltr'>ἐκ</span> <span class='ocrx_word' id='word_1_552' title='bbox 1032 4481 1131 4551; x_wconf 82' lang='grc' dir='ltr'>τῆς</span> <span class='ocrx_word' id='word_1_553' title='bbox 1163 4480 1373 4542; x_wconf 72' lang='grc' dir='ltr'>οἰκείας</span> <span class='ocrx_word' id='word_1_554' title='bbox 1409 4479 1667 4550; x_wconf 78' lang='grc' dir='ltr'>στρατιὰν</span> <span class='ocrx_word' id='word_1_555' title='bbox 1710 4497 1808 4549; x_wconf 82' lang='grc' dir='ltr'>με·</span> 
     </span>
    </p>
   </div>
   <div class='ocr_carea' id='block_1_78' title="bbox 1913 3291 3493 3362">
    <p class='ocr_par' dir='ltr' id='par_1_78' title="bbox 1913 3291 3493 3362">
     <span class='ocr_line' id='line_1_78' title="bbox 1913 3291 3493 3362; baseline 0.001 -20"><span class='ocrx_word' id='word_1_556' title='bbox 1913 3291 2072 3352; x_wconf 83' lang='lat' dir='ltr'><strong>simo,</strong></span> <span class='ocrx_word' id='word_1_557' title='bbox 2131 3306 2346 3344; x_wconf 80' lang='lat' dir='ltr'><strong>rursum</strong></span> <span class='ocrx_word' id='word_1_558' title='bbox 2387 3291 2614 3345; x_wconf 64' lang='lat' dir='ltr'><strong>biit-hael</strong></span> <span class='ocrx_word' id='word_1_559' title='bbox 2665 3292 2720 3344; x_wconf 92' lang='lat' dir='ltr'><strong>in</strong></span> <span class='ocrx_word' id='word_1_560' title='bbox 2773 3291 3053 3345; x_wconf 72' lang='lat' dir='ltr'><strong>Romanos</strong></span> <span class='ocrx_word' id='word_1_561' title='bbox 3087 3293 3493 3362; x_wconf 68' lang='lat' dir='ltr'><strong>praedabundus.</strong></span> 
     </span>
    </p>
   </div>
   <div class='ocr_carea' id='block_1_79' title="bbox 1914 3383 3487 3454">
    <p class='ocr_par' dir='ltr' id='par_1_79' title="bbox 1914 3383 3487 3454">
     <span class='ocr_line' id='line_1_79' title="bbox 1914 3383 3487 3454; baseline 0 -20"><span class='ocrx_word' id='word_1_562' title='bbox 1914 3383 2143 3446; x_wconf 85' lang='lat' dir='ltr'><strong>invadit,</strong></span> <span class='ocrx_word' id='word_1_563' title='bbox 2201 3393 2256 3436; x_wconf 86' lang='lat' dir='ltr'><strong>et</strong></span> <span class='ocrx_word' id='word_1_564' title='bbox 2309 3385 2362 3436; x_wconf 88' lang='lat' dir='ltr'><strong>in</strong></span> <span class='ocrx_word' id='word_1_565' title='bbox 2419 3383 2645 3454; x_wconf 79' lang='lat' dir='ltr'><strong>Odrysis</strong></span> <span class='ocrx_word' id='word_1_566' title='bbox 2697 3384 2960 3438; x_wconf 80' lang='lat' dir='ltr'><strong>Bucelum</strong></span> <span class='ocrx_word' id='word_1_567' title='bbox 3010 3384 3328 3454; x_wconf 88' lang='lat' dir='ltr'><strong>oppidulum</strong></span> <span class='ocrx_word' id='word_1_568' title='bbox 3395 3402 3487 3453; x_wconf 84' lang='lat' dir='ltr'><strong>per</strong></span> 
     </span>
    </p>
   </div>
   <div class='ocr_carea' id='block_1_80' title="bbox 1917 3473 3489 3541">
    <p class='ocr_par' dir='ltr' id='par_1_80' title="bbox 1917 3473 3489 3541">
     <span class='ocr_line' id='line_1_80' title="bbox 1917 3473 3489 3541; baseline 0.002 -17"><span class='ocrx_word' id='word_1_569' title='bbox 1917 3473 2282 3541; x_wconf 87' lang='lat' dir='ltr'><strong>proditionem</strong></span> <span class='ocrx_word' id='word_1_570' title='bbox 2323 3476 2704 3527; x_wconf 80' lang='lat' dir='ltr'><strong>excubitoium</strong></span> <span class='ocrx_word' id='word_1_571' title='bbox 2747 3474 2912 3540; x_wconf 87' lang='lat' dir='ltr'><strong>capit,</strong></span> <span class='ocrx_word' id='word_1_572' title='bbox 2947 3473 3132 3538; x_wconf 67' lang='lat' dir='ltr'><strong>ibique</strong></span> <span class='ocrx_word' id='word_1_573' title='bbox 3163 3485 3340 3528; x_wconf 79' lang='lat' dir='ltr'><strong>castra</strong></span> <span class='ocrx_word' id='word_1_574' title='bbox 3372 3477 3489 3528; x_wconf 88' lang='lat' dir='ltr'><strong>sine</strong></span> 
     </span>
    </p>
   </div>
   <div class='ocr_carea' id='block_1_81' title="bbox 1915 3564 3486 3636">
    <p class='ocr_par' dir='ltr' id='par_1_81' title="bbox 1915 3564 3486 3636">
     <span class='ocr_line' id='line_1_81' title="bbox 1915 3564 3486 3636; baseline 0.003 -19"><span class='ocrx_word' id='word_1_575' title='bbox 1915 3565 2180 3618; x_wconf 86' lang='lat' dir='ltr'><strong>malelieio</strong></span> <span class='ocrx_word' id='word_1_576' title='bbox 2209 3567 2380 3632; x_wconf 83' lang='lat' dir='ltr'><strong>ponit.</strong></span> <span class='ocrx_word' id='word_1_577' title='bbox 2407 3564 2702 3634; x_wconf 83' lang='lat' dir='ltr'><strong>Imperator</strong></span> <span class='ocrx_word' id='word_1_578' title='bbox 2737 3565 2897 3634; x_wconf 76' lang='lat'><strong>200</strong></span> <span class='ocrx_word' id='word_1_579' title='bbox 2930 3565 3362 3636; x_wconf 78' lang='lat' dir='ltr'><strong>Didymotichum</strong></span> <span class='ocrx_word' id='word_1_580' title='bbox 3403 3569 3486 3620; x_wconf 89' lang='lat' dir='ltr'><strong>in-</strong></span> 
     </span>
    </p>
   </div>
   <div class='ocr_carea' id='block_1_82' title="bbox 1916 3649 3487 3728">
    <p class='ocr_par' dir='ltr' id='par_1_82' title="bbox 1916 3649 3487 3728">
     <span class='ocr_line' id='line_1_82' title="bbox 1916 3649 3487 3728; baseline 0.001 -18"><span class='ocrx_word' id='word_1_581' title='bbox 1916 3659 2168 3714; x_wconf 81' lang='lat' dir='ltr'><strong>cursione</strong></span> <span class='ocrx_word' id='word_1_582' title='bbox 2191 3660 2418 3728; x_wconf 85' lang='lat' dir='ltr'><strong>perlata,</strong></span> <span class='ocrx_word' id='word_1_583' title='bbox 2451 3659 2841 3728; x_wconf 79' lang='lat' dir='ltr'><strong>AdrianOpolin</strong></span> <span class='ocrx_word' id='word_1_584' title='bbox 2867 3658 3106 3723; x_wconf 79' lang='lat' dir='ltr'><strong>festinat,</strong></span> <span class='ocrx_word' id='word_1_585' title='bbox 3135 3649 3222 3712; x_wconf 83' lang='lat' dir='ltr'><strong>ubi</strong></span> <span class='ocrx_word' id='word_1_586' title='bbox 3261 3661 3487 3714; x_wconf 83' lang='lat' dir='ltr'><strong>militem</strong></span> 
     </span>
    </p>
   </div>
   <div class='ocr_carea' id='block_1_83' title="bbox 1912 3749 3490 3820">
    <p class='ocr_par' dir='ltr' id='par_1_83' title="bbox 1912 3749 3490 3820">
     <span class='ocr_line' id='line_1_83' title="bbox 1912 3749 3490 3820; baseline -0.001 -17"><span class='ocrx_word' id='word_1_587' title='bbox 1912 3751 1978 3803; x_wconf 88' lang='lat' dir='ltr'><strong>ad</strong></span> <span class='ocrx_word' id='word_1_588' title='bbox 2019 3767 2251 3820; x_wconf 83' lang='lat' dir='ltr'><strong>pugnam</strong></span> <span class='ocrx_word' id='word_1_589' title='bbox 2305 3749 2530 3820; x_wconf 84' lang='lat' dir='ltr'><strong>colligit.</strong></span> <span class='ocrx_word' id='word_1_590' title='bbox 2577 3751 2804 3804; x_wconf 81' lang='lat' dir='ltr'><strong>Michael</strong></span> <span class='ocrx_word' id='word_1_591' title='bbox 2846 3766 3065 3819; x_wconf 82' lang='lat' dir='ltr'><strong>quoque</strong></span> <span class='ocrx_word' id='word_1_592' title='bbox 3095 3750 3258 3804; x_wconf 88' lang='lat' dir='ltr'><strong>domo</strong></span> <span class='ocrx_word' id='word_1_593' title='bbox 3292 3755 3490 3805; x_wconf 81' lang='lat' dir='ltr'><strong>cohor-</strong></span> 
     </span>
    </p>
   </div>
   <div class='ocr_carea' id='block_1_84' title="bbox 1915 3841 3490 3910">
    <p class='ocr_par' dir='ltr' id='par_1_84' title="bbox 1915 3841 3490 3910">
     <span class='ocr_line' id='line_1_84' title="bbox 1915 3841 3490 3910; baseline -0.003 -15"><span class='ocrx_word' id='word_1_594' title='bbox 1915 3853 1996 3895; x_wconf 75' lang='lat' dir='ltr'><strong>tes</strong></span> <span class='ocrx_word' id='word_1_595' title='bbox 2037 3842 2294 3896; x_wconf 82' lang='lat' dir='ltr'><strong>Bueelum</strong></span> <span class='ocrx_word' id='word_1_596' title='bbox 2325 3853 2537 3902; x_wconf 86' lang='lat' dir='ltr'><strong>evocat.</strong></span> <span class='ocrx_word' id='word_1_597' title='bbox 2571 3857 2800 3910; x_wconf 79' lang='lat' dir='ltr'><strong>seseque</strong></span> <span class='ocrx_word' id='word_1_598' title='bbox 2852 3841 2918 3894; x_wconf 90' lang='lat' dir='ltr'><strong>ad</strong></span> <span class='ocrx_word' id='word_1_599' title='bbox 2959 3852 3234 3895; x_wconf 82' lang='lat' dir='ltr'><strong>certamen</strong></span> <span class='ocrx_word' id='word_1_600' title='bbox 3271 3858 3490 3908; x_wconf 81' lang='lat' dir='ltr'><strong>compa—</strong></span> 
     </span>
    </p>
   </div>
   <div class='ocr_carea' id='block_1_85' title="bbox 1917 3930 3490 4007">
    <p class='ocr_par' dir='ltr' id='par_1_85' title="bbox 1917 3930 3490 4007">
     <span class='ocr_line' id='line_1_85' title="bbox 1917 3930 3490 4007; baseline -0.001 -23"><span class='ocrx_word' id='word_1_601' title='bbox 1917 3939 2021 3985; x_wconf 91' lang='lat' dir='ltr'><strong>rat.</strong></span> <span class='ocrx_word' id='word_1_602' title='bbox 2047 3930 2176 3986; x_wconf 79' lang='lat' dir='ltr'><strong>Post</strong></span> <span class='ocrx_word' id='word_1_603' title='bbox 2221 3946 2424 3999; x_wconf 88' lang='lat' dir='ltr'><strong>paucos</strong></span> <span class='ocrx_word' id='word_1_604' title='bbox 2471 3931 2590 3984; x_wconf 89' lang='lat' dir='ltr'><strong>dies</strong></span> <span class='ocrx_word' id='word_1_605' title='bbox 2639 3931 2958 3994; x_wconf 82' lang='lat' dir='ltr'><strong>Probatum,</strong></span> <span class='ocrx_word' id='word_1_606' title='bbox 2989 3931 3226 4007; x_wconf 80' lang='lat' dir='ltr'><strong>vicinum</strong></span> <span class='ocrx_word' id='word_1_607' title='bbox 3254 3931 3490 3998; x_wconf 80' lang='lat' dir='ltr'><strong>Oppidu—</strong></span> 
     </span>
    </p>
   </div>
   <div class='ocr_carea' id='block_1_86' title="bbox 1913 4022 3490 4092">
    <p class='ocr_par' dir='ltr' id='par_1_86' title="bbox 1913 4022 3490 4092">
     <span class='ocr_line' id='line_1_86' title="bbox 1913 4022 3490 4092; baseline -0.001 -15"><span class='ocrx_word' id='word_1_608' title='bbox 1913 4024 2048 4089; x_wconf 85' lang='lat' dir='ltr'><strong>lum,</strong></span> <span class='ocrx_word' id='word_1_609' title='bbox 2107 4024 2392 4078; x_wconf 75' lang='lat' dir='ltr'><strong>obsidioiie</strong></span> <span class='ocrx_word' id='word_1_610' title='bbox 2441 4023 2629 4092; x_wconf 80' lang='lat' dir='ltr'><strong>cingit.</strong></span> <span class='ocrx_word' id='word_1_611' title='bbox 2693 4022 2784 4075; x_wconf 87' lang='lat' dir='ltr'><strong>Sic</strong></span> <span class='ocrx_word' id='word_1_612' title='bbox 2841 4038 3012 4091; x_wconf 86' lang='lat' dir='ltr'><strong>usque</strong></span> <span class='ocrx_word' id='word_1_613' title='bbox 3058 4024 3110 4076; x_wconf 89' lang='lat' dir='ltr'><strong>in</strong></span> <span class='ocrx_word' id='word_1_614' title='bbox 3151 4023 3490 4078; x_wconf 80' lang='lat' dir='ltr'><strong>tricesimum</strong></span> 
     </span>
    </p>
   </div>
   <div class='ocr_carea' id='block_1_87' title="bbox 1914 4115 3492 4185">
    <p class='ocr_par' dir='ltr' id='par_1_87' title="bbox 1914 4115 3492 4185">
     <span class='ocr_line' id='line_1_87' title="bbox 1914 4115 3492 4185; baseline -0.003 -13"><span class='ocrx_word' id='word_1_615' title='bbox 1914 4119 2060 4172; x_wconf 88' lang='lat' dir='ltr'><strong>diem</strong></span> <span class='ocrx_word' id='word_1_616' title='bbox 2112 4125 2289 4172; x_wconf 87' lang='lat' dir='ltr'><strong>castra</strong></span> <span class='ocrx_word' id='word_1_617' title='bbox 2337 4117 2534 4171; x_wconf 86' lang='lat' dir='ltr'><strong>castris</strong></span> <span class='ocrx_word' id='word_1_618' title='bbox 2581 4126 2944 4184; x_wconf 86' lang='lat' dir='ltr'><strong>opponentes,</strong></span> <span class='ocrx_word' id='word_1_619' title='bbox 2981 4115 3049 4169; x_wconf 84' lang='lat' dir='ltr'><strong>ad</strong></span> <span class='ocrx_word' id='word_1_620' title='bbox 3088 4116 3331 4185; x_wconf 63' lang='lat' dir='ltr'><strong>prrelium</strong></span> <span class='ocrx_word' id='word_1_621' title='bbox 3372 4132 3492 4168; x_wconf 63' lang='lat' dir='ltr'><strong>sese</strong></span> 
     </span>
    </p>
   </div>
   <div class='ocr_carea' id='block_1_88' title="bbox 1915 4202 3502 4277">
    <p class='ocr_par' dir='ltr' id='par_1_88' title="bbox 1915 4202 3502 4277">
     <span class='ocr_line' id='line_1_88' title="bbox 1915 4202 3502 4277; baseline -0.003 -13"><span class='ocrx_word' id='word_1_622' title='bbox 1915 4202 2285 4264; x_wconf 83' lang='lat' dir='ltr'><strong>instruebant.</strong></span> <span class='ocrx_word' id='word_1_623' title='bbox 2333 4209 2547 4264; x_wconf 85' lang='lat' dir='ltr'><strong>Paratis</strong></span> <span class='ocrx_word' id='word_1_624' title='bbox 2597 4209 2706 4277; x_wconf 87' lang='lat' dir='ltr'><strong>jam</strong></span> <span class='ocrx_word' id='word_1_625' title='bbox 2737 4208 3016 4270; x_wconf 87' lang='lat' dir='ltr'><strong>omnibus,</strong></span> <span class='ocrx_word' id='word_1_626' title='bbox 3040 4223 3164 4261; x_wconf 90' lang='lat' dir='ltr'><strong>cum</strong></span> <span class='ocrx_word' id='word_1_627' title='bbox 3196 4207 3262 4260; x_wconf 87' lang='lat' dir='ltr'><strong>ad</strong></span> <span class='ocrx_word' id='word_1_628' title='bbox 3301 4223 3502 4260; x_wconf 84' lang='lat' dir='ltr'><strong>manus</strong></span> 
     </span>
    </p>
   </div>
   <div class='ocr_carea' id='block_1_89' title="bbox 1915 4285 3495 4366">
    <p class='ocr_par' dir='ltr' id='par_1_89' title="bbox 1915 4285 3495 4366">
     <span class='ocr_line' id='line_1_89' title="bbox 1915 4285 3495 4366; baseline -0.004 -11"><span class='ocrx_word' id='word_1_629' title='bbox 1915 4301 2246 4355; x_wconf 79' lang='lat' dir='ltr'><strong>veniendum</strong></span> <span class='ocrx_word' id='word_1_630' title='bbox 2300 4310 2465 4362; x_wconf 86' lang='lat' dir='ltr'><strong>esset,</strong></span> <span class='ocrx_word' id='word_1_631' title='bbox 2499 4285 2666 4353; x_wconf 78' lang='lat' dir='ltr'><strong>mittit</strong></span> <span class='ocrx_word' id='word_1_632' title='bbox 2712 4298 3038 4366; x_wconf 83' lang='lat' dir='ltr'><strong>legationem</strong></span> <span class='ocrx_word' id='word_1_633' title='bbox 3075 4297 3140 4350; x_wconf 91' lang='lat' dir='ltr'><strong>ad</strong></span> <span class='ocrx_word' id='word_1_634' title='bbox 3177 4297 3495 4366; x_wconf 79' lang='lat' dir='ltr'><strong>Michaelem</strong></span> 
     </span>
    </p>
   </div>
   <div class='ocr_carea' id='block_1_90' title="bbox 1917 4389 3494 4463">
    <p class='ocr_par' dir='ltr' id='par_1_90' title="bbox 1917 4389 3494 4463">
     <span class='ocr_line' id='line_1_90' title="bbox 1917 4389 3494 4463; baseline -0.004 -15"><span class='ocrx_word' id='word_1_635' title='bbox 1917 4398 2236 4463; x_wconf 84' lang='lat' dir='ltr'><strong>imperator,</strong></span> <span class='ocrx_word' id='word_1_636' title='bbox 2287 4393 2444 4462; x_wconf 83' lang='lat' dir='ltr'><strong>cujus</strong></span> <span class='ocrx_word' id='word_1_637' title='bbox 2496 4391 2613 4443; x_wconf 70' lang='lat' dir='ltr'><strong>haec</strong></span> <span class='ocrx_word' id='word_1_638' title='bbox 2661 4405 2872 4444; x_wconf 88' lang='lat' dir='ltr'><strong>summa</strong></span> <span class='ocrx_word' id='word_1_639' title='bbox 2907 4389 3262 4442; x_wconf 68' lang='lat' dir='ltr'><strong>fuitzvideri</strong></span> <span class='ocrx_word' id='word_1_640' title='bbox 3317 4391 3494 4458; x_wconf 85' lang='lat' dir='ltr'><strong>ipsum</strong></span> 
     </span>
    </p>
   </div>
   <div class='ocr_carea' id='block_1_91' title="bbox 1918 4480 3494 4552">
    <p class='ocr_par' dir='ltr' id='par_1_91' title="bbox 1918 4480 3494 4552">
     <span class='ocr_line' id='line_1_91' title="bbox 1918 4480 3494 4552; baseline -0.004 -13"><span class='ocrx_word' id='word_1_641' title='bbox 1918 4484 2165 4546; x_wconf 70' lang='lat' dir='ltr'><strong>lmderis,</strong></span> <span class='ocrx_word' id='word_1_642' title='bbox 2190 4491 2246 4537; x_wconf 92' lang='lat' dir='ltr'><strong>et</strong></span> <span class='ocrx_word' id='word_1_643' title='bbox 2288 4481 2674 4552; x_wconf 70' lang='lat' dir='ltr'><strong>iurisiurandi,</strong></span> <span class='ocrx_word' id='word_1_644' title='bbox 2716 4481 2863 4550; x_wconf 89' lang='lat' dir='ltr'><strong>quod</strong></span> <span class='ocrx_word' id='word_1_645' title='bbox 2901 4481 3046 4533; x_wconf 86' lang='lat' dir='ltr'><strong>inter</strong></span> <span class='ocrx_word' id='word_1_646' title='bbox 3075 4496 3132 4534; x_wconf 85' lang='lat' dir='ltr'><strong>se</strong></span> <span class='ocrx_word' id='word_1_647' title='bbox 3161 4480 3304 4547; x_wconf 89' lang='lat' dir='ltr'><strong>apud</strong></span> <span class='ocrx_word' id='word_1_648' title='bbox 3329 4481 3494 4534; x_wconf 80' lang='lat' dir='ltr'><strong>&#39;l‘zer-</strong></span> 
     </span>
    </p>
   </div>
   <div class='ocr_carea' id='block_1_92' title="bbox 226 4571 1904 4645">
    <p class='ocr_par' dir='ltr' id='par_1_92' title="bbox 226 4571 1889 4645">
     <span class='ocr_line' id='line_1_92' title="bbox 226 4571 1889 4645; baseline -0.004 -15"><span class='ocrx_word' id='word_1_649' title='bbox 226 4577 681 4645; x_wconf 78' lang='grc' dir='ltr'>ταπεμπόμενος.</span> <span class='ocrx_word' id='word_1_650' title='bbox 741 4576 854 4630; x_wconf 81' lang='grc' dir='ltr'><strong>Καὶ</strong></span> <span class='ocrx_word' id='word_1_651' title='bbox 901 4573 1136 4643; x_wconf 83' lang='grc' dir='ltr'>ὕστερον</span> <span class='ocrx_word' id='word_1_652' title='bbox 1188 4573 1427 4643; x_wconf 79' lang='grc' dir='ltr'>ἡμέραις</span> <span class='ocrx_word' id='word_1_653' title='bbox 1485 4571 1704 4639; x_wconf 83' lang='grc' dir='ltr'>ὀλίγαις</span> <span class='ocrx_word' id='word_1_654' title='bbox 1751 4571 1811 4624; x_wconf 85' lang='grc' dir='ltr'><strong>τὺ</strong></span> <span class='ocrx_word' id='word_1_655' title='bbox 1845 4579 1889 4644; x_wconf 71' lang='grc' dir='ltr'><strong>β</strong></span> 
     </span>
    </p>
   </div>
   <div class='ocr_carea' id='block_1_93' title="bbox 1819 4571 3497 4645">
    <p class='ocr_par' dir='ltr' id='par_1_93' title="bbox 1845 4571 3497 4644">
     <span class='ocr_line' id='line_1_93' title="bbox 1845 4571 3497 4644; baseline -0.007 -11"><span class='ocrx_word' id='word_1_656' title='bbox 1845 4579 1889 4644; x_wconf 76' lang='lat' dir='ltr'><strong>D</strong></span> <span class='ocrx_word' id='word_1_657' title='bbox 1919 4579 2240 4633; x_wconf 82' lang='lat' dir='ltr'><strong>nomianum</strong></span> <span class='ocrx_word' id='word_1_658' title='bbox 2274 4575 2580 4639; x_wconf 82' lang='lat' dir='ltr'><strong>dedissent,</strong></span> <span class='ocrx_word' id='word_1_659' title='bbox 2613 4572 2886 4626; x_wconf 85' lang='lat' dir='ltr'><strong>oblivione</strong></span> <span class='ocrx_word' id='word_1_660' title='bbox 2905 4581 3146 4640; x_wconf 84' lang='lat' dir='ltr'><strong>captum,</strong></span> <span class='ocrx_word' id='word_1_661' title='bbox 3182 4581 3344 4640; x_wconf 88' lang='lat' dir='ltr'><strong>atque</strong></span> <span class='ocrx_word' id='word_1_662' title='bbox 3371 4571 3497 4624; x_wconf 89' lang='lat' dir='ltr'><strong>ideo</strong></span> 
     </span>
    </p>
   </div>
   <div class='ocr_carea' id='block_1_94' title="bbox 228 4665 1799 4738">
    <p class='ocr_par' dir='ltr' id='par_1_94' title="bbox 228 4665 1799 4738">
     <span class='ocr_line' id='line_1_94' title="bbox 228 4665 1799 4738; baseline -0.003 -18"><span class='ocrx_word' id='word_1_663' title='bbox 228 4668 516 4738; x_wconf 79' lang='grc' dir='ltr'>Προϐἀτου</span> <span class='ocrx_word' id='word_1_664' title='bbox 551 4669 646 4720; x_wconf 75' lang='grc' dir='ltr'>καὶ</span> <span class='ocrx_word' id='word_1_665' title='bbox 702 4669 832 4720; x_wconf 74' lang='grc' dir='ltr'>αὐτὸ</span> <span class='ocrx_word' id='word_1_666' title='bbox 873 4667 1121 4736; x_wconf 81' lang='grc' dir='ltr'>πόλισμα</span> <span class='ocrx_word' id='word_1_667' title='bbox 1146 4667 1314 4733; x_wconf 75' lang='grc' dir='ltr'>ἐγγὺς</span> <span class='ocrx_word' id='word_1_668' title='bbox 1353 4665 1412 4717; x_wconf 80' lang='grc' dir='ltr'>ὃν</span> <span class='ocrx_word' id='word_1_669' title='bbox 1445 4681 1799 4734; x_wconf 82' lang='grc' dir='ltr'>περιστρατο-</span> 
     </span>
    </p>
   </div>
   <div class='ocr_carea' id='block_1_95' title="bbox 231 4755 1806 4828">
    <p class='ocr_par' dir='ltr' id='par_1_95' title="bbox 231 4755 1806 4828">
     <span class='ocr_line' id='line_1_95' title="bbox 231 4755 1806 4828; baseline -0.002 -17"><span class='ocrx_word' id='word_1_670' title='bbox 231 4759 642 4826; x_wconf 74' lang='grc' dir='ltr'>πεδευσάμενος</span> <span class='ocrx_word' id='word_1_671' title='bbox 681 4759 1012 4828; x_wconf 76' lang='grc' dir='ltr'>ἐπολιόρκει.</span> <span class='ocrx_word' id='word_1_672' title='bbox 1075 4756 1232 4811; x_wconf 76' lang='grc' dir='ltr'>Οὕτω</span> <span class='ocrx_word' id='word_1_673' title='bbox 1287 4757 1382 4826; x_wconf 83' lang='grc' dir='ltr'>μὲν</span> <span class='ocrx_word' id='word_1_674' title='bbox 1419 4755 1512 4808; x_wconf 76' lang='grc' dir='ltr'>οὖν</span> <span class='ocrx_word' id='word_1_675' title='bbox 1552 4756 1806 4826; x_wconf 80' lang='grc' dir='ltr'>ἀλλήλοις</span> 
     </span>
    </p>
   </div>
   <div class='ocr_carea' id='block_1_96' title="bbox 231 4847 1809 4920">
    <p class='ocr_par' dir='ltr' id='par_1_96' title="bbox 231 4847 1809 4920">
     <span class='ocr_line' id='line_1_96' title="bbox 231 4847 1809 4920; baseline -0.003 -16"><span class='ocrx_word' id='word_1_676' title='bbox 231 4849 860 4920; x_wconf 76' lang='grc' dir='ltr'>ἀντεστρατοπεδεύοντο</span> <span class='ocrx_word' id='word_1_677' title='bbox 908 4851 1002 4902; x_wconf 77' lang='grc' dir='ltr'><strong>ἐπὶ</strong></span> <span class='ocrx_word' id='word_1_678' title='bbox 1049 4849 1347 4919; x_wconf 80' lang='grc' dir='ltr'>τριάκοντα</span> <span class='ocrx_word' id='word_1_679' title='bbox 1381 4848 1610 4918; x_wconf 86' lang='grc' dir='ltr'>ἡμέραις</span> <span class='ocrx_word' id='word_1_680' title='bbox 1649 4847 1809 4917; x_wconf 76' lang='grc' dir='ltr'>ἐξαρ-</span> 
     </span>
    </p>
   </div>
   <div class='ocr_carea' id='block_1_97' title="bbox 233 4939 1811 5011">
    <p class='ocr_par' dir='ltr' id='par_1_97' title="bbox 233 4939 1811 5011">
     <span class='ocr_line' id='line_1_97' title="bbox 233 4939 1811 5011; baseline -0.002 -16"><span class='ocrx_word' id='word_1_681' title='bbox 233 4943 496 5009; x_wconf 77' lang='grc' dir='ltr'>τυόμενοι</span> <span class='ocrx_word' id='word_1_682' title='bbox 545 4941 613 4993; x_wconf 82' lang='grc' dir='ltr'><strong>τὰ</strong></span> <span class='ocrx_word' id='word_1_683' title='bbox 643 4942 780 5011; x_wconf 74' lang='grc' dir='ltr'>πρὸς</span> <span class='ocrx_word' id='word_1_684' title='bbox 827 4941 928 5009; x_wconf 88' lang='grc' dir='ltr'><strong>τὴν</strong></span> <span class='ocrx_word' id='word_1_685' title='bbox 982 4941 1183 5009; x_wconf 84' lang='grc' dir='ltr'>μάχην.</span> <span class='ocrx_word' id='word_1_686' title='bbox 1224 4941 1377 4992; x_wconf 79' lang='grc' dir='ltr'>Ἐπεὶ</span> <span class='ocrx_word' id='word_1_687' title='bbox 1409 4940 1464 4992; x_wconf 81' lang='grc' dir='ltr'>δὲ</span> <span class='ocrx_word' id='word_1_688' title='bbox 1502 4939 1603 5010; x_wconf 76' lang='grc' dir='ltr'><strong>ἡδη</strong></span> <span class='ocrx_word' id='word_1_689' title='bbox 1633 4940 1811 4994; x_wconf 81' lang='grc' dir='ltr'>πάντα</span> 
     </span>
    </p>
   </div>
   <div class='ocr_carea' id='block_1_98' title="bbox 235 5025 1813 5098">
    <p class='ocr_par' dir='ltr' id='par_1_98' title="bbox 235 5025 1813 5098">
     <span class='ocr_line' id='line_1_98' title="bbox 235 5025 1813 5098; baseline -0.001 -17"><span class='ocrx_word' id='word_1_690' title='bbox 235 5031 570 5098; x_wconf 66' lang='grc' dir='ltr'>ἐπεπόριστο</span> <span class='ocrx_word' id='word_1_691' title='bbox 624 5030 716 5081; x_wconf 72' lang='grc' dir='ltr'>καὶ</span> <span class='ocrx_word' id='word_1_692' title='bbox 750 5027 855 5079; x_wconf 72' lang='grc' dir='ltr'>ἔδει</span> <span class='ocrx_word' id='word_1_693' title='bbox 887 5027 1120 5087; x_wconf 72' lang='grc' dir='ltr'>ἐπιέναι,</span> <span class='ocrx_word' id='word_1_694' title='bbox 1181 5026 1484 5095; x_wconf 76' lang='grc' dir='ltr'>πρεσϐείαν</span> <span class='ocrx_word' id='word_1_695' title='bbox 1529 5025 1746 5095; x_wconf 70' lang='grc' dir='ltr'>πέμψας</span> <span class='ocrx_word' id='word_1_696' title='bbox 1784 5027 1813 5079; x_wconf 80' lang='grc' dir='ltr'>ὁ</span> 
     </span>
    </p>
   </div>
   <div class='ocr_carea' id='block_1_99' title="bbox 235 5117 1814 5192">
    <p class='ocr_par' dir='ltr' id='par_1_99' title="bbox 235 5117 1814 5192">
     <span class='ocr_line' id='line_1_99' title="bbox 235 5117 1814 5192; baseline -0.002 -19"><span class='ocrx_word' id='word_1_697' title='bbox 235 5122 496 5192; x_wconf 72' lang='grc' dir='ltr'>βασιλεὺς</span> <span class='ocrx_word' id='word_1_698' title='bbox 547 5121 680 5188; x_wconf 84' lang='grc' dir='ltr'>πρὸς</span> <span class='ocrx_word' id='word_1_699' title='bbox 719 5117 959 5188; x_wconf 82' lang='grc' dir='ltr'>Μιχαὴλ,</span> <span class='ocrx_word' id='word_1_700' title='bbox 1007 5118 1216 5171; x_wconf 82' lang='grc' dir='ltr'>οἴεσθαι</span> <span class='ocrx_word' id='word_1_701' title='bbox 1243 5117 1432 5186; x_wconf 72' lang='grc' dir='ltr'>ἔλεγεν</span> <span class='ocrx_word' id='word_1_702' title='bbox 1462 5117 1814 5188; x_wconf 83' lang='grc' dir='ltr'>ἐπιλελῆσθαι</span> 
     </span>
    </p>
   </div>
   <div class='ocr_carea' id='block_1_100' title="bbox 235 5209 1817 5280">
    <p class='ocr_par' dir='ltr' id='par_1_100' title="bbox 235 5209 1817 5280">
     <span class='ocr_line' id='line_1_100' title="bbox 235 5209 1817 5280; baseline -0.001 -15"><span class='ocrx_word' id='word_1_703' title='bbox 235 5215 402 5266; x_wconf 63' lang='grc' dir='ltr'>αὑτὸν</span> <span class='ocrx_word' id='word_1_704' title='bbox 424 5212 532 5264; x_wconf 85' lang='grc' dir='ltr'>τῶν</span> <span class='ocrx_word' id='word_1_705' title='bbox 553 5229 613 5264; x_wconf 88' lang='grc' dir='ltr'><strong>τε</strong></span> <span class='ocrx_word' id='word_1_706' title='bbox 637 5213 839 5280; x_wconf 78' lang='grc' dir='ltr'>ὅρκων,</span> <span class='ocrx_word' id='word_1_707' title='bbox 888 5211 982 5263; x_wconf 76' lang='grc' dir='ltr'>καὶ</span> <span class='ocrx_word' id='word_1_708' title='bbox 1009 5211 1120 5262; x_wconf 77' lang='grc' dir='ltr'>τῶν</span> <span class='ocrx_word' id='word_1_709' title='bbox 1157 5209 1465 5276; x_wconf 77' lang='grc' dir='ltr'>συνθηκῶν,</span> <span class='ocrx_word' id='word_1_710' title='bbox 1497 5209 1546 5260; x_wconf 83' lang='grc' dir='ltr'>οἳ</span> <span class='ocrx_word' id='word_1_711' title='bbox 1574 5211 1817 5276; x_wconf 72' lang='grc' dir='ltr'>ἐγένοντο</span> 
     </span>
    </p>
   </div>
   <div class='ocr_carea' id='block_1_101' title="bbox 234 5300 1815 5374">
    <p class='ocr_par' dir='ltr' id='par_1_101' title="bbox 234 5300 1815 5374">
     <span class='ocr_line' id='line_1_101' title="bbox 234 5300 1815 5374; baseline -0.003 -16"><span class='ocrx_word' id='word_1_712' title='bbox 234 5307 422 5367; x_wconf 67' lang='grc' dir='ltr'>αὐτοῖς</span> <span class='ocrx_word' id='word_1_713' title='bbox 446 5305 860 5374; x_wconf 79' lang='grc' dir='ltr'>συγγενομένοις</span> <span class='ocrx_word' id='word_1_714' title='bbox 887 5303 943 5354; x_wconf 82' lang='grc' dir='ltr'>ὲν</span> <span class='ocrx_word' id='word_1_715' title='bbox 966 5300 1396 5371; x_wconf 78' lang='grc' dir='ltr'>Τζερνομιάνου,</span> <span class='ocrx_word' id='word_1_716' title='bbox 1428 5301 1520 5352; x_wconf 83' lang='grc' dir='ltr'>καὶ</span> <span class='ocrx_word' id='word_1_717' title='bbox 1552 5300 1638 5352; x_wconf 76' lang='grc' dir='ltr'>διὰ</span> <span class='ocrx_word' id='word_1_718' title='bbox 1663 5300 1815 5354; x_wconf 79' lang='grc' dir='ltr'>τοῦτο</span> 
     </span>
    </p>
   </div>
   <div class='ocr_carea' id='block_1_102' title="bbox 233 5391 1812 5466">
    <p class='ocr_par' dir='ltr' id='par_1_102' title="bbox 233 5391 1812 5466">
     <span class='ocr_line' id='line_1_102' title="bbox 233 5391 1812 5466; baseline -0.012 -13"><span class='ocrx_word' id='word_1_719' title='bbox 233 5399 301 5466; x_wconf 78' lang='grc' dir='ltr'><strong>τῇ</strong></span> <span class='ocrx_word' id='word_1_720' title='bbox 333 5412 396 5448; x_wconf 79' lang='grc' dir='ltr'><strong>τε</strong></span> <span class='ocrx_word' id='word_1_721' title='bbox 441 5395 726 5464; x_wconf 87' lang='grc' dir='ltr'>Ῥωμαίων</span> <span class='ocrx_word' id='word_1_722' title='bbox 773 5395 990 5464; x_wconf 81' lang='grc' dir='ltr'>πρῶτον</span> <span class='ocrx_word' id='word_1_723' title='bbox 1021 5393 1434 5460; x_wconf 82' lang='grc' dir='ltr'>ὲοϐεϐληκέναι,</span> <span class='ocrx_word' id='word_1_724' title='bbox 1473 5391 1566 5444; x_wconf 76' lang='grc' dir='ltr'>καὶ</span> <span class='ocrx_word' id='word_1_725' title='bbox 1598 5392 1688 5443; x_wconf 66' lang='grc' dir='ltr'>τὴν</span> <span class='ocrx_word' id='word_1_726' title='bbox 1719 5395 1812 5445; x_wconf 65' lang='grc' dir='ltr'>πᾷ.</span> 
     </span>
    </p>
   </div>
   <div class='ocr_carea' id='block_1_103' title="bbox 235 5483 1816 5557">
    <p class='ocr_par' dir='ltr' id='par_1_103' title="bbox 235 5483 1816 5557">
     <span class='ocr_line' id='line_1_103' title="bbox 235 5483 1816 5557; baseline -0.002 -19"><span class='ocrx_word' id='word_1_727' title='bbox 235 5488 406 5557; x_wconf 77' lang='grc' dir='ltr'>λεμον</span> <span class='ocrx_word' id='word_1_728' title='bbox 444 5488 818 5556; x_wconf 84' lang='grc' dir='ltr'>κεκινηκέναι,</span> <span class='ocrx_word' id='word_1_729' title='bbox 845 5486 1010 5544; x_wconf 74' lang='grc' dir='ltr'>αὑτὸν</span> <span class='ocrx_word' id='word_1_730' title='bbox 1042 5485 1097 5536; x_wconf 79' lang='grc' dir='ltr'>δὲ</span> <span class='ocrx_word' id='word_1_731' title='bbox 1134 5485 1442 5553; x_wconf 73' lang='grc' dir='ltr'>μεμνῆσθαί</span> <span class='ocrx_word' id='word_1_732' title='bbox 1472 5500 1528 5535; x_wconf 89' lang='grc' dir='ltr'><strong>τε</strong></span> <span class='ocrx_word' id='word_1_733' title='bbox 1551 5483 1657 5535; x_wconf 80' lang='grc' dir='ltr'>τῶν</span> <span class='ocrx_word' id='word_1_734' title='bbox 1691 5502 1816 5535; x_wconf 81' lang='grc' dir='ltr'>συν-</span> 
     </span>
    </p>
   </div>
   <div class='ocr_carea' id='block_1_104' title="bbox 235 5575 1817 5649">
    <p class='ocr_par' dir='ltr' id='par_1_104' title="bbox 235 5575 1817 5649">
     <span class='ocr_line' id='line_1_104' title="bbox 235 5575 1817 5649; baseline -0.001 -18"><span class='ocrx_word' id='word_1_735' title='bbox 235 5579 444 5646; x_wconf 70' lang='grc' dir='ltr'>θηκῶν,</span> <span class='ocrx_word' id='word_1_736' title='bbox 476 5579 572 5632; x_wconf 76' lang='grc' dir='ltr'>καὶ</span> <span class='ocrx_word' id='word_1_737' title='bbox 602 5579 866 5649; x_wconf 76' lang='grc' dir='ltr'>ἐμμένειν</span> <span class='ocrx_word' id='word_1_738' title='bbox 909 5579 1028 5640; x_wconf 82' lang='grc' dir='ltr'>ταῖς</span> <span class='ocrx_word' id='word_1_739' title='bbox 1059 5576 1344 5638; x_wconf 85' lang='grc' dir='ltr'>σπονδαῖς·</span> <span class='ocrx_word' id='word_1_740' title='bbox 1378 5575 1735 5645; x_wconf 85' lang='grc' dir='ltr'>ἀδικούμενον</span> <span class='ocrx_word' id='word_1_741' title='bbox 1761 5577 1817 5630; x_wconf 81' lang='grc' dir='ltr'>δὲ</span> 
     </span>
    </p>
   </div>
   <div class='ocr_carea' id='block_1_105' title="bbox 1909 4661 3503 4737">
    <p class='ocr_par' dir='ltr' id='par_1_105' title="bbox 1909 4661 3503 4737">
     <span class='ocr_line' id='line_1_105' title="bbox 1909 4661 3503 4737; baseline -0.007 -13"><span class='ocrx_word' id='word_1_742' title='bbox 1909 4677 1966 4724; x_wconf 90' lang='lat' dir='ltr'><strong>et</strong></span> <span class='ocrx_word' id='word_1_743' title='bbox 1998 4667 2300 4722; x_wconf 80' lang='lat' dir='ltr'><strong>Romanam</strong></span> <span class='ocrx_word' id='word_1_744' title='bbox 2326 4666 2608 4737; x_wconf 76' lang='lat' dir='ltr'><strong>regionem</strong></span> <span class='ocrx_word' id='word_1_745' title='bbox 2635 4664 2966 4726; x_wconf 88' lang='lat' dir='ltr'><strong>incursasse,</strong></span> <span class='ocrx_word' id='word_1_746' title='bbox 3001 4671 3060 4717; x_wconf 85' lang='lat' dir='ltr'><strong>et</strong></span> <span class='ocrx_word' id='word_1_747' title='bbox 3095 4661 3299 4715; x_wconf 83' lang='lat' dir='ltr'><strong>bellum</strong></span> <span class='ocrx_word' id='word_1_748' title='bbox 3348 4675 3503 4714; x_wconf 87' lang='lat' dir='ltr'><strong>com-</strong></span> 
     </span>
    </p>
   </div>
   <div class='ocr_carea' id='block_1_106' title="bbox 1911 4753 3493 4826">
    <p class='ocr_par' dir='ltr' id='par_1_106' title="bbox 1911 4753 3493 4826">
     <span class='ocr_line' id='line_1_106' title="bbox 1911 4753 3493 4826; baseline -0.008 -12"><span class='ocrx_word' id='word_1_749' title='bbox 1911 4759 2174 4821; x_wconf 82' lang='lat' dir='ltr'><strong>movisse,</strong></span> <span class='ocrx_word' id='word_1_750' title='bbox 2201 4773 2260 4810; x_wconf 86' lang='lat' dir='ltr'><strong>se</strong></span> <span class='ocrx_word' id='word_1_751' title='bbox 2291 4764 2576 4826; x_wconf 84' lang='lat' dir='ltr'><strong>pactorum</strong></span> <span class='ocrx_word' id='word_1_752' title='bbox 2611 4753 2945 4813; x_wconf 81' lang='lat' dir='ltr'><strong>meminisse.</strong></span> <span class='ocrx_word' id='word_1_753' title='bbox 2982 4766 3084 4805; x_wconf 86' lang='lat' dir='ltr'><strong>nec</strong></span> <span class='ocrx_word' id='word_1_754' title='bbox 3109 4765 3172 4805; x_wconf 84' lang='lat' dir='ltr'><strong>ea</strong></span> <span class='ocrx_word' id='word_1_755' title='bbox 3203 4759 3493 4814; x_wconf 83' lang='lat' dir='ltr'><strong>temerare,</strong></span> 
     </span>
    </p>
   </div>
   <div class='ocr_carea' id='block_1_107' title="bbox 1915 4843 3504 4920">
    <p class='ocr_par' dir='ltr' id='par_1_107' title="bbox 1915 4843 3504 4920">
     <span class='ocr_line' id='line_1_107' title="bbox 1915 4843 3504 4920; baseline -0.009 -14"><span class='ocrx_word' id='word_1_756' title='bbox 1915 4851 2010 4906; x_wconf 83' lang='lat' dir='ltr'><strong>sed</strong></span> <span class='ocrx_word' id='word_1_757' title='bbox 2045 4851 2234 4920; x_wconf 85' lang='lat' dir='ltr'><strong>inique</strong></span> <span class='ocrx_word' id='word_1_758' title='bbox 2277 4849 2491 4911; x_wconf 65' lang='lat' dir='ltr'><strong>laesum,</strong></span> <span class='ocrx_word' id='word_1_759' title='bbox 2526 4846 2882 4916; x_wconf 88' lang='lat' dir='ltr'><strong>prioremque</strong></span> <span class='ocrx_word' id='word_1_760' title='bbox 2923 4844 3140 4897; x_wconf 87' lang='lat' dir='ltr'><strong>insidiis</strong></span> <span class='ocrx_word' id='word_1_761' title='bbox 3169 4843 3504 4911; x_wconf 79' lang='lat' dir='ltr'><strong>appetitum,</strong></span> 
     </span>
    </p>
   </div>
   <div class='ocr_carea' id='block_1_108' title="bbox 1917 4935 3504 5007">
    <p class='ocr_par' dir='ltr' id='par_1_108' title="bbox 1917 4935 3504 5007">
     <span class='ocr_line' id='line_1_108' title="bbox 1917 4935 3504 5007; baseline -0.008 -9"><span class='ocrx_word' id='word_1_762' title='bbox 1917 4944 2058 4998; x_wconf 76' lang='lat' dir='ltr'><strong>velle</strong></span> <span class='ocrx_word' id='word_1_763' title='bbox 2103 4959 2132 4998; x_wconf 91' lang='lat' dir='ltr'><strong>a</strong></span> <span class='ocrx_word' id='word_1_764' title='bbox 2183 4957 2242 4996; x_wconf 91' lang='lat' dir='ltr'><strong>se</strong></span> <span class='ocrx_word' id='word_1_765' title='bbox 2297 4943 2404 4994; x_wconf 87' lang='lat' dir='ltr'><strong>vim</strong></span> <span class='ocrx_word' id='word_1_766' title='bbox 2437 4956 2630 4994; x_wconf 87' lang='lat' dir='ltr'><strong>arcere</strong></span> <span class='ocrx_word' id='word_1_767' title='bbox 2665 4954 2730 4993; x_wconf 88' lang='lat' dir='ltr'><strong>ac</strong></span> <span class='ocrx_word' id='word_1_768' title='bbox 2757 4937 3054 5007; x_wconf 84' lang='lat' dir='ltr'><strong>depellere,</strong></span> <span class='ocrx_word' id='word_1_769' title='bbox 3084 4941 3142 4990; x_wconf 78' lang='lat' dir='ltr'><strong>et</strong></span> <span class='ocrx_word' id='word_1_770' title='bbox 3169 4935 3408 4994; x_wconf 49' lang='lat' dir='ltr'><strong>invitum,</strong></span> <span class='ocrx_word' id='word_1_771' title='bbox 3429 4935 3504 4987; x_wconf 75' lang='lat' dir='ltr'><strong>ad</strong></span> 
     </span>
    </p>
   </div>
   <div class='ocr_carea' id='block_1_109' title="bbox 1921 5027 3502 5105">
    <p class='ocr_par' dir='ltr' id='par_1_109' title="bbox 1921 5027 3502 5105">
     <span class='ocr_line' id='line_1_109' title="bbox 1921 5027 3502 5105; baseline -0.008 -14"><span class='ocrx_word' id='word_1_772' title='bbox 1921 5038 2030 5091; x_wconf 89' lang='lat' dir='ltr'><strong>hoc</strong></span> <span class='ocrx_word' id='word_1_773' title='bbox 2076 5034 2324 5105; x_wconf 73' lang='lat' dir='ltr'><strong>praelium</strong></span> <span class='ocrx_word' id='word_1_774' title='bbox 2385 5032 2585 5100; x_wconf 78' lang='lat' dir='ltr'><strong>adigi:</strong></span> <span class='ocrx_word' id='word_1_775' title='bbox 2633 5041 2688 5088; x_wconf 83' lang='lat' dir='ltr'><strong>et</strong></span> <span class='ocrx_word' id='word_1_776' title='bbox 2747 5031 2878 5099; x_wconf 87' lang='lat' dir='ltr'><strong>quia</strong></span> <span class='ocrx_word' id='word_1_777' title='bbox 2933 5037 3165 5096; x_wconf 83' lang='lat' dir='ltr'><strong>uterque</strong></span> <span class='ocrx_word' id='word_1_778' title='bbox 3220 5027 3502 5080; x_wconf 79' lang='lat' dir='ltr'><strong>exercitus</strong></span> 
     </span>
    </p>
   </div>
   <div class='ocr_carea' id='block_1_110' title="bbox 1907 5118 3500 5196">
    <p class='ocr_par' dir='ltr' id='par_1_110' title="bbox 1907 5118 3500 5196">
     <span class='ocr_line' id='line_1_110' title="bbox 1907 5118 3500 5196; baseline -0.009 -14"><span class='ocrx_word' id='word_1_779' title='bbox 1907 5127 2305 5196; x_wconf 32' lang='lat' dir='ltr'><strong>.Thracessint</strong></span> <span class='ocrx_word' id='word_1_780' title='bbox 2337 5125 2452 5196; x_wconf 80' lang='lat'><strong>(55)</strong></span> <span class='ocrx_word' id='word_1_781' title='bbox 2489 5125 2650 5194; x_wconf 87' lang='lat' dir='ltr'><strong>(quos</strong></span> <span class='ocrx_word' id='word_1_782' title='bbox 2683 5139 2791 5176; x_wconf 85' lang='lat' dir='ltr'><strong>non</strong></span> <span class='ocrx_word' id='word_1_783' title='bbox 2817 5137 2876 5176; x_wconf 90' lang='lat' dir='ltr'><strong>se</strong></span> <span class='ocrx_word' id='word_1_784' title='bbox 2905 5129 3116 5183; x_wconf 88' lang='lat' dir='ltr'><strong>mutuo,</strong></span> <span class='ocrx_word' id='word_1_785' title='bbox 3143 5119 3236 5172; x_wconf 87' lang='lat' dir='ltr'><strong>sed</strong></span> <span class='ocrx_word' id='word_1_786' title='bbox 3264 5118 3500 5188; x_wconf 73' lang='lat' dir='ltr'><strong>iunctim</strong></span> 
     </span>
    </p>
   </div>
   <div class='ocr_carea' id='block_1_111' title="bbox 1914 5213 3499 5292">
    <p class='ocr_par' dir='ltr' id='par_1_111' title="bbox 1914 5213 3499 5292">
     <span class='ocr_line' id='line_1_111' title="bbox 1914 5213 3499 5292; baseline -0.011 -16"><span class='ocrx_word' id='word_1_787' title='bbox 1914 5223 2116 5292; x_wconf 85' lang='lat' dir='ltr'><strong>impios</strong></span> <span class='ocrx_word' id='word_1_788' title='bbox 2162 5219 2215 5272; x_wconf 89' lang='lat' dir='ltr'><strong>in</strong></span> <span class='ocrx_word' id='word_1_789' title='bbox 2253 5218 2419 5272; x_wconf 87' lang='lat' dir='ltr'><strong>Deum</strong></span> <span class='ocrx_word' id='word_1_790' title='bbox 2462 5216 2726 5270; x_wconf 85' lang='lat' dir='ltr'><strong>Barbaros</strong></span> <span class='ocrx_word' id='word_1_791' title='bbox 2777 5213 2947 5266; x_wconf 86' lang='lat' dir='ltr'><strong>armis</strong></span> <span class='ocrx_word' id='word_1_792' title='bbox 2974 5213 3242 5264; x_wconf 86' lang='lat' dir='ltr'><strong>lacessere</strong></span> <span class='ocrx_word' id='word_1_793' title='bbox 3278 5217 3499 5278; x_wconf 76' lang='lat' dir='ltr'><strong>oposte-</strong></span> 
     </span>
    </p>
   </div>
   <div class='ocr_carea' id='block_1_112' title="bbox 1915 5299 3490 5378">
    <p class='ocr_par' dir='ltr' id='par_1_112' title="bbox 1915 5299 3490 5378">
     <span class='ocr_line' id='line_1_112' title="bbox 1915 5299 3490 5378; baseline -0.011 -14"><span class='ocrx_word' id='word_1_794' title='bbox 1915 5315 2044 5378; x_wconf 83' lang='lat' dir='ltr'><strong>ret).</strong></span> <span class='ocrx_word' id='word_1_795' title='bbox 2079 5317 2136 5363; x_wconf 90' lang='lat' dir='ltr'><strong>et</strong></span> <span class='ocrx_word' id='word_1_796' title='bbox 2187 5308 2313 5377; x_wconf 79' lang='lat' dir='ltr'><strong>quia</strong></span> <span class='ocrx_word' id='word_1_797' title='bbox 2362 5321 2516 5360; x_wconf 89' lang='lat' dir='ltr'><strong>soror</strong></span> <span class='ocrx_word' id='word_1_798' title='bbox 2548 5321 2644 5358; x_wconf 86' lang='lat' dir='ltr'><strong>sua</strong></span> <span class='ocrx_word' id='word_1_799' title='bbox 2697 5317 2820 5356; x_wconf 90' lang='lat' dir='ltr'><strong>cum</strong></span> <span class='ocrx_word' id='word_1_800' title='bbox 2877 5317 2944 5356; x_wconf 91' lang='lat' dir='ltr'><strong>eo</strong></span> <span class='ocrx_word' id='word_1_801' title='bbox 2983 5311 3152 5368; x_wconf 86' lang='lat' dir='ltr'><strong>nupta</strong></span> <span class='ocrx_word' id='word_1_802' title='bbox 3189 5299 3294 5362; x_wconf 89' lang='lat' dir='ltr'><strong>sit;</strong></span> <span class='ocrx_word' id='word_1_803' title='bbox 3331 5311 3490 5366; x_wconf 78' lang='lat' dir='ltr'><strong>quem</strong></span> 
     </span>
    </p>
   </div>
   <div class='ocr_carea' id='block_1_113' title="bbox 1913 5389 3498 5473">
    <p class='ocr_par' dir='ltr' id='par_1_113' title="bbox 1913 5389 3498 5473">
     <span class='ocr_line' id='line_1_113' title="bbox 1913 5389 3498 5473; baseline -0.01 -17"><span class='ocrx_word' id='word_1_804' title='bbox 1913 5403 2144 5473; x_wconf 87' lang='lat' dir='ltr'><strong>proinde</strong></span> <span class='ocrx_word' id='word_1_805' title='bbox 2200 5399 2435 5453; x_wconf 84' lang='lat' dir='ltr'><strong>amicum</strong></span> <span class='ocrx_word' id='word_1_806' title='bbox 2497 5398 2624 5456; x_wconf 88' lang='lat' dir='ltr'><strong>sibi.</strong></span> <span class='ocrx_word' id='word_1_807' title='bbox 2662 5411 2768 5450; x_wconf 83' lang='lat' dir='ltr'><strong>nOu</strong></span> <span class='ocrx_word' id='word_1_808' title='bbox 2804 5396 3016 5448; x_wconf 87' lang='lat' dir='ltr'><strong>hostem</strong></span> <span class='ocrx_word' id='word_1_809' title='bbox 3055 5393 3282 5460; x_wconf 86' lang='lat' dir='ltr'><strong>cupiat;</strong></span> <span class='ocrx_word' id='word_1_810' title='bbox 3338 5389 3382 5443; x_wconf 78' lang='lat' dir='ltr'><strong>si</strong></span> <span class='ocrx_word' id='word_1_811' title='bbox 3416 5395 3498 5448; x_wconf 84' lang='lat' dir='ltr'><strong>ta_—</strong></span> 
     </span>
    </p>
   </div>
   <div class='ocr_carea' id='block_1_114' title="bbox 1915 5479 3493 5562">
    <p class='ocr_par' dir='ltr' id='par_1_114' title="bbox 1915 5479 3493 5562">
     <span class='ocr_line' id='line_1_114' title="bbox 1915 5479 3493 5562; baseline -0.011 -15"><span class='ocrx_word' id='word_1_812' title='bbox 1915 5511 2039 5547; x_wconf 87' lang='lat' dir='ltr'><strong>men</strong></span> <span class='ocrx_word' id='word_1_813' title='bbox 2071 5492 2333 5562; x_wconf 86' lang='lat' dir='ltr'><strong>oppidum</strong></span> <span class='ocrx_word' id='word_1_814' title='bbox 2369 5490 2680 5561; x_wconf 87' lang='lat' dir='ltr'><strong>proditione</strong></span> <span class='ocrx_word' id='word_1_815' title='bbox 2716 5497 3043 5555; x_wconf 82' lang='lat' dir='ltr'><strong>occupatum</strong></span> <span class='ocrx_word' id='word_1_816' title='bbox 3087 5483 3364 5536; x_wconf 88' lang='lat' dir='ltr'><strong>restituat.</strong></span> <span class='ocrx_word' id='word_1_817' title='bbox 3398 5479 3493 5533; x_wconf 87' lang='lat' dir='ltr'><strong>Sin</strong></span> 
     </span>
    </p>
   </div>
   <div class='ocr_carea' id='block_1_115' title="bbox 1916 5573 3500 5648">
    <p class='ocr_par' dir='ltr' id='par_1_115' title="bbox 1916 5573 3500 5648">
     <span class='ocr_line' id='line_1_115' title="bbox 1916 5573 3500 5648; baseline -0.008 -14"><span class='ocrx_word' id='word_1_818' title='bbox 1916 5583 2119 5646; x_wconf 86' lang='lat' dir='ltr'><strong>minus,</strong></span> <span class='ocrx_word' id='word_1_819' title='bbox 2175 5597 2300 5636; x_wconf 90' lang='lat' dir='ltr'><strong>cum</strong></span> <span class='ocrx_word' id='word_1_820' title='bbox 2352 5596 2538 5646; x_wconf 82' lang='lat' dir='ltr'><strong>cruce,</strong></span> <span class='ocrx_word' id='word_1_821' title='bbox 2571 5596 2733 5648; x_wconf 80' lang='lat' dir='ltr'><strong>quam</strong></span> <span class='ocrx_word' id='word_1_822' title='bbox 2771 5577 2906 5630; x_wconf 89' lang='lat' dir='ltr'><strong>alias</strong></span> <span class='ocrx_word' id='word_1_823' title='bbox 2951 5575 3019 5627; x_wconf 89' lang='lat' dir='ltr'><strong>ab</strong></span> <span class='ocrx_word' id='word_1_824' title='bbox 3049 5589 3115 5627; x_wconf 91' lang='lat' dir='ltr'><strong>eo</strong></span> <span class='ocrx_word' id='word_1_825' title='bbox 3149 5573 3368 5626; x_wconf 81' lang='lat' dir='ltr'><strong>missam</strong></span> <span class='ocrx_word' id='word_1_826' title='bbox 3405 5585 3500 5622; x_wconf 85' lang='lat' dir='ltr'><strong>ae-</strong></span> 
     </span>
    </p>
   </div>
   <div class='ocr_carea' id='block_1_116' title="bbox 1485 5685 2232 5750">
    <p class='ocr_par' dir='ltr' id='par_1_116' title="bbox 1485 5685 2232 5750">
     <span class='ocr_line' id='line_1_116' title="bbox 1485 5685 2232 5750; baseline 0.008 -6"><span class='ocrx_word' id='word_1_827' title='bbox 1485 5685 1700 5745; x_wconf 81' lang='lat' dir='ltr'><strong>Jacohi</strong></span> <span class='ocrx_word' id='word_1_828' title='bbox 1748 5688 2010 5750; x_wconf 81' lang='lat' dir='ltr'><strong>Pontani</strong></span> <span class='ocrx_word' id='word_1_829' title='bbox 2045 5699 2232 5750; x_wconf 67' lang='lat' dir='ltr'><strong>uota).</strong></span> 
     </span>
    </p>
   </div>
   <div class='ocr_carea' id='block_1_117' title="bbox 314 5787 3500 5860">
    <p class='ocr_par' dir='ltr' id='par_1_117' title="bbox 314 5787 3500 5860">
     <span class='ocr_line' id='line_1_117' title="bbox 314 5787 3500 5860; baseline 0.003 -20"><span class='ocrx_word' id='word_1_830' title='bbox 314 5787 428 5858; x_wconf 73' lang='lat'><strong>(55)</strong></span> <span class='ocrx_word' id='word_1_831' title='bbox 466 5787 616 5860; x_wconf 10' lang='lat' dir='ltr'><strong>ilmo,</strong></span> <span class='ocrx_word' id='word_1_832' title='bbox 645 5797 863 5858; x_wconf 83' lang='lat' dir='ltr'><strong>uterque</strong></span> <span class='ocrx_word' id='word_1_833' title='bbox 908 5791 1164 5844; x_wconf 73' lang='lat' dir='ltr'><strong>exercitus</strong></span> <span class='ocrx_word' id='word_1_834' title='bbox 1210 5789 1444 5844; x_wconf 76' lang='lat' dir='ltr'><strong>eamdem</strong></span> <span class='ocrx_word' id='word_1_835' title='bbox 1504 5787 1808 5858; x_wconf 79' lang='lat' dir='ltr'><strong>religionem</strong></span> <span class='ocrx_word' id='word_1_836' title='bbox 1863 5802 2106 5846; x_wconf 75' lang='lat' dir='ltr'><strong>sectetur.</strong></span> <span class='ocrx_word' id='word_1_837' title='bbox 2147 5793 2405 5848; x_wconf 76' lang='lat' dir='ltr'><strong>Mendose</strong></span> <span class='ocrx_word' id='word_1_838' title='bbox 2479 5793 2536 5847; x_wconf 83' lang='lat' dir='ltr'><strong>in</strong></span> <span class='ocrx_word' id='word_1_839' title='bbox 2585 5808 2686 5846; x_wconf 91' lang='lat' dir='ltr'><strong>ms.</strong></span> <span class='ocrx_word' id='word_1_840' title='bbox 2740 5789 3076 5860; x_wconf 83' lang='lat' dir='ltr'><strong>interpretis,</strong></span> <span class='ocrx_word' id='word_1_841' title='bbox 3115 5787 3334 5858; x_wconf 82' lang='grc' dir='ltr'>Θρᾴκης</span> <span class='ocrx_word' id='word_1_842' title='bbox 3397 5787 3500 5854; x_wconf 69' lang='lat' dir='ltr'><strong>PFU</strong></span> 
     </span>
    </p>
   </div>
   <div class='ocr_carea' id='block_1_118' title="bbox 246 5857 564 5928">
    <p class='ocr_par' dir='ltr' id='par_1_118' title="bbox 246 5857 564 5928">
     <span class='ocr_line' id='line_1_118' title="bbox 246 5857 564 5928; baseline 0.009 -19"><span class='ocrx_word' id='word_1_843' title='bbox 246 5857 564 5928; x_wconf 78' lang='grc' dir='ltr'>θρησκείας.</span> 
     </span>
    </p>
   </div>
  </div>
