4250 6444
313 409 421 470 429

1472 409 1751 472 HISTOR
1766 412 2012 473 [ARUM
2043 413 2272 501 LIBER
2312 415 2391 477 ΙΙ.

3447 424 3552 497 43o

312 527 432 592 ετγι
482 525 578 578 καί
614 525 835 591 οἰκείως
865 527 1112 603 ὄμμασιν
1147 527 1292 597 ἐώρα
1329 529 1479 596 ξίφος
1509 529 1701 598 ἔχοντα
1738 530 1884 598 αὐτῷ

1918 533 1956 587 Α
1986 530 2093 598 qué
2142 532 2406 600 quidquid
2447 533 2673 589 charum
2724 546 2778 590 et
2809 536 3108 605 jucundum
3160 543 3265 597 sibi
3302 557 3548 614 praestari

310 617 389 678 ὡς
417 617 816 670 ἀποκτενοῦντα
837 621 1072 682 ὲπιέναι,
1093 617 1193 672 εἷθ’
1219 621 1310 672 ὑπ’
1327 620 1491 688 ἄλλης
1515 621 1658 680 τινὸς
1677 620 1872 684 αἰτίας,

311 707 406 756 καὶ
447 707 588 758 πάνυ
634 707 708 776 μὴ
755 707 1082 776 βουλόμενον
1132 710 1454 778 συμὸἐὸηκε
1511 710 1872 771 κεκωλῦσθαι,

312 797 436 863 μηδ’
461 797 602 848 οὕτω
629 797 925 866 δυνηθῆναι
949 798 1014 852 ἀν
1041 816 1172 852 ποτε
1204 802 1461 869 ἀπεχθῶς
1504 803 1872 855 διακείσεσθαι

307 887 479 954 αὐτῷ.
523 888 629 941 Καὶ
658 889 791 952 ὅλως
824 891 991 960 μηδὲν
1027 889 1167 944 εἶναι
1195 892 1222 945 ὃ
1249 894 1370 947 καθ’
1398 881 1592 964 ἡδονὴν
1619 894 1678 946 ὃν
1725 896 1874 964 αὐτῷ

237 1022 256 1032 -
280 958 292 974 ’
308 979 641 1047 πραχθῆναι,
670 981 744 1050 μὴ
767 958 928 1034 αὺτδν
949 985 1044 1036 σὺν
1061 985 1208 1054 πάσῃ
1238 958 1518 1055 προθυμίᾳ
1543 958 1869 1056 παρασχεῖν,

305 1065 384 1127 ὡς
417 1068 554 1119 ἄττα
584 1067 648 1119 ἂν
675 1068 824 1138 αὐτῷ
865 1069 1100 1142 ἀρέσκῃ,
1145 1077 1242 1138 καὶ
1294 1075 1441 1142 αὑτῷ
1474 1076 1644 1142 ἡδέων
1684 1094 1870 1142 φαινο-

309 1157 511 1222 μένων.
569 1157 788 1210 Τούτων
839 1155 935 1211 οὖν
992 1159 1164 1222 οὕτως
1225 1163 1480 1230 ἐχόντων,
1539 1165 1726 1233 ὥσπερ
1779 1167 1871 1218 καὶ

303 1246 475 1297 αὑτὸν
522 1248 710 1312 σαφῶς
756 1249 962 1301 οἴεσθαι
993 1251 1313 1314 πεπεῖσθαι,
1343 1249 1644 1320 θαυμάζειν
1672 1255 1751 1306 ὅτι
1795 1254 1869 1323 μὴ

302 1337 447 1388 κτιτᾶ
499 1337 726 1405 γνώμην
757 1338 816 1390 ὃν
855 1338 1001 1407 αὑτῷ
1029 1340 1368 1410 Συργιάννην
1411 1343 1746 1412 ἀπολυθῆναι
1774 1347 1869 1414 τῆς

302 1428 554 1496 εἱρκτῆς,
587 1429 883 1498 ἐλευθέρως
907 1432 1002 1483 καὶ
1028 1431 1376 1502 ἀπεριέργως
1411 1429 1566 1486 εἶπεν
1589 1434 1647 1498 ἐξ
1672 1437 1865 1505 ἀρχῆς,

304 1520 423 1572 ἀλλ’
443 1518 630 1590 ὥσπερ
654 1523 805 1584 τινὰς
831 1523 1112 1590 τιθέμενον
1153 1525 1521 1593 ἀναδασμοὺς,
1548 1525 1740 1594 πρῶτα
1773 1528 1870 1595 μὲν

304 1612 508 1673 εἰπεῖν,
567 1612 675 1664 τῶν
728 1612 923 1664 κλοιῶν
973 1614 1134 1666 αὐτὸν
1193 1615 1488 1684 ἀνεθῆναι,
1522 1611 1622 1668 εἰτ’
1660 1618 1724 1669 ὲκ
1774 1613 1866 1668 τοῦ

302 1701 688 1771 δεσμωτηρίου
727 1703 861 1770 πρὸς
887 1704 1071 1773 ἕτερον
1096 1705 1502 1775 ἐπιεικέστερον
1538 1707 1866 1776 μετενεχθῆ-

300 1809 415 1853 ναι,
436 1791 574 1844 ὥστε
604 1793 865 1846 δύνασθαι
911 1794 1059 1863 αὐτῷ
1083 1795 1178 1847 καὶ
1207 1797 1273 1848 τὰ
1306 1799 1472 1850 τέκνα
1506 1802 1740 1852 συνεῖναι
1775 1802 1867 1851 καὶ

1987 622 2135 684 velit,
2179 622 2233 675 id
2291 640 2348 678 se
2379 641 2542 693 quam
2575 629 2931 697 cupidissime
2987 635 3380 700 prazstitnrum.
3415 640 3548 693 Nam

1982 727 2103 779 quae
2140 714 2256 781 ejus
2295 715 2478 768 animo
2525 717 2793 783 placeant,
2841 722 3030 774 eadem
3083 733 3138 777 et
3204 726 3306 779 sibi
3362 733 3548 784 suavia

1982 809 2144 867 atque
2181 816 2394 857 ammna
2437 805 2630 857 videri.
2661 803 2791 870 Qua:
2838 824 2958 861 cum
3001 811 3082 863 ila-
3126 813 3256 877 sint,
3286 820 3550 883 quemad-

1983 890 2203 944 modum
2232 902 2286 944 et
2314 894 2543 962 ipsemet
2567 905 2718 949 certo
2745 899 2903 963 sciat,
2934 901 3120 954 mirari
3147 919 3225 968 se,
3256 920 3380 962 eum
3415 907 3546 978 Syr-

1978 982 2233 1051 giannem
2260 986 2510 1039 custodia
2547 987 2837 1042 liberatum
2884 991 3245 1062 desideraret,
3271 1007 3546 1066 quomo’o

1980 1074 2032 1125 id
2062 1089 2170 1128 non
2211 1090 2238 1128 a
2293 1076 2558 1145 principio
2595 1080 2825 1147 ingenue
2859 1083 3287 1156 simpliciterque
3318 1107 3547 1159 aperue-

1980 1164 2070 1226 rit,
2103 1165 2196 1218 sed
2227 1166 2495 1235 gradatim
2529 1171 2864 1236 ascenderit,
2895 1189 2958 1226 ac
2994 1178 3230 1243 primum
3266 1182 3543 1237 collariam

1979 1253 2193 1306 detrahi
2224 1257 2498 1323 petiverit.
2532 1259 2659 1312 dein
2697 1261 2971 1317 hominem
2999 1267 3051 1318 in
3091 1284 3369 1335 carcerem
3405 1277 3542 1330 tole-

1977 1347 2287 1400 rabiliorem
2337 1349 2638 1414 transferri,
2686 1353 2775 1404 ubi
2831 1357 2938 1407 nati
2980 1368 3034 1410 ct
3064 1361 3260 1428 conjux
3312 1378 3436 1418 cum
3471 1383 3538 1420 eo

1977 1437 2172 1505 degere
2204 1449 2424 1507 queant,
2451 1458 2594 1496 nunc
2642 1455 2820 1496 autem
2873 1448 3097 1502 omnino
3129 1467 3160 1505 e
3202 1468 3422 1511 carcere
3459 1459 3542 1511 di-

1975 1532 2138 1583 mitti.
2183 1530 2286 1584 Par
2326 1532 2515 1598 fuisse,
2567 1550 2664 1602 pro
2709 1552 2771 1590 ea
2807 1554 2914 1606 qua
2956 1542 3097 1609 apud
3136 1560 3195 1597 se
3239 1549 3409 1616 gratia
3443 1565 3542 1603 an-

1975 1621 2341 1690 ctoritateque
2377 1623 2574 1686 valeat,
2604 1628 2786 1679 s'atim
2830 1643 2859 1680 a
2901 1632 3172 1700 principio
3202 1629 3538 1694 voluntatem

1973 1726 2125 1764 suam
2156 1713 2435 1767 declarare
2469 1713 2770 1780 liberrime,
2797 1734 2898 1774 nec
2931 1736 2994 1774 ea
3030 1723 3206 1780 divisa
3249 1728 3302 1780 i'n
3334 1743 3538 1797 partes,

1973 1802 2053 1856 sic
2087 1819 2187 1871 pro
2245 1819 2338 1857 reo
2393 1821 2625 1872 precari.
2673 1807 2805 1861 Eum
2855 1824 3052 1876 autem
3092 1818 3318 1881 perinde
3375 1824 3538 1877 verba

295 1883 400 1947 τὴν
436 1886 690 1949 γυναῖκα,
723 1888 838 1936 νυνὶ
883 1883 941 1937 δὲ
987 1887 1340 1939 παντάπασιν
1397 1888 1733 1956 ἀπολυθῆναι
1766 1893 1864 1957 τῆς

1900 1873 1939 1931 Β
1970 1892 2184 1956 fecisse,
2209 1911 2271 1948 ac
2301 1897 2353 1949 si
2377 1899 2458 1951 vel
2498 1901 2551 1952 in
2577 1900 2780 1953 amicos
2815 1904 3096 1959 sordidum
3123 1919 3177 1962 ct
3203 1892 3428 1968 honoris
3448 1931 3540 1968 eo—

293 1974 542 2043 εἰρκτῆς.
581 1975 710 2027 Δέον
744 1974 852 2044 γάρ
886 1976 1028 2044 μετὰ
1052 1977 1151 2043 τῆς
1184 1994 1265 2029 σοι
1309 1979 1694 2048 προσηκούσης
1728 1983 1867 2050 παῤ-

295 2067 498 2134 ῥησίας
526 2065 686 2121 εὐθὺς
707 2064 766 2128 ἐξ
787 2065 964 2136 ἀρχῆς
987 2067 1046 2119 τὸ
1071 2066 1321 2136 βούλημα
1352 2071 1575 2137 ποιῆσαι
1610 2075 1862 2140 φανερδν,

291 2156 393 2208 καὶ
419 2157 494 2225 μὴ
526 2155 849 2225 διατεμόντα
879 2149 959 2219 εἰς
992 2140 1178 2221 πολλὰ,
1211 2161 1351 2212 κατά
1383 2161 1549 2230 μέρος
1591 2165 1864 2217 ποιεῖσθαι

289 2246 395 2307 τὰς
430 2246 698 2314 αἰτήσεις.
733 2247 804 2298 Σὺ
837 2244 881 2299 δ’
909 2245 1098 2317 ὥσπερ
1129 2247 1161 2316 ἢ
1197 2248 1333 2318 ἐμοῦ
1371 2251 1571 2321 πολλὴν
1613 2253 1866 2323 μικρολο-

289 2336 422 2401 γίαν
450 2336 544 2388 καὶ
569 2336 921 2406 ἀφιλοτιμίαν
955 2337 1319 2404 κατεγνωκὼς
1345 2357 1410 2392 πε
1421 2342 1473 2410 ρ).
1493 2343 1616 2406 τοὺς
1653 2344 1861 2411 φίλους,

292 2427 332 2495 ἦ
373 2426 558 2496 σαυτῷ
591 2427 893 2497 ἀδυναμίαν
925 2428 1206 2491 συνειδὼς,
1237 2429 1409 2493 οὕτως
1457 2434 1702 2504 ἐποιήσω
1737 2439 1863 2498 τοὺς

291 2518 520 2585 λόγουςο
562 2511 622 2572 οῦ
664 2518 934 2588 δὴῖνεκα
980 2523 1074 2573 καὶ
1123 2522 1454 2593 ἀχθεσθῆναι
1496 2520 1674 2582 εἷπον.
1724 2528 1862 2581 Νυνὶ

285 2611 336 2664 δ’
363 2611 601 2664 ἱπείόοι
633 2610 785 2680 φίλον
820 2613 1160 2686 ἀπολυθῆναι
1181 2615 1541 2686 Συργιάννην,
1565 2619 1626 2671 τὸ
1651 2621 1861 2675 κωλύον

285 2704 465 2756 οὐδέν.
498 2679 670 2756 una
695 2704 803 2772 γάρ
823 2679 890 2756 ἂν
921 2679 1068 2774 αὑτῷ
1097 2723 1177 2759 σοι
1212 2679 1316 2759 κάι
1338 2679 1592 2775 βέλτιστα
1610 2710 1738 2782 δοκῇ
1768 2715 1861 2766 και

286 2797 445 2865 ἡδέα,
479 2797 580 2849 οὐκ
630 2796 918 2860 ἔσθ’ὄπως
974 2798 1052 2866 μὴ
1100 2800 1164 2852 ὲκ
1212 2799 1305 2852 τοῦ
1339 2799 1454 2852 ίσου
1499 2801 1662 2871 ὅμοια
1693 2806 1862 2872 κάμοὶ

283 2887 565 2942 δοκεῖν.”0
599 2889 771 2959 μέγας
795 2889 851 2942 δὲ
879 2889 1198 2959 δομέστικος
1220 2928 1234 2954 ,
1277 2891 1478 2961 Ἀληθῆ
1503 2910 1566 2960 γε
1607 2882 1855 2962 εἰρηκάς,

285 2978 464 3044 εἰπεν,
501 2973 544 3034 ὦ
568 2979 821 3050 βασιλεῦ·
851 2982 911 3034 οὐ
936 2982 1042 3052 γάρ
1093 2982 1264 3046 ἐστιν,
1292 2983 1394 3034 οὐκ
1440 2984 1587 3037 ἔστιν
1628 2986 1798 3049 οὐδὲν,
1831 2987 1860 3040 ὃ

284 3072 617 3143 θελήσαντος
659 3071 797 3141 ἐμοῦ
827 3073 1164 3142 πραχθῆναι,
1199 3073 1452 3127 ἐναντίαν
1482 3076 1650 3137 οίσεις
1679 3079 1859 3146 ψῆφον

286 3165 472 3226 αὐτός.
507 3167 618 3219 Καὶ
649 3165 828 3231 τοῦτο,
854 3167 952 3219 οὐκ
978 3167 1086 3218 ἀπὸ
1118 3165 1227 3218 τῶν
1260 3166 1395 3236 πρὸς
1420 3169 1520 3236 ἐμὲ
1551 3170 1857 3240 εἰρημένων
1882 3193 1927 3256 C

283 3257 404 3311 νυνὶ
456 3258 650 3324 λόγων,
699 3257 838 3313 ἀλλά
895 3258 1028 3312 πολὺ
1084 3257 1349 3326 πρότερον
1405 3259 1463 3324 ἐξ
1515 3260 1694 3314 αὐτῶν
1746 3263 1854 3316 τῶν

284 3350 485 3420 εργων,
514 3351 633 3419 ἐμοί
658 3367 717 3402 τε
753 3348 968 3418 πρῶτον
1009 3344 1104 3403 καί
1132 3352 1247 3412 τοῖς
1278 3349 1456 3414 ἀλλοις
1501 3355 1704 3408 ἅπασίν
1737 3355 1853 3409 ἐστι
1893 3393 1912 3404 .

284 3440 623 3510 καταφανές.
656 3441 777 3494 Ὅτι
800 3441 855 3493 δὲ
903 3443 995 3494 τὸν
1044 3444 1157 3497 ῐσον
1185 3447 1383 3517 τρόπον
1412 3447 1519 3516 ἔχω
1556 3447 1649 3499 καὶ
1689 3447 1852 3507 αὐτὸς

282 3533 424 3602 πρὸς
469 3531 561 3594 σὲ,
602 3533 710 3587 οὐδ’
745 3533 1072 3599 ἀποδείξεως
1119 3534 1414 3606 ,δεήσεσθαι
1472 3537 1644 3590 δοκῶ·
1691 3538 1851 3601 αὐτὸς

279 3625 393 3694 γάρ
433 3641 520 3693 μοι
545 3607 757 3693 φθάσας
806 3625 1074 3697 πρότερον
1117 3629 1602 3699 συνεμαρτύρησας
1644 3630 1845 3693 καλῶς.

290 3715 438 3783 Ἐγὼ
457 3716 514 3770 δὲ
528 3716 628 3785 τὴν
649 3718 787 3788 πρὸς
802 3718 1061 3786 ἀλλήλους
1081 3721 1114 3787 ἡ
1123 3719 1239 3788 μῶν
1261 3718 1443 3787 φιλίαν
1463 3737 1536 3773 πα
1546 3720 1844 3790 ραϐἀλλων,

275 3807 360 3877 τῷ
396 3810 496 3876 μὲν
532 3807 683 3878 ὄγκῳ
715 3813 812 3876 τῆς
850 3810 1025 3879 ἀρχῆς
1055 3812 1150 3864 καὶ
1195 3811 1272 3879 τῷ
1307 3813 1528 3879 μεγέθει
1587 3811 1845 3865 ἑλασσοῦ·

279 3899 406 3951 σθαι
440 3897 646 3967 νομίζω
684 3900 776 3952 καὶ
808 3900 959 3969 παρὰ
1002 3899 1159 3965 πολὺ,
1187 3903 1300 3964 τοῖς
1355 3901 1563 3966 λοιποῖς
1589 3902 1644 3956 δὲ
1673 3903 1843 3956 ἀπασι

278 3991 567 4044 λείπεσθαι
597 3991 959 4054 οὐδοπωσοῠν.
998 3992 1073 4044 Οὐ
1111 3993 1272 4062 μόνον
1299 3994 1406 4064 γὰρ
1432 3990 1468 4047 ἀ
1502 3995 1842 4066 προείρηκας

275 4081 466 4145 αὐτὸς,
495 4081 616 4134 ἀλλ’
663 4083 718 4135 εἰ
741 4100 792 4136 τι
837 4087 931 4137 καὶ
961 4084 1166 4137 τούτων
1199 4084 1386 4153 μεῖζον
1411 4085 1504 4138 καὶ
1541 4088 1715 4139 ποιεῖν
1747 4087 1842 4139 καὶ

276 4174 575 4241 ὑπομένειν
611 4175 749 4244 ὑπὲρ
789 4175 886 4243 τῆς
922 4175 1055 4243 πρὸς
1103 4175 1163 4228 σὲ
1195 4175 1380 4243 φιλίας
1411 4175 1628 4245 ἕτοιμος
1674 4176 1835 4234 εἰναι.

274 4265 540 4330 Καίτοιγε
572 4263 695 4317 κατ’
717 4266 956 4332 ἐμαυτὸν
989 4265 1250 4328 πολλάκις
1309 4267 1436 4329 τοὺς
1484 4267 1636 4337 παρά
1682 4285 1839 4339 ποιη-

270 4358 396 4418 ταῖς
424 4358 519 4410 καὶ
548 4357 928 4427 συγγραφεῦσι
984 4357 1137 4426 παρά
1177 4357 1357 4411 πάντα
1383 4357 1474 4410 τὸν
1513 4359 1706 4427 χρόνον
1742 4361 1836 4414 ἐπὶ

269 4444 430 4516 φιλίᾳ⁵
459 4444 829 4512 ὑμνουμένους
869 4443 1141 4508 ἐξετάζων
1189 4443 1282 4496 καὶ
1313 4443 1677 4514 παραϐάλλων
1720 4449 1834 4510 τοῖς

1971 2001 2090 2038 rum
2137 1987 2499 2056 negligentem
2549 1992 2724 2060 ipsum
2763 1995 3053 2062 judicaret,
3103 2001 3186 2054 vel
3239 2019 3298 2056 se
3343 2021 3535 2071 parum

1967 2093 2124 2144 posse
2160 2080 2420 2144 sentiret;
2449 2093 2610 2152 atque
2639 2086 2743 2140 hoc
2776 2103 2898 2143 esse
2929 2091 3074 2158 quod
3106 2094 3210 2148 sibi
3245 2099 3533 2153 molestum

1966 2171 2212 2224 accidere
2243 2179 2471 2227 testatus
2499 2178 2589 2229 sit.
2621 2177 2779 2233 Nunc
2810 2183 3067 2247 quoniam
3101 2196 3251 2253 optet
3279 2188 3537 2258 Syrgian-

1965 2275 2088 2313 nem
2156 2277 2186 2316 e
2219 2279 2464 2319 carcere
2519 2267 2699 2334 educi,
2786 2271 3143 2339 educeretur;
3195 2294 3535 2350 quzecunque

1965 2349 2108 2401 enim
2144 2351 2260 2418 ipse
2316 2352 2372 2406 in
2424 2354 2582 2410 bonis
2637 2368 2691 2411 et
2722 2358 2980 2426 iucundis
3029 2379 3365 2432 numeraret,
3415 2349 3530 2426 fieri

1964 2457 2073 2494 non
2101 2458 2281 2512 posse,
2308 2447 2440 2516 quin
2478 2448 2546 2501 ab
2580 2464 2638 2502 se
2667 2466 2887 2521 quoque
2915 2469 3365 2514 numerarentur.
3391 2462 3532 2518 Tum

1965 2545 2197 2602 magnus
2251 2535 2587 2592 domesticus
2621 2541 2802 2594 :Vera
2856 2553 2984 2598 sunt
3020 2545 3155 2606 haec,
3192 2548 3529 2617 imperator;

1963 2621 2100 2676 nihil
2145 2625 2290 2679 enim
2342 2636 2444 2691 est,
2504 2628 2666 2692 nihil,
2703 2630 2950 2701 inquam,
2983 2645 3091 2700 est,
3124 2641 3271 2706 quod
3320 2641 3364 2694 si
3415 2644 3530 2699 fieri

1962 2714 2166 2796 velim“
2188 2726 2244 2770 tu
2301 2733 2410 2773 non
2467 2724 2776 2788 concedas;
2829 2725 2992 2794 idque
3025 2743 3134 2781 non
3167 2745 3232 2784 ex
3263 2733 3365 2787 hac
3412 2751 3533 2790 ora-

1963 2806 2110 2861 tione
2161 2817 2273 2872 tua,
2338 2811 2433 2866 sed
2493 2828 2559 2867 ex
2612 2814 2768 2870 factis
2817 2817 2951 2886 ipsis
3012 2821 3145 2875 mihi
3204 2824 3257 2878 in
3317 2827 3530 2894 primis,

1962 2897 2159 2952 deinde
2215 2900 2336 2954 aliis
2384 2904 2642 2959 omnibus
2698 2908 2906 2974 pridem
2965 2924 3198 2967 constat.
3231 2917 3312 2971 Me
3347 2929 3529 2975 autem

1961 2993 2154 3042 eodem
2188 3005 2311 3045 esse
2345 2993 2397 3046 in
2425 3002 2477 3047 te
2509 2996 2714 3058 animo,
2758 2998 3008 3065 pluribus
3039 3003 3528 3063 demonstrandum

1960 3093 2070 3132 non
2103 3080 2332 3150 Opinor;
2381 3091 2437 3136 tu
2492 3085 2636 3138 enim
2683 3088 2819 3143 alias
2849 3090 2981 3144 mibi
3013 3095 3333 3161 praeclarum
3365 3099 3530 3170 hujus

1961 3170 2039 3224 rei
2071 3173 2442 3228 testimonium
2490 3176 2864 3245 impertivisti.
2896 3183 3059 3255 204
3097 3187 3209 3257 Ego
3242 3206 3370 3245 vero
3399 3208 3524 3247 cum

1958 3268 2208 3338 mutuum
2250 3277 2490 3317 amorem
2528 3274 2779 3321 nostrum
2825 3283 3102 3340 comparo.
3148 3279 3527 3348 magnitudine

1955 3358 2011 3403 et
2049 3351 2332 3420 majestate
2367 3352 2584 3421 imperii
2616 3358 2851 3411 multum
2896 3366 3172 3431 superari,
3204 3371 3413 3426 ca-teris
3444 3389 3516 3427 re-

1955 3441 2060 3496 bus
2094 3457 2194 3495 nec
2220 3444 2488 3498 tantillum
2522 3445 2618 3500 abs
2647 3456 2698 3501 te
2724 3449 2869 3505 vinci
2905 3468 2992 3506 me
3026 3456 3302 3512 existimo.
3331 3460 3521 3530 Neque

1953 3537 2099 3590 enim
2133 3552 2196 3590 ea
2226 3537 2403 3591 solum
2438 3555 2559 3608 quae
2600 3549 3062 3612 commemorasti,
3089 3552 3182 3605 sed
3210 3553 3256 3606 si
3295 3558 3426 3624 quid
3455 3560 3520 3614 iis

1951 3629 2127 3698 majus
2156 3630 2452 3699 excogitari
2488 3640 2689 3700 potest,
2715 3650 2816 3703 pro
2851 3651 2919 3690 eo
2955 3647 3217 3706 quantum
3247 3655 3297 3699 te
3331 3647 3519 3716 diligo,

1948 3718 2227 3784 etfacere,
2248 3729 2303 3772 et
2326 3720 2536 3789 perpeti
2562 3737 2646 3777 me
2678 3734 2923 3792 paratum
2958 3728 3149 3785 babes.
3181 3733 3246 3788 Et
3272 3741 3520 3804 quamvis

1948 3824 2326 3878 saepenumero
2388 3826 2486 3879 per
2531 3826 2619 3866 me
2654 3814 2771 3882 ipse
2797 3819 3161 3887 consideravi,
3198 3835 3361 3894 atque
3395 3846 3518 3884 cum

1947 3908 2133 3954 nostra
2173 3902 2563 3971 conjunctione
2603 3905 2835 3970 contuli,
2864 3923 3004 3977 quos
3035 3913 3088 3964 in
3125 3917 3273 3969 omni
3306 3933 3511 3974 memo-

1945 3985 2026 4044 ria
2065 4005 2092 4043 a
2125 3991 2303 4059 poetis
2325 4000 2381 4045 et
2408 3991 2686 4061 historicis
2717 3997 2784 4049 ab
2805 3999 3044 4054 amicitia
3073 4004 3380 4062 celebratos
3401 4010 3514 4081 (42)

1884 4077 1888 4082 ’
1944 4079 2165 4135 invenio
2209 4082 2336 4151 (etsi
2365 4093 2539 4152 poeta:
2601 4086 2971 4154 ambitiosius,
3001 4107 3277 4165 supraque
3301 4077 3514 4168 verum,

1941 4179 2000 4226 et
2037 4171 2324 4240 plusquam
2362 4172 2518 4227 decet
2544 4189 2660 4228 rem
2699 4192 3054 4249 exaggerasse
3077 4171 3516 4259 videantur),ni~

1940 4261 2240 4318 hilominus
2303 4263 2917 4346 charitatem_nostram
2973 4275 3016 4326 si
3057 4291 3166 4329 non
3223 4283 3510 4348 majorem,

1937 4356 2113 4412 certe'_
2140 4351 2283 4405 haud
2337 4352 2608 4408 minorem
2668 4356 2889 4411 illorum
2946 4361 3212 4418 cbaritate
3265 4369 3510 4427 inve-nio.

1936 4439 2095 4505 Quod
2146 4441 2537 4511 si'aliquando
2587 4444 2641 4497 in
2678 4461 2797 4499 eam
2831 4450 3218 4518 c0gitationem
3247 4461 3509 4528 venirem,

267 4537 568 4603 ἡμετέροις
596 4535 663 4586 τά
692 4534 917 4586 ἐκείνων
939 4536 1206 4603 (καίτοιγε
1252 4536 1553 4588 δοκούντων
1576 4533 1644 4607 τῇ
1679 4537 1832 4604 φιλο·
1866 4536 1884 4590 Ι

1884 4530 2332 4589 )utdubitarem
2377 4534 2571 4602 ecquid
2619 4545 2764 4588 esset
2815 4537 2919 4591 alia
2970 4543 3236 4606 quaedam
3275 4547 3505 4615 species.

267 4627 431 4695 τιμίᾳ
459 4625 568 4678 τῶν
602 4624 844 4694 ποιητῶν
863 4624 958 4678 καὶ
984 4627 1127 4696 πέρα
1156 4625 1251 4678 τοῦ
1275 4624 1509 4696 ἀληθοῦς
1539 4628 1634 4681 καὶ
1663 4643 1833 4699 προσ-

267 4721 496 4786 ήκοντος
531 4699 853 4787 ηὐξῆσθαι),
895 4709 1042 4786 δμωξ
1091 4715 1212 4769 κατ’
1239 4717 1392 4771 οὐδὲν
1419 4717 1736 4781 ἀποδέοντα,
1782 4717 1832 4769 εἰ

270 4808 349 4878 μὴ
382 4811 478 4860 καὶ
510 4805 682 4878 μείζω
713 4807 784 4860 τά
812 4808 1059 4878 ἡμέτερα
1082 4806 1340 4877 εὑρίσκω.
1368 4805 1428 4858 Εἰ
1461 4806 1517 4858 δέ
1539 4822 1667 4858 ποτε
1699 4822 1835 4874 συμ-

265 4899 398 4968 ϐαίη
439 4899 700 4961 τοιούτοις
725 4898 1006 4966 λογισμοῖς
1031 4899 1348 4965 περιπεσεῖν
1377 4896 1517 4950 ὥστε
1559 4895 1834 4965 ἀμφιϐάλ-

262 4991 381 5043 λειν
405 4990 538 5052 εῐτις
564 4990 715 5043 ἐστὶν
745 4991 854 5042 ἰδέα
878 4989 1062 5058 φιλίας
1087 4990 1120 5058 ἢ
1160 4989 1362 5059 τρόπος
1382 4988 1566 5057 ἔτερος
1586 4986 1644 5039 δν
1667 4989 1830 5056 ἡμεῖς

213 5113 229 5122 -
260 5081 367 5134 οὐκ
395 5081 794 5150 ἐπεδειξάμεθα
843 5081 1116 5150 ἀλλήλοις,
1141 5080 1174 5148 ἢ
1211 5082 1258 5132 εἰ
1297 5081 1370 5150 μὴ
1395 5079 1532 5148 πρὸς
1567 5077 1628 5130 τδ
1666 5077 1830 5145 ἀκρό-

259 5185 428 5223 τατον
456 5169 742 5239 ἀφίγμεθα
768 5169 957 5239 αὐτῆς,
994 5169 1026 5238 ἢ
1055 5168 1458 5235 ἀποπνίγεσθαι
1488 5167 1702 5236 ἀνάγκη
1736 5166 1830 5218 καὶ

1940 4622 2147 4676 aliusve
2198 4622 2396 4677 modus
2445 4623 2502 4677 iu
2549 4626 2813 4690 amicitia,
2844 4645 3007 4698 quem
3051 4632 3195 4688 inter
3239 4652 3337 4692 nos
3397 4657 3508 4694 non

1939 4729 2397 4783 usurpassemus;
2463 4731 2535 4769 an
2599 4717 2667 4771 ad
2716 4734 2992 4776 summum
3053 4726 3174 4795 ejus
3231 4727 3505 4800 fastigium

1936 4802 2396 4872 pervenissemus,
2422 4814 2519 4858 aut
2545 4812 2689 4876 tegre
2718 4810 2948 4877 spirare,
2969 4828 3031 4866 ac
3062 4831 3200 4883 pene
3232 4819 3439 4874 suffoca
3479 4823 3494 4875 i

1935 4908 2022 4947 me
2053 4908 2164 4961 pra:
2189 4909 2390 4963 angore
2424 4903 2479 4949 et
2523 4907 2659 4950 aestu
2713 4901 2908 4964 animi,
2940 4905 3214 4974 vitamque
3255 4912 3503 4966 acerbam

1932 4993 2127 5053 putare
2161 4999 2246 5040 me
2273 4994 2572 5053 oporteret,
2603 4989 2649 5042 si
2683 4989 2734 5042 in
2762 5006 2822 5045 re
2870 5003 2978 5046 tam
3010 4995 3259 5062 honesta,
3286 5011 3504 5070 tamque

1931 5071 2149 5125 liberali
2193 5073 2355 5127 alicui
2389 5075 2670 5128 secundus
2703 5076 2980 5133 invenirer
3012 5097 3027 5134 :
3056 5091 3152 5134 aut
3189 5085 3399 5139 resilire
3435 5088 3501 5139 ab

1935 5163 2249 5235 huiusmodi
2276 5166 2553 5234 cogitatis,
2576 5175 2632 5220 et
2655 5167 2900 5223 animum
2935 5165 3302 5241 firmioribus,
3331 5193 3497 5246 quam

1503 5291 1722 5353 Jacobi
1755 5289 2020 5353 Pontani
2053 5299 2240 5370 notae.

332 5397 448 5465 (η)
475 5396 520 5450 Α
552 5394 728 5466 poetis
750 5390 1590 5466 quidemcelebraturamieitia
1606 5389 1818 5466 Pyladis
1913 5389 2066 5455 Quod
2101 5402 2281 5466 autem
2315 5391 2522 5446 amicus
2560 5392 2764 5466 dicitur
2809 5395 2948 5450 alter
2977 5414 3091 5466 ego,
3144 5400 3491 5465 Plutarchus,

255 5478 314 5520 et
342 5459 579 5528 Orestis,
618 5459 815 5517 Thesei
841 5472 897 5517 et
931 5462 1184 5521 Pirithoi.
1225 5463 1453 5515 Achillis
1473 5470 1528 5513 et
1560 5459 1816 5519 Patrocli,

1916 5463 2316 5532 commentario
2353 5467 2480 5528 περὶ
2522 5463 2868 5532 πολυφιλίας.
2892 5463 3028 5521 nihil
3052 5469 3199 5522 aliud
3229 5474 3329 5525 sibi
3357 5463 3497 5528 velle

257 5537 372 5591 )isj
403 5545 459 5588 et
507 5533 747 5598 Euryali.
779 5532 862 5584 Ab
905 5533 1180 5586 historicis
1210 5541 1266 5584 et
1294 5530 1418 5583 aliis
1459 5529 1822 5598 scriptoribus
1917 5530 2012 5591 ait,
2057 5544 2218 5598 quam
2251 5529 2516 5583 binarium
2543 5548 2662 5586 esse
2677 5529 2941 5588 'amicitiw
2967 5554 3295 5594 mensuram.
3327 5543 3496 5598 Paulo

256 5604 555 5678 Alexandri
581 5599 756 5678 Magni
792 5613 848 5654 et
871 5601 1290 5678 Hephaestionis:
1315 5599 1520 5678 Pythia:
1545 5608 1605 5678 et
1629 5600 1825 5678 flamo-

259 5679 370 5746 nis,
407 5665 797 5746 Epaminonda:
835 5679 888 5746 et
922 5665 1216 5746 Ifclopid-«e.
1259 5665 1533 5746 Scipionis
1555 5676 1613 5746 _e_t
1652 5665 1821 5746 Laelii.

259 5745 375 5796 Nec
410 5736 660 5811 ignobilis
713 5748 798 5792 est
843 5741 897 5811 in
923 5736 1130 5811 divinis
1165 5739 1375 5811 litteris
1401 5737 1619 5790 Davidis
1648 5745 1702 5789 et
1734 5736 1827 5811 ,ιρ-

258 5805 457 5868 ιιειιίηέ
493 5811 799 5865 arctissima
845 5808 1190 5863 familiaritas
1253 5816 1310 5864 et
1362 5806 1574 5873 irrupta
1611 5805 1824 5874 ceptila.

1920 5608 2097 5664 past;
2138 5597 2330 5666 Itaque
2367 5602 2518 5652 valde
2588 5619 2770 5654 amare
2813 5614 2861 5656 et
2909 5611 3085 5660 amari
3123 5621 3262 5662 mter
3302 5597 3494 5667 multos

1923 5667 2090 5736 locum
2117 5683 2218 5719 non
2265 5670 2414 5722 habet
2453 5688 2464 5723 :
2500 5673 2588 5723 sed
2615 5674 2748 5723 sicut
2782 5691 2961 5727 amnes
3010 5679 3063 5729 in
3099 5679 3288 5734 multo:
3340 5686 3495 5736 divisi

1922 5735 2543 5808 alveosimbeculiﬂuuut
2575 5757 2636 5793 ac
2687 5753 2888 5805 tenues,
2926 5747 2998 5797 sic
3027 5747 3298 5804 vehemens
3342 5735 3494 5806 amor

1924 5807 1977 5859 in
2008 5807 2210 5872 animo,
2245 5809 2291 5861 si
2323 5807 2606 5880 dissipetur
2642 5812 2693 5864 in
2733 5812 2945 5880 mullos,
2978 5827 3280 5875 enervatur.
