4250 6444
346 442 456 505 437
763 486 777 498 .
1497 450 2031 510 ΗΙΒΤΟΒΙΑΒΙΙΜ
2076 452 2301 511 LIBER
2342 455 2419 512 ΙΙ.
3459 451 3575 513 Βδί

335 556 740 625 ἁπορῖαν,πρδς
760 556 998 622 ἱκείνους
1026 560 1338 628 ποιούμενος
1363 560 1487 620 τοὺς
1500 558 1710 626 λόγους.
1747 558 1892 626 Πλὴν
1922 564 1964 618 Α
1995 578 2013 631 ι

1881 564 1964 618 ’Δ
1995 564 2232 631 perbene
2271 567 2466 627 sciret,
2518 564 2571 617 id
2613 564 2756 633 quod
2807 573 2959 625 erat,
3008 578 3112 615 non
3160 563 3385 615 militem
3440 562 3559 616 illos

334 645 396 695 τὸ
443 644 543 712 μὲν
572 649 794 715 ἀπορεῖν
823 651 1120 719 χρημάτων
1168 652 1366 712 είπεῖν,
1404 649 1659 715 οὐδεμίαν
1704 648 1890 708 αὑτοῖς
1935 656 1954 667 ‘
2004 673 2012 704 ι

1876 665 1890 708 :
1935 656 1954 667 ‘
2004 653 2352 717 desiderare,
2406 654 2502 707 sed
2549 653 2851 706 nummaria
2914 660 3229 721 paupertate
3288 651 3554 703 laborare.

338 734 406 786 ἂν
438 736 625 803 φέρειν
655 738 937 807 αίσχὺνην,
966 738 1061 792 ἀτε
1088 740 1151 807 δὴ
1178 740 1269 791 καὶ
1296 738 1475 790 αὑτῶν
1513 737 1888 806 ἀπορούντων,
2002 745 2016 796 ε

1880 776 1888 798 ›
2002 744 2057 798 Si
2109 753 2288 797 tamen
2345 744 2411 797 ad
2461 746 2691 799 alterum
2726 746 2887 798 etiam
2924 743 3338 813 processissent,
3379 742 3558 792 dicm-

339 824 436 876 καὶ
480 826 748 893 δεομένων
801 828 933 897 παρ’
967 828 1187 880 αὑτῶνο
1244 828 1500 895 στρατιὰν
1550 826 1605 877 δὲ
1667 826 1900 895 παρέχε-
2004 850 2017 886 ι

1878 854 1900 865 -
2004 850 2124 886 rum
2195 832 2401 898 fuisse,
2477 849 2623 888 nunc
2684 833 2971 888 difﬁculter
3022 833 3137 885 dari
3202 847 3358 899 posse
3414 831 3556 897 quod

338 914 461 967 σθαι
502 917 858 985 ἐπηγγέλθαι,
892 919 1122 985 μάλιστα
1157 918 1256 987 μὲν
1298 918 1436 986 ὅπερ
1465 912 1533 987 ἦν
1592 916 1683 968 καὶ
1736 914 1899 966 αὑτὸν
2002 942 2016 978 ι

1877 930 1899 965 ν
2002 940 2152 978 mora
2211 940 2271 979 ac
2338 934 2580 993 tempore
2638 925 2705 978 ad
2772 924 3133 993 colligendum
3195 937 3332 989 Opus
3398 920 3555 971 foret.

333 1006 583 1071 οἰόμενον
610 1008 669 1059 οὐ
696 1009 953 1075 στρατιᾶς
982 1010 1149 1076 ἐρεῖν,
1180 1007 1316 1059 άλλά
1344 1006 1643 1076 χρημάτων
1672 1002 1899 1057 δεῖσθαι.
2000 1042 2011 1070 γ

1884 1041 1899 1057 ι
2000 1016 2079 1070 Ad
2146 1017 2259 1071 hzec
2309 1016 2548 1070 nondum
2602 1017 2807 1085 liquido
2856 1014 3023 1079 sciri,
3077 1031 3145 1068 an
3212 1014 3263 1066 id
3314 1016 3556 1081 ipsorum

254 1152 275 1165 _
334 1095 395 1145 Ei
436 1096 480 1147 δ’
512 1096 617 1165 ἀρα
657 1098 747 1148 καί
785 1098 921 1165 πρὸς
972 1098 1042 1149 τὰ
1088 1096 1319 1167 δεύτερα
1361 1099 1612 1165 χωροῖεν,
1658 1095 1751 1146 νῦν
1806 1094 1902 1162 μὲν

1879 1109 1902 1144 ν
2003 1106 2114 1174 regi
2158 1106 2477 1173 placiturum
2523 1107 2612 1159 sit.
2674 1106 2899 1160 Reversi
2953 1106 3114 1173 igitur
3161 1105 3410 1163 domum,
3464 1118 3557 1153 sn-

230 1182 235 1185 “
331 1184 512 1235 είπεῖν
549 1188 609 1236 οὑ
638 1186 819 1255 ῥᾴδιον
869 1188 1195 1255 παρασχεῖν,
1243 1185 1435 1253 καιροῦ
1462 1185 1724 1253 δεομένην
1766 1183 1901 1252 πρὸς

1880 1199 1901 1243 ἲ
2004 1210 2102 1264 per
2148 1195 2392 1248 exercitu
2438 1196 2728 1248 certiorem
2778 1194 3041 1253 facerent,
3093 1208 3147 1246 et
3178 1192 3444 1259 siquidem
3476 1192 3558 1243 in-

334 1277 716 1343 παρασκευὴν,
742 1276 914 1339 άλλως
950 1294 1006 1329 τε
1035 1277 1144 1329 οὐδ’
1172 1276 1412 1343 ἀκριϐῶς
1443 1277 1655 1337 εἰδότας
1686 1277 1735 1327 εί
1763 1275 1904 1327 κατὰ
2004 1303 2012 1336 ε

1884 1275 1904 1327 ll
2004 1285 2229 1354 digeret,
2279 1294 2390 1339 tum
2432 1286 2683 1339 venirent
2711 1286 2803 1353 qui
2835 1300 2958 1339 eum
3005 1285 3358 1347 abducerent,
3407 1282 3562 1349 «μιῑρε

331 1365 694 1435 γθιώμηνέῐη
734 1366 807 1434 τῷ
838 1368 1084 1436 σφετέρῳ
1130 1367 1358 1436 βασιλεῖ.
1400 1367 1460 1417 Εί
1498 1365 1543 1418 δ’
1582 1364 1905 1424 ἀπελθόντες
2004 1392 2009 1442 γ

1881 1382 1905 1424 ς
2004 1391 2071 1443 pe
2120 1390 2243 1429 cum
2300 1378 2505 1430 lentum
2562 1391 2623 1429 ac
2667 1378 2883 1445 longum
2935 1377 3208 1441 negotium
3262 1374 3330 1425 sit
3374 1372 3559 1439 copias

332 1458 470 1525 πρὸς
496 1455 593 1525 τὴν
622 1457 846 1519 οἰκείαν,
861 1457 1233 1525 ἀπαγγείλωσι
1254 1457 1382 1526 περὶ
1411 1458 1508 1525 τῆς
1530 1458 1784 1523 στρατιᾶς
1810 1456 1904 1506 καὶ
2005 1482 2010 1534 1

1882 1456 1904 1506 ὶ
2005 1467 2321 1534 peregrinas
2382 1473 2438 1519 et
2489 1481 2520 1519 e
2573 1465 2707 1519 locis
2759 1464 3173 1518 remotissimis.
3212 1464 3556 1515 contrahere.

331 1544 505 1596 δέοιτο
538 1547 726 1615 αὐτῆς,
772 1546 881 1599 τότ’
905 1547 1002 1616 ήδη
1036 1547 1161 1611 τοὺς
1197 1548 1681 1617 παραληψομένους
1715 1547 1894 1615 ἥκειν.

332 1634 562 1700 Χρωιίου
596 1635 701 1703 γὰρ
750 1635 915 1705 οὔσης
968 1638 1059 1689 καὶ
1114 1636 1404 1705 ὑπερορίου
1452 1637 1550 1705 τῆς
1594 1635 1902 1705 στρατείας,

334 1724 430 1773 καί
487 1724 679 1790 χρόνου
720 1723 927 1776 δεῖσθαι
972 1724 1162 1792 συχνοῦ
1215 1725 1349 1793 πρὸς
1391 1727 1490 1792 τὴν
1529 1721 1900 1789 παρασκευήν.

346 1813 509 1866 Ἀλλά
538 1814 709 1867 ταῦτα
742 1815 839 1883 μὲν
858 1816 1101 1870 τοιαῦτα.
1147 1814 1235 1878 Ἐξ
1259 1815 1467 1867 ἐκείνου
1495 1814 1550 1866 δὲ
1577 1814 1669 1865 τοῦ
1700 1814 1897 1882 χρόνου

2009 1552 2071 1603 Et
2127 1552 2239 1606 haec
2283 1550 2502 1619 quidem
2552 1552 2654 1605 isto
2720 1551 2880 1603 modo
2932 1560 3049 1603 acta
3109 1559 3255 1603 sunt.
3314 1550 3390 1603 Ex
3452 1566 3561 1617 quo

2005 1650 2182 1694 autem
2236 1644 2423 1709 nepos
2447 1642 2513 1695 ab
2550 1657 2649 1695 avo
2677 1639 2945 1696 dissi'dens
2969 1642 3358 1710 Adrianopolin
3389 1643 3557 1705 venit,

2010 1744 2178 1798 usque
2219 1729 2285 1782 ad
2339 1730 2489 1783 illum
2533 1729 2675 1783 diem
2713 1730 2878 1784 rebus
2922 1732 3175 1783 omnibus
3205 1732 3453 1797 agundis,
3482 1742 3563 1782 at-

2008 1832 2114 1885 que
2162 1818 2330 1871 etiam
2361 1818 2727 1886 imperatoriis
2758 1820 3089 1887 diplomatis,
3120 1835 3243 1887 quae
3262 1821 3327 1871 ad
3354 1820 3558 1887 aliquid

338 1901 400 1965 ἐξ
438 1903 560 1955 ὅτου
618 1880 873 1972 βασιλεὺς
914 1906 941 1957 δ
976 1904 1091 1967 νέος
1123 1904 1217 1957 τοῦ
1251 1904 1480 1958 πάππου
1515 1906 1610 1956 καὶ
1642 1880 1905 1971 βασιλέως
1935 1880 2016 1957 Bt

1883 1918 1905 1963 ς
1935 1880 2440 1960 Bconfirmandum
2488 1908 2883 1971 scriberentur,
2934 1924 3032 1977 per
3077 1923 3135 1961 se
3182 1924 3412 1977 magnus
3462 1909 3561 1959 do—

329 1990 593 2060 διαστάς,
656 1995 739 2058 είς
794 1994 1233 2065 Ἀδριανούπολιν
1298 1989 1405 2066 ἦκν
1456 1995 1582 2065 ἄχρι
1634 1994 1727 2046 καὶ
1785 1992 1905 2045 τότε

331 2084 445 2141 τοῖς
502 2100 561 2135 τε
611 2083 790 2147 ἄλλοις
837 2086 1010 2139 ἅπασι
1060 2088 1169 2148 τοῖς
1225 2086 1638 2156 πραττομένοις,
1693 2088 1787 2138 καὶ
1834 2085 1900 2153 δὴ

331 2176 429 2227 καὶ
479 2176 592 2237 τοῖς
644 2174 947 2244 βασιλικοῖς
985 2166 1319 2247 ’γράμμασιν
1367 2178 1403 2232 ἃ
1453 2178 1576 2229 ἐπεὶ
1609 2175 1904 2247 βεϐαιώσει

330 2265 543 2332 ἐγίνετό
593 2282 740 2329 τινος
794 2265 860 2318 δι’
896 2266 1088 2319 ἑαυτοῦ
1142 2267 1237 2319 τοῦ
1291 2266 1527 2337 μεγάλου
1582 2265 1903 2334 δομεστίκου

330 2354 776 2419 ἐπιστατοῦντος,
799 2356 910 2410 δέει
940 2355 1034 2409 τοῦ
1078 2360 1152 2427 μή
1187 2375 1239 2410 τι
1267 2358 1371 2411 τῶν
1416 2358 1491 2428 μὴ
1519 2355 1902 2427 προσηκόντων

331 2452 588 2518 γενέσθαι
621 2452 654 2521 ἢ
702 2451 792 2505 διὰ
826 2450 1121 2525 ρᾳθυμίαν,
1151 2453 1183 2521 ἢ
1215 2454 1301 2506 διὰ
1328 2453 1616 2505 κακόνοιαν
1645 2450 1754 2503 τῶν
1780 2451 1901 2501 tm-

330 2544 753 2613 τετραμμένων,
802 2534 905 2598 ’καὶ
936 2544 996 2596 οὑ
1048 2546 1241 2615 μικρόν
1282 2561 1403 2597 τινα
1456 2544 1543 2596 διὰ
1586 2542 1759 2595 ταῦτα
1808 2541 1900 2594 τὸν

331 2635 500 2685 πόνον
535 2632 935 2701 ὑφισταμένου,
968 2635 1116 2703 ὅμως
1144 2633 1448 2700 ἀναγκαίαν
1482 2632 1581 2701 τὴν
1610 2631 1895 2701 πρόνοιαν,

333 2729 427 2777 καὶ
454 2726 553 2784 τὴν
583 2726 675 2777 ἐπὶ
699 2726 833 2777 πᾶσι
886 2727 1145 2794 φροντίδα
1172 2725 1543 2794 λογιζομένου,
1578 2725 1673 2777 καὶ
1703 2724 1766 2792 φέ
1780 2741 1898 2793 ρον-

330 2833 423 2877 τος
451 2816 541 2867 τὸν
571 2816 819 2885 κάματον
869 2819 1015 2885 σιγῇ,
1048 2815 1168 2868 τότε
1202 2816 1258 2868 δὲ
1278 2815 1385 2868 τῶν
1414 2814 1693 2885 ἐμφυλίων
1736 2812 1898 2865 πολέ·

2008 1994 2267 2047 mesticus
2298 1993 2581 2062 praefuerat
2606 2009 2621 2057 ;
2656 1998 2723 2047 ne
2748 1992 2880 2063 quid
2908 2008 3002 2061 per
3029 1993 3334 2047 socordiam
3400 1993 3563 2061 208

2007 2085 2466 2154 malignitatemve
2514 2087 2746 2139 aliorum
2771 2125 2787 2150 ,
2826 2085 3027 2153 quibus
3059 2100 3121 2139 ea
3153 2086 3563 2138 committeren-

2005 2178 2116 2234 tur,
2148 2172 2455 2227 sinisterius
2477 2171 2631 2225 fleret
2657 2191 2669 2225 :
2706 2186 2805 2225 nec
2828 2172 2977 2226 leves
3016 2173 3071 2225 in
3100 2187 3167 2226 eo
3193 2172 3409 2225 labores
3441 2187 3562 2225 sus-

2004 2261 2277 2327 tinuerat,
2327 2278 2465 2331 quos
2511 2262 2899 2326 nihilominus,
2963 2262 3087 2333 quia
3123 2276 3310 2316 curam
3352 2260 3560 2314 sollici-

2003 2353 2358 2422 tudinemque
2422 2354 2477 2407 in
2532 2354 2787 2408 omnibus
2835 2353 3202 2409 necessariam
3253 2352 3559 2422 judicabat,

2001 2443 2219 2498 silentio
2266 2442 2598 2512 perferebat.
2625 2443 2779 2498 Tunc
2808 2459 2959 2509 vero,
2998 2442 3229 2512 sepultis
3257 2445 3366 2513 jam
3401 2443 3562 2497 bellis

2002 2536 2278 2599 civilibus,
2333 2535 2655 2605 insidiisque
2703 2551 2766 2590 ac
2796 2536 3204 2605 suspicionibus
3240 2534 3422 2597 nullis,
3455 2535 3559 2589 sibi

2000 2643 2220 2699 quoque
2273 2630 2663 2699 occupationes
2710 2629 3048 2697 aliquantum
3088 2629 3407 2683 minuendas
3440 2643 3561 2682 csse

2000 2716 2306 2771 constituit.
2354 2715 2627 2781 Quocirca
2680 2716 2997 2784 imperatori
3044 2716 3306 2785 praeteriti
3347 2725 3559 2783 tempo-

1999 2804 2075 2858 ris
2123 2801 2452 2860 laboriosam
2481 2806 3007 2877 administrationem
3034 2820 3186 2859 suam
3220 2808 3464 2874 exponit,
3497 2820 3560 2858 ac

334 2926 455 2975 μων
478 2908 764 2972 λυθέντων,
794 2908 889 2961 καὶ
914 2908 1283 2977 πεπαυμένων
1309 2906 1417 2959 τῶν
1466 2903 1772 2958 ἐπιϐουλῶν
1801 2903 1897 2956 καὶ
1999 2912 2012 2949 1

1879 2903 1897 2956 ὶ
1999 2904 2184 2961 monet
2205 2896 2364 2950 malis
2390 2897 2643 2951 civilibus
2664 2905 2720 2951 et
2750 2896 3069 2965 suspiciosis
3090 2896 3427 2963 temporibus
3448 2897 3557 2964 jam

332 3002 624 3067 ὑπονοιῶν,
669 3000 811 3067 ἔγνω
844 3000 954 3052 δεῖν
1008 3001 1099 3053 καὶ
1127 2999 1287 3062 αὑτὸς
1324 2998 1433 3050 τῶν
1485 2997 1665 3049 πόνων
1704 2994 1896 3048 ἑαυτὸν
1997 3001 2010 3056 1

1880 3013 1896 3047 θ
1997 2986 2289 3056 praeteritis
2345 2986 2775 3054 providendum,
2830 2987 2909 3040 uti
2960 3002 3047 3041 res
3100 2988 3558 3056 quemadmodum

332 3094 539 3144 ἀνεῖναι
570 3092 787 3161 μικρόν.
828 3092 938 3144 Καὶ
971 3090 1178 3161 βασιλεῖ
1209 3088 1543 3160 προσελθὼν,
1579 3088 1672 3140 τόν
1710 3104 1769 3141 τε
1804 3086 1895 3139 ἐπὶ
1995 3089 2010 3127 ε

1875 3086 1895 3138 ι
1995 3082 2146 3136 ante,
2184 3073 2323 3127 bene
2362 3073 2728 3142 decenterque
2763 3081 3145 3142 procurentur,
3183 3082 3237 3127 et
3266 3074 3368 3127 sibi
3394 3074 3553 3141 quie-

330 3184 431 3237 τοῦ
455 3184 719 3254 προτέρου
744 3184 933 3253 χρόνου
970 3184 1107 3256 πρὸς
1142 3185 1241 3251 τὴν
1275 3182 1545 3251 διοίκησιν
1573 3180 1683 3233 τῶν
1714 3195 1894 3250 πραγ-
1921 3204 1967 3269 c
1998 3174 2008 3218 ¹

1877 3208 1894 3219 .
1921 3204 1967 3269 c
1998 3173 2107 3219 tem
2155 3179 2219 3218 ac
2265 3164 2642 3219 remissionem
2675 3166 2913 3234 aliquam
2948 3165 3376 3220 concedendam.
3409 3163 3555 3218 Con-

334 3275 523 3343 μάτων
552 3275 788 3343 διηγεῖτο
829 3275 1009 3337 πόνον,
1037 3275 1129 3325 καὶ
1155 3274 1227 3335 ὡς
1255 3273 1365 3325 τῶν
1398 3272 1674 3342 ἐμφυλίων
1706 3274 1895 3325 κακῶν
1926 3256 1967 3269 “
1997 3272 2012 3311 ⁴

1868 3289 1895 3325 ν
1926 3256 1967 3269 “’
1997 3272 2279 3312 cessurum
2322 3265 2503 3311 autem
2532 3298 2547 3321 ,
2598 3258 2643 3311 si
2693 3256 3163 3326 imperatoriarum
3214 3257 3546 3322 litterarum,

331 3368 435 3439 ήδη
462 3366 851 3435 πεπαυμένων,
880 3367 971 3419 καὶ
997 3362 1231 3434 ὑποψίας
1262 3364 1427 3437 οὔσης
1458 3365 1738 3436 οὐδεμιᾶς,
1776 3367 1895 3420 δέον
1996 3360 2009 3397 ⁴

1873 3384 1895 3420 ν
1996 3352 2051 3398 et
2098 3344 2234 3406 θεοῦ,
2281 3352 2333 3396 et
2385 3345 2726 3397 exactionum
2780 3343 3155 3412 praefecturam
3215 3346 3267 3397 in
3323 3345 3551 3398 alterum

332 3457 591 3523 πρόνοιάν
612 3474 730 3509 τινα
756 3456 1082 3525 ποιήσασθαι
1110 3456 1249 3508 ὥστε
1283 3458 1353 3509 τά
1379 3474 1436 3507 τε
1465 3460 1763 3525 πράγματα
1787 3458 1894 3511 ῶσ-
1998 3444 2010 3487 ¹

1880 3489 1894 3499 _
1998 3433 2305 3495 transferat,
2366 3448 2527 3502 quem
2562 3450 2662 3487 suo
2693 3434 2962 3489 arbitratu
2995 3436 3277 3506 delegerit.
3309 3437 3558 3503 Respon-

332 3566 442 3618 περ
460 3547 720 3617 πρότερον
746 3547 921 3609 καλῶς
944 3548 1037 3599 καὶ
1058 3547 1132 3609 ὠς
1153 3546 1272 3599 δέον
1298 3547 1641 3608 διοικεῖσθαι,
1672 3548 1765 3599 καὶ
1795 3549 1896 3601 αὑ-
1996 3537 2010 3573 ί

1879 3578 1896 3589 _
1996 3520 2076 3573 dit
2101 3520 2425 3588 imperator,
2457 3535 2560 3575 nec
2591 3536 2648 3575 se
2680 3522 2929 3591 ignorare
2958 3533 3191 3591 quantos
3225 3524 3314 3577 ilfe
3341 3524 3557 3579 labores

330 3643 426 3695 τὸν
483 3640 799 3709 ἀναπαύλης
833 3640 975 3702 τινὸς
1011 3639 1325 3708 τυγχάνειν.
1386 3638 1555 3691 Τοῦτο
1606 3638 1662 3690 δὲ
1704 3639 1897 3705 γένοιτ’
1999 3620 2008 3671 ¹

1884 3639 1897 3658 ν
1999 3620 2264 3673 hactenus
2313 3618 2592 3685 subiisset,
2632 3636 2757 3675 cum
2792 3637 2935 3676 unus
2977 3623 3236 3677 omnibus
3269 3633 3559 3691 praeesset;

330 3732 423 3796 ἂν,
453 3735 501 3785 εί
531 3733 630 3801 τήν
649 3749 709 3784 τε
727 3732 834 3785 τῶν
862 3731 1161 3800 βασιλικῶν
1185 3730 1530 3801 γραμμάτων
1552 3731 1895 3793 ἐπιστασίαν,
1999 3734 2008 3771 ε

1882 3770 1895 3793 ,
1999 3718 2095 3772 sed
2129 3718 2301 3787 probe
2331 3734 2514 3783 nosse,
2539 3728 2595 3773 et
2631 3735 2974 3791 summopere
3006 3721 3353 3789 admiratum,
3384 3725 3558 3779 solum

333 3825 429 3877 καὶ
458 3825 556 3889 τὴν
591 3825 682 3875 ἐπὶ
704 3823 797 3875 τοῦ
822 3822 930 3875 τῶν
961 3822 1257 3891 βασιλικῶν
1285 3822 1584 3891 χρημάτων
1608 3822 1881 3889 ταμιείου,
2002 3830 2011 3873 1

2002 3829 2163 3874 tanta:
2206 3819 2547 3888 negotiorum
2584 3818 2711 3875 moli
2744 3823 3077 3877 sustinendae
3106 3805 3290 3892 parem
3322 3840 3443 3879 esse
3475 3842 3564 3895 po-

333 3915 417 3967 ῐτι
451 3914 509 3967 δὲ
540 3914 633 3965 καὶ
663 3914 763 3982 τὴν
790 3913 881 3965 ἐπὶ
926 3912 1033 3963 τῶν
1094 3912 1529 3981 εἰσπραττόντων
1572 3912 1694 3972 τοὺς
1733 3912 1900 3979 δημο-
2004 3923 2011 3963 1

1884 3942 1900 3951 -
2004 3911 2192 3965 tuisse.
2228 3910 2500 3965 Praeterea
2536 3911 2778 3967 doluisse
2817 3913 3094 3967 fortunam
3118 3915 3256 3983 ejus,
3286 3930 3409 3979 cum
3438 3918 3562 3984 qui-

336 4006 486 4066 σίους
522 4008 722 4073 φόρους
752 4002 999 4056 ἀναθεῖεν
1035 4004 1209 4071 ἑτέρῳ
1242 4004 1368 4067 τινὶ,
1403 4002 1463 4055 ὃν
1493 4003 1560 4055 ἂν
1610 4003 1900 4087 ἐκλέξηται
2004 3998 2014 4051 I

1885 4020 1900 4052 ι
2004 3998 2116 4053 bus.
2167 4006 2508 4082 premeretur
2558 3999 2839 4063 oneribus,
2889 4014 3075 4053 secum
3116 3998 3409 4071 'cogitaret.
3457 4004 3562 4057 Sed

333 4100 516 4156 αὑτός.
569 4096 831 4159 Βασιλεὺς
878 4096 933 4148 δὲ
1010 4095 1128 4147 οὐδὲ
1186 4095 1346 4156 αὐτὸς
1397 4094 1634 4163 ἔφασκεν
1674 4075 1893 4161 ἀγνοεῖν
2003 4107 2011 4138 ε

1888 4110 1893 4137 ν
2003 4103 2127 4141 cum
2175 4088 2292 4156 ipse
2325 4075 2544 4157 quoque
2581 4089 2973 4152 consideraret,
3004 4091 3149 4159 quod
3176 4091 3404 4162 dixerat,
3432 4109 3566 4161 quo-

332 4190 460 4241 ὅσον
480 4186 674 4240 ὲπὶτοῦ
694 4185 960 4256 προτέρου
989 4185 1181 4255 χρόνου
1198 4185 1462 4252 ὑφίστατο
1481 4184 1569 4236 τὸν
1591 4185 1775 4248 πόνον,
1799 4185 1905 4235 πᾶ.-
2008 4197 2010 4231 |

1887 4210 1905 4223 -
2008 4179 2168 4233 modo
2213 4188 2435 4249 propter
2481 4179 2617 4233 bella
2647 4179 2828 4234 civilia
2861 4189 2917 4235 et
2972 4181 3196 4235 insidias
3221 4198 3347 4236 eum
3375 4183 3565 4239 adesse

334 4298 425 4332 σιν
446 4279 605 4340 αὐτὸς
633 4277 971 4345 ἐφεστηκὼς·
1003 4277 1138 4330 ἀλλά
1170 4276 1367 4328 εἰδέναι
1394 4292 1452 4327 τε
1468 4274 1671 4336 καλῶς,
1694 4276 1787 4326 καὶ
1804 4276 1905 4343 οὑχ
2006 4292 2012 4321 ι

1886 4293 1905 4343 ί
2006 4271 2283 4335 omnibus,
2328 4278 2385 4324 ct
2426 4279 2521 4341 pe‘r
2554 4287 2681 4327 eum
2716 4272 2829 4325 ﬁeri
2863 4262 3046 4325 omnia
3069 4281 3366 4340 Oporteret,
3402 4275 3564 4327 etiam

331 4371 532 4439 ἥκιστα
558 4368 743 4435 θαυμά
756 4369 884 4432 ζειν,
910 4370 958 4420 εί
986 4368 1123 4436 πρὸς
1166 4366 1435 4435 τοσαύτην
1471 4366 1740 4433 διοίκησιν
1766 4382 1910 4433 πρα-
2006 4381 2009 4417 ;

1890 4392 1910 4406 -
2006 4364 2280 4417 nolentem
2336 4372 2553 4432 tempus
2598 4362 2914 4417 extrasisse.
2948 4363 3105 4417 Nunc
3132 4365 3388 4431 quoniam
3427 4366 3568 4420 Dens

334 4460 565 4527 γμάτων
600 4454 679 4520 εἷς
736 4458 812 4511 ῶν
865 4460 1025 4519 αὑτὸς
1072 4458 1325 4526 ὲξαρκεῖ’
1364 4457 1445 4507 ἐτι
1496 4456 1555 4509 δὲ
1588 4458 1683 4507 καί
1718 4456 1905 4522 ἀλγεῖν
2011 4474 2012 4478 ‘

1890 4472 1905 4507 ι
2011 4456 2399 4523 rempublicam
2452 4456 2762 4509 ordinasset
2802 4466 2965 4525 atque
3013 4458 3408 4520 constituisset,
3455 4460 3568 4525 ipse

334 4550 481 4616 ὑπὲρ
516 4546 685 4599 αὑτοῦ
722 4549 812 4600 τὸν
838 4547 1083 4614 κάματον
1114 4545 1172 4597 ὃν
1215 4545 1485 4613 ὑπέμενεν
1510 4544 1908 4613 ὲννϐὦν.“οπερ
1942 4545 1986 4601 D

1889 4562 1908 4612 ρ
1942 4545 1986 4601 D
2012 4545 2191 4613 potius
2210 4545 2276 4596 ad
2300 4558 2364 4597 ea
2385 4560 2506 4611 qua:
2527 4545 2860 4599 nominasset
2880 4562 3104 4599 munera
3129 4548 3380 4600 obeunda
3405 4563 3567 4615 quem

332 4637 391 4689 δὲ
414 4636 574 4699 αὑτὸς
603 4633 738 4705 ἔφης
757 4636 1106 4704 λογιζόμενος
1141 4636 1235 4687 καί
1262 4635 1447 4696 αὐτὸς,
1479 4634 1553 4697 ὡς
1587 4633 1694 4686 τῶν
1719 4636 1900 4703 ὲμφυ-
2008 4651 2010 4657 ‘

1893 4662 1900 4674 -
2008 4633 2169 4687 vellet
2216 4633 2508 4702 deligeret,
2566 4634 2653 4687 cui
2710 4643 2887 4687 tamen
2917 4650 3023 4687 non
3060 4635 3388 4689 omnimodis
3415 4637 3571 4690 abso-

333 4727 466 4779 λίων
501 4727 669 4779 ἕνεκα
704 4728 959 4795 πολέμων
988 4726 1216 4779 καὶτῶν
1266 4725 1570 4777 ἐπιϐουλῶν
1600 4724 1901 4791 ἀναγκαῖον
2002 4720 2011 4773 l

1891 4741 1901 4775 ι
2002 4720 2227 4789 luteque
2260 4736 2347 4775 res
2385 4721 2785 4775 committendae
2806 4722 2917 4775 sint
2942 4738 2956 4781 ;
2981 4724 3072 4774 sed
3097 4738 3221 4775 eum
3249 4738 3443 4777 rursus
3472 4741 3569 4778 nc-

333 4814 422 4883 ὲφ⁹
454 4814 628 4868 ἅπασί
680 4832 740 4865 σε
781 4815 1064 4883 παρεῖναι,
1094 4815 1189 4866 καὶ
1223 4814 1402 4867 πάντα
1434 4812 1785 4883 πράττεσθαι
1817 4813 1905 4866 διὰ
2005 4832 2011 4859 ‹

1889 4831 1905 4866 ι
2005 4812 2260 4865 cessariis
2309 4828 2539 4880 praeesse
2564 4833 2603 4876 ,ο
2630 4822 2683 4865 et
2712 4814 2893 4866 omnia
2925 4830 2990 4867 ex
3016 4815 3132 4882 ejus
3160 4816 3367 4885 judicio
3395 4818 3567 4870 admi-

336 4906 577 4969 σοῦνκαὶ
599 4905 747 4959 άκων
770 4905 1004 4975 παρῄειν
1059 4908 1187 4973 σιγῇ
1219 4905 1309 4957 τὸν
1352 4906 1564 4974 χρῧνον.
1600 4904 1739 4957 Νυνὶ
1786 4903 1841 4955 δὲ

238 5058 245 5063 ,
335 4996 588 5050 ἐϐούλετο
619 4994 712 5047 τοῦ
735 4994 874 5047 Θεοῦ
902 4995 971 5047 τά
1003 4995 1306 5064 πράγματα
1337 4997 1803 5064 καταστήσαντος,
1838 4995 1902 5049 ὃν

336 5090 407 5140 ἂν
440 5088 600 5148 αὐτὸς
625 5086 817 5155 ἐθέλῃς
847 5086 1049 5155 μᾶλλον
1080 5086 1215 5155 πρὸς
1241 5087 1341 5154 τὴν
1367 5088 1631 5155 διοίκησιν
1659 5082 1733 5140 ὧν
1769 5088 1904 5155 ἔφης

336 5178 684 5250 πραγμάτων
716 5160 838 5228 ἑλοῦ
866 5192 880 5207 ο
927 5176 987 5229 οὑ
1023 5177 1122 5246 μὲν
1151 5178 1345 5247 ικείνῳ
1386 5180 1731 5231 παντάπασιν
1786 5181 1909 5230 ὲπι-

341 5268 546 5338 τρέψαι
582 5268 648 5319 τὰ
682 5268 991 5335 πράγματα
1019 5268 1122 5335 χρή
1154 5284 1166 5296 ·
1201 5268 1342 5321 ἀλλὰ
1375 5270 1467 5320 καὶ
1523 5267 1678 5327 αὖθις
1738 5269 1903 5321 αὑτὸν

340 5360 675 5427 ἐφίστασθαι
706 5362 820 5421 τοῖς
859 5360 1207 5425 ἀναγκαίοις,
1246 5346 1351 5411 καί
1369 5361 1548 5415 πάντα
1576 5359 1912 5429 πράττεσθαί

346 5471 431 5507 σοι
489 5454 629 5504 κατὰ
667 5452 892 5520 γνώμην
915 5466 928 5481 ·
960 5451 1105 5504 οῦτω
1162 5452 1271 5522 γάρ
1310 5453 1373 5504 ἂν
1404 5454 1472 5505 τά
1500 5470 1558 5504 τε
1605 5454 1911 5523 πράγματα

2008 4902 2230 4957 nistrari
2262 4901 2485 4977 debere.
2515 4904 2605 4957 Sic
2628 4905 2773 4956 enim
2803 4904 3014 4971 negotia
3038 4906 3294 4973 prmclam
3317 4918 3567 4961 curatum

2011 4994 2099 5055 iri,
2143 5004 2199 5047 et
2238 4995 2412 5063 ipsum
2443 5003 2527 5046 sat
2554 4994 2753 5061 quietis
2786 5004 3228 5050 consecuturum.
3260 4998 3570 5053 Assentitur

2013 5100 2239 5150 magnus
2282 5085 2638 5147 domesticus,
2668 5093 2725 5138 et
2745 5086 3135 5153 Apocauchum
3154 5088 3299 5141 sacri
3328 5090 3569 5145 cubiculi

2009 5174 2321 5243 praefectum
2374 5174 2458 5229 his
2488 5174 2863 5230 [unctionibus
2927 5176 3151 5246 deligit,
3188 5190 3242 5231 et
3268 5180 3567 5249 imperator

2008 5270 2323 5321 aSsentitur.
2347 5265 2709 5334 Apocauchus
2740 5276 2956 5322 creatus
2981 5272 3569 5326 rerumcommuninm

2009 5358 2416 5411 administrator
2454 5355 2618 5427 (50),
2669 5372 3008 5426 quacunque
3054 5367 3208 5413 erant
3259 5364 3568 5415 necessaria

2011 5465 2108 5503 seu
2146 5449 2367 5518 majoris
2407 5449 2711 5513 momenti,
2740 5458 2795 5503 et
2819 5450 3059 5520 iudicem
3098 5468 3352 5523 magnum
3380 5454 3569 5507 dome-

1578 5569 1790 5629 Jacobi
1825 5566 2088 5629 Ponlaui
2114 5574 2297 5626 notae.

420 5669 534 5740 (50)
566 5669 690 5740 Τῶν
720 5666 915 5740 κοινῶν
943 5669 1284 5737 πραγμάτων
1313 5670 1607 5740 διοικητὴς,
1640 5680 1724 5724 est
1761 5670 1902 5740 apud

349 5735 457 5793 nos
478 5737 871 5807 Cancellarius,
900 5735 1107 5807 itaque
1136 5735 1515 5806 explicationis
1543 5735 1726 5792 'rausa
1766 5735 1905 5807 pene

358 5807 467 5863 hoc
505 5806 732 5864 verbum
763 5805 957 5875 adjeci.
989 5806 1090 5873 Qui
1137 5805 1341 5862 fuerint
1386 5805 1782 5882 pmqeéovtsg,
1812 5826 1907 5879 {LE-

2012 5668 2265 5733 σάξοντες
2296 5669 2408 5739 τοῖς
2442 5667 2747 5739 πράγμασι,
2782 5668 2890 5723 τῶν
2922 5671 3259 5739 πραγμάτων
3291 5668 3383 5720 τοῦ
3410 5667 3570 5739 βασι-

2012 5739 2171 5800 λέως,
2220 5745 2278 5790 ut
2328 5737 2412 5792 his
2458 5736 2584 5791 libri
2620 5753 2861 5808 persaepe
2896 5736 3265 5804 nominantur,
3295 5736 3449 5794 infra.
3478 5737 3570 5797 di:-

2014 5818 2187 5861 CCIUI'.
3364 5848 3367 5851 λ
