4250 6444
743 383 851 444 443

1921 379 2242 442 JOANNIS
2280 382 2804 444 CANTACUZENI

3871 369 3978 446 ω
4083 335 4088 338 ,

742 491 1051 560 conspexit,
1125 491 1459 560 paulumque
1513 493 1652 546 ultra
1704 508 2048 560 progressus,
2097 502 2151 546 et
2205 495 2420 561 ipseAi

2300 502 2389 554 ΒΑ
2419 498 2557 560 όδοις
2608 491 2962 568 ἐγκαθίδρυσε
3017 509 3114 568 την
3157 500 3433 567 στρατιάν.
3491 498 3753 560 Βασιλεὺς
3787 497 3844 550 δέ
3867 497 3978 550 ἀπὸ

746 583 801 634 in
850 583 990 640 loco.
1045 583 1132 634 cui
1191 583 1456 635 Pelecano
1510 597 1706 634 nomen
1757 592 1858 646 cst,
1912 591 2090 635 castra
2150 583 2313 645 fecit,

746 673 1061 739 coactisque
1099 672 1455 739 primoribus.
1503 672 1632 739 quid
1663 671 1806 724 facto
1834 687 1973 739 opus
2002 671 2314 738 esquisivit.

744 757 1030 815 Sententia
1083 761 1183 814 fuit
1224 777 1330 815 neu
1380 778 1498 815 esse
1548 762 1777 814 ulterius
1817 762 2315 829 progrediendum,

748 861 862 904 tum
893 852 1037 918 quod
1068 852 1241 904 Persa:
1282 852 1544 905 nomades
1570 852 1621 904 in
1650 866 1786 919 quos
1822 852 2137 914 tendebant,
2166 851 2315 904 velut

748 940 802 990 in
856 940 1121 991 servitute
1167 940 1486 1006 abrepturi,
1541 940 1592 992 id
1644 941 1944 994 sentientes
2005 940 2309 1010 fugerent:

748 1030 904 1096 211
957 1039 1067 1081 tum
1099 1030 1224 1096 quia
1268 1031 1422 1092 locis,
1477 1047 1573 1099 per
1614 1047 1734 1098 qua:
1777 1041 1962 1086 essent
2003 1032 2311 1095 transituri,

749 1121 909 1171 inviis
953 1129 1008 1170 et
1048 1125 1310 1187 angustis,
1345 1116 1692 1190 pedestrique
1740 1131 1796 1175 et
1839 1122 2080 1190 equestri
2151 1137 2311 1175 exer-

746 1210 855 1263 citu
889 1221 1077 1263 contra
1110 1227 1429 1274 occursuro,
1480 1227 1586 1264 non
1624 1212 1914 1265 videbatur
1938 1213 2311 1266 necessarium

746 1301 899 1353 ιιιιΙΙο
929 1316 1054 1354 cum
1088 1301 1269 1354 fructu
1308 1302 1460 1354 adire
1489 1303 1820 1370 periculum.
1852 1303 1930 1356 Ne
1957 1313 2144 1356 tamen
2165 1312 2310 1356 metu

747 1387 1112 1442 Barbarornm
1141 1392 1346 1458 regredi
1377 1400 1728 1458 putarentur,
1753 1393 2023 1459 postridie
2055 1393 2310 1446 matutini

745 1482 800 1531 in
839 1481 1080 1547 planitie.
1112 1482 1260 1534 velut
1290 1483 1352 1536 ad
1379 1499 1614 1552 pugnam
1645 1483 1917 1551 dispertiti
1943 1483 2066 1546 viri,
2095 1484 2310 1551 disper-

745 1570 830 1623 titi
862 1571 1105 1635 ordines,
1138 1587 1167 1625 e
1214 1574 1440 1641 regione
1469 1575 1858 1627 consisterent.
1910 1575 1976 1630 Et
2013 1574 2056 1627 si
2087 1574 2308 1642 quidem

743 1661 934 1715 hostes
969 1676 1000 1715 e
1036 1663 1172 1715 locis
1217 1663 1403 1715 arduis
1449 1664 1698 1729 digressi,
1750 1679 1909 1732 aequo
1961 1678 2154 1732 campo
2183 1679 2306 1717 cum

744 1751 878 1819 ipsis
927 1752 1130 1804 vellent
1181 1767 1539 1815 concurrere.
1595 1755 1873 1807 virtutem.
1909 1769 2063 1807 suam
2117 1764 2307 1807 contra

747 1850 1129 1906 ostentarent;
1159 1845 1240 1896 sin
1271 1852 1474 1903 autem.
1509 1844 1825 1914 Byzantium
1853 1844 1993 1897 viam
2016 1843 2309 1898 ordinatim

745 1940 1118 1998 capesserent,
1156 1948 1214 1986 re
1246 1933 1525 1996 docentes,
1573 1950 1680 1988 non
1717 1934 1845 2004 quia
1890 1935 2172 1996 timerent,
2214 1935 2311 1989 sed

745 2023 874 2091 quia
905 2024 1230 2091 quibuscum
1270 2035 1575 2094 pugnarent
1609 2041 1719 2080 non
1765 2025 2052 2089 baberent,
2090 2026 2312 2080 domum

748 2128 1022 2167 reversos.
1060 2114 1172 2168 lloc
1199 2114 1276 2167 illi
1305 2115 1690 2180 decreverunt,
1720 2126 1778 2171 et
1805 2116 1948 2185 apud
1984 2115 2310 2172 Pelecanum

749 2214 1166 2285 pernoctarunt.
1210 2206 1567 2275 Posteaquam
1606 2207 1778 2276 pulsis
1832 2207 2074 2263 tenebris
2117 2207 2311 2262 diurna

747 2294 839 2349 lux
875 2297 1102 2360 affulsit,
1141 2297 1396 2353 laudibus
1436 2299 1547 2353 Deo
1575 2299 1642 2353 de
1673 2313 1825 2353 more
1855 2298 2038 2364 dictis,
2073 2299 2311 2368 impera-

748 2393 835 2438 tor
865 2387 1129 2440 militibus
1164 2388 1294 2441 tuba
1322 2389 1537 2458 signum
1584 2389 1650 2443 ad
1699 2405 1849 2444 arma
1898 2389 2161 2460 capienda
2193 2390 2311 2445 dari

744 2477 928 2544 jussit.
977 2479 1182 2532 Armati
1237 2479 1424 2548 igitur,
1460 2481 1616 2550 juxta
1664 2481 1981 2535 hesternum
2032 2481 2311 2537 decretum

744 2575 938 2620 contra
984 2567 1255 2621 Barbaros
1312 2568 1369 2621 in
1433 2569 1580 2624 acies
1621 2570 1895 2639 dispositi,
1944 2581 2199 2636 tanquam
2244 2573 2312 2627 ad

749 2658 992 2727 praelium
1011 2657 1412 2712 conserendum
1444 2659 1772 2728 procedunt.
1800 2661 1878 2715 Eo
1898 2661 2016 2716 viso
2037 2661 2314 2719 Orcbanes

749 2762 881 2802 suos
917 2749 1044 2800 item
1072 2748 1318 2810 instruit,
1350 2758 1670 2817 partemque
1699 2751 1751 2802 in
1780 2751 1999 2804 insidiis
2028 2753 2267 2807 occultat
2297 2770 2311 2806 :

750 2849 811 2892 nt
844 2840 886 2892 si
943 2839 1171 2893 Remani
1202 2839 1274 2905 {in
1332 2840 1434 2895 bos
1479 2841 1838 2909 praevalentcs
1891 2843 2188 2909 irruerent,
2238 2845 2315 2899 illi

750 2929 1047 2998 derepente
1073 2931 1443 3000 prosilientes,
1475 2948 1571 2987 eos
1595 2933 2109 3000 perterrefacerent,
2151 2945 2315 3005 atque

750 3020 806 3071 in
860 3020 1038 3091 fugam
1078 3022 1493 3089 compellerent.
1539 3023 1787 3092 Reliquis
1839 3024 2026 3093 itaque
2073 3026 2174 3081 sibi
2213 3027 2314 3081 ad-

2423 588 2753 656 Σκουταρίου
2800 588 2946 639 δυεῖν
2996 589 3219 658 ἡμερῶν
3265 589 3380 640 όδδν
3423 581 3648 649 ἀνύσας,
3696 589 3763 657 τῇ
3816 587 3977 657 τρίτῃ

2419 677 2532 744 ἅμα
2561 678 2636 744 ἓῳ
2667 679 2792 730 ἐπεὶ
2831 679 2995 731 πάλιν
3039 681 3138 746 τῆς
3168 677 3340 746 αὐτῆς
3378 679 3584 746 εἴχοντο
3615 676 3760 740 ὁδοῦ,
3811 677 3903 729 καὶ
3942 677 3977 744 ή

2419 766 2664 834 Περσικὴ
2703 766 2930 834 στρατιά
2958 766 3131 834 ἐφάνη
3161 763 3380 818 ἄπωθεν
3413 765 3472 814 ἐν
3503 763 3723 832 χωρίοις
3754 760 3978 828 ὑψηλοῖς
4047 768 4050 770 ’

2420 857 2881 924 ὲγκαθιδρυμένη.
2924 855 3132 922 Ὀλίγον
3179 855 3236 907 δὲ
3287 838 3565 925 προελθών
3607 853 3636 904 δ
3682 851 3977 920 βασιλεὺς,

2417 946 2874 1014 ἐστρατοπέδευσε
2903 946 2996 998 καὶ
3017 945 3177 1008 αὐτὸς
3208 947 3266 1002 ἐν
3294 945 3477 1015 χωρίῳ
3503 943 3793 1006 Πελεκάνῳ
3810 957 3981 1008 προσ⁹

2415 1039 2821 1104 αγορευομένῳ’
2852 1036 2946 1087 καὶ
2987 1038 3115 1098 τοὺς
3160 1037 3219 1088 ἐν
3252 1036 3394 1087 τέλει
3443 1032 3788 1100 συναγαγὼν,
3818 1031 3980 1083 ἐϐου-

2419 1127 2637 1178 λεύοντο
2695 1129 2723 1179 ὅ
2759 1143 2810 1178 τι
2848 1127 2955 1178 δέοι
2995 1129 3189 1182 ποιεῖν.
3230 1126 3432 1178 Ἐδόκει
3461 1125 3524 1194 δὴ
3558 1123 3868 1192 περαιτέρω
3902 1121 3977 1188 μὴ

2414 1217 2753 1285 προϐαίνειν,
2789 1217 2907 1284 ἆμα
2944 1218 3044 1286 μὲν
3087 1219 3180 1270 καὶ
3210 1216 3299 1269 διὰ
3332 1217 3392 1269 τὸ
3423 1217 3550 1278 τοὺς
3575 1213 3808 1282 νομάδας
3838 1212 3981 1278 Πέρ-

2415 1319 2510 1364 σας
2541 1298 2620 1365 οἷς
2649 1303 2882 1373 ἐπῄεσαν
2911 1303 2985 1364 ὡς
3015 1302 3611 1372 ἐξανδραποδισάμενοι,
3645 1300 3740 1369 τὴν
3786 1299 3978 1366 ἔφοδον

2412 1392 2767 1460 αἰσθομένους
2807 1394 3108 1462 διαδράναι·
3149 1393 3264 1462 ἅμα
3314 1393 3360 1445 δ’
3389 1395 3471 1444 ὅτι
3514 1391 3622 1444 τῶν
3656 1407 3717 1442 τε
3750 1389 3974 1458 χωρίων

2410 1483 2689 1537 δυσϐάτων
2728 1485 2821 1536 καὶ
2850 1485 3050 1538 στενῶν
3079 1483 3250 1538 ὄντων
3289 1485 3360 1536 δι’
3388 1477 3462 1536 ὧν
3495 1481 3718 1551 ἔμελλον
3757 1479 3973 1536 διῖέναι,

2411 1575 2506 1627 καὶ
2540 1577 2798 1645 στρατιᾶς
2833 1573 3527 1643 ἀντιστρατοπεδευομένης
3575 1571 3745 1637 πεζῆς
3783 1586 3842 1621 τε
3879 1571 3976 1620 καὶ

2414 1667 2667 1736 ἱππικῆς,
2715 1667 2817 1719 οὒκ
2857 1667 3156 1733 ἀναγκαῖον
3191 1662 3613 1718 διακινδυνεύειν
3653 1663 3744 1712 ἐπὶ
3789 1659 3974 1725 κέρδει

2409 1757 2606 1811 οὐδενί.
2646 1757 2761 1810 Ἵνα
2789 1756 2846 1809 δέ
2882 1757 2956 1823 μὴ
3009 1756 3215 1808 δοκοῖεν
3264 1754 3342 1824 τῷ
3380 1755 3489 1806 δέει
3539 1753 3646 1805 τῶν
3681 1749 3975 1820 βαρϐάρων

2412 1849 2796 1918 ἀναστρέφειν,
2831 1849 2910 1910 είς
2937 1849 3038 1915 τὴν
3077 1847 3374 1916 ὑστεραίαν
3407 1845 3522 1913 ἅμα
3549 1843 3625 1912 ἒῳ
3667 1840 3973 1909 ὁπλισαμέ-

2413 1953 2537 2000 νους
2568 1938 2660 1989 ἐπὶ
2688 1937 2784 1990 τοῦ
2809 1937 2999 1990 ’πεδίου
3026 1935 3309 1988 κατέναντι
3335 1933 3444 1985 τῶν
3477 1930 3767 2001 βαρϐάρων
3793 1944 3973 1996 παρα-

2412 2027 2677 2093 τάξασθαι
2703 2028 2779 2089 ὡς
2819 2027 2900 2089 είς
2943 2027 3144 2096 μάχην.
3175 2025 3295 2078 Κᾶν
3322 2023 3421 2092 μὲν
3457 2023 3613 2074 αὐτοὶ
3643 2020 3740 2089 τῆς
3771 2020 3976 2087 δυσχω·

2415 2115 2536 2184 ρίας
2561 2115 2917 2178 ἀποστάντες,
2957 2115 3052 2166 ἐπὶ
3095 2111 3188 2166 τοῦ
3232 2111 3436 2180 ὁμαλοῦ
3479 2110 3749 2178 θελήσωσι
3777 2108 3978 2174 διαγω-

2414 2205 2664 2258 νίσασθαι
2697 2207 2904 2269 αὐτοῖς,
2940 2206 3034 2257 καὶ
3056 2204 3211 2256 αὐτοὶ
3249 2201 3612 2267 ἐπιδείξεσθαι
3641 2201 3739 2269 τὴν
3769 2198 3977 2250 οἰκείαν

2414 2298 2636 2366 ἀρετήν’
2667 2297 2763 2350 ἐὰν
2789 2297 2844 2349 δὲ
2879 2296 2954 2366 μὴ
2983 2296 3138 2348 αὐτοὶ
3159 2295 3254 2364 τῆς
3282 2292 3584 2362 δυσχωρίας
3614 2289 3975 2358 ἀφιστῶνται,

2413 2387 2512 2456 τῆς
2550 2389 2628 2449 είς
2670 2387 2960 2451 Βυζάντιον
3010 2385 3230 2454 ἔχεσθαι
3277 2382 3548 2452 φερούσης
3602 2378 3974 2449 τεταγμένως·

2368 2515 2377 2525 .
2415 2478 2562 2548 ἔργῳ
2593 2478 2870 2542 δείξαντας
2899 2476 2974 2539 ὡς
2997 2476 3058 2528 ού
3088 2475 3176 2528 διὰ
3199 2473 3428 2536 δειλίαν,
3461 2471 3600 2525 ἀλλὰ
3630 2471 3692 2523 τὸ
3730 2470 3804 2539 μὴ
3832 2466 3977 2537 ἔχειν

2416 2564 2614 2623 οἷστισι
2675 2569 3066 2638 συμϐαλοῦσιν,
3133 2565 3427 2631 ἀνέζευξαν
3496 2563 3576 2625 είς
3629 2561 3725 2631 τὴν
3776 2560 3975 2612 οίκίαν.

2418 2662 2576 2714 Οὕτω
2626 2663 2725 2730 μὲν
2773 2661 2836 2730 δὴ
2883 2661 3160 2713 ἐδέδοκτο⁶
3205 2657 3299 2710 καὶ
3343 2655 3633 2726 ηὐλίσαντο
3660 2651 3757 2722 τὴν
3810 2650 3978 2703 νύκτα

2419 2752 2637 2822 ἐκείνην
2661 2752 2801 2806 κατά
2827 2751 2915 2803 τὸν
2942 2749 3270 2803 Πελεκάνον.
3306 2746 3459 2816 Ἅμα
3486 2746 3542 2799 δέ
3582 2745 3656 2815 ἕῳ
3689 2742 3828 2811 μετὰ
3854 2742 3980 2801 τοὺς

2419 2844 2674 2906 είωθότας
2706 2842 2910 2910 ὕμνους
2937 2840 3073 2912 πρὸς
3097 2841 3256 2905 Θεὸν,
3281 2843 3346 2908 τῇ
3377 2838 3638 2904 σάλπιγγι
3663 2834 3915 2887 ἐκέλευεν
3953 2835 3980 2884 ό

2423 2937 2677 3008 βασιλεὺς
2713 2939 2780 3007 τῇ
2805 2937 3032 3006 στρατιᾷ
3061 2935 3161 3004 τὴν
3187 2933 3473 3002 ἐφόπλισιν
3492 2929 3796 3000 σημαίνειν.
3829 2927 3982 2978 Ἐπεὶ

2420 3028 2476 3081 δέ
2510 3027 2841 3090 ὡπλίσαντο,
2874 3026 3162 3078 κατέναντι
3194 3025 3304 3077 τῶν
3345 3023 3638 3092 βαρϐάρων
3666 3015 3849 3089 ἦλθον,
3879 3035 3985 3069 παο

748 3109 976 3178 jnnctis,
1042 3110 1096 3163 in
1169 3111 1388 3165 sublimi
1464 3114 1664 3168 stabat.
1720 3115 1960 3170 Secretis
2008 3131 2172 3186 porro
2206 3126 2426 3189 tre-cl

2300 3149 2315 3160 -
2343 3130 2386 3189 α
2422 3117 2814 3188 ρατεταγμένοι
2833 3116 2906 3178 ὡς
2927 3117 2985 3179 ἐς
3013 3110 3270 3186 μάχην,
3295 3115 3537 3167 ἐδέδοκτο
3559 3114 3623 3181 τῇ
3654 3109 3978 3179 προτεραίᾳ.

751 3205 923 3257 centis
949 3203 1230 3272 equitibus
1257 3205 1554 3274 sagittariis
1591 3205 2034 3275 pugnacissimis,
2079 3208 2134 3260 in
2162 3209 2321 3277 equis

750 3295 1132 3358 velocissimis.
1170 3295 1459 3364 imperavit
1501 3297 1584 3351 eis
1611 3336 1625 3361 ,
1668 3313 1734 3352 ne
1799 3299 2049 3353 cominus
2103 3309 2157 3352 et
2208 3311 2320 3355 sta-

754 3388 891 3441 taria
939 3402 1140 3457 pugna,
1169 3388 1265 3442 sed
1300 3404 1367 3443 ex
1396 3389 1622 3443 incursu
1670 3390 1992 3445 invadentes
2028 3380 2161 3460 (35),
2197 3407 2319 3446 cum

754 3477 1014 3530 Romanis
1059 3477 1455 3547 depugnarent,
1487 3494 1813 3548 rursumque
1839 3481 2110 3550 fugerent,
2135 3493 2187 3536 et
2218 3484 2322 3537 tela

755 3566 808 3618 in
857 3574 1070 3636 tergum
1109 3574 1432 3635 torquerent
1463 3567 1612 3635 (56);
1672 3567 1870 3621 deinde
1923 3571 2195 3634 conversi,
2239 3587 2325 3624 re-

754 3659 956 3721 dirent,
997 3659 1337 3726 hostemque
1415 3658 1598 3713 denuo
1644 3659 2008 3715 lacesserent.
2081 3661 2323 3732 Contigit

757 3764 961 3816 autem,
982 3759 1039 3805 ut
1065 3751 1300 3820 spatium
1324 3752 1562 3806 medium
1586 3767 1782 3806 versus
1801 3752 2075 3808 Romanos
2093 3755 2321 3823 aequale,

755 3852 812 3896 ct
843 3842 1014 3912 equiti
1062 3843 1358 3908 idoneum;
1395 3858 1589 3898 versus
1624 3843 1814 3899 Persas
1844 3859 1954 3897 non
2001 3845 2204 3899 acclive
2232 3859 2323 3899 so-

756 3936 894 3996 lum,
928 3950 1265 4004 accessuque
1299 3935 1660 3997 laboriosum,
1695 3935 1790 3989 sed
1831 3944 1888 3989 et
1928 3935 2090 3990 fossis
2124 3937 2326 3992 nativis

758 4024 1121 4094 nndequaque
1155 4024 1530 4094 interceptum
1567 4033 1734 4102 esset.
1782 4023 1898 4090 Qua
1935 4024 2325 4079 commoditate

757 4117 980 4171 Barbari
1020 4116 1370 4184 potissimum
1401 4116 1649 4181 fidentes,
1677 4117 1730 4169 in
1764 4117 2038 4172 Romanos
2062 4117 2325 4171 audacius

757 4224 814 4263 se
848 4207 1175 4261 inferebant.
1222 4207 1318 4261 liis
1371 4207 1537 4276 igitur
1579 4207 1862 4274 trecentis,
1902 4217 1962 4261 ut
2009 4208 2113 4262 hoc
2163 4208 2326 4262 modo

756 4317 880 4355 cum
919 4300 1178 4354 Romanis
1209 4300 1558 4363 dimicarent,
1609 4300 1908 4364 mandavit,
1946 4300 2082 4354 alios
2115 4300 2262 4354 mille
2295 4317 2325 4354 a

761 4404 915 4459 tergo
946 4407 1135 4446 eorum
1173 4391 1236 4444 ad
1266 4391 1439 4445 fossas
1487 4401 1543 4446 et
1572 4392 1876 4460 angustias,
1918 4391 2012 4460 qui
2050 4391 2326 4446 Romanos

2432 3209 2700 3278 Ὀρχάνης
2733 3210 2790 3261 δέ
2840 3213 2933 3262 καὶ
2972 3209 3135 3269 αὐτὸς
3183 3207 3309 3261 ίδὼν
3337 3211 3428 3260 τδν
3463 3205 3690 3276 βασιλέα
3735 3202 3982 3262 ἐπιόντα,

2419 3299 2851 3370 ἀντιπαρέταττε
2896 3300 2991 3352 καὶ
3025 3299 3187 3362 αὐτὸς
3213 3300 3313 3369 τὴν
3345 3297 3625 3369 στρατιάν.
3671 3295 3777 3346 Καὶ
3817 3294 3985 3362 μέρος

2423 3394 2521 3460 μέν
2551 3408 2603 3444 τι
2643 3390 2991 3459 κατέκρυψεν
3022 3393 3078 3441 ἐν
3099 3389 3280 3458 λόχοις
3302 3405 3315 3418 ·
3363 3388 3439 3451 ὡς
3467 3387 3532 3440 ἂν
3564 3387 3613 3439 εί
3639 3385 3687 3438 οἱ
3723 3384 3987 3452 Ῥωμαῖοι

2421 3482 2789 3552 ύπερσχόντες
2819 3481 3046 3534 ἐπίωσιν
3073 3481 3257 3543 αὐτοῖς
3277 3520 3291 3545 ,
3323 3481 3370 3532 οἱ
3403 3481 3461 3531 ἐν
3494 3479 3614 3541 ταῖς
3645 3477 3886 3544 ἐνέδραις
3925 3476 3989 3526 ἐκ

2421 3574 2515 3628 τοῦ
2545 3573 2816 3642 αίφνιδίου
2839 3571 3155 3635 ἐπελθόντες
3177 3571 3492 3641 ἐκπλήξωσί
3517 3587 3576 3622 τε
3593 3570 3680 3622 διά
3703 3569 3762 3620 τδ
3778 3569 3992 3635 ἀπροσ-

2420 3664 2667 3734 δόκητον,
2705 3663 2802 3716 καὶ
2828 3663 3136 3734 τρέψωνται
3166 3662 3386 3726 αὐτούς.
3413 3661 3524 3730 Τὴν
3557 3660 3602 3712 δ’
3644 3659 3809 3727 ἀλλην
3843 3658 3992 3711 ᾶπα-

2425 3774 2525 3810 σαν
2553 3756 2783 3826 δύναμιν
2820 3755 3126 3818 ἀναλαϐὼν,
3178 3754 3309 3822 ἔστη
3343 3754 3434 3804 ἐπὶ
3486 3750 3786 3820 μετεώρου.
3821 3750 3996 3819 Τρια-

2423 3848 2639 3908 κοσίους
2682 3845 2739 3898 δὲ
2769 3844 3175 3914 ἀπολεξάμενος
3223 3843 3349 3904 τοὺς
3385 3839 3515 3910 παρ’
3546 3838 3695 3908 αύτῷ
3727 3855 3991 3906 μαχιμωο

2423 3939 2618 4000 τάτους
2671 3936 3050 4001 ἱπποτοξότας,
3085 3935 3287 3996 ἵππους
3319 3932 3541 4002 ἔχοντας
3589 3931 3698 3983 τῶν
3754 3929 3994 3997 μάλιστα

2424 4029 2570 4082 θέειν
2593 4027 2837 4096 ἀγαθῶν,
2883 4027 3171 4080 ἐκέλευσεν
3211 4027 3394 4088 αὐτοῖς
3429 4025 3491 4077 ού
3531 4023 3672 4076 κατά
3701 4021 3996 4088 συστάδην,

2425 4121 2540 4174 ἀλλ’
2568 4121 2626 4186 ἐξ
2652 4120 2855 4188 ἐφόδων
2879 4117 3296 4190 συμπλέκεσθαι
3330 4119 3398 4187 τῇ
3438 4114 3705 4185 βασιλέως
3733 4112 3992 4181 στρατιᾷ·

2426 4213 2520 4264 καὶ
2560 4211 2811 4273 ἐπιόντας
2861 4211 2960 4280 μὲν
3000 4209 3075 4280 μὴ
3118 4207 3440 4276 ὑπομένειν,
3494 4202 3630 4256 ἀλλά
3683 4199 3990 4269 φεύγοντας

2425 4304 2658 4368 τοξείαις
2684 4303 2943 4373 χρῆσθαι,
2975 4299 3323 4370 ἀναχωροῦσι
3352 4298 3409 4352 δέ
3438 4296 3594 4359 αὖθις
3625 4292 3993 4348 ἐπιτίθεσθαι.

2427 4392 2750 4462 Συμϐέϐηκε
2782 4391 2840 4446 δὲ
2878 4391 2940 4443 τὸ
2983 4389 3188 4458 μεταξὺ
3211 4387 3323 4440 τῶν
3350 4381 3774 4453 στρατευμάτων
3817 4379 3999 4445 ἀμφο-

757 4483 1109 4551 insequentes
1137 4483 1474 4550 exciperent,
1527 4493 1582 4537 et
1612 4483 1804 4536 eadem
1840 4481 1908 4534 de
1956 4497 2120 4542 causa
2176 4483 2323 4536 mille
2359 4468 2435 4522 θ’

2317 4503 2323 4534 :
2359 4468 2399 4522 ι)
2428 4486 2625 4554 τέρων,
2655 4484 2781 4535 ὅσον
2809 4482 2906 4551 μὲν
2931 4477 2998 4551 ἦν
3034 4479 3173 4532 κατά
3203 4480 3329 4540 τοὺς
3371 4473 3674 4543 Ῥωμαίους
3702 4469 3906 4550 ὁμαλόν
3936 4483 3995 4518 τε

759 4573 814 4627 in
854 4584 1089 4640 utroque
1122 4573 1295 4626 latere
1330 4574 1546 4626 locavit.
1581 4573 1885 4642 Imperator
1913 4571 2003 4626 ubi
2037 4572 2229 4626 Persas
2258 4572 2326 4627 de

757 4664 894 4718 colle
941 4663 1288 4718 descendisse
1325 4664 1637 4732 conspexit,
1688 4663 1855 4716 etiam
1899 4663 2016 4732 ipse
2055 4671 2328 4717 trecentos

758 4755 825 4808 de
861 4755 974 4808 suis
1003 4755 1186 4823 elegit,
1219 4771 1246 4808 a
1277 4755 1476 4823 quibus
1507 4756 1828 4823 stiparetur,
1878 4769 2080 4822 eosque
2128 4754 2329 4808 talibus

758 4845 946 4898 verbis
993 4844 1248 4899 accendit
1292 4859 1306 4897 :
1362 4843 1533 4908 Quam
1596 4844 1849 4912 gloriam,
1907 4843 2132 4901 milites.
2181 4842 2329 4910 quod

758 4936 930 4990 decus
967 4936 1198 4989 Romani
1252 4934 1378 4989 inde
1415 4937 1480 4986 ab
1523 4935 1680 4988 initio
1726 4949 1793 4988 ex
1843 4949 1908 4988 eo
1957 4934 2060 4988 sibi
2105 4947 2330 5002 compa-

759 5026 954 5088 rarint,
1001 5026 1146 5094 quod
1191 5024 1442 5077 hostibus
1499 5023 1872 5078 formidabiles
1927 5024 2168 5086 fuerunt,
2229 5038 2332 5076 nec

758 5117 915 5172 vobis
949 5127 1031 5172 est
1060 5117 1327 5186 ignotum.
1359 5115 1422 5168 lli
1464 5116 1612 5170 enim
1665 5124 1815 5179 sunt,
1859 5115 1952 5184 qui
1989 5124 2160 5168 totum
2191 5129 2330 5184 pene

2432 4570 2590 4635 εἶναι,
2626 4575 2721 4626 καί⁵
2757 4573 2940 4645 ῥᾴδιον
2976 4571 3112 4640 πρὸς
3143 4569 3243 4631 τὰς
3277 4565 3634 4636 ἱππηλασίαςο
3662 4561 3724 4614 τὸ
3754 4560 3810 4612 δὲ
3853 4559 4000 4611 κατὰ

2429 4667 2555 4728 τοὺς
2591 4664 2841 4732 Πέρσας,
2883 4665 2942 4715 οὺ
2985 4663 3144 4732 μόνον
3194 4661 3428 4719 ἄναντες
3476 4655 3569 4707 καὶ
3606 4649 3999 4719 δυσπρόσοδον,

2430 4757 2567 4810 ἀλλά
2599 4758 2692 4808 καὶ
2741 4755 2972 4826 τάφροις
3021 4753 3314 4818 αὐτοφυέσι
3368 4745 3676 4815 πανταχόσε
3707 4743 4005 4808 διατετμη-

2435 4847 2618 4917 μένονο
2652 4841 2694 4914 ᾧ
2727 4848 2822 4900 καὶ
2854 4845 3054 4917 μᾶλλον
3080 4845 3129 4896 οἱ
3155 4841 3422 4913 βάρϐαροι
3463 4835 3783 4896 πεποιθότες
3829 4831 4002 4901 ἐπῄε-

2435 4955 2536 4991 σαν
2588 4937 2908 5004 Ῥωμαίοις.
2945 4936 3166 4998 Τούτοις
3206 4933 3302 5002 μὲν
3347 4931 3442 4984 οὖν
3492 4931 3606 4996 τοῖς
3661 4924 4004 4995 τριακοσίοις

2435 5027 2842 5095 προσετέτακτο
2863 5024 2954 5077 τὸν
2980 5023 3180 5092 τρόπον
3207 5021 3392 5073 τοῦτον
3416 5014 3826 5087 συμπλέκεσθαι
3863 5011 4005 5065 Ῥω-

2437 5116 2641 5186 μαίοις.
2686 5114 2939 5184 Ἐτέρους
2967 5113 3022 5165 δὲ
3051 5111 3252 5182 χιλίους
3281 5108 3503 5161 ὄπισθεν
3530 5105 3709 5159 αὐτῶν
3731 5103 4003 5170 ἐπέστησε

2013 5253 2231 5313 Jacobi
2269 5254 2534 5315 Pontani
2571 5263 2756 5314 notm.

831 5384 943 5455 (εἰεί)
986 5385 1117 5439 Tale
1170 5398 1344 5454 genus
1402 5396 1597 5452 pugnae
1643 5379 1812 5433 habes
1863 5383 2003 5449 apud
2058 5378 2328 5432 Maronem

759 5455 1139 5578 Imfiisl.Thusri
1175 5523 1394 5577 Rutulos
1414 5537 1567 5590 egere
1589 5522 1658 5573 ad
1692 5521 1880 5573 muenia
1913 5534 2108 5583 versos,

835 5595 925 5647 Bis
956 5595 1135 5662 rejecti
1163 5595 1328 5647 armis
1368 5599 1666 5659 respectant
1701 5599 1846 5658 terga
1874 5599 2100 5662 tegentes
2131 5603 2147 5641 :

839 5658 1019 5718 Tertia
1050 5664 1140 5717 sed
1165 5658 1738 5734 postquam’congressi
1767 5663 1820 5712 in
1862 5658 2068 5727 prmlia.
2091 5670 2197 5710 etc.

760 5803 767 5809 .
839 5753 953 5826 (56)
981 5752 1071 5809 Sic
1096 5752 1282 5809 Parthi
1312 5766 1554 5823 pugnare
1585 5757 2005 5805 consueverant.
2043 5747 2194 5802 Unde
2229 5745 2335 5798 Ilo-

2435 5386 2540 5433 rat.
2570 5377 2684 5433 Ode
2718 5379 2807 5442 l9,
2840 5377 2939 5430 lib.
2967 5392 3003 5428 ι.

2513 5469 2582 5522 Ει
2623 5469 2785 5522 versis
2824 5468 3125 5520 animosum
3155 5464 3299 5532 equis
3338 5457 3616 5513 Parthum.

2437 5582 2750 5653 Fugientes.
2813 5581 3058 5650 inquam,
3115 5593 3179 5632 es
3222 5574 3380 5645 equis
3437 5569 3775 5641 pugnabant.
3825 5566 4006 5635 Virgi-

2435 5652 2543 5707 lius
2576 5653 2629 5706 5.
2649 5652 2846 5720 Georg.

2516 5742 2889 5812 Fidentemque
2919 5743 3039 5811 fuga
3073 5739 3345 5802 Parthum,
3385 5738 3646 5805 versisque
3662 5734 3892 5803 sagittis.
