4250 6444
715 387 822 445 “1

1867 387 2196 446 JOANNIS
2226 389 2754 447 CANTACUZENI

3849 387 3955 450 448

715 493 1070 546 acrimoniam
1103 503 1162 547 et
1191 493 1448 548 virtutem
1501 493 1668 549 animi
1702 500 2060 578 expromatis,
2109 500 2272 552 simul
2300 495 2351 552 Δ

2384 498 2452 557 ὡς
2482 499 2530 547 εἰ
2560 497 2660 564 μὲν
2690 497 2862 557 κακὸς
2883 496 3099 562 ὀφθείη,
3130 495 3536 563 κολασθήσεται
3565 499 3630 564 τῇ
3665 497 3956 565 πρεπούσῃ

713 581 948 646 spatium
1006 583 1060 634 in
1117 582 1308 651 medio
1353 585 1763 646 contrahentes,
1815 602 1883 639 ne
1928 603 2025 654 per
2073 604 2277 642 moram

713 670 837 722 telis
884 670 1100 723 crebris
1146 670 1420 724 feriamini
1458 690 1472 724 :
1517 673 1681 726 simul
1732 674 1996 729 Barbaros
2055 687 2280 743 receptu

709 759 1088 826 prohibentes,
1142 761 1302 830 213
1338 774 1389 812 et
1439 763 1588 830 ipsos
1633 765 1774 817 male
1817 767 2148 822 multantes.
2199 768 2280 822 Ne

710 864 871 913 porro
923 850 1027 902 illis
1090 851 1423 919 fugientibus
1491 855 1649 908 valde
1701 857 1930 919 instate,
1965 857 2100 926 (59),
2143 873 2280 913 neve

711 936 1044 991 conﬁdentia
1092 940 1243 1001 elati,
1292 942 1345 994 in
1389 943 1686 998 discrimen
1738 960 1834 999 vos
1873 948 2150 1016 conjicite,
2184 950 2278 1003 sed

713 1039 1000 1095 postquam
1032 1030 1100 1082 ad
1130 1032 1347 1085 triarios
1381 1048 1477 1086 seu
1511 1033 1869 1089 subsidiarios
1893 1052 2087 1090 eorum
2118 1055 2280 1094 vene-

711 1117 853 1180 ritis,
885 1122 936 1171 in
963 1135 1215 1188 campum
1270 1125 1634 1183 revertimini,
1672 1128 2016 1196 servatisque
2069 1131 2282 1183 ordini-

709 1209 831 1268 bus,
891 1223 986 1262 eos
1033 1211 1377 1266 incursantes
1437 1216 1778 1282 propulsate.
1828 1214 1925 1271 His
1980 1219 2282 1288 imperator

709 1315 841 1352 suos
872 1301 1142 1364 hortatus.
1173 1314 1232 1357 et
1258 1321 1288 1358 a
1321 1306 1431 1359 Deo
1462 1288 1725 1361 auxilium
1775 1310 1910 1378 ipsis
1963 1313 2279 1368 victoriam-

707 1403 814 1454 que
865 1398 1122 1456 precatus
1152 1403 1253 1445 est.
1303 1392 1407 1458 Qui
1451 1396 1690 1449 vicissim
1734 1413 1861 1452 eum
1903 1403 2173 1464 venerati,
2224 1413 2281 1457 et

706 1492 764 1529 se
796 1487 892 1530 aut
923 1480 1154 1534 honeste
1199 1483 1446 1538 victuros
1477 1496 1572 1538 aut
1606 1502 1728 1540 cum
1778 1489 1941 1543 laude
1988 1493 2279 1546 occuhitu-

710 1580 799 1617 ros
841 1566 954 1632 (60)
996 1569 1250 1635 professi,
1302 1571 1564 1640 signoque
1605 1573 1783 1626 crucis
1835 1575 2105 1630 obarmati
2143 1577 2277 1646 (61),

708 1656 760 1707 iu
799 1657 1007 1710 hostem
1042 1659 1191 1712 lento
1224 1674 1383 1726 passu
1409 1673 1466 1714 et
1499 1665 1712 1727 ordine,
1749 1663 2059 1731 Exptrocho
2084 1684 2279 1737 magno

710 1751 1070 1804 hetaeriarcha
1097 1752 1354 1818 ducente,
1411 1755 1801 1823 procedebant.
1845 1757 2112 1812 Similiter
2147 1761 2279 1813 Bar-

710 1839 824 1892 bari
858 1841 1086 1909 gradum
1121 1843 1450 1898 inferebant.
1477 1845 1610 1899 Cum
1644 1847 1951 1916 spatiojatn
1983 1849 2273 1915 distarent,

711 1945 822 1997 quo
872 1932 1037 1985 telum
1097 1935 1254 2004 adjici
1313 1947 1512 2003 potest,
1555 1939 1781 1991 Romaui
1833 1950 1892 1993 ut
1948 1942 2276 2011 imperatum

708 2028 848 2082 erat,
885 2022 1145 2076 immissis
1191 2026 1409 2092 penitus
1459 2027 1689 2080 habenis
1731 2044 1892 2096 quam
1929 2034 2196 2086 acerrime
2225 2036 2279 2088 in

709 2111 1321 2171 Pu-rsasincurrebant;
1357 2114 1440 2171 Illi
1508 2120 1828 2187 aliquandiu
1899 2128 2283 2191 persistentes,

712 2204 814 2255 tela
850 2204 901 2256 in
939 2204 1216 2260 Romanos
1246 2212 1708 2280 contorquebant,
1741 2225 2026 2281 sperantes
2074 2233 2132 2272 se
2165 2220 2284 2274 illo-

713 2308 831 2342 rum
862 2293 1143 2349 incursum
1188 2299 1262 2351 ita
1319 2315 1687 2368 repressuros.
1744 2303 1848 2358 Sed
1884 2305 1976 2359 ubi
2010 2321 2108 2360 eos
2153 2324 2282 2362 con-

711 2391 918 2434 stanter
951 2401 1221 2453 premere,
1260 2390 1696 2461 sagittarumque
1745 2408 1973 2448 securos
1998 2397 2280 2465 viderunt,

713 2484 826 2526 tum
859 2475 911 2527 in
945 2476 1126 2546 fugam
1158 2495 1215 2534 se
1241 2493 1617 2549 penetrarunt,
1659 2485 1710 2538 in
1743 2501 1845 2554 qua
1896 2487 2120 2542 circiter
2148 2500 2281 2557 qua“-
2344 2499 2353 2507 '

709 2563 958 2634 draginta
989 2570 1345 2626 ceciderunt:
1386 2575 1578 2643 reliqui
1614 2577 1679 2628 ad
1710 2578 1996 2646 angustias
2024 2579 2276 2635 locorum

710 2667 766 2708 et
798 2657 1163 2714 subsidiarios
1195 2671 1343 2716 retro
1393 2665 1689 2720 collocatos
1730 2679 2130 2735 pervenerunt;
2168 2671 2280 2723 Ro-

711 2763 1001 2803 manorum
1047 2767 1209 2806 nemo
1262 2769 1441 2823 neque
1488 2757 1785 2822 occubuit,
1836 2775 2014 2829 neque
2086 2765 2281 2818 vulnus

710 2840 952 2907 accepit;
987 2844 1146 2910 pauci
1182 2846 1307 2911 equi
1334 2849 1717 2901 consauciati.
1746 2850 2023 2920 Regressi,
2079 2853 2133 2906 in
2163 2855 2281 2922 pla—

718 2929 851 2983 nitie
887 2946 1104 2986 rursum
1160 2935 1390 3000 hostem,
1419 2939 1571 3006 quasi
1611 2932 1751 2993 intra
1801 2957 2053 2997 carceres
2088 2959 2282 3014 exspe-

708 3027 924 3074 ctantes
940 3023 1325 3078 constiterunt.
1353 3026 1534 3082 Persae
1555 3030 1957 3100 aliquantisper
1985 3035 2126 3090 inter
2151 3053 2281 3094 suos

2384 586 2581 654 ζημίαο
2609 588 2658 638 οι
2690 587 2747 637 δέ
2776 587 2979 651 ἁγαθοὶ
3013 586 3418 654 τιμηθήσονται
3439 587 3552 648 τοῖς
3583 589 3957 655 προσήκουσιν

2380 678 2564 738 ἀθλοις
2598 679 2698 744 τῆς
2725 680 2948 746 ἀρετῆς.
2981 676 3094 744 Τὴν
3124 677 3181 728 δέ
3213 677 3546 745 συμπλοκὴν
3599 677 3789 728 ὁποίαν
3837 680 3955 730 τινὰ

2384 766 2492 835 χρὴ
2523 769 2799 819 ποιεῖσθαι
2831 767 2970 837 πρὸς
2993 767 3120 828 τοὺς
3163 766 3506 835 βαρϐάρους,
3534 768 3631 819 καὶ
3666 768 3825 820 αὐτοὶ
3856 770 3955 835 μὲν

2382 842 2494 911 ῐσὲε
2546 860 2613 911 ἐκ
2671 859 2868 920 παιδὸς
2918 860 3206 927 πολεμίας
3251 857 3440 925 ἔργοις
3484 859 3949 927 ἐντεθραμμένοι·

2381 950 2701 1015 παραινέσω
2742 950 2801 1002 δέ
2844 951 2938 1002 καὶ
2979 951 3163 1010 αὑτός.
3212 949 3278 1001 ΕΞ
3335 949 3438 1017 μὲν
3478 948 3588 1016 γὰρ
3630 950 3959 1018 τεταγμένοι

2382 1041 2524 1093 κατὰ
2563 1041 2846 1108 φάλαγγας
2879 1042 2946 1093 ἐκ
2977 1041 3072 1092 τοῦ
3099 1041 3294 1108 ὁμοίου
3339 1039 3436 1091 καὶ
3480 1039 3635 1090 αὐτοὶ
3685 1040 3959 1107 ἐμάχοντο

2381 1131 2536 1198 ἡμῖν,
2569 1125 2638 1198 ἦν
2655 1133 2954 1196 ἀναγκαῖον
2969 1131 3064 1182 καὶ
3096 1131 3248 1200 ἡμᾶς
3275 1127 3381 1197 τὴν
3398 1128 3554 1193 τάξιν
3581 1129 3957 1194 φυλάττοντας

2382 1221 2568 1280 αὐτοῖς
2603 1222 2838 1274 ἐπιέναι·
2891 1221 3013 1273 ἐπεὶ
3043 1219 3123 1282 δέ,
3181 1220 3311 1271 ὅσον
3346 1219 3455 1270 ἀπὸ
3496 1218 3608 1271 τῶν
3651 1219 3958 1285 γινομένων

2381 1309 2530 1361 ἐστιν
2558 1311 2822 1373 εἰκάζειν,
2841 1311 2940 1363 οὐκ
2967 1310 3047 1371 εἰς
3064 1311 3254 1378 χεῖρας
3274 1309 3408 1378 ὑμῖν
3438 1309 3571 1360 ξέναι
3587 1309 3955 1373 διανοοῦνται,

2381 1399 2496 1454 ἀλλ’
2520 1400 2744 1453 ἄπωθέν
2773 1417 2833 1452 τι
2871 1400 3110 1468 βάλλειν,
3159 1402 3257 1452 καὶ
3294 1400 3552 1461 ἐπιόντας
3586 1402 3685 1468 οὐχ
3718 1400 3954 1467 ὑφίστα-

2384 1489 2532 1552 σθαι,
2568 1492 2686 1544 ἀλλ’
2720 1493 3106 1559 ὑπαναχωρεῖν
3159 1492 3301 1557 πρὸς
3345 1492 3449 1552 τὰς
3487 1492 3796 1560 δυσχωρίας
3857 1494 3955 1543 καὶ

2382 1584 2506 1644 τοὺς
2530 1587 2902 1648 τεταγμένους
2952 1585 3009 1633 ἐν
3052 1582 3267 1644 αὑταῖς,
3298 1582 3420 1632 δέον
3446 1584 3540 1633 καὶ
3585 1583 3751 1649 ὑμᾶς.
3785 1584 3953 1650 μέχρι

2385 1673 2483 1739 μὲν
2518 1671 2613 1724 τοῦ
2641 1677 2697 1724 ἐν
2725 1673 2932 1742 ἐφικτῷ
2965 1674 3072 1725 τῶν
3098 1674 3459 1740 τοξευμάτων
3479 1675 3750 1740 γίνεσθαι,
3784 1677 3951 1742 σχολῇ

2385 1761 2625 1829 βαδίζειν
2645 1764 2738 1813 καὶ
2767 1766 3143 1829 τεταγμένως·
3174 1765 3397 1816 ἐπειδὰν
3420 1765 3477 1816 δὲ
3499 1764 3728 1831 γένησθε
3759 1767 3951 1831 ἐγγὺς,

2379 1853 2603 1922 ὀξύτητι
2640 1857 2790 1923 πάσῃ
2837 1855 3072 1925 χρῆσθαι
3120 1857 3214 1908 καὶ
3253 1855 3503 1925 εὐψυχίᾳ.
3561 1855 3716 1923 ’Δμα
3757 1856 3857 1924 μὲν
3891 1858 3953 1908 τὸ

2385 1945 2714 2013 μεταίχμιον
2768 1946 3164 2014 συναιροῦντας
3220 1947 3296 2008 ὡς
3351 1947 3417 1999 ἂν
3473 1947 3550 2015 μὴ
3585 1945 3723 1999 κατὰ
3755 1946 3954 2015 σχολὴν

2385 2036 2651 2105 βαλλησθε
2691 2039 2804 2100 τοῖς
2830 2037 3015 2104 βέλεσι
3064 2041 3300 2105 συχνοῖς,
3335 2039 3453 2105 ἅμα
3500 2037 3545 2089 δ’
3593 2039 3677 2089 ἵνα
3710 2040 3805 2090 καὶ
3851 2038 3953 2108 τὴν

2384 2129 2735 2197 ἀναχώρησιν
2768 2130 2876 2182 τῶν
2901 2129 3188 2198 βαρϐαρων
3213 2130 3512 2196 φθάνοντες
3539 2131 3735 2192 αὐτοὺς
3765 2131 3954 2193 κακῶς
4013 2133 4019 2137 ’

2386 2220 2599 2288 ποιῆτε.
2641 2221 2751 2290 Τὴν
2780 2221 2963 2284 δὲωξιν
2999 2222 3054 2274 δὲ
3089 2221 3163 2289 μὴ
3192 2222 3420 2272 ἐπιπολὺ
3476 2223 3772 2274 ποιεῖσθαι·
3811 2224 3949 2292 μηδέ

2385 2309 2687 2380 θρασύτητι
2707 2314 3129 2383 ἐπαιρομένους,
3165 2317 3394 2376 ἑαυτοὺς
3414 2316 3493 2376 εἰς
3523 2316 3647 2375 τοὺς
3669 2315 3950 2378 κινδύνους

2384 2405 2654 2456 εἰσωθείν·
2690 2405 2810 2457 ἀλλ’
2841 2405 3062 2458 ἐπειδὰν
3098 2407 3156 2456 ἐν
3193 2408 3306 2468 τοῖς
3365 2406 3683 2466 ἐπιτάκτοις
3718 2404 3951 2475 γένησθε

2382 2492 2634 2554 ἐκείνοις,
2666 2493 2830 2544 πάλιν
2875 2493 3263 2561 ὐπαναχωρεῖν
3312 2492 3450 2560 πρὸς
3492 2494 3554 2543 τὸ
3604 2493 3816 2555 τιτεδίον⁹
3851 2494 3953 2562 τὴν

2383 2580 2539 2642 τάξιν
2573 2597 2631 2632 τε
2676 2581 2990 2648 φυλάττειν,
3047 2583 3140 2634 καὶ
3176 2581 3428 2643 ἐπιόντας
3465 2581 3772 2646 ἀμύνεσθαι
3826 2583 3952 2646 τοὺς

2387 2669 2717 2738 βαρὸἁρους.
2752 2670 2993 2722 Τοιαῦτα
3027 2672 3124 2740 μὲν
3159 2673 3185 2723 ό
3216 2671 3468 2740 βασιλεὺς
3503 2673 3951 2742 παρεκελεύσατο

2382 2760 2497 2816 τοῖς
2534 2757 2924 2826 στρατιώταις,
2957 2760 3075 2827 ἅμα
3137 2759 3231 2810 καὶ
3289 2759 3543 2827 βοήθειαν
3595 2762 3694 2828 τὴν
3740 2763 3803 2812 ἐκ
3853 2762 3948 2814 τοῦ

2383 2851 2716 2918 κρείττονος,
2769 2855 2866 2902 καὶ
2915 2851 3071 2917 νίκην
3115 2851 3488 2918 ἐπευξάμενος
3524 2853 3730 2915 αὐτοῖς.
3789 2854 3853 2904 Οἱ
3898 2854 3953 2907 δέ

2387 2938 2868 3006 προσκυνήσαντές
2906 2955 2966 2990 τε
2992 2937 3242 3006 βασιλέα,
3279 2937 3430 3006 καὶῆ
3469 2937 3650 2998 καλῶς
3686 2939 3951 3007 νικήσειν,

2386 3031 2419 3100 ἦ
2454 3030 2691 3092 εὐκλεῶς
2736 3031 3091 3099 τεθνήξεσθαι
3121 3031 3390 3094 εἰπόντες,
3428 3033 3647 3099 σταυρῷ
3694 3048 3754 3081 τε
3789 3032 3954 3083 καθο-

711 3111 927 3208 morati,
953 3112 1203 3208 pluribus
1233 3131 1394 3184 quam
1450 3122 1805 3188 Oppetieraut
1860 3128 2176 3206 assumptis,
2225 3132 2279 3185 in
2309 3146 2353 3208 ο

2387 3124 2675 3186 πλῐσαντες
2711 3125 2963 3188 ἐαυτοζς,
3016 3123 3261 3192 ἐχώρουν
3309 3123 3448 3174 κατὰ
3495 3121 3605 3173 τῶν
3662 3121 3956 3192 βαρδάρων

711 3197 987 3254 Romanos
1027 3201 1209 3256 denuo
1239 3205 1462 3262 vadunt.
1486 3207 1592 3263 Sed
1625 3212 1730 3266 illis
1765 3229 1949 3281 parem
1985 3199 2154 3285 priori
2183 3221 2282 3274 im-

711 3299 896 3354 petum
947 3294 1396 3365 alacritatemque
1428 3299 1838 3368 adhibentibus,
1867 3306 2064 3361 iterum
2095 3310 2274 3378 fugam

709 3381 1002 3448 arripiunt,
1048 3384 1100 3438 in
1139 3401 1245 3455 qua
1295 3388 1515 3442 circiter
1547 3391 1765 3460 triginta
1815 3395 2052 3461 cadunt;
2084 3398 2283 3455 Roma-

711 3485 905 3525 norum
958 3475 1139 3530 nullus
1193 3476 1556 3545 desideratus,
1616 3497 1715 3536 uec
1781 3485 2100 3542 vulneratus
2151 3501 2275 3555 est,

709 3563 979 3619 vulnerati
1019 3576 1198 3622 tamen
1231 3571 1355 3639 equi
1400 3572 1630 3641 aliquot.
1680 3574 1959 3632 Orchanes
1987 3595 2017 3634 e
2061 3583 2282 3637 tumulo

711 3669 840 3708 suos
861 3655 972 3725 jam
1009 3657 1093 3712 bis
1121 3659 1293 3715 victos
1320 3663 1684 3732 conspiciens,
1708 3666 1923 3724 animos
1952 3671 2124 3736 addit,
2161 3690 2280 3730 ma-

711 3764 953 3817 numque
993 3751 1331 3806 auxiliariam
1369 3755 1661 3810 submittit.
1712 3750 2014 3828 Imperator
2065 3779 2281 3835 quoque

711 3854 842 3893 suos
874 3840 940 3894 de
976 3844 1420 3911 magnanimitate
1448 3861 1511 3900 ac
1546 3846 1870 3905 fortitudine
1901 3857 2284 3923 commendat;

713 3929 1070 3998 hortaturque
1098 3947 1165 3986 ne
1191 3933 1318 4001 quid
1351 3934 1418 3988 de
1452 3951 1537 4002 ea,
1566 3947 1750 4007 utpote
1779 3957 1994 4012 semper
2032 3944 2289 4003 Barbarie

711 4020 1030 4086 superiores
1087 4021 1283 4088 futuri,
1339 4024 1699 4095 deminuam;
1762 4032 2040 4104 mittitque
2098 4049 2289 4094 contra

713 4109 834 4166 illos
913 4127 1097 4181 parem
1169 4117 1408 4185 copiam.
1457 4119 1528 4174 Ut
1584 4121 1688 4175 sibi
1750 4127 2285 4197 apprOpinquarunt,

713 4201 894 4260 Persa:
948 4204 1132 4262 denuo
1189 4208 1377 4264 acrius
1430 4213 1728 4280 resistunt;
1763 4217 1857 4271 sed
1912 4217 2286 4276 Romanorum

2389 3217 2735 3284 τεταγμένως
2759 3217 2854 3268 καὶ
2877 3217 3017 3268 κατὰ
3048 3216 3270 3284 σχολήν.
3308 3214 3669 3283 Ἐστρατήγει
3691 3214 3745 3265 δέ
3774 3215 3957 3266 αὐτῶν

2400 3310 2732 3378 Ἐξώτροχος
2776 3313 2802 3361 ὁ
2841 3309 3014 3375 μέγας
3065 3307 3473 3377 ἐταιρειάρχης’
3513 3307 3860 3376 ἀντεπῄεσαν
3899 3308 3956 3360 δέ

2389 3403 2482 3454 καὶ
2511 3402 2561 3453 οι
2607 3401 2870 3470 βάρϐαροι
2926 3402 3109 3463 αὐτοῖς
3158 3399 3384 3469 ὁμοίως.
3427 3397 3667 3468 ’Ἐπειδὴ
3717 3399 3774 3452 δέ
3818 3395 3958 3468 ἦσαν

2388 3491 2555 3557 ἐγγὺς
2584 3491 2834 3560 ἀλλήλων
2860 3483 2998 3545 ὅσον
3015 3490 3361 3559 ἐφικνεῖσθαι
3383 3491 3496 3552 τοῖς
3521 3488 3874 3559 τοξεύμασιν,
3910 3492 3959 3542 οι

2396 3583 2664 3650 Ῥωμαῖοι
2718 3583 2820 3649 μὲν
2948 3583 3132 3643 αὐτοῖς
3166 3582 3576 3650 προσετέτακτο
3613 3581 3748 3649 πρὸς
3803 3581 3960 3649 βασι-

2389 3671 2547 3737 λέως,
2599 3672 2754 3734 ὅλους
2799 3672 3021 3733 ἀνέντες
3080 3669 3357 3739 χαλινοὺς,
3417 3671 3542 3721 ὅσον
3602 3671 3732 3737 ἐνῆν
3790 3669 3959 3732 ὀξέως

2390 3766 2724 3835 ἐπεφέροντο
2758 3766 2870 3826 τοῖς
2905 3763 3165 3832 Πέρσαις·
3196 3763 3248 3814 οἱ
3301 3761 3564 3831 βάρϐαροι
3595 3762 3649 3814 δέ
3682 3762 3960 3832 γαρτερήο

2389 3873 2583 3916 σαντες
2617 3856 2716 3924 μὲν
2750 3857 2844 3908 ἐπὶ
2901 3855 3120 3925 μικρὸν,
3164 3856 3257 3907 καὶ
3309 3854 3440 3924 βέλη
3488 3853 3636 3906 κατὰ
3680 3853 3788 3904 τῶν
3830 3853 3962 3905 Ῥω-

2387 3950 2567 4019 μαίων
2597 3949 2830 4018 ἀφέντες
2890 3948 3132 4019 οῑόμενοι
3181 3947 3356 4008 οὓτως
3404 3945 3472 3998 ἂν
3523 3945 3829 4014 ἀποτρέψαι
3859 3947 3960 4014 τῆς

2383 4041 2587 4110 ὁρμῆς,
2624 4040 2752 4094 ἐπεὶ
2786 4038 2974 4110 ἐώρων
3007 4039 3206 4101 αὐτοὺς
3239 4037 3526 4107 ἀτρέπτως
3559 4037 3817 4098 ἐπιόντας
3862 4036 3961 4088 καὶ

2384 4132 2507 4185 ούδέ
2554 4131 2714 4199 ὀλίγα
2768 4129 3164 4200 φροντίζοντας
3214 4129 3324 4182 τῶν
3368 4127 3598 4190 οἰστῶν,
3647 4128 3728 4190 εις
3779 4125 3961 4194 φυγὴν

2385 4225 2689 4294 ἐτράποντο
2721 4221 2907 4285 εὐθύς.
2970 4222 3060 4274 Ἐν
3115 4221 3175 4274 δὲ
3227 4221 3295 4290 τῇ
3351 4221 3498 4289 φυγῇ
3531 4219 3804 4273 ἀπέθανον
3831 4217 3976 4286 περὶ·

1976 4405 2192 4467 Jecobi
2229 4410 2496 4470 Ponteni
2522 4415 2713 4472 nota.

783 4575 896 4650 (59)
935 4571 1258 4627 Onosander
1308 4587 1432 4643 cap.
1489 4590 1550 4638 ιι,
1608 4573 1850 4629 Hostium
1911 4579 2270 4646 discessiones,
2308 4582 2354 4640 υ
2381 4579 2660 4650 nonvivjt
2695 4578 2926 4650 honeste
2951 4619 2966 4642 ,
2993 4595 3106 4650 nec
3143 4581 3235 4650 qui
3269 4593 3326 4634 se
3363 4579 3556 4634 timore
3585 4579 3788 4634 fractus
3812 4544 3957 4635 hosti

712 4645 915 4710 inquit,
945 4659 1148 4763 semger
1176 4653 1431 4711 suspecta:
1455 4685 1468 4706 ,
1502 4661 1596 4696 nec
1629 4661 1862 4712 unquam
1894 4665 2087 4718 susque
2110 4645 2277 4717 deque

709 4714 986 4766 habendae.
1075 4711 1107 4764 ἰ
1164 4713 1528 4766 considerandi
1589 4716 1759 4766 notius
1805 4715 2067 4766 locorum.
2119 4735 2275 4766 auum

749 4729 986 4766 aocnaw.

2382 4649 2558 4703 dedit.
2610 4647 2868 4703 Iusti-tuto
2907 4649 3132 4718 quidem
3161 4647 3176 4650 “
3197 4649 3735 4704 Lacedtemoniorum
3763 4690 3779 4713 ,
3814 4652 3959 4717 apud

1075 4711 1107 4764 It
1164 4713 1528 4788 considerandi
1588 4711 1759 4788 potius
1790 4711 2067 4788 iocorum.
2119 4711 2275 4785 quam
2381 4733 2519 4786 quos
2575 4725 2671 4771 aut
2739 4711 2988 4788 vincere"
3022 4719 3352 4788 oportebat,
3428 4727 3524 4772 aut
3580 4711 3773 4782 mori,
3821 4711 3961 4773 nihil

709 4785 939 4857 hostium
978 4783 1153 4857 situs;
1194 4798 1286 4857 nec
1313 4782 1485 4857 solum
1517 4799 1621 4852 qua
1652 4786 1737 4857 via
1766 4784 1996 4840 ducatur
2021 4782 2277 4842 exercitus
2379 4782 2614 4842 dabatur
2667 4787 2913 4841 tertium.
2968 4782 3510 4841 Lacedaemoniorum
3574 4788 3739 4857 igitur
3799 4789 3965 4857 spiri—

713 4851 1287 4923 prospiciendum;_sed
1327 4853 1498 4923 etiam
1530 4851 1591 4904 fut
1638 4855 1822 4906 eadem
1877 4859 2054 4909 reduci
2096 4861 2281 4923 possit,

712 4923 1118 4991 providendum.
1159 4920 1224 4974 Et
1254 4921 1336 4973 vel
1361 4923 1534 4988 copias
1560 4939 1663 4975 non
1695 4925 1984 4985 immittat,
2028 4920 2118 4979 sed
2143 4920 2285 4980 coer4

724 5000 844 5046 ceat
875 4990 1248 5065 ac_reprimat,
1275 4991 1354 5065 uel
1388 4994 1432 5042 si
1469 4992 1759 5065 immittat,
1793 5005 1971 5047 caveat
2006 4997 2286 5065 diligenter

710 5073 761 5116 et
791 5061 1354 5132 montiumcacumina
1378 5101 1389 5118 .
1422 5064 1898 5132 augustioremque
1925 5061 2125 5132 fauces,
2156 5067 2286 5119 reti-

714 5134 809 5186 cu’s
840 5129 1162 5191 custodibus,
1195 5131 1448 5198 occupari
1477 5148 1507 5181 α
1541 5133 1651 5184 suis
1693 5129 1862 5197 curet,
1896 5129 1953 5186 ut
1986 5145 2160 5188 tutum
2187 5137 2286 5188 iter

715 5201 948 5276 receptui
998 5209 1297 5276 priestetur.
1359 5198 1449 5253 Sic
1481 5202 1590 5253 ille.
1651 5202 1897 5276 Pyrrhus
1940 5203 2284 5276 Epirotarum

715 5287 812 5324 rex
880 5269 1176 5338 pfaecepit,
1219 5285 1329 5323 non
1381 5284 1505 5322 esse
1554 5269 1913 5338 pertinaciter
1972 5269 2287 5327 instandum

713 5341 863 5395 hosti
897 5337 1126 5407 fugienti
1152 5357 1167 5403 ;
1195 5355 1305 5393 non
1339 5342 1518 5393 solum
1554 5337 1620 5393 ne
1647 5342 1842 5395 fortius
1868 5357 1933 5395 ex
1961 5344 2289 5398 necessitate

716 5411 977 5472 resistat,
1010 5408 1104 5463 sed
1135 5419 1194 5462 ut
1228 5418 1417 5478 postea
1450 5424 1670 5476 quoque
1702 5411 1921 5465 facilius
1949 5413 2065 5466 acie
2100 5412 2288 5473 cedat,

717 5493 871 5532 ratus
895 5521 909 5545 ,
943 5493 1066 5551 Anon
1095 5494 1269 5551 usque
1298 5479 1364 5534 ad
1398 5478 1694 5548 perniciem
1733 5481 2071 5551 fugientibus
2116 5483 2284 5537 iusta—

717 5561 773 5604 tu
784 5565 872 5603 ros
904 5549 1046 5603 victo
1057 5549 1164 5603 res:

791 5619 904 5686 (60)
946 5618 1100 5688 Quod
1129 5620 1478 5688 profitentur,
1503 5637 1560 5674 se
1584 5621 1816 5674 honeste
1848 5622 2114 5683 victuros,
2147 5620 2288 5675 indi-

714 5700 878 5748 cant,
917 5705 1023 5742 non
1054 5687 1345 5760 fugituros,
1391 5700 1445 5744 ct
1477 5691 1690 5746 hostem
1724 5701 2078 5760 superaturos
2105 5694 2288 5760 potius

716 5775 881 5829 quant
918 5776 976 5815 sc
1033 5760 1108 5815 illi
1148 5761 1448 5817 dedituros.
1485 5762 1617 5816 Nam
1667 5762 1757 5832 qui
1793 5775 1818 5815 ε
1861 5761 2048 5833 [πεοιίο
2111 5761 2287 5830 fugit,

2381 4868 2469 4912 tus
2517 4869 2580 4926 et
2618 4857 2832 4926 animos
2883 4857 3084 4910 milites
3111 4857 3199 4910 isti
3232 4857 3516 4926 gerebant.

2461 4925 2570 4994 (6|)
2603 4925 2930 4979 Christianae
2953 4928 3172 4994 pietatis
3188 4925 3294 4985 est.
3314 4928 3497 4980 omnia
3527 4925 3580 4978 in
3605 4926 3826 4980 nomine
3861 4927 3964 4980 Do-

2384 4996 2546 5060 mini,
2575 5005 2630 5049 et
2662 5011 2787 5047 cum
2827 4995 3026 5049 ﬁducia
3059 4996 3298 5049 caelestis
3327 4997 3511 5049 auxilii
3541 4996 3721 5049 facere
3747 5012 3769 5064 ι
3800 5000 3961 5064 cujus

2387 5067 2685 5128 voluntatis
2717 5080 2781 5118 ac
2825 5065 2941 5132 spei
2975 5066 3189 5133 signent
3211 5075 3312 5126 est,
3340 5065 3632 5118 formatum
3673 5067 3722 5117 in
3750 5063 3958 5125 fronte,

2385 5145 2483 5189 aut
2516 5135 2570 5186 in
2607 5149 2735 5188 aere
2761 5144 2889 5188 ante
2923 5149 3026 5187 nos
3053 5150 3312 5203 expressa
3340 5149 3506 5186 manu
3537 5136 3960 5188 sanctaacrucis

2386 5205 2560 5276 figura
2587 5220 2599 5256 :
2634 5219 2741 5276 per
2790 5219 2952 5276 quam
2984 5204 3124 5276 bona
3157 5205 3364 5268 omnia,
3394 5212 3452 5256 et
3495 5203 3648 5276 sal_us
3675 5204 3962 5276 nobis‘per

2391 5273 2596 5327 Filium
2632 5288 2663 5326 a
2720 5275 2827 5327 Deo
2854 5273 3016 5327 Patre
3068 5274 3359 5341 impetrata
3408 5282 3516 5327 est.
3560 5273 3739 5326 Credo
3787 5273 3958 5326 etiam

2393 5344 2498 5397 hos
2551 5343 2756 5397 milites
2803 5341 2974 5396 fuisse
3026 5357 3299 5396 memores
3335 5343 3518 5401 illius.
3573 5342 3718 5410 quod
3742 5342 3808 5410 in
3847 5342 3958 5395 vita

2389 5411 2734 5467 Constantini
2772 5412 3004 5480 legimus
3029 5453 3044 5475 ,
3092 5412 3154 5465 In
3179 5414 3274 5464 hoc
3310 5416 3460 5480 signo
3506 5409 3700 5464 vinces.
3733 5409 3874 5464 Sunt
3901 5422 3961 5466 et

2390 5483 2496 5536 alia
2528 5482 2797 5549 exempla,
2833 5491 2890 5536 et
2919 5498 3089 5535 unum
3125 5482 3338 5535 illustre
3370 5481 3544 5534 sancti
3577 5480 3830 5541 Martini.
3866 5482 3958 5534 cui

2393 5567 2518 5606 cum
2553 5552 2818 5605 timiditas
2864 5552 3221 5619 objiceretur,
3253 5560 3476 5620 propter
3519 5565 3680 5618 quam
3734 5550 3958 5604 missio-

2393 5638 2520 5675 nem
2552 5630 2782 5686 peteret,
2821 5620 2953 5689 Ego,
2994 5621 3175 5690 inquit
3200 5661 3214 5682 ,
3248 5622 3397 5689 signo
3428 5621 3616 5681 crucis,
3643 5635 3747 5672 non
3777 5621 3960 5690 clypeo

2399 5701 2658 5757 protectus
2689 5730 2704 5750 ,
2774 5688 2881 5743 aut
2922 5688 3098 5757 galea,
3150 5688 3375 5743 hostium
3427 5705 3616 5743 cuneos
3676 5688 3960 5758 penetrabo

2397 5778 2628 5814 securus.
2666 5760 2952 5831 Sulpitius,
2988 5760 3043 5814 in
3075 5761 3193 5830 ejus
3233 5759 3372 5814 Vita.
3413 5800 3422 5807 ι
