4250 6444
729 383 831 449 m
1891 383 2216 445 JOANNIS
2256 387 2786 447 CANTACUZENI
2850 464 2856 470 _
3852 358 3958 452 is:

728 496 904 575 secuti
964 505 1110 549 sunt.
1176 495 1235 549 lu
1279 509 1346 548 eo
1400 493 1657 547 conﬂictu
1717 495 2006 559 Persarum
2069 505 2271 548 centun

2391 497 2620 565 τόλμης,
2654 496 2869 563 ἔπεμπε
2921 509 3013 548 και
3048 497 3310 566 στρατιὰν
3356 498 3552 565 ἑτέραν
3582 493 3649 567 ἧς
3682 493 3818 566 ἦρχε
3858 502 3963 553 Τά-

729 587 1124 656 quinquaginta
1171 586 1349 648 caesis,
1400 600 1430 637 e
1489 584 1748 638 Romanis
1801 601 1902 639 nec
1957 587 2133 650 miles,
2187 602 2271 638 uel

2395 605 2556 656 γαρι;
2600 588 2858 658 Μανουὴλ
2904 590 2934 640 ό
2972 589 3145 656 μέγας
3184 590 3701 660 στρατοπεδάρχης,
3735 591 3812 653 ὡς
3859 595 3959 644 σὺν

725 693 900 744 equus
956 677 1274 730 vulneratus
1315 689 1418 729 est.
1468 678 1772 745 Imperator
1823 676 1951 730 inde
1979 692 2039 730 se
2071 677 2266 745 recipit

2393 679 2579 739 αὐτοῖς
2610 678 3080 748 ἀντιστησομένην
3110 683 3222 739 τοῖς
3270 680 3587 749 βαρϐάροις.
3646 683 3756 733 Καὶ
3807 697 3965 747 γενο-

725 783 849 820 cum
887 769 952 819 ad
1005 767 1202 820 collem
1231 765 1607 841 occupandum
1643 767 1778 820 eniti
1838 781 1947 818 non
1987 768 2271 820 arbitrare-

2396 768 2562 836 μένης
2589 769 2681 820 ἐπὶ
2727 768 2863 820 πολὺ
2901 771 3082 838 μάχης
3131 769 3356 838 ίσχυράς
3407 771 3467 834 ἐξ
3520 773 3799 839 ἑκατέρων
3847 772 3961 822 τῶν

725 869 816 912 tur
840 857 1170 919 conducere,
1223 867 1277 912 et
1313 857 1365 908 in
1416 872 1664 924 campum
1707 859 1934 911 veniens
1972 857 2164 919 edixit,
2226 869 2271 911 u!

2394 860 2598 928 μερῶν,
2630 861 2738 911 τῶν
2776 861 2876 928 μὲν
2913 859 3204 930 Ῥωμαίων
3255 863 3438 914 ῖππων
3477 863 3796 931 ἐτρώθησαν
3828 863 3959 913 πολο

724 950 958 1018 quisque
1015 961 1261 1003 servaret
1321 949 1570 1001 ordinem
1622 964 1804 1011 suum,
1833 964 1992 1016 quem
2033 951 2101 1003 ab
2132 949 2271 1002 illilil

2389 947 2492 1011 λοὶ,
2548 951 2879 1018 στρατιᾶται
2931 951 2986 1002 δὲ
3050 951 3301 1016 ἐγένοντο
3357 953 3525 1018 ὀλίγοι
3573 953 3957 1021 τραυματίαι,

723 1042 1074 1094 obtinuisset.
1139 1039 1299 1107 215
1354 1036 1572 1092 Barbari
1631 1039 1685 1090 in
1735 1039 2125 1105 prominentia,
2191 1054 2271 1092 set

2387 1043 2617 1109 τέθνηκε
2649 1041 2705 1093 δέ
2733 1035 2831 1104 εἷς’
2861 1043 3085 1112 Περσῶν
3115 1043 3172 1095 δέ
3208 1044 3406 1095 ἔπεσον
3437 1047 3779 1113 πεντήκοντα
3804 1045 3961 1113 παρὰ

723 1131 1006 1199 crepidine
1057 1133 1260 1183 mootis
1304 1140 1530 1194 stantes,
1575 1130 1795 1199 prodire
1837 1131 2067 1183 ulterius
2144 1130 2271 1182 baut

2385 1129 2487 1198 τὴν
2517 1130 2719 1198 μάχην.
2766 1132 3033 1200 Ὀρχάνης
3060 1132 3116 1183 δέ
3143 1134 3199 1183 ἐν
3230 1127 3273 1198 ᾧ
3297 1134 3330 1201 ή
3360 1136 3507 1204 μάχη
3552 1136 3958 1202 συνεκροτεῖτο,

723 1229 902 1273 tutum
939 1222 1331 1288 Opinabautur.

2385 1221 2485 1286 τὴν
2519 1221 2807 1288 στρατιὰν,
2845 1221 2911 1290 ἢν
2937 1216 3074 1289 εἶχε,
3108 1223 3287 1274 πᾶσαν
3321 1224 3548 1291 ἔστησεν
3580 1224 3672 1274 ἐπὶ
3699 1223 3959 1291 μετώπου

720 1314 1008 1391 (πρότερον
1037 1316 1144 1381 γὰρ
1173 1314 1336 1381 μέρος
1366 1330 1418 1364 τι
1448 1320 1621 1379 αυτῆς
1681 1312 1814 1364 πολὺ
1849 1314 1908 1362 ἐν
1930 1314 2045 1373 ταῖς
2109 1310 2351 1378 ἐνέδραις
2393 1307 2915 1380 κεκρυμμένον
2948 1312 3022 1373 ὼς
3055 1307 3502 1381 εἷναικαταφανῆ
3535 1316 3627 1364 καὶ
3659 1313 3960 1379 Ῥωμαίοις

720 1407 816 1458 καὶ
845 1405 1159 1474 βαρϐάροις,
1190 1390 1431 1472 οἰόμενος
1469 1408 1697 1467 ἐκείνοις
1739 1424 1798 1457 τε
1838 1405 2148 1474 προθυμίαν
2176 1410 2268 1460 καὶ
2318 1407 2613 1474 Ῥωμαίοις
2674 1406 2937 1476 ἔκπληξιν
3001 1408 3060 1458 τὸ
3091 1408 3330 1459 τοιοῦτον
3358 1411 3706 1477 ἐμποιήσειν.
3754 1408 3844 1470 Ὠς
3890 1409 3949 1459 δὲ

717 1502 866 1571 ἑώρα
915 1501 1014 1567 τῆς
1058 1499 1300 1560 ἐπινοίας
1370 1500 1709 1567 ἀπονάμενος
1776 1500 1928 1552 οὐδὲν
1975 1502 2045 1569 (οῖ
2090 1501 2344 1568 Ῥωμαῖοι
2385 1501 2493 1569 γάρ
2526 1500 2685 1551 οὐδὲν
2720 1495 2883 1570 ἦττον
2915 1499 3184 1568 ἐμάχοντο
3218 1500 3488 1568 εὐψύχως,
3511 1501 3603 1552 καὶ
3631 1500 3733 1568 ἤδη
3761 1515 3956 1565 σιτεριε⁶

715 1596 933 1662 γίνοντο
984 1592 1092 1643 τῶν
1152 1592 1480 1660 πολεμίων),
1563 1590 1882 1660 Παζαρλοῦν
1935 1591 2026 1642 τὸν
2085 1593 2314 1658 ἀδελφὸν
2364 1593 2708 1669 πανστρατιᾷ.
2765 1591 3016 1643 ἐκέλευσε
3074 1595 3185 1653 τοῖς
3264 1592 3552 1659 Ῥωμαίοις
3613 1592 3959 1660 συμϐαλεῖνε

719 1686 912 1756 μικρὸν
951 1683 1008 1734 δέ
1050 1683 1142 1734 καὶ
1168 1683 1330 1743 αὐτὸς
1369 1683 1478 1734 ἀπὸ
1530 1682 1624 1733 τοῦ
1673 1684 1848 1756 λόςρου⁸
1879 1683 2145 1744 καταϐάς,
2197 1683 2363 1734 πάλιν
2398 1682 2529 1749 έστη
2573 1683 2689 1750 μετ’
2720 1682 2914 1747 ὀλίγων
2944 1683 2973 1734 ὂ
3024 1699 3076 1734 τι
3108 1683 3174 1734 ἂν
3233 1683 3475 1752 ἀποϐαίη
3508 1684 3744 1735 σκοπῶν.
3788 1683 3958 1735 Βασι-

715 1753 839 1840 λεὺς
864 1779 906 1828 δ’
949 1777 1068 1828 ἐπεὶ
1099 1774 1247 1842 ἐώρα
1279 1775 1623 1842 πανστρατιᾷ
1657 1775 1794 1842 πρὸς
1826 1753 1922 1841 τὴν
1956 1774 2135 1842 μάχην
2156 1773 2283 1834 τοὺς
2315 1772 2623 1841 βαρϐάρους
2653 1769 3044 1840 ὡρμημένους,
3075 1771 3172 1832 τὰς
3197 1771 3296 1840 μὲν
3320 1771 3486 1835 ἄλλας
3509 1771 3731 1823 ἐκέλευε
3769 1772 3957 1837 τάξεις

717 1871 901 1937 μένειν
937 1865 1116 1927 πάσας
1144 1864 1510 1933 άτρεμούσας·
1547 1866 1709 1926 αὐτὸς
1735 1865 1791 1916 δέ
1822 1865 1947 1932 τρία
2017 1865 2146 1932 τέλη
2215 1864 2534 1929 ἀναλαϐὼν,
2602 1863 2798 1933 ἐχώρει
2844 1864 2979 1931 πρὸς
3017 1865 3116 1933 τὴν
3167 1865 3370 1934 μάχην.
3429 1865 3721 1916 Ἐτέτακτο
3768 1864 3823 1916 δὲ
3857 1865 3954 1915 ἐπὶ

716 1961 815 2027 μὲν
843 1958 934 2010 τοῦ
968 1956 1144 2021 δεξιοῦ
1173 1957 1349 2025 κέ-ρως
1374 1959 1401 2008 ὁ
1435 1957 1607 2024 μέγας
1641 1957 1960 2024 δομέστικος
1988 1970 2001 1984 '
2036 1958 2096 2008 τὸ
2127 1956 2415 2025 ἀριστερὸν
2474 1955 2532 2007 δὲ
2601 1952 2744 2024 εἶχεν
2804 1957 2831 2006 ὁ
2863 1957 3128 2022 Ἀγγελος
3159 1958 3416 2026 Ἰωάννης
3466 1957 3754 2024 ἐξάδελφος
3777 1957 3953 2024 αὐτῷ·

715 2051 966 2120 βασιλεὺς
993 2051 1048 2102 δὲ
1077 2053 1260 2119 ἐπεῖχε
1289 2052 1350 2103 τὸ
1389 2049 1553 2117 μέσον
1575 2066 1588 2080 ·
1626 2052 1722 2101 καὶ
1767 2051 2139 2116 συμϐαλόντες
2169 2052 2279 2110 τοῖς
2321 2049 2642 2119 βαρϐάροις,
2695 2050 2990 2118 ἐτρέψαντό
3010 2068 3069 2103 τε
3093 2051 3231 2103 κατὰ
3257 2056 3459 2119 κράτος
3505 2052 3638 2120 μηδέ
3674 2053 3955 2119 ἀντισχεῖν

711 2145 812 2212 τὴν
843 2144 1065 2210 πρώτην
1106 2142 1432 2210 δυνηθέντας
1482 2144 1674 2211 ὁρμήνο
1711 2143 1806 2193 καὶ¹
1842 2143 1938 2204 τὰς
2003 2142 2307 2211 δυσχωρίας
2343 2143 2524 2204 πάσας
2585 2143 2942 2212 ὑπερϐάντες,
2981 2144 3106 2212 άχρι
3138 2145 3246 2196 τῶν
3281 2145 3467 2214 ἄκρων
3490 2146 3827 2209 κατεδίωξαν
3855 2142 3951 2194 τοῦ

631 2223 636 2229 ’
712 2239 903 2306 λόφου,
939 2234 1069 2286 ἔνθα
1123 2235 1219 2286 καὶ
1273 2235 1542 2304 Ὀρχάνης
1612 2230 1679 2304 ἦν
1736 2233 1927 2297 ἐστὼς.
1997 2235 2234 2287 Ἔπεσον
2289 2236 2344 2286 δὲ
2380 2237 2533 2301 παρὰ
2565 2237 2663 2299 τὴν
2695 2237 2900 2303 μάχην,
2933 2237 3159 2304 Περσῶν
3189 2237 3287 2304 μὲν
3320 2241 3656 2306 πεντήκοντα
3692 2243 3786 2294 καὶ
3816 2241 3954 2294 ἐκα-

711 2330 824 2392 τὲιν,
875 2327 1166 2396 Ῥωμαίων
1200 2327 1256 2379 δὲ
1302 2327 1516 2389 οὐδείς’
1555 2327 1669 2379 ἀλλ’
1719 2326 1841 2379 οὔτε
1893 2326 2103 2397 ἐτρώθη
2161 2326 2284 2378 οὕτε
2343 2326 2686 2396 στρατιώτης
2746 2325 2871 2378 οὒτε
2941 2328 3125 2387 ἵππος.
3179 2329 3445 2391 Baeda);
3489 2329 3544 2381 δὲ
3593 2329 3951 2399 ἀνεχώρησεν

710 2421 944 2483 ἐκεῖθεν,
971 2424 1031 2472 τὸ
1063 2419 1349 2490 βιάζεσθαι
1381 2421 1519 2490 πρὸς
1539 2421 1630 2472 τὸν
1658 2422 1820 2488 λόφον
1880 2422 1976 2490 οὐχ
2043 2419 2342 2490 ἡγούμενος
2383 2419 2680 2473 λυσιτελεῖν
2704 2436 2718 2451 ·
2758 2423 2852 2474 καὶ
2900 2420 3037 2490 πρὸς
3072 2422 3132 2473 τὸ
3183 2422 3364 2474 πεδίον
3414 2421 3620 2485 ἐλθὼν,
3661 2422 3951 2475 ἐκέλευσεν

709 2516 962 2572 ἕκαστον,
998 2514 1096 2580 τὴν
1141 2516 1206 2580 ἣν
1257 2510 1402 2581 εἶχεν
1438 2513 1495 2576 ἐξ
1563 2514 1738 2582 ἀρχῆς
1767 2513 1919 2576 τάξιν
1977 2514 2291 2580 φυλάττειν.
2366 2513 2428 2564 Οἱ
2482 2511 2750 2583 βάρϐαροί
2803 2529 2861 2564 τε
2913 2512 3006 2563 ἐπὶ
3056 2512 3184 2575 τοὺς
3242 2513 3519 2582 πρόποδας
3569 2512 3802 2582 ἔστησαν
3850 2512 3948 2564 τοῦ

709 2606 893 2676 ὄρους,
921 2604 983 2656 τὸ
1027 2607 1336 2674 περαιτέρω
1378 2605 1693 2674 προϐαίνειν
1720 2606 1817 2676 οὐχ
1847 2605 2146 2675 ἡγούμενοι
2177 2604 2497 2658 λυσιτελεῖν.

2141 2719 2364 2774 CAPUT
2407 2719 2516 2773 νη.

709 2811 996 2868 Consilium
1033 2814 1218 2883 magni
1253 2813 1543 2875 domestici,
1566 2813 1691 2881 quia
1717 2814 1884 2865 hostes
1919 2827 1974 2865 se
2006 2813 2181 2883 victos
2203 2811 2528 2878 fatebantur,
2555 2812 2631 2883 _iu
2666 2818 2843 2883 castra
2879 2810 3226 2883 redeundum.
3266 2820 3314 2862 et
3349 2809 3660 2883 Byzantium
3691 2813 3944 2877 postridie

780 2880 1163 2936 revertendum.
1187 2882 1408 2947 Placet;
1437 2886 1490 2936 in
1517 2880 1691 2935 castra
1716 2885 1947 2945 reditur;
1971 2882 2262 2949 triumphus
2289 2883 2521 2932 canitur.
2549 2880 2680 2934 Pars
2713 2881 2994 2932 Persarum
3019 2882 3310 2947 insequitur
3339 2882 3616 2943 abeuntes;
3645 2883 3945 2949 conﬂigitur

779 2954 835 3003 in
882 2955 988 3013 via,
1019 2969 1139 3003 cum
1187 2953 1398 3020 quidam
1436 2955 1644 3010 ordines
1677 2968 1796 3004 suos
1834 2947 2220 3012 deseruissent;
2255 2965 2382 3016 quos
2429 2959 2476 3000 et
2522 2953 2857 3020 domesticus,
2908 2959 2956 3002 et
3002 2951 3295 3016 intperator
3343 2952 3613 3003 reductum
3663 2947 3816 3012 eunt}
3853 2950 3944 3002 sed

777 3034 993 3089 uterque
1021 3019 1225 3073 summo
1249 3039 1365 3073 cum
1395 3022 1642 3089 periculo.
1677 3021 2050 3089 Sebastopulus
2089 3035 2206 3072 cum
2241 3020 2482 3072 trecentis
2526 3019 2760 3088 fugatur.
2811 3019 3125 3088 Byzantium
3168 3021 3382 3073 nuntius
3412 3021 3483 3073 ad
3504 3027 3942 3089 protostratorem

777 3093 1042 3155 mittitur;
1071 3103 1246 3144 castra
1273 3093 1656 3146 custodiuntur.

775 3207 1220 3276 Desperatipnem
1242 3204 1602 3259 Barbarorum
1621 3205 1930 3274 intelligens
1950 3205 2262 3274 imperator,

2444 3201 2707 3262 Βασιλεὺς
2738 3201 2816 3268 δέ,
2863 3201 3006 3278 ὁρῶν
3052 3204 3178 3266 τοὺς
3235 3205 3567 3275 βαρϐάρους,
3614 3210 3797 3266 οὐκέτι
3827 3215 3945 3267 διαε

705 3301 772 3354 ad
809 3313 1064 3367 proceres
1092 3296 1224 3366 quid
1247 3295 1562 3355 faciendum
1588 3307 1732 3350 esset
1767 3296 1972 3350 retulit.
2012 3296 2267 3364 Progres-

705 3406 799 3442 sus
827 3392 878 3441 in
932 3389 1169 3441 medium
1216 3404 1442 3457 magnus
1485 3388 1823 3442 domesticus
1849 3387 1922 3441 ita
1957 3386 2221 3441 disseruit
2255 3403 2269 3439 :

705 3481 815 3534 Res
864 3479 1041 3535 nobis.
1080 3478 1225 3532 sicut
1270 3480 1338 3532 ab
1377 3479 1532 3532 initio
1585 3479 1721 3531 inter
1773 3492 1872 3531 nos
1925 3478 2270 3546 optabamus,

706 3572 853 3625 exitu
885 3570 1029 3637 felici
1062 3571 1370 3623 terminata:
1407 3580 1581 3623 800l.’
1605 3570 1734 3623 Acie
1783 3555 1928 3622 enim
1977 3569 2269 3631 instructa,

707 3665 944 3733 priores,
984 3670 1044 3715 ut
1092 3661 1157 3714 ad
1202 3663 1448 3730 ρτάξιῑυιη
1488 3661 1811 3729 prodiimus,
1856 3676 1924 3714 ne
1959 3668 2104 3714 metu
2145 3659 2272 3712 Bar-

704 3755 962 3810 barorum
1013 3756 1271 3806 recedere
1328 3754 1687 3804 videremur:
1725 3752 1818 3818 qui
1873 3759 2060 3820 aperte
2097 3749 2269 3801 aciem

703 3856 898 3900 contra
931 3845 1167 3914 dirigere
1204 3858 1311 3898 non
1343 3852 1468 3895 sunt
1495 3843 1635 3904 ausi,
1667 3856 1778 3904 quo
1802 3855 1860 3893 se
1896 3839 2050 3892 nobis
2078 3838 2272 3891 cedere

705 3938 994 3992 manifeste
1022 3937 1362 3998 docuerunt;
1394 3949 1501 3984 non
1541 3943 1717 3985 tamen
1750 3932 1926 3998 quicv~
1950 3938 2098 3990 runt,
2136 3928 2270 3996 quin

707 4042 847 4083 totas
879 4031 1066 4096 copias
1121 4042 1250 4079 suos
1287 4025 1690 4092 experirentur.
1726 4023 1814 4076 Et
1865 4022 2116 4090 quamvis
2169 4020 2272 4072 0r-

599 4119 608 4136 ²
704 4123 905 4175 chanes
955 4121 1070 4187 ipse
1114 4118 1299 4186 prmlio
1364 4116 1478 4168 non
1519 4114 1854 4172 interfuerit.
1919 4122 1978 4165 ut
2018 4113 2268 4170 timorem

703 4214 939 4281 aliquem
976 4211 1324 4268 haberemus,
1359 4207 1479 4274 plus
1519 4205 1694 4272 ipsum
1728 4215 2049 4272 praesentem
2091 4215 2266 4268 posse,

704 4318 884 4360 tamen
919 4305 1090 4372 ipsius
1117 4299 1461 4368 pnesentiam
1501 4290 1674 4348 nihilo
1710 4295 1830 4362 plus
1862 4293 2182 4346 cﬂ'ecmram
2211 4306 2270 4344 re

705 4401 818 4468 ipSa
874 4397 1250 4463 cognovimus.
1301 4388 1531 4455 Quando
1577 4387 1742 4456 igitur
1780 4386 1955 4454 palam
1991 4395 2267 4438 certamen

704 4489 1054 4557 subtcringit,
1083 4496 1136 4537 et
1165 4486 1217 4536 in
1250 4481 1675 4551 particularibus
1699 4478 2030 4548 pugnismos
2051 4490 2269 4543 semper

702 4583 986 4636 Victoriam
1045 4578 1332 4630 retulimus
1398 4574 1535 4641 (pro
1587 4572 1846 4625 trecentis
1913 4570 2059 4623 enim
2141 4567 2272 4620 Bar-

701 4676 849 4729 baris
878 4689 1019 4726 unus
1055 4666 1406 4722 duntaxatde
1435 4665 1699 4719 Romanis
1734 4664 2039 4730 occubuit),
2072 4675 2260 4726 quam,

703 4778 911 4831 qua-so,
951 4760 1479 4815 demonstrationem
1523 4756 1811 4824 quisquam
1847 4752 2264 4807 luculentiorcm

701 4856 1001 4911 desideret.
1034 4831 1117 4905 iet
1162 4850 1488 4918 corporibus
1541 4857 1595 4914 ej
1645 4846 1841 4900 animis
1881 4846 2038 4900 nobis
2075 4859 2270 4898 succu-

701 4949 888 5003 buisse
939 4943 1248 4998 Barbaros?
1291 4941 1427 4994 illud
1455 4954 1672 5008 quoque
1707 4955 1803 5006 pro
1847 4938 2046 4990 indicio
2080 4937 2270 4990 certis-

606 5059 609 5062 ·
712 5045 851 5096 simo
879 5038 1065 5092 haberi
1094 5045 1291 5105 potest,
1319 5049 1414 5086 eos
1457 5051 1556 5084 nos
1585 5032 1684 5084 sibi
1732 5040 1790 5082 ut
1815 5030 2148 5100 potentiores
2179 5043 2275 5079 au-

717 5143 1000 5199 tcponere,
1048 5125 1192 5196 quod
1240 5139 1364 5178 cum
1418 5124 1653 5175 militum
1694 5131 2005 5174 nostrorum
2053 5119 2274 5172 servitia

689 5237 834 5290 ,ιοιο
917 5222 1004 5275 die
1061 5235 1229 5290 prope
1310 5218 1494 5286 ipsos,
1559 5215 1716 5283 equis
1774 5213 1969 5281 pabula
2032 5209 2276 5279 legerent

708 5324 1042 5392 (quanquam
1068 5314 1269 5382 alioqui
1309 5321 1364 5366 et
1412 5296 1560 5373 belli,
1595 5321 1650 5364 et
1683 5309 1820 5362 lucri
1870 5307 2275 5361 incredibiliter

700 5412 934 5482 cupidi),
957 5409 1248 5479 prohibere
1278 5422 1339 5460 ca
1362 5404 1599 5474 aggressi
1631 5419 1738 5455 non
1769 5411 1917 5455 sunt.
1941 5403 2004 5454 Et
2033 5401 2159 5468 quia
2190 5399 2268 5452 sol

700 5505 918 5561 occasui
981 5501 1262 5571 proximus
1311 5508 1437 5559 est,
1489 5493 1960 5548 consultissimum
2023 5501 2154 5559 puto
2215 5491 2268 5542 in

703 5609 878 5650 castra
942 5608 1218 5654 reversos,
1285 5591 1356 5644 ibi
1407 5599 1620 5642 noctem
1679 5602 1862 5655 agere.
1918 5585 2272 5652 crastinoque

703 5688 950 5743 diluculo
981 5685 1158 5754 captis
1187 5683 1378 5747 armis,
1411 5691 1465 5734 et
1487 5680 1701 5749 agmine
1732 5678 2036 5747 composito
2070 5677 2273 5745 Bynu-

703 5784 838 5836 tium
871 5781 1011 5834 viam
1047 5780 1208 5832 inire.
1239 5777 1303 5830 Et
1333 5776 1374 5831 si
1408 5776 1628 5843 quidem
1669 5772 1890 5826 Bnbari
1924 5771 2269 5839 impeditiora

2372 3296 2699 3364 νοουμένους
2721 3296 2800 3357 είς
2828 3297 3016 3364 χεῖρας
3043 3297 3231 3359 αὐτοῖς
3260 3299 3420 3363 ίέναι,
3451 3301 3769 3357 ἐϐουλεύετο
3797 3310 3940 3371 μετά

2369 3387 2480 3440 τῶν
2507 3390 2566 3441 ἐν
2607 3388 2748 3440 τέλει
2777 3389 2806 3440 ὅ
2861 3404 2915 3441 τι
2943 3389 3051 3442 δέοι
3091 3394 3268 3444 ποιεῖν
3295 3392 3513 3454 αὐτούς.
3563 3396 3854 3464 Παρελθὼν
3881 3401 3940 3453 δὲ

2370 3479 2400 3531 ὀ
2451 3480 2627 3547 μέγας
2684 3466 3026 3546 δομέστικός,
3079 3480 3412 3547 ¹ἐϐουλεύετο
3454 3485 3655 3537 τοιάδε⁸
3707 3485 3787 3539 Τά
3840 3489 3940 3557 μιν

2372 3571 2674 3640 πράγματα
2710 3572 2865 3639 ἡμῖν,
2895 3565 2928 3642 ᾖ
2957 3571 3110 3624 αὐτοί
3138 3589 3197 3624 τε
3249 3573 3694 3645 ἐϐουλευσάμεθα
3728 3579 3787 3643 ἐξ
3835 3582 3938 3648 ἀρ-

2371 3663 2474 3731 χῆς
2493 3661 2736 3731 καὶπρὸς
2755 3663 2930 3732 πέρας
2951 3663 3230 3732 ἐχώρησεν
3255 3666 3482 3732 ἀγαθόν.
3504 3667 3940 3740 Παρεταξάμεθά

2370 3769 2431 3806 τε
2446 3753 2554 3822 γὰρ
2583 3753 2737 3805 αὐτοὶ
2767 3752 3017 3816 ἐλθόντες
3045 3754 3119 3816 ὡς
3145 3755 3282 3822 πρὸς
3314 3753 3741 3828 μάχηνπρῶτοι,
3774 3763 3848 3825 ὡς
3870 3764 3939 3817 ἃν

2373 3845 2447 3915 μὴ
2473 3844 2759 3914 δοκοίημεν
2788 3844 2866 3914 τῷ
2901 3845 3011 3898 δέει
3051 3845 3160 3897 τῶν
3195 3846 3487 3918 βαρϐάρων
3530 3852 3854 3922 ἀναχωρεῖν,
3885 3859 3943 3910 οῖ

2369 3953 2428 3988 τε
2461 3937 2732 4006 πολέμιοι,
2765 3937 3018 4006 φανερῶς
3054 3938 3153 4006 μέν
3203 3940 3590 4005 ἀντιτάξασθαι
3639 3945 3738 3998 οὐκ
3781 3948 3937 4000 ἐτόλ-

2373 4043 2558 4096 μησαν
2599 4029 2772 4096 ἡμῖν’
2819 4030 3272 4098 μαρτυρήσαντες
3352 4033 3637 4102 ἐναργῶς,
3684 4037 3760 4100 ὡς
3835 4042 3938 4094 οὐκ

2369 4120 2694 4190 ἀξιομάχους
2730 4121 2953 4182 ἑαυτοὺς
2983 4121 3244 4189 ἐνόμισαν
3276 4124 3430 4192 ἡμῖν,
3465 4127 3647 4180 οὐκέτι
3695 4130 3752 4183 δὲ
3798 4133 3938 4184 ἀπε-

2371 4223 2558 4276 σχοντο
2579 4207 2677 4259 τοῦ
2709 4206 2783 4276 μὴ
2811 4206 2905 4260 καὶ
2935 4209 3132 4276 πεῖραν
3158 4207 3343 4261 λαϐεῖν
3367 4213 3678 4284 ,συμπάσης
3719 4217 3817 4288 τῆς
3844 4221 3940 4272 δυ-

2371 4298 2587 4367 νάμεως
2615 4299 2813 4352 αὐτῶν.
2845 4297 3032 4367 Εἰγᾶρ
3056 4298 3133 4368 μὴ
3160 4300 3254 4351 καὶ
3286 4301 3559 4372 Ὀρχάνης
3576 4306 3736 4368 αὐτὸς
3759 4325 3937 4378 παρε-

2369 4390 2554 4456 γένετο
2574 4390 2709 4458 πρὸς
2726 4389 2825 4458 τὴν
2849 4390 3030 4458 μάχην
3048 4390 3198 4453 ὅπως
3218 4391 3339 4444 τινὰ
3359 4379 3498 4462 ἡμῖν
3514 4395 3594 4448 ἔτι
3617 4398 3938 4453 ὑπολίποιτο

2372 4481 2564 4534 ἐλπίδα
2591 4482 2684 4533 τοῦ
2714 4481 3042 4551 δυνήσεσθαί
3073 4499 3123 4534 τι
3157 4483 3319 4536 πλέον
3357 4485 3521 4548 αὐτὸς
3563 4488 3775 4557 παρὼν,
3808 4494 3940 4544 ἀλλ’

2375 4574 2509 4643 ἡμῖν
2539 4589 2601 4640 γε
2627 4573 2788 4640 δῆλον
2824 4571 2886 4636 ἐξ
2932 4574 3113 4627 αὐτῶν
3138 4575 3378 4646 κατέστη
3404 4577 3514 4629 τῶν
3564 4584 3935 4656 πραγμάτων,

2372 4665 2445 4727 ὡς
2473 4666 2627 4718 οὐδὲν
2659 4666 2725 4719 ἂν
2751 4665 2928 4718 ἔσοιτο
2957 4665 3118 4718 πλέον
3146 4667 3313 4720 αὐτοῦ
3345 4669 3637 4740 παρόντος.
3676 4672 3802 4725 Ὀτε
3830 4680 3939 4726 τοί-

2372 4776 2467 4810 νυν
2496 4759 2557 4810 τὸ
2589 4758 2690 4828 μὲν
2736 4759 2814 4820 είς
2858 4761 3046 4828 χεῖρας
3076 4760 3208 4828 ἡμῖν
3257 4760 3682 4834 ίένακφανερῶς
3729 4765 3939 4827 ἐξέκλι-

2372 4868 2464 4903 νεν
2488 4852 2669 4911 αὐτὸς,
2700 4852 2759 4901 ἐν
2777 4850 2832 4901 δὲ
2860 4853 2980 4910 ταῖς
3011 4851 3151 4902 κατά
3185 4834 3354 4921 μέρος
3385 4854 3723 4921 συμπλοκαῖς
3750 4856 3835 4905 ἀεὶ
3880 4857 3935 4907 τὸ

2374 4941 2534 4992 πλέον
2564 4939 2794 5006 ἔσχομεν
2834 4939 2996 5006 ἡμεῖς
3038 4938 3202 5006 (ὑπὲρ
3261 4938 3646 5006 τετρακοσίους
3691 4941 3804 5007 γάρ
3837 4956 3932 4990 πε-

2375 5033 2576 5086 σὸντων
2625 5029 2931 5100 βαρϐάρων,
2966 5030 3252 5097 Ῥωμαίων
3302 5027 3529 5097 τέθνηκε
3585 5028 3743 5096 μόνος
3790 5024 3936 5097 εἷς),

2375 5125 2535 5176 ποίαν
2560 5123 2625 5173 ἄν
2651 5140 2732 5185 τις
2771 5120 3047 5184 ἀπόδειξιν
3088 5119 3275 5189 ζητ-ιίη
3312 5118 3538 5188 μείζονα
3580 5122 3673 5170 καὶ
3701 5136 3938 5189 περιφα-
4039 5159 4043 5162 ι

2374 5217 2636 5284 νεστέραν
2666 5213 2759 5265 τοῦ
2792 5216 2886 5264 καὶ
2915 5214 3031 5273 ταῖς
3061 5210 3308 5278 γνώμαις
3337 5210 3462 5270 τοὺς
3490 5209 3795 5277 βαρϐάρους
3842 5214 3940 5260 καὶ

2373 5311 2483 5370 τοῖς
2511 5284 2753 5374 σώμασιν
2783 5303 2938 5373 ἡμῶν
2968 5302 3242 5371 ἠςσῆσθαι
3270 5318 3284 5363 ς
3319 5302 3555 5353 Κάκεῖνο
3588 5299 3643 5353 δέ
3665 5316 3749 5360 τις
3781 5299 3940 5368 μέγι-

2378 5413 2498 5447 στον
2544 5395 2606 5446 ἂν
2652 5394 2953 5461 τεκμήριον
3003 5390 3176 5455 τιθείη
3219 5387 3312 5438 τοῦ
3354 5388 3562 5440 οἴεσθαι
3614 5388 3760 5456 ἡμᾶς
3810 5387 3939 5448 τους

2377 5487 2681 5557 βαρϐάρους
2705 5483 3106 5551 δυνατωτέρους
3135 5480 3343 5532 ἑαυτῶν
3372 5498 3385 5512 ·
3419 5479 3514 5532 τοῦ
3548 5482 3652 5549 γὰρ
3683 5481 3927 5547 ὑπηρετι-
3987 5527 3993 5533 .

2376 5579 2473 5630 κἰὖ
2506 5581 2598 5646 τῆς
2628 5576 2884 5644 στρατιᾶς
2914 5575 3000 5626 διὰ
3047 5573 3227 5642 πάσης
3259 5573 3360 5638 τῆς
3395 5574 3608 5642 ἡμέρας
3648 5575 3813 5639 ἐγγὶς
3845 5572 3931 5622 αὑ-

2376 5671 2494 5724 τῶν
2529 5689 2595 5740 τρ
2628 5670 2731 5739 φὴν
2767 5672 2875 5731 τοῖς
2917 5668 3103 5727 ῖπποις
3151 5665 3537 5732 συλλεγόντων,
3573 5666 3692 5717 οὐδὲ
3728 5663 3937 5730 ἐπεχεί-

2381 5783 2553 5837 ρησαν
2587 5766 2633 5813 ‹,ἱ
2668 5761 2933 5832 βάρϐαροι
2982 5759 3224 5811 κωλῦσαι
3271 5757 3541 5826 (καίτοιγε
3584 5759 3647 5810 τὰ
3690 5757 3936 5808 ἄ).λ.τ“δ-ιο
