4250 6444
300 429 402 495 ἇῖδ1

1451 441 1988 503 ΗῙΒΓΟΙΗΛΗΠΜ
2034 443 2264 504 LIBER
2313 447 2408 506 Il.-

3438 458 3546 520 462

303 549 537 601 πλεῖστα
576 548 701 611 τούς
723 568 793 630 "EE
825 553 1120 624 πολεμίους
1169 554 1493 626 δυνήσονται
1522 558 1750 628 βλάψαι,
1789 561 1879 612 καὶ

1988 557 2096 612 lius
2126 561 2381 623 evenire;
2427 573 2712 614 Vittortam
2772 579 2916 617 enim
2967 565 3116 619 nullo
3175 566 3358 624 labore
3407 573 3546 631 inte-
3601 577 3608 582 ’

295 641 428 701 τοὺς
462 641 649 709 φίλους
677 644 980 713 ὠφελῆσαι.
1008 647 1068 700 Εἰ
1086 648 1130 700 δ’
1155 648 1261 716 ἄρα
1286 650 1540 703 τοσοῦτον
1570 652 1870 720 ἐκστήσονο

298 747 386 783 ται
435 733 543 784 τῶν
591 735 767 803 ὀρθῶς
821 737 1056 808 ἐχόντων
1107 729 1408 811 λογισμῶν,
1449 742 1582 796 ὥσθ’
1642 745 1870 808 ἑαυτοὺς

299 823 548 892 θρασέως
586 827 786 896 οὑτωσὶ
817 832 911 883 κα)⁵
941 831 1265 902 παραϐόλως
1293 835 1387 889 ἐπὶ
1407 834 1476 887 τὰ
1505 837 1735 907 κρημνά
1762 836 1873 889 τῶν

294 914 441 984 ὀρῶν
473 919 566 971 καὶ
595 920 692 984 τὰς
731 923 1010 995 χαράδρας
1047 925 1317 988 είσωθεῖν.
1349 925 1493 980 τοῦτ’
1519 925 1586 980 ἂν
1627 927 1871 996 μάλιστα

299 1006 631 1077 βουλοίμεθα
660 1005 838 1082 ἡμεῖς,
875 1013 1165 1089 statim;
1191 1017 1256 1071 ἂν
1291 1017 1452 1088 ἔργον
1482 1019 1613 1072 ίδεῖν
1644 1035 1874 1089 γεγενη-

299 1097 464 1164 μένον
487 1100 593 1170 εῖη.
615 1102 726 1171 Τὴν
757 1086 1046 1178 νίκηνγᾶρ
1079 1099 1211 1178 η’μῖν
1241 1086 1660 1179 παραδώσουσιν
1690 1086 1866 1164 ἀπονξ-

298 1189 388 1254 qtl.
450 1191 863 1262 διαφθαρέντες.
891 1197 1064 1252 Τοῦτο
1093 1201 1194 1269 μὲν
1223 1195 1316 1255 οὖν
1337 1183 1590 1254 τοιοῦτον
1620 1200 1701 1265 ὃν,
1742 1201 1868 1255 οὐδὲ

295 1279 494 1343 αὐτοὺς
522 1283 748 1352 οίόμεθα
777 1277 1078 1358 ἀγνοῆσαι,
1124 1291 1323 1357 πεῖραν
1353 1290 1430 1354 ώς
1457 1289 1677 1360 ὁρῶμεν
1705 1291 1869 1344 πολε-

296 1370 438 1438 μίων
473 1372 652 1443 ἔργων
680 1376 921 1447 ἔχοντας.
953 1380 1220 1435 Δείπεται
1255 1383 1320 1452 δὴ
1354 1383 1743 1453 περιελθόντας
1765 1383 1866 1452 τὴν

292 1462 472 1531 ἄκραν
538 1467 650 1520 τῶν
712 1469 858 1538 ὀρῶν
889 1472 953 1525 ὲκ
993 1473 1228 1544 θατέρου
1269 1477 1472 1544 μέρους
1531 1475 1867 1543 προσϐαλεῖν

290 1555 446 1624 ἡμῖν,
491 1560 712 1615 πεδινοῦ
736 1579 793 1614 τι
829 1563 1003 1628 ὄντος,
1043 1568 1138 1619 καὶ
1183 1567 1371 1636 ῥᾳδίαν
1397 1567 1732 1638 παρέχοντος
1761 1567 1868 1637 τὴν

289 1650 639 1723 ἐπιχείρησιν
663 1655 869 1718 αὐτοῖς.
899 1657 1268 1726 Στοχάζεσθαι
1294 1657 1352 1712 δὲ
1379 1658 1555 1724 ἔξεστι
1590 1660 1755 1712 παντὶ
1782 1659 1862 1730 τῷ

290 1738 631 1813 βουλομένῳ,
665 1743 740 1808 ὡς
790 1747 952 1817 ἄχρις
992 1750 1061 1803 ἂν
1110 1749 1358 1820 αὑτοῖςή
1413 1751 1534 1813 ὀδδς
1575 1749 1858 1821 διανυσθῇ¹,

287 1832 518 1887 δυνατὸν
547 1837 683 1906 ἡμῖν
737 1838 843 1902 ἔξω
901 1857 958 1893 τε
1015 1841 1281 1896 κινδύνων
1315 1843 1409 1896 καὶ
1455 1843 1623 1912 φόϐου
1657 1847 1859 1909 παντὸς

287 1925 520 1992 ἑαυτοὺς
544 1929 816 2002 καθιστᾷν
851 1933 990 2004 πρὸς
1035 1934 1103 1988 τὰ
1135 1935 1527 2007 καρτερώτατα
1576 1937 1860 2008 ἀναχωρή-

290 2033 526 2085 σαντας,
551 2023 647 2075 καὶ
672 2025 900 2094 προσέτι
931 2027 1237 2096 προσέσται
1267 2027 1329 2081 τὸ
1369 2028 1444 2100 μὴ
1474 2029 1563 2083 διὰ
1595 2030 1692 2099 τὴν
1717 2029 1862 2082 ὲκεί-

285 2130 397 2166 νων
453 2113 725 2184 ὀρβωδίαν
759 2117 984 2188 φεύγειν
1029 2119 1231 2185 δοκεῖν,
1268 2123 1326 2175 ἑν
1376 2114 1420 2188 ᾧ
1470 2123 1706 2193 μάλιστά
1741 2124 1858 2177 ἐστι

283 2203 348 2258 τὸ
381 2207 631 2276 αἰσχρὸν,
665 2209 783 2261 ἀλλ’
811 2210 1076 2284 ἐμπειρίᾳ
1127 2215 1454 2284 στρατηγῶν
1513 2215 1854 2285 χρωμένους.

283 2296 388 2365 τὴν
424 2298 732 2368 ἀσφάλειαν
763 2303 874 2365 τοῖς
899 2304 1124 2368 οἰκείοις
1158 2306 1495 2375 ἐκπορίζειν.
1533 2307 1640 2370 Ub;
1674 2309 1857 2378 μέντοι

283 2387 500 2458 ἔφημεν
528 2391 716 2463 ὥσπερ
749 2397 982 2460 σκοποὺς
1012 2399 1232 2454 ἑστάναι
1255 2401 1469 2467 ἑκατὸν,
1506 2402 1595 2454 τὸν
1634 2400 1856 2470 βασιλέα

285 2475 716 2554 περιμείναντας
742 2488 902 2558 ἄχρις
931 2490 996 2543 ἂν
1028 2492 1194 2559 ἐγγὺς
1240 2493 1466 2562 γένηται
1517 2492 1717 2556 αὐτῶν,
1745 2480 1854 2546 τότ’

283 2575 390 2644 ἠδη
439 2580 535 2633 καὶ
566 2579 763 2643 αὐτοὺς
814 2581 1074 2650 ἀσφαλῶς
1129 2585 1463 2653 ἀποχωρεῖν,
1522 2583 1736 2648 οὐδενὸς
1788 2585 1854 2638 ἂν

282 2669 685 2740 ιπιθησομένου
714 2672 804 2726 διὰ
841 2674 903 2728 τδ
937 2675 1222 2738 εὐσταλεῖς
1273 2672 1416 2729 εἶναι
1465 2677 1559 2729 καὶ
1592 2677 1852 2744 κούφους,

283 2761 381 2815 καὶ
414 2763 602 2827 ἵπποις
638 2765 879 2836 χρῆσθαι
924 2767 1175 2837 ἀγαθοῖς.
1222 2766 1463 2823 Τοιαῦτα
1501 2768 1610 2822 τῶν
1645 2769 1856 2840 βαρϐἀε

281 2871 397 2926 ρων
430 2855 909 2928 βουλευσαμένων,
961 2861 1231 2932 Ὀρχάνης
1283 2877 1344 2914 τε
1387 2861 1638 2915 ἐπείθετο
1679 2863 1773 2916 καὶ
1804 2863 1854 2914 οἱ

281 2947 472 3002 ἄλλοι·
507 2948 601 3002 καὶ
630 2949 875 3004 ἐδέδοκτο
903 2953 1087 3022 μένειν
1118 2952 1194 3016 ὡς
1237 2953 1297 3016 ἐς
1323 2955 1425 3022 τὴν
1457 2953 1753 3021 ὑστεραίαν
1786 2953 1854 3007 τὰ

285 3038 694 3109 βεϐουλευμένα
742 3041 1150 3108 ὲκτελέσοντας.
1203 3043 1301 3106 El;
1346 3042 1403 3097 δὲ
1448 3044 1508 3096 τὸ
1563 3044 1853 3114 Ῥωμαίων

281 3131 650 3201 στρατόπεδον
707 3131 843 3203 διῄει
901 3135 1081 3204 φήμη,
1149 3134 1226 3198 ώς
1282 3135 1545 3204 βασιλεὺς
1602 3138 1710 3191 ἀπὸ
1756 3136 1850 3190 τοῦ

277 3223 602 3292 τραύματος
657 3226 914 3294 πονήρως
964 3225 1098 3296 ἔχει,
1132 3229 1364 3299 καιρίως
1407 3228 1658 3299 πληγείς.
1692 3228 1848 3283 Ὅσοι
1876 3239 1921 3300 c

276 3317 334 3369 δὲ
371 3311 515 3386 ἦσαν
555 3318 638 3370 ετι
685 3320 778 3373 καὶ
826 3317 905 3388 τῷ
945 3318 1303 3389 πρεσϐυτέρῳ
1340 3319 1553 3390 βασιλεῖ
1593 3319 1851 3388 προσκεί-

237 3466 253 3485 '
280 3423 433 3475 μενοι
492 3408 594 3470 τὰς
653 3408 902 3479 γνώμας,
950 3409 1291 3480 διεφήμισαν
1340 3412 1415 3475 ὡς
1454 3411 1849 3482 τεθνηξόμενον

275 3502 402 3554 ὅσον
437 3501 652 3556 οὐδέπω
697 3503 926 3573 βασιλέα
950 3521 964 3535 ·
998 3502 1110 3556 εἴτε
1167 3502 1224 3556 δὲ
1274 3506 1369 3558 καὶ
1407 3503 1629 3574 ἀληθῶς
1672 3502 1848 3566 οῦτως

276 3593 421 3663 ἔχειν
472 3594 770 3664 οἰηθέντες,
819 3596 929 3648 εἴτε
962 3598 1058 3651 καὶ
1097 3595 1230 3666 πρὸς
1261 3595 1464 3666 ἔχθραν
1503 3597 1570 3650 τὰ
1615 3595 1846 3650 τοιαῦτα

272 3686 659 3757 διεθρύλησαν,
699 3687 756 3740 ἐν
804 3689 986 3758 ἀδήλῳ
1029 3687 1379 3758 κατελείφθη,
1430 3686 1523 3740 τοῦ
1577 3687 1847 3757 βασιλέως

277 3779 509 3848 ὕστερον
535 3777 621 3832 διά
647 3779 707 3832 τὸ
737 3779 812 3848 μὴ
835 3780 1012 3832 δοκεῖν
1051 3779 1152 3849 τῆς
1197 3780 1277 3842 είς
1310 3778 1660 3840 τὺνκπάππον
1682 3779 1844 3832 ἕνεκα

273 3873 492 3934 εὐνοίας
530 3872 833 3942 ἀμύνεσθαι
862 3874 1057 3936 αὐτοὺς
1099 3873 1470 3928 ἀϐασάνιστον
1513 3872 1843 3926 καταλιπόν-

272 3981 364 4028 τος
394 3965 455 4018 τὸ
485 3965 748 4020 τοιοῦτον.
786 3967 936 4030 Τέως
959 3961 1052 4020 οὖν
1080 3965 1406 4038 διεθρυλήθη
1458 3966 1591 4036 παρ’
1619 3966 1799 4018 αὐτῶν
1826 3981 1839 3994 °

273 4055 368 4107 καὶ
417 4055 534 4117 τοῖς
561 4056 624 4108 ὲκ
680 4055 977 4120 Βυζαντίου
1010 4055 1370 4126 στρατιώταις
1429 4055 1840 4122 συνεϐούλευον,

268 4146 367 4199 τοῦ
405 4147 772 4216 στρατοπέδου
810 4147 948 4218 πρὸς
974 4149 1075 4211 τὰς
1106 4148 1521 4218 παρακειμένας
1553 4148 1655 4216 τῆς
1684 4148 1844 4201 Βιθυο

270 4239 390 4304 νίας
457 4241 764 4310 ἀναχωρεῖν
827 4241 1052 4306 πόλεις’
1113 4241 1189 4304 ώς
1221 4241 1274 4294 εί
1307 4257 1357 4293 τι
1414 4241 1660 4310 συμϐαίη
1714 4245 1841 4311 περὶ

270 4333 500 4404 βασιλέα
552 4335 771 4387 πάντων
825 4335 1005 4388 αὐτῶν
1057 4333 1163 4389 ὑπὸ
1203 4337 1426 4406 Περσῶν
1472 4335 1839 4405 διαφθαρησο-

269 4428 454 4496 μένων
476 4443 490 4460 ·
533 4426 667 4480 ἔνιοι
695 4427 753 4480 δὲ
802 4427 1003 4493 αὐτῶν,
1045 4427 1137 4481 καὶ
1171 4429 1310 4497 πρὸς
1339 4429 1432 4480 τὸν
1476 4430 1651 4498 μέγαν
1679 4428 1839 4497 δομέ-

269 4537 456 4573 στικον
487 4519 758 4584 ἐλθόντες,
786 4515 874 4573 οἷα
902 4521 966 4589 δὴ
1004 4515 1150 4574 εὖνοι
1198 4520 1584 4574 συνεϐούλευον
1612 4523 1836 4588 ἀπαγα-

1982 657 2241 716 remptos,
2293 650 2447 718 quasi
2495 650 2546 704 in
2575 666 2794 705 manum
2851 655 3169 710 tradituros.
3212 658 3335 714 Ηίεο
3368 664 3439 716 ita
3484 681 3542 721 se

1978 736 2201 799 habere,
2235 754 2303 792 ne
2337 741 2458 793 illos
2498 741 2643 810 ipsos
2671 744 2889 812 quidem
2927 747 3221 815 Romanos,
3241 768 3362 808 ~usu
3411 755 3540 812 belli

1975 828 2168 883 doctos
2219 830 2392 883 videri
2449 831 2722 902 ignorare.
2779 833 3034 904 llclinqui
3084 838 3272 908 igitur,
3334 853 3391 897 ut
3449 847 3540 900 ubi

1976 921 2590 997 muntium~crepidines
2622 940 2717 979 seu
2741 935 2982 982 extrema
3009 930 3348 997 circuierint,
3371 953 3436 991 ex
3464 939 3543 992 al-

1975 1015 2087 1062 tera
2124 1018 2301 1078 parte.
2339 1026 2444 1080 qua
2480 1013 2734 1082 planities
2773 997 2875 1082 cst,
2927 1021 3080 1078 et.ad
3112 1025 3536 1092 aggrediendum

1974 1099 2356 1159 commoditas,
2382 1102 2665 1156 invadant.
2694 1104 2856 1175 220
2877 1107 3197 1180 Conjectare
3224 1124 3405 1167 autem
3426 1119 3544 1169 cui-

1971 1190 2055 1244 vis
2082 1190 2271 1253 licere,
2308 1192 2355 1246 si
2387 1194 2550 1258 volet,
2591 1179 2870 1250 donecilli
2894 1200 3232 1266 circuierint,
3263 1221 3420 1274 posse
3444 1223 3541 1263 eos

1970 1285 2036 1338 ad
2066 1286 2430 1342 munitissima
2470 1290 2587 1344 loca
2642 1290 2864 1344 interim
2893 1293 3236 1358 secedentes,
3266 1297 3416 1348 omni
3449 1314 3540 1350 va-

1969 1388 2094 1429 care
2148 1367 2345 1474 timo't-e
2391 1391 2554 1450 atque
2587 1381 2855 1450 periculo.
2913 1382 3187 1439 Accedere
3211 1359 3316 1440 hoc
3345 1389 3535 1452 etiam,

1969 1469 2112 1537 quod
2153 1469 2766 1565 non'illorumjtimore
2805 1475 3040 1542 perCnlsi
3104 1475 3290 1545 fugere
3318 1479 3400 1546 (in
3429 1494 3538 1548 quo

1968 1573 2181 1614 summa
2207 1561 2340 1616 insit
2369 1561 2670 1631 turpit'udo)
2699 1567 2794 1618 sed
2828 1567 3021 1633 peritia
3057 1568 3209 1623 ducis
3240 1570 3343 1631 usi,
3383 1586 3540 1625 secu-

1968 1650 2189 1706 ritatem
2237 1652 2354 1708 suis
2387 1668 2637 1724 quaerere
2673 1657 3030 1712 videbuntur.
3071 1658 3375 1736 Quosgero
3403 1678 3535 1716 cen-

1967 1751 2083 1797 tum
2136 1752 2397 1814 tanquam
2439 1747 2493 1800 in
2548 1750 2770 1816 specula
2823 1755 2968 1805 Stare
3027 1752 3228 1808 debere
3272 1754 3564 1816 dixerint.-

1967 1833 2355 1904 imperatorem
2388 1837 2515 1891 dum
2539 1841 2828 1895 accederet
2848 1842 3237 1911 observantes,
3268 1855 3534 1916 tumquo—

1957 1908 2072 1996 ‘qne
2108 1928 2254 1997 ἱρεος
2273 1943 2469 1984 secure
2501 1945 2838 1996 secessuros,
2863 1949 3001 2002 quos
3030 1945 3088 1990 ut
3121 1937 3223 1992 levi
3252 1952 3530 1994 armatura

1964 2017 2246 2087 praeditos,
2269 2028 2325 2074 et
2352 2019 2405 2073 in
2444 2021 2601 2090 equis
2643 2019 2930 2092 expeditis
2952 2041 3115 2081 nemo
3150 2029 3223 2082 sit
3249 2044 3536 2101 aggressu-

1963 2125 2077 2163 rus.
2102 2111 2214 2164 Hac
2246 2111 2491 2167 oratione
2513 2111 2750 2169 Orchani
2811 2116 3132 2186 ceterisque
3162 2122 3419 2177 manendi
3440 2138 3533 2178 vo-

1959 2200 2144 2255 luntas
2165 2201 2358 2272 injecta
2378 2212 2484 2266 "est,
2519 2205 2994 2278 decreveruntque
3019 2207 3108 2264 die
3133 2213 3382 2281 sequenti
3405 2230 3534 2269 con-

1959 2294 2102 2348 sulta
2129 2304 2410 2362 prmstare.
2447 2295 2656 2354 Interea
2701 2296 3072 2355 Romanorum
3115 2313 3298 2359 castra
3343 2323 3533 2362 rumor

1959 2387 2220 2452 pervasit,
2261 2388 2645 2457 imperatorem
2683 2405 2750 2445 ex
2780 2391 2967 2446 lethali
2997 2395 3222 2452 vulnere
3251 2397 3531 2455 laborare.

1957 2476 2286 2548 Quicunque
2313 2489 2492 2534 autent
2522 2481 2704 2536 adhuc
2757 2485 2963 2540 seniori
3000 2485 3274 2555 favetant,
3305 2492 3528 2563 jamjam

1959 2567 2198 2622 animam
2228 2569 2612 2624 exhalaturum
2642 2572 2987 2633 dictitabant.
3017 2579 3097 2632 An
3124 2581 3256 2649 quia
3297 2569 3530 2638 sic'esse

1956 2669 2235 2730 putarent,
2263 2677 2330 2716 an
2363 2677 2433 2718 ex
2485 2664 2610 2721 odio
2651 2667 2852 2722 famam
2898 2670 3055 2723 istam
3091 2684 3434 2743 spargerent,
3471 2677 3524 2730 in

1958 2753 2215 2821 ambiguo
2257 2755 2488 2821 mansit;
2541 2773 2666 2811 nam
2711 2758 3007 2824 imperator
3053 2767 3422 2834 postmodum,
3460 2787 3526 2825 ne

1955 2844 2102 2913 quod
2147 2861 2249 2900 avo
2290 2846 2429 2901 bene
2475 2849 2681 2926 vellent
2728 2865 2825 2906 eos
2858 2854 3134 2921 punivisse
3188 2857 3531 2915 existimare-

1957 2946 2067 3001 tur,
2111 2953 2225 2991 rem
2279 2939 2641 2994 indiscussam
2689 2943 2931 3014 reliquit.
2969 2945 3103 2999 Dum
3148 2948 3263 3004 haec
3304 2967 3400 3015 per
3432 2967 3525 3006 ora

1956 3026 2329 3091 volverentur,
2362 3029 2527 3083 etiam
2558 3031 2886 3103 Byzantinos
2924 3036 3126 3091 milites
3159 3039 3522 3109 impulerunt,

1956 3117 2036 3171 uti
2071 3133 2100 3172 e
2151 3121 2348 3174 castris
2376 3121 2427 3174 in
2470 3122 2633 3177 urbes
2674 3123 2940 3196 Bithyniae
2977 3128 3185 3184 vicinas
3218 3146 3277 3185 se
3308 3134 3524 3188 confer-

1956 3218 2122 3263 rent:
2160 3209 2384 3280 alioqui,
2414 3211 2457 3264 si
2497 3213 2625 3281 quid
2672 3214 2988 3271 lnnnanitus
3020 3218 3340 3288 imperatori
3380 3225 3524 3278 acci-

1934 3301 2124 3355 disset
2162 3300 2295 3372 (68),
2329 3317 2520 3357 omnes
2549 3319 2577 3357 a
2602 3305 2784 3362 Persis
2819 3310 3153 3364 trucidandi.
3185 3314 3421 3378 Quidam
3442 3317 3520 3369 in-

1953 3409 2117 3465 super
2142 3397 2303 3450 amici
2331 3397 2397 3451 ad
2433 3413 2686 3466 magnum
2712 3399 3071 3457 domesﬁcum
3102 3404 3368 3462 adeuntes
3396 3410 3520 3463 hor-

1953 3486 2227 3552 tabantur,
2264 3489 2493 3544 militem
2542 3490 2596 3543 in
2629 3491 2831 3560 oppida
2861 3494 3168 3565 propinqua
3198 3499 3516 3566 deduceret,

1954 3585 2211 3646 tanquam
2240 3579 2402 3646 malis
2446 3579 2658 3634 nuntiis
2711 3583 3097 3649 conterritum,
3147 3598 3202 3642 et
3249 3581 3396 3645 illico
3436 3603 3518 3645 tu-

1951 3670 2372 3724 multuaturum.
2435 3671 2746 3727 Domestico
2799 3688 2895 3730 eos
2956 3679 3276 3748 repellente,
3331 3685 3519 3740 multis

1949 3765 2210 3836 precibus
2238 3782 2429 3838 rogare
2465 3766 2804 3838 institerunt,
2838 3771 2916 3826 uti
2946 3778 3278 3830 sententiam
3321 3796 3512 3834 eorum

1948 3872 2074 3911 cum
2107 3857 2436 3929 imperatore
2479 3863 2925 3925 communicaret,
2953 3866 3215 3936 lieretque
3245 3872 3390 3938 quod
3437 3875 3514 3927 illi

1949 3951 2265 4021 placuisset.
2289 3949 2403 4006 Hoc
2421 3953 2800 4020 obtinuerunt,
2827 3957 3056 4025 quando
3071 3970 3125 4012 et
3160 3961 3248 4014 ille
3278 3963 3514 4033 impera-

1949 4053 2121 4097 torem
2150 4043 2280 4112 quid
2312 4054 2583 4113 ageretur,
2609 4046 2832 4100 omnino
2856 4051 3183 4104 monendum
3218 4055 3510 4109 sentiebat.

1946 4137 2202 4192 Protinus
2257 4138 2422 4199 vadit,
2476 4147 2533 4193 ut
2593 4140 2642 4193 ei
2707 4141 2942 4205 nuntiet,
2981 4144 3108 4211 quid
3155 4147 3445 4214 optimates
3479 4167 3509 4204 e

1945 4229 2224 4296 republica
2252 4228 2495 4283 futurum
2531 4231 2890 4285 arbitrentur.
2916 4233 3218 4304 Imperator
3246 4238 3299 4291 id
3329 4241 3506 4308 ipsum

1943 4321 2060 4376 fore
2077 4321 2560 4377 damnosissimum
2584 4326 2808 4390 ducere,
2823 4339 2922 4378 nec
2938 4326 3132 4380 leviter
3150 4333 3506 4395 stomachari,

1943 4429 2005 4469 ac
2033 4414 2329 4484 praecipere
2365 4417 2768 4485 quamprimum
2798 4431 2856 4471 se
2873 4417 2937 4471 ad
2961 4429 3174 4487 portam
3200 4431 3504 4479 castrorum

1941 4508 2231 4579 objiceret,
2279 4507 2482 4562 milites
2511 4509 2814 4574 cohiberet,
2841 4523 2905 4562 ac
2951 4511 3267 4580 neutiquam
3307 4515 3510 4569 tumul-

268 4615 385 4679 γείν
415 4615 510 4681 τὴν
541 4615 803 4681 στρατιὰν
829 4583 966 4683 πρὸξ
993 4613 1093 4676 τὰς
1124 4612 1356 4681 πλησίον
1397 4613 1578 4675 πόλεις
1628 4613 1702 4676 ὡς
1733 4583 1833 4683 ἤδη
1867 4607 1885 4664 Ι

1969 4599 2087 4656 uari
2138 4600 2432 4668 omniaque
2455 4597 2717 4653 confundi
2746 4583 2972 4663 s’ineret,
3010 4617 3077 4655 ne
3111 4604 3231 4658 sine
3257 4605 3511 4661 hostibus

265 4707 682 4774 τεταραγμένην
715 4705 821 4758 ὑπὸ
865 4705 965 4774 τῆς
1013 4707 1224 4775 φήμης,
1255 4709 1350 4760 καὶ
1398 4707 1519 4758 ὅσον
1549 4704 1703 4759 οὔπω
1739 4707 1834 4760 καὶ

265 4798 462 4868 ἀταξίᾳ
487 4801 834 4868 χρησομένην
867 4799 927 4856 Ὀ
954 4799 1010 4853 δὲ
1039 4799 1257 4852 ἀνένευέ
1280 4815 1337 4851 τε
1365 4798 1499 4869 πρὸς
1527 4797 1617 4850 τὸν
1648 4796 1828 4864 λόγον,

264 4892 360 4944 καὶ
399 4891 476 4961 μὴ
515 4889 894 4944 λυσιτελοῦντα
943 4891 1148 4960 ἔφασκε
1193 4889 1548 4959 βουλεύεσθαι
1610 4887 1833 4948 αὐτούς.

1946 4693 2051 4764 ipsi
2075 4690 2396 4760 semetipsos
2414 4691 2725 4759 perderent.
2754 4690 2853 4746 Ubi
2871 4695 2935 4745 ad
2957 4693 3164 4748 aditum
3199 4706 3506 4752 castrorum

1940 4793 2094 4848 venit
2126 4791 2297 4862 (venit
2329 4798 2535 4851 autem,
2581 4789 2657 4842 uti
2693 4790 3008 4845 mandatum
3056 4803 3192 4856 erat,
3221 4794 3455 4849 festinus
3489 4837 3506 4860 ,

1941 4891 2116 4939 totum
2149 4883 2452 4937 exercitum
2484 4882 2548 4934 ad
2587 4879 2764 4950 fugam
2813 4881 2866 4935 in
2904 4883 3066 4938 urbes
3099 4884 3505 4940 incumbentem

273 4984 364 5046 Ὠς
414 4984 471 5036 δὲ
505 4984 604 5036 οὐκ
655 4982 875 5036 ἔπειθον
923 4983 1097 5034 πολλά
1147 4982 1415 5053 δεόμενοι,
1469 4985 1563 5036 καὶ
1625 4981 1840 5053 βασιλεῖ

1967 4974 2167 5030 nveuit.
2200 4971 2333 5026 Nam
2359 4971 2644 5043 Byzantini
2681 4987 2746 5026 ne
2781 4981 3102 5042 exspectato
3147 4977 3364 5044 quidem
3389 4979 3506 5047 ejus

265 5077 578 5131 κοινοῦσθαι
608 5077 706 5148 τὴν
736 5075 963 5147 γνώμην
993 5075 1328 5139 ὑπετίθεντο,
1357 5076 1434 5138 ώς
1455 5077 1481 5128 ὃ
1510 5092 1561 5127 τι
1593 5075 1659 5128 ἂν
1683 5074 1834 5143 αὐτῷ

1967 5069 2110 5124 editu
2132 5067 2199 5122 ab
2223 5067 2550 5134 imperatore
2571 5067 2750 5134 (quem
2777 5065 2978 5120 obiisse
3007 5068 3324 5136 putabant),
3343 5071 3500 5139 221

263 5170 452 5240 δοκοίη
502 5167 982 5240 πραχθησομένου.
1021 5164 1193 5220 Τοῦτο
1235 5161 1334 5236 μὲν
1366 5165 1430 5236 δὴ
1482 5165 1698 5218 ἔπειθον
1733 5166 1855 5228 citi-~

1967 5161 2301 5219 tabernaculis
2359 5175 2482 5212 rum
2510 5160 2658 5211 omni
2725 5158 3090 5213 instrumento
3141 5162 3390 5228 sublatis,
3435 5166 3501 5217 ad

1497 5311 1712 5373 Jacobi
1763 5310 2024 5373 Pontani
2057 5312 2237 5368 Ποία).

1943 5461 2115 5503 mana!
2169 5444 2454 5508 conditio,
2518 5453 2578 5498 ut
2630 5459 2656 5495 a
2697 5451 2871 5495 morte
2909 5457 3184 5511 nunquam
3243 5450 3355 5496 tuta
3409 5442 3500 5495 sit.

333 5458 446 5524 (68)
509 5457 931 5516 Demosthenes,
987 5456 1036 5507 εί.
1100 5453 1294 5508 παθεῖν
1349 5455 1397 5507 τί
1466 5469 1558 5520 μοι
1606 5452 1828 5532 συνέϐη,

335 5528 464 5583 (llud
490 5528 614 5580 mihi
641 5528 961 5583 contiqisset.
993 5525 1048 5578 id
1079 5533 1182 5583 est.
1211 5525 1259 5579 'si
1296 5537 1546 5581 mortuus
1575 5522 1826 5583 lurssem,

1967 5461 2115 5503 naua!
2169 5452 2454 5508 conditio,
2518 5453 2578 5498 ut
2630 5459 2656 5495 a
2697 5452 2871 5495 morte
2909 5457 3184 5511 nunquam
3243 5452 3355 5496 tuta
3409 5453 3500 5495 Sll.

1967 5519 2109 5573 [abet
2143 5530 2274 5583 ergo
2302 5520 2528 5567 verbum
2566 5515 2758 5578 πάσχω
2793 5512 2996 5583 Gr.I-cis
3036 5513 3196 5583 modo
3229 5512 3501 5581 optativo,

260 5531 306 5581 si
335 5522 464 5598 quid
487 5528 614 5598 mihi
641 5528 961 5598 contigisset,
993 5525 1048 5598 id
1079 5533 1182 5587 est,
1211 5525 1259 5579 'si
1296 5537 1546 5598 mortuus
1575 5522 1826 5598 luissem,

259 5590 538 5672 quomodo
564 5606 650 5672 _et_
670 5590 862 5672 Cicero
896 5595 1142 5672 loquitur
1163 5635 1177 5657 ,
1212 5611 1312 5663 pro
1345 5595 1542 5650 Milone
1559 5609 1588 5672 ,ξ
1616 5591 1681 5672 Si
1708 5590 1834 5672 quid

262 5659 390 5720 mihi
424 5666 673 5720 acciderit
697 5659 1058 5742 priusuqu'ant
1090 5667 1183 5718 hoc
1215 5659 1430 5742 tantum
1462 5659 1588 5742 ntuli
1635 5659 1831 5742 videro.

265 5736 331 5789 Et
365 5752 428 5799 tt,
481 5731 796 5810 peninvent
824 5751 836 5787 :
957 5737 1089 5810 quid
1119 5734 1344 5810 j’lllﬁl‘lo
1395 5733 1686 5810 accidisset.
1715 5731 1785 5810 .l‘n
1822 5746 1834 5781 I

266 5817 448 5859 autem
480 5805 780 5872 Philippica
812 5821 826 5856 :
864 5802 920 5856 Si
964 5801 1089 5873 quid
1115 5807 1236 5858 mihi
1272 5805 1574 5858 humanitus
1616 5801 1838 5873 accidis-

262 5884 371 5941 set,
404 5875 459 5930 id
493 5883 597 5941 est,
625 5870 695 5928 ut
739 5870 1080 5929 hominiIEa
1112 5883 1194 5929 cst
1242 5883 1420 5930 autem
1481 5881 1687 5926 naturae
1738 5870 1836 5922 bu-

1933 5581 2231 5658 particulis'
2278 5587 2330 5636 εἰ
2356 5603 2407 5635 τι
2467 5583 2905 5658 prseccdentibus
2946 5581 3273 5658 singularem
3310 5597 3504 5650 quam-

1935 5651 2056 5711 dam
2119 5655 2363 5724 patiendi
2419 5653 2872 5724 signiﬁcationem
2943 5651 3199 5705 videlicet
3243 5662 3498 5704 mortem.

1935 5729 1990 5780 In
2034 5742 2081 5779 Iv
2113 5721 2430 5779 Catilinaria
2459 5724 2594 5775 dixit
2620 5740 2632 5773 :
2658 5721 2712 5774 Si
2745 5725 2869 5789 qui-'1
2911 5724 3031 5777 mihi
3059 5724 3320 5790 obligem,
3350 5737 3501 5789 ωιμιυ

1937 5797 2113 5849 animo
2133 5795 2654 5863 paratoqnemoriar.
2678 5793 2742 5846 Et
2771 5794 2824 5846 in
2855 5793 3142 5845 Maniliana
3165 5791 3251 5846 :Si
3285 5793 3406 5862 quid
3439 5807 3500 5844 eo

1941 5867 2241 5934 (Pompeio)
2280 5865 2473 5932 factum
2515 5875 2660 5914 esset.
