4250 6444
257 395 362 457 465

1404 394 1952 454 HlSTURIARUM
1991 396 2219 458 LIBER
2259 400 2341 456 ll.
2583 433 2590 458 ι
2913 461 2919 472 Ι
3389 401 3472 453 uti

257 509 308 558 οἱ
337 507 420 568 είς
449 504 619 574 αὐτὴν
649 505 917 569 ἐλθόντες,
951 505 1076 556 ἐπεὶ
1115 503 1316 572 συνέϐη
1351 505 1410 556 τὸ
1445 501 1694 570 κλέῑθρον
1723 503 1826 572 τῆς
1859 509 1899 564 Α
1934 525 1935 532 η

1813 520 1826 563 ἰ
1859 509 1899 564 Α
1934 523 2111 576 pugna
2140 509 2356 577 equites
2401 522 2463 562 ac
2499 509 2713 576 pedites
2743 509 2903 562 simul
2931 525 3120 561 (nntius
3160 519 3367 578 septem
3401 529 3491 564 su-

257 595 438 666 πύλης
461 595 784 660 ἀπολέσθαι,
816 597 1022 666 ἀναμὶξ
1051 595 1285 655 ἑστῶτες
1315 595 1453 662 μετὰ
1491 594 1602 646 τῶν
1633 611 1826 648 σκευο-

257 689 464 756 φόρων,
493 689 568 752 ῶς
591 691 639 742 οἱ
673 689 882 757 Πέρσαι
929 689 1032 758 ήδη
1061 686 1354 754 κατάδηλοι
1385 681 1527 756 ἦσαν
1551 686 1823 750 ἐπιόντες,
1856 711 1873 744 r

258 781 452 848 πρῶττ
498 783 595 850 μὲν
641 782 740 834 οὐκ
787 781 1135 850 ἠδυνήθησαν
1176 781 1254 842 εἰς
1284 777 1438 843 τάξιν
1485 779 1826 844 καταστῆναι

259 874 356 927 καὶ
383 873 698 940 ἀμύνασθαι
727 876 854 936 τοὺς
883 871 1220 943 βαρϐάρους,
1259 871 1594 939 κωλυόμενοι
1629 870 1738 924 ὑπό
1768 887 1828 922 τε

258 981 374 1016 των
394 962 719 1033 ἀχθοφόρων
752 963 849 1016 καὶ
877 962 970 1016 τοῦ
1005 961 1166 1016 ἄλλου
1200 959 1473 1014 οίκετικοῦ
1497 961 1830 1030 ἀναπεφυρ-

263 1056 430 1124 μένον
471 1057 672 1117 αὐτοῖς.
717 1055 871 1108 Ἐπεὶ
919 1054 974 1108 δὲ
1021 1052 1442 1123 τῶν-κλείθρων
1481 1053 1828 1124 εὑρημένων,

261 1145 618 1216 ἀνεῴχθησαν
650 1147 706 1199 ai
738 1147 924 1210 πύλαι,
967 1148 1018 1200 oi
1073 1145 1293 1208 πλείους
1343 1145 1530 1216 ἀθρόοι
1560 1145 1832 1214 ὥρμησαν

263 1239 418 1299 ἐντὸς
453 1237 648 1292 ἐλθεῖν.
699 1239 996 1306 Γενομένου
1031 1237 1086 1290 δὲ
1139 1236 1388 1307 ὠθισμοῦ
1439 1235 1636 1290 πολλοῦ
1687 1237 1832 1290 κατά

261 1329 365 1396 τὴν
395 1329 618 1392 sia-060v,
673 1331 766 1382 καὶ
809 1329 1250 1398 συνθλιϐομένων
1307 1331 1400 1384 ὑπ’
1452 1329 1700 1400 ἀλλήλων
1737 1329 1831 1382 καὶ

265 1421 766 1488 συμπατουμένων,
797 1421 1069 1474 ἀπέθανον
1103 1422 1202 1492 μὲν
1229 1425 1378 1492 τρεῖς
1409 1423 1548 1474 κατά
1581 1421 1678 1484 τὰς
1728 1421 1835 1474 πύ-

263 1510 386 1572 λας,
419 1512 527 1563 τῶν
568 1510 743 1566 ἀλλων
777 1513 1154 1577 εἰσελθόντων,
1189 1513 1294 1578 ἔξω
1320 1513 1376 1566 δὲ
1423 1513 1526 1566 ὑπὸ
1555 1513 1664 1566 τῶν
1695 1511 1834 1582 βαρο

265 1603 454 1672 ὗὰρων
515 1604 606 1658 δύο
655 1606 756 1674 μὲν
812 1607 1085 1660 ἀπέθανον
1131 1609 1224 1660 καὶ
1263 1608 1555 1675 τριάκοντα
1583 1621 1596 1637 ·
1655 1607 1716 1671 ἐξ
1763 1600 1838 1660 ὧν

263 1692 410 1764 ἦσαν
433 1697 527 1750 δύο
555 1699 664 1752 τῶν
693 1701 1002 1768 ἐπιφανῶν,
1027 1700 1286 1771 Μανουὴλ
1320 1703 1348 1754 ὁ
1391 1699 1836 1768 Ταρχανειὼτης,

268 1787 366 1837 καὶ
394 1787 422 1839 ὁ
449 1789 900 1859 Καντακουζηνδς
923 1791 1258 1862 Νικηφόρος,
1289 1791 1382 1844 τοῦ
1413 1790 1650 1860 μεγάλου
1675 1791 1838 1860 δομε-

269 1875 462 1930 στίκου
485 1880 576 1930 xal.
602 1880 898 1950 ἀμφότεροι
925 1883 1284 1952 τυγχάνοντες
1316 1882 1525 1951 ἀνεψιοί
1547 1898 1560 1913 ο
1594 1881 1840 1935 ἑάλωσαν

267 1968 326 2020 δὲ
351 1971 446 2022 καὶ
472 1969 670 2034 ζῶντες
718 1975 1056 2042 πεντήκοντα
1075 1977 1170 2028 καὶ
1193 1975 1386 2026 ἑκατόν
1409 1991 1422 2004 ·
1449 1967 1524 2026 ὢν
1549 1975 1600 2026 οἱ
1623 1973 1840 2036 πλείους

272 2059 338 2108 ἐκ
363 2061 472 2110 τῶν
501 2061 920 2130 ὑπηρετούντων
949 2068 1060 2126 τοῖς
1090 2063 1450 2134 στρατιώταις
1482 2059 1841 2133 ἧσαν.¹Ἱπποι

267 2149 324 2202 δὲ
361 2153 410 2204 οἱ
459 2154 851 2224 ἀφαιρεθέντες
915 2156 1168 2225 ἐγένοντο
1215 2157 1290 2220 ὼς
1335 2153 1705 2227 τετρακόσιοι.
1753 2157 1842 2208 'E-

268 2259 437 2295 πειτα
464 2245 512 2297 οἱ
544 2245 694 2300 ἄλλοι
721 2249 1149 2320 συστραφέντες,
1183 2249 1600 2317 συνεπλάκησαν
1639 2266 1696 2302 τε
1729 2252 1841 2311 τοῖς

1929 614 2026 667 pra
2074 599 2436 668 quadraginta
2499 601 2920 662 occubuerunt,
2985 609 3040 654 et
3069 601 3134 654 ad
3189 609 3496 656 extremum

1929 703 2158 758 magnus
2187 690 2544 746 lietreriarcha
2579 691 2944 770 Exotroclius,
2972 709 3135 760 quem
3169 709 3277 747 non
3313 711 3341 748 a
3383 695 3504 748 bar-

1927 783 2081 842 baro’.
2125 783 2218 836 sed
2255 780 2498 836 Romano
2559 785 2744 854 aliquo
2795 783 2962 838 ictum
3019 785 3344 850 ferebatur;
3382 789 3500 841 sive

1929 874 2074 943 quod
2111 889 2236 928 eum
2271 890 2379 928 non
2421 885 2744 945 agnosceret
2793 877 2920 944 (jam
2949 877 3095 930 enim
3127 893 3234 930 nox
3263 878 3502 932 interve—

1929 967 2132 1034 nerat),
2168 967 2284 1022 sive
2317 968 2463 1036 quod
2511 969 2579 1022 ob
2611 969 2899 1022 dissidium
2927 970 3112 1024 nescio
3141 972 3302 1038 quale
3333 985 3390 1024 se
3421 971 3506 1024 ul-

1931 1059 2060 1113 cisci
2086 1059 2272 1118 vellet,
2300 1058 2542 1113 tenebris
2565 1059 2891 1115 maleﬁcium
2947 1063 3372 1117 occultantibus.
3400 1063 3505 1118 Su-

1931 1150 2107 1218 spicio
2139 1151 2244 1204 l'uit
2265 1166 2293 1204 a
2327 1151 2571 1205 Romano
2601 1151 2975 1210 vulneratum.
3013 1154 3139 1222 quia
3169 1155 3348 1208 Persa:
3386 1165 3500 1208 tum

1936 1249 2298 1303 recesserant,
2339 1241 2562 1310 quando
2592 1241 2709 1310 ipse
2745 1250 2907 1310 caput
2945 1243 3125 1312 gladio
3158 1243 3416 1301 diﬂissus,
3442 1259 3504 1296 ac

1936 1333 2166 1386 cerebro
2199 1341 2442 1402 patente,
2475 1333 2774 1386 etiamnum
2805 1335 2858 1388 in
2900 1350 3064 1404 equo,
3098 1335 3215 1388 sine
3244 1351 3378 1388 voce
3419 1335 3502 1388 in—

1937 1432 2128 1479 ventus
2153 1433 2258 1487 est,
2293 1439 2394 1478 nec
2420 1425 2512 1478 diu
2535 1426 2908 1492 pnstanimam
2943 1425 3234 1480 exhalavit.
3265 1427 3367 1480 Per
3403 1427 3509 1482 alia

1938 1528 2102 1583 porro
2135 1513 2332 1583 oppida
2365 1513 2648 1582 dispersus
2677 1500 2953 1568 Romaan
2987 1514 3280 1576 exercitus,
3311 1514 3507 1568 eodem

1937 1606 2025 1660 die
2043 1606 2268 1660 velutex
2286 1606 2586 1674 composito
2599 1605 2954 1660 Philocrenen
2975 1606 3252 1668 convenit,
3271 1605 3511 1674 indeque

1938 1713 2048 1754 non
2079 1697 2266 1766 procul
2297 1713 2324 1750 a
2349 1697 2544 1751 castris
2582 1697 2855 1752 Orctianis
2897 1705 3264 1756 transeuntes.
3290 1695 3506 1750 tSCuta-

1941 1793 2082 1846 rium
2111 1799 2482 1848 accesserunt.
2515 1800 2568 1843 et
2593 1789 2911 1858 Byzantium
2943 1789 3112 1842 libere
3146 1788 3505 1854 traiecerunt,

1947 1883 2090 1937 unde
2122 1881 2188 1936 ad
2213 1897 2342 1936 suos
2356 1882 2588 1950 quisque
2614 1881 2755 1936 lares
2780 1881 3062 1935 remeavit.
3086 1881 3388 1949 Imperator
3411 1893 3505 1932 eos

1947 1973 2040 2042 qui
2065 1971 2134 2027 de
2164 1981 2338 2028 morte
2367 1987 2465 2026 sua
2491 1973 2545 2026 in
2577 1973 2772 2026 castris
2797 1971 3034 2026 fabulam
3061 1973 3508 2028 disseminarant.

1947 2063 2194 2120 Criminis
2208 2063 2498 2119 damnabat
2520 2064 2610 2118 ille
2625 2065 2842 2134 quidem
2854 2107 2866 2130 ,
2889 2079 3325 2134 magnopereque
3347 2077 3515 2116 accu-

1947 2157 2123 2220 sabat,
2153 2169 2262 2209 non
2295 2165 2474 2216 tamen
2515 2171 2614 2224 pro
2635 2155 2830 2209 merito
2861 2156 3144 2222 multabat,
3172 2155 3378 2210 veritus
3414 2154 3520 2208 sci-

1947 2249 2096 2313 licet,
2126 2263 2195 2304 ne
2233 2247 2362 2302 odio
2385 2248 2468 2302 avi
2496 2249 2546 2302 id
2575 2248 2756 2303 facere
2787 2249 3088 2305 videretur.

267 2333 601 2405 βαρϐάροις,
633 2340 727 2392 καὶ
765 2339 1098 2396 ἀπέκτειναν
1129 2340 1187 2407 ἐξ
1223 2340 1405 2394 αὐτῶν
1472 2339 1644 2409 όλίγῳ
1700 2339 1914 2401 δέοντας
1955 2340 2271 2394 διακοσίων.
2314 2341 2578 2409 Ὀρέάνης
2611 2339 2666 2393 δὲ
2714 2341 2858 2410 ὁρῶν
2905 2343 3007 2412 ήδη
3042 2341 3168 2403 τοὺς
3211 2337 3518 2408 Ῥωμαίους

267 2424 678 2494 ἀμυνομένους,
721 2429 796 2498 μὴ
834 2431 1132 2499 δυνάμενός
1162 2449 1214 2484 τι
1253 2432 1450 2499 δράσαι
1483 2430 1666 2493 πλέον,
1703 2431 1961 2500 ἀπήγαγέ
1989 2449 2048 2485 τε
2083 2430 2186 2502 τὴν
2255 2433 2516 2502 στρατιὰν
2579 2433 2682 2501 τῆς
2724 2433 3064 2502 Φιλοκρήνης
3089 2473 3103 2498 ,
3173 2431 3270 2484 καὶ
3319 2433 3518 2500 ἐστρα-

267 2521 604 2577 τοπέδευσεν
633 2526 766 2578 ἐκεῖ.
806 2525 1065 2580 Τοσοῦτοι
1117 2527 1218 2598 μὲν
1261 2528 1534 2581 ἀπέθανον
1565 2528 1707 2579 κατά
1745 2527 1844 2597 τὴν
1881 2526 2224 2596 Φιλοκρήνην
2269 2525 2364 2580 καὶ
2437 2525 2685 2579 ἑάλωσαν
2763 2526 2984 2590 ζῶντες.
3019 2527 3097 2596 Τῇ
3131 2523 3432 2594 προτεραίᾳ
3461 2521 3519 2574 δὲ

269 2615 420 2668 κατὰ
447 2615 544 2679 τὰς
579 2619 758 2687 μάχας
785 2619 834 2671 οἱ
877 2619 1200 2690 σύμπαντες
1243 2619 1516 2674 ἀπέθανον
1589 2621 1774 2682 ἱππεῖς
1816 2636 1874 2672 τε
1918 2621 2011 2671 κοιλ⁸
2077 2618 2252 2684 πεζοὶ,
2311 2620 2455 2673 ἑπτὰ
2501 2621 2594 2674 καὶ⁵
2624 2622 3040 2689 τεσσαράκοντα
3067 2637 3082 2652 ο
3141 2621 3232 2673 καὶ
3267 2620 3295 2671 ὁ
3343 2620 3520 2688 μέγας

267 2708 666 2782 ἐταιρειάρχης
731 2711 1068 2782 Ἐξώτροχος
1142 2714 1284 2766 κατά
1347 2713 1445 2784 τήν
1517 2713 1834 2766 τελευταίαν
1877 2713 2238 2783 συμπλοκήν·
2271 2713 2331 2777 ὃς
2397 2716 2492 2768 καὶ
2551 2713 2772 2782 ἐλέγετο
2799 2715 2898 2784 οὐχ
2927 2713 3030 2766 ὑπὸ
3065 2713 3369 2784 βαρϐάρου,
3404 2709 3520 2764 ἀλλ’

267 2799 382 2852 ὑπὸ
450 2801 726 2872 Ῥωμαίου
791 2803 934 2868 τινος
983 2806 1276 2875 πληγῆναι,
1347 2805 1458 2858 εἴτε
1519 2805 1886 2875 ἀγνοήσαντος
1927 2805 2088 2859 αὐτὸν
2143 2805 2266 2877 (ήδη
2302 2805 2413 2876 γάρ
2465 2805 2766 2860 ἐπελάϐετο
2811 2808 2842 2875 ή
2897 2805 3040 2875 νὺξ),
3104 2807 3213 2858 εἴτε
3251 2806 3344 2859 καὶ
3378 2807 3520 2856 κατά

265 2910 400 2946 τινα
429 2894 692 2964 διαφορὰν
722 2897 1096 2966 ἀμυνομένου,
1135 2897 1225 2950 τοῦ
1266 2899 1494 2958 σκότους
1543 2900 2082 2968 ουνεπικρύπτοντος
2147 2897 2248 2968 τὴν
2312 2898 2674 2968 κακουργίαν.
2726 2897 3096 2968 ’Υπωπτεύθη
3136 2897 3190 2950 δὲ
3237 2897 3343 2950 ὑπο
3381 2897 3522 2948 Ῥω-

272 2989 444 3059 μαίου
476 2990 768 3060 πληγῆναι,
802 2993 882 3045 ὃτι
909 2992 1400 3062 ἀνακεχωρηκότες
1427 2989 1526 3061 ήδη
1588 2991 1638 3043 oi.
1706 2991 1913 3060 Πέρσαι
1950 2985 2114 3060 ἦσαν,
2151 2989 2242 3043 ὅτε
2265 2991 2472 3053 ἐκεῖνος
2502 2992 2599 3062 τὴν
2625 2993 2872 3064 κεφαλὴν
2905 2991 3102 3063 εὑρέθη
3131 2991 3524 3059 πεπληγμένος

271 3087 448 3154 ξίφει,
477 3087 712 3154 ἔφιππος
741 3088 821 3139 ἔτι
855 3087 950 3141 ὥν.
995 3086 1236 3158 Ἀφωνίᾳ
1277 3087 1332 3140 δὲ
1408 3086 1742 3157 κατεσχέθη,
1792 3086 1889 3140 τοῦ
1929 3086 2235 3155 ἐγκεφάλου
2271 3085 2562 3158 ἁψαμένης
2631 3087 2730 3156 τῆς
2771 3089 3009 3159 πληγῆς,
3053 3089 3143 3141 καὶ
3201 3087 3522 3156 ἐτελεύτησε

273 3181 422 3247 μετᾶ
465 3179 681 3249 μικρόν.
739 3179 806 3232 Ἥ
845 3180 1028 3248 μέντοι
1077 3178 1221 3231 κατά
1271 3177 1372 3240 τάς
1423 3177 1594 3240 ἄλλας
1657 3177 1847 3240 πόλεις
1885 3177 2314 3248 διεσκεδασμένη
2382 3163 2614 3248 στρατιά
2666 3179 2958 3247 Ῥωμαίων
2983 3179 3081 3248 τῆς
3114 3180 3285 3248 αὐτῆς
3311 3181 3522 3246 ἡμέρας

269 3275 471 3344 ῶσπερ
500 3276 564 3327 ὲκ
635 3273 980 3345 συνθήματος
1043 3273 1125 3336 είς
1162 3271 1504 3342 Φιλοκρήνην
1549 3270 1919 3336 συνελθόντες,
1961 3269 2174 3324 ἐκεῖθέν
2203 3287 2261 3323 τε
2284 3271 2345 3323 οὐ
2374 3273 2507 3324 πολὺ
2540 3271 2760 3326 ἄπωθεν
2781 3271 2876 3325 τοῦ
2903 3274 3265 3342 στρατοπέδου
3285 3271 3522 3342 Ὁρχάνη

273 3373 596 3440 παριόντες,
619 3365 784 3439 ἦλθον
810 3373 888 3432 είς
917 3370 1276 3436 Σκουτάριον,
1302 3368 1397 3420 καὶ
1425 3367 1846 3438 ἐπεραιώθησαν
1887 3369 1966 3432 είς
2036 3365 2332 3430 Βυζάντιον
2403 3366 2593 3430 ἀδεῶς,
2640 3366 2848 3418 ἐκεῖθέν
2891 3383 2948 3416 τε
2990 3361 3348 3434 ἀνεχώρησαν
3391 3363 3518 3412 Em-

277 3481 412 3529 στος
443 3466 512 3520 ὲπ
562 3467 734 3522 οἴκου.
769 3463 1036 3530 Βασιλεὺς
1085 3465 1142 3519 δὲ
1172 3463 1296 3526 τοὺς
1332 3465 1414 3526 είς
1460 3462 1524 3516 τὺ
1575 3463 1942 3532 στρατόπεδον
2002 3461 2504 3532 διαθρυλλήσαντας
2559 3459 2634 3522 ὡς
2707 3459 3016 3528 ἐτεθνήκει,
3075 3459 3131 3510 ἐν
3187 3457 3390 3518 αἰτίαις
3424 3458 3523 3523 μὲν

274 3562 578 3630 ἐποιήσατο
634 3561 732 3613 καὶ
785 3561 1134 3636 κατηγόρησε
1193 3561 1384 3626 πολλὰ,
1443 3557 1626 3613 οὐκέτι
1682 3559 1739 3612 δὲ
1797 3559 1890 3610 καί⁸
1930 3557 2315 3626 ἐτιμωρήσατο
2373 3553 2538 3618 ἀξίως
2585 3555 2686 3623 τῆς
2745 3552 3088 3624 κακουργίας
3146 3551 3378 3616 ἑαυτῶν,
3411 3551 3522 3604 δέει

275 3653 380 3708 τοῦ
437 3653 514 3724 μὴ
565 3653 743 3706 δοκεῖν
796 3653 874 3724 τῷ
906 3655 1040 3725 πρὸς
1083 3654 1174 3708 τὸν
1206 3653 1434 3708 πάππον
1491 3653 1586 3707 καὶ
1619 3653 1846 3723 βασιλέα
1887 3650 2034 3724 ἔχθει
2066 3647 2370 3718 ἀμύνεσθαι
2402 3647 2619 3709 αὐτούς.

1727 3800 1952 3856 CAPUT
1992 3800 2084 3858 1X.
2161 3814 2176 3823 ‘

274 3917 317 3970 Α
333 3932 450 3968 mar
481 3917 812 3990 imperatoris
845 3917 900 3970 in
931 3933 1180 3990 magnum
1216 3919 1552 3990 domesticum
1591 3918 1910 3972 incredibilis
1953 3921 2266 3990 exprimitur
2310 3923 2504 3976 denuo.
2557 3921 2781 3974 Docctur
2816 3920 3142 3990 quantopere
3175 3913 3520 3990 contendet“.

357 3995 414 4040 ut
440 4002 557 4038 eum
590 3988 796 4054 imperii
821 3985 1110 4042 consortem
1135 3989 1382 4052 haberet;
1415 4006 1564 4058 quem
1596 3997 1770 4040 tamen
1799 3985 2048 4042 honorent
2091 3989 2180 4044 ille
2211 4003 2515 4044 constanter
2539 3993 2691 4044 toties
2715 3985 3042 4058 repudiarit,
3086 4007 3204 4042 cum
3237 3985 3434 4053 alioqui
3467 4001 3521 4040 ne

349 4061 470 4129 ipsa
513 4073 702 4129 parum
732 4060 944 4110 omnino
988 4059 1051 4110 ab
1083 4059 1402 4129 imperatore
1446 4060 1698 4126 differret,
1740 4059 2165 4128 quandoquidem
2201 4077 2354 4129 penes
2387 4078 2502 4112 cum
2550 4070 2662 4113 erat
2695 4069 2806 4112 tota
2855 4061 3060 4128 imperii
3107 4061 3521 4112 administratio.

355 4127 462 4249 εἴα
493 4129 642 4180 certis
667 4127 730 4178 de
754 4129 982 4250 causisda
1015 4127 1222 4208 nomine
1245 4140 1292 4183 et
1323 4129 1609 4199 insignibus
1655 4127 1944 4194 abstinuit;
1969 4127 2097 4198 qua:
2137 4127 2338 4198 tanien,
2381 4141 2436 4183 ut
2473 4131 2753 4184 vidcoimus
2787 4127 3129 4196 tibrortertio,
3159 4133 3320 4182 etiam
3353 4138 3524 4182 curtus

356 4212 388 4246 ο
449 4211 637 4250 causas
680 4206 856 4250 postea
889 4213 920 4250 a
963 4199 1121 4250 misit.

356 4197 418 4249 ob
449 4211 637 4250 causas
677 4206 856 4264 postea
889 4197 1121 4250 admisit.

371 4315 594 4385 Ὀλίγας
651 4319 709 4370 δὲ
754 4317 1110 4388 ἐνδιατρίψας
1137 4319 1356 4389 ἡμέρας
1403 4317 1704 4387 Βυζαντίῳ,
1733 4318 1858 4370 ἐπεὶ
1885 4321 1930 4382 C
2037 4319 2049 4373 Ι

1846 4321 1930 4382 iC
2037 4319 2238 4374 Diebus
2271 4337 2378 4374 non
2434 4320 2573 4374 adeo
2613 4321 2800 4374 multis
2855 4319 3096 4388 Byzantii
3129 4333 3524 4380 commoratus.

277 4409 386 4464 καὶ
411 4411 439 4461 ὁ
473 4409 646 4479 μηρὸς
689 4409 838 4478 αὐτῷ
872 4410 978 4463 ἀπὸ
1014 4408 1106 4462 τοῦ
1139 4408 1451 4479 τραύματος
1479 4405 1626 4477 εἶχεν
1655 4409 1852 4476 ὑγιῶς,

277 4502 522 4570 ἐξελθὼν
545 4500 709 4573 ἦλθεν
737 4503 818 4564 εἰς
848 4502 1230 4571 Διδυμότειχον
1253 4504 1348 4554 καὶ
1371 4503 1438 4556 τὰ
1463 4505 1593 4570 περὶ
1635 4503 1856 4570 Ἀδρια-
1902 4509 1910 4520 '

277 4596 402 4649 νοῦ.
439 4593 744 4662 Διατρίϐων
801 4593 858 4646 δὲ
923 4593 1074 4657 ἐκεῖ,
1123 4592 1216 4644 καὶ
1255 4593 1482 4646 πάντοτε
1538 4590 1638 4659 μὲν
1685 4590 1856 4659 ἡδέως

277 4683 402 4754 εἶχε
437 4684 515 4755 τῷ
553 4684 774 4754 μεγάλῳ
797 4683 1103 4752 δομεστίκῳ
1141 4685 1377 4736 συνεῖναι
1409 4681 1502 4736 καὶ
1527 4681 1760 4749 ὁμιλεῖν,
1779 4680 1854 4743 ὠς

279 4779 388 4831 καὶ
417 4775 768 4845 διημερεύειν
793 4775 992 4837 αὐτοὺς
1015 4774 1272 4837 πολλάκις
1302 4775 1394 4826 καὶ
1411 4773 1856 4842 διανυκτερεύειν

279 4874 354 4922 ὲν-
377 4871 500 4930 ταῖς
529 4868 792 4936 ὁμιλίαις*
824 4869 918 4919 καὶ
948 4867 1071 4920 τότε
1098 4867 1154 4919 δὲ
1203 4867 1409 4934 ὁμιλῶν
1441 4867 1591 4935 αὐτῷ
1629 4867 1729 4935 τῆς
1755 4868 1856 4938 ἀρ-

279 4961 447 5031 χαίας
471 4977 528 5012 τε
562 4959 972 5028 ἀνεμίμνησκεν
999 4957 1162 5011 αὐτὸν
1192 4956 1326 5026 πρὸς
1347 4957 1612 5027 ἀλλήλους
1648 4958 1851 5025 φιλίας,

276 5055 386 5107 καὶ
431 5053 530 5120 τῆς
583 5052 868 5118 κατάκρας
905 5049 1222 5116 συναφείας,
1281 5048 1381 5100 οὐκ
1453 5051 1511 5100 ὲν
1568 5049 1852 5118 παρέργῳ,

275 5145 426 5199 ἀλλὰ
477 5144 612 5211 μετά
663 5148 810 5204 τινος
863 5140 1146 5210 φροντίδος
1197 5141 1294 5193 καὶ
1349 5140 1584 5208 σπουδῆς
1613 5177 1627 5202 ,
1658 5141 1751 5193 καὶ
1780 5137 1855 5194 ὢν

281 5237 476 5308 μικρῷ
507 5235 744 5304 πρόσθεν
771 5236 987 5304 εἰρήκει
1023 5233 1160 5303 προς
1205 5233 1392 5297 αὐτδν,
1428 5233 1516 5286 ὅτε
1551 5233 1679 5302 περὶ¹
1723 5235 1856 5303 Συρ-

275 5333 484 5398 γιάννη
517 5331 690 5381 ὲδεϊτο
736 5329 836 5396 τῆς
890 5327 1117 5398 εἱρκτῆς
1149 5326 1515 5396 ἀπολυθῆναι,
1547 5326 1621 5388 ὼς
1647 5325 1760 5378 οὔτ’
1789 5327 1856 5380 ἂν

275 5423 373 5492 εἴη
400 5439 456 5474 τι
484 5421 591 5472 τῶν
628 5421 843 5473 πάντων
873 5419 902 5472 ὃ
929 5419 1071 5472 κατά
1096 5417 1324 5487 γνώμην
1356 5418 1504 5487 αὑτῴ
1539 5419 1854 5490 πραχθῆναι

274 5515 342 5566 ὂι
391 5513 560 5566 αὑτὸν
597 5512 854 5581 ἐθελῆσαι
894 5511 960 5565 ἀν
1009 5527 1139 5562 ποτε
1188 5509 1450 5574 κωλύσαι,
1487 5509 1623 5562 ἀλλά
1654 5526 1856 5578 συγκα-

274 5605 656 5674 τεργάσεσθαι
714 5605 864 5674 πάσῃ
921 5605 1148 5676 σπουδῇ·
1189 5602 1314 5657 οὕτε
1365 5604 1414 5654 εί
1463 5604 1600 5656 κατά
1634 5601 1695 5672 δή
1734 5621 1854 5656 τινα

273 5697 492 5765 τρόπον
542 5696 744 5760 δόξειεν
808 5696 956 5766 αὐτῷ
1011 5697 1111 5767 τῆς
1166 5695 1348 5759 οἰκίας
1397 5695 1712 5748 ἀποστάντα
1759 5695 1853 5747 καὶ

277 5788 562 5858 φιλτάτων
587 5791 681 5843 καὶ
703 5788 984 5855 γυναικὸς,
1017 5789 1113 5842 καὶ
1157 5787 1486 5858 συμπάντων
1514 5786 1690 5838 εἰπεῖν
1717 5801 1850 5856 χρη-

1965 4411 2172 4466 femore
2199 4413 2310 4481 jam
2351 4421 2642 4480 persanato
2677 4411 3116 4481 Didymotichum
3152 4421 3204 4462 et
3263 4411 3526 4464 Adrianu-

1967 4501 2116 4570 polin
2149 4502 2414 4556 excurrit.
2440 4502 2537 4566 lbi,
2576 4517 2700 4556 cum
2735 4511 2891 4558 antea
2922 4516 3135 4568 semper
3180 4517 3300 4554 eum
3333 4517 3527 4570 magno

1965 4593 2265 4648 domestico
2302 4603 2408 4646 tam
2433 4593 2675 4663 jucunde
2712 4593 2763 4645 in
2793 4607 3048 4646 sermone
3073 4593 3272 4646 versari
3303 4593 3526 4654 soleret,

1966 4695 2026 4740 ut
2053 4684 2212 4754 223
2242 4700 2383 4754 εει-ρο
2415 4685 2551 4748 dies,
2585 4700 2726 4754 saepe
2757 4691 2943 4739 noctes
2965 4684 3366 4740 cuniabulaudo
3401 4703 3528 4740 con—

1965 4787 2336 4840 sutnerentur,
2366 4777 2494 4830 dum
2525 4777 2875 4831 collocutioni
2911 4789 3131 4841 vacant,
3169 4781 3371 4834 veteris
3395 4783 3526 4832 ami-

1963 4866 2181 4922 citim‘et
2203 4868 2525 4945 arctissimn;
2550 4869 2974 4945 coniunctionis,
3012 4885 3118 4922 non
3151 4885 3246 4939 per
3285 4879 3530 4924 transen-

1964 4975 2112 5024 nam,
2139 4959 2234 5014 sed
2261 4939 2514 5028 cegitato.
2561 4971 2614 5011 et
2646 4959 2711 5013 de
2742 4939 3009 5014 industria
3053 4973 3178 5013 eum
3213 4975 3526 5015 commone-

1963 5051 2130 5115 facit;
2179 5051 2398 5108 illorum
2455 5059 2737 5118 praeterea,
2781 5067 2902 5118 qua:
2935 5051 3254 5118 nuperrime
3278 5069 3375 5119 pro
3400 5053 3516 5123 Syr~

1964 5147 2159 5214 gianne
2185 5159 2214 5198 e
2246 5157 2468 5196 carcere
2491 5142 2774 5196 liberanda
2804 5144 3010 5210 roganti
3035 5143 3411 5210 responderat.
3445 5149 3527 5198 ni.-

1965 5235 2278 5304 liilpenitus
2310 5235 2424 5288 fore
2453 5235 2684 5296 scilicet,
2721 5235 2865 5302 quod
2909 5233 2950 5288 si
2983 5235 3068 5287 ille
3101 5234 3305 5288 factum
3339 5239 3521 5298 vellet.

1963 5341 2070 5380 non
2096 5327 2238 5380 idem
2261 5327 2380 5394 ipse
2405 5326 2598 5388 vellet,
2624 5336 2678 5378 et
2709 5327 2760 5378 in
2787 5341 2894 5392 quo
2918 5325 3201 5380 eﬂieiendo
3228 5343 3338 5380 non
3361 5329 3524 5384 etiam

1963 5417 2111 5472 omni
2143 5417 2326 5472 studio
2369 5417 2692 5480 elaboraret,
2729 5431 2904 5484 neque
2936 5419 2978 5470 si
3011 5432 3120 5487 quo
3151 5417 3312 5470 modo
3337 5419 3522 5472 relicta

1961 5511 2160 5577 patria,
2198 5525 2390 5574 uxore,
2431 5510 2639 5574 liberis,
2678 5519 2732 5563 et
2783 5520 2838 5561 ut
2895 5511 3062 5564 semel
3103 5511 3304 5571 dicam,
3360 5511 3522 5564 rebus

1963 5603 2234 5666 omnibus,
2267 5601 2320 5654 in
2355 5602 2468 5655 solo
2501 5603 2788 5670 peregrino
2845 5617 3016 5654 :evum
3053 5603 3336 5656 traducere
3368 5603 3524 5657 insti-

1963 5698 2161 5752 tueret,
2191 5705 2346 5760 posse
2376 5707 2615 5761 unquam
2647 5695 2714 5747 ab
2737 5709 2802 5747 eo
2833 5693 3039 5756 divelli,
3075 5694 3167 5747 sed
3211 5694 3363 5762 prius
3392 5709 3518 5747 eum

1959 5780 2274 5848 doctarum,
2305 5801 2465 5853 quam
2519 5785 2568 5838 id
2623 5785 3006 5855 intempestive
3033 5797 3193 5854 atque
3227 5787 3516 5846 insolente:
