4250 6444
765 381 870 448 471

1944 384 2270 446 IOANNIS
2307 385 2842 448 CANTACUZENI
2878 441 2885 448 .

3899 379 4008 443 471

766 492 843 547 ita
872 493 1099 546 allectus
1127 506 1186 547 es
1215 508 1341 561 erga
1387 509 1493 557 me,
1538 504 1596 549 ut
1637 511 1737 565 ego
1784 510 1910 564 erga
1965 505 2038 558 te,
2091 505 2145 548 et
2191 494 2330 547 idem
2361 507 2444 565 A1

2325 515 2330 547 |
2361 507 2410 565 Α
2440 497 2613 566 μέγας
2652 495 2972 565 δομέστικος
3012 493 3178 563 ἔχειν,
3224 494 3320 548 καὶ
3351 494 3437 547 ἀεί
3469 511 3527 547 τε
3569 490 4003 561 διῖσχυρίζεσθαι

766 581 913 650 quod
961 597 1062 650 ego
1117 582 1409 650 proﬁteris,
1444 599 1553 638 non
1604 595 1688 639 est
1726 585 2024 639 secundum
2071 586 2334 639 rationem

663 704 677 716 ι
767 673 1102 735 existimare,
1129 675 1432 727 orationem
1463 685 1608 729 tuam
1632 675 1774 744 apud
1799 691 1883 729 me
1901 676 2083 729 valere
2114 675 2333 739 debere,

767 777 947 819 meam
979 764 1121 832 apud
1163 773 1214 817 te
1241 780 1352 818 non
1384 766 1533 819 item.
1569 765 1625 819 Si
1655 767 1819 834 igitur
1845 767 1898 820 in
1930 778 2162 834 utroque
2187 780 2337 820 eam-

772 850 899 906 dem
933 851 1042 904 vim
1075 852 1235 906 habet
1267 853 1522 923 idemque
1564 855 1727 918 valet,
1760 855 1917 909 decet
1945 863 2002 907 ut
2030 863 2084 908 tu
2117 869 2336 924 quoque

773 944 922 1012 quod
955 957 1056 1011 ego
1079 943 1264 996 malim
1304 944 1357 998 id
1383 953 1625 1013 prmstes,
1657 959 1782 998 cum
1817 943 2115 1014 praesertim
2146 944 2215 997 de
2250 957 2336 997 me

775 1033 849 1088 sit
875 1031 1174 1102 negotium.
1197 1019 1318 1094 llis.
1342 1043 1395 1088 et
1422 1035 1670 1103 pluribus
1703 1036 1847 1090 ultro
1871 1037 2120 1103 citroque
2157 1034 2337 1096 dictis,

773 1123 1109 1192 imperatore
1163 1124 1217 1178 id
1253 1137 1466 1194 agente,
1504 1139 1704 1181 uteum
1735 1127 1805 1180 ad
1862 1127 2077 1195 imperii
2111 1126 2341 1181 societa-

773 1223 885 1267 tem
909 1216 1297 1283 capessendam
1327 1217 1632 1282 induceret,
1657 1232 1856 1287 magno
1880 1232 2006 1272 vero
2039 1216 2340 1271 domestico

773 1319 999 1374 prorsus
1042 1307 1338 1370 abnuente,
1375 1308 1430 1360 in
1463 1324 1702 1377 praesens
1733 1308 1956 1378 digressi
1985 1317 2113 1362 sunt
2145 1325 2160 1362 :
2215 1323 2339 1362 cum

773 1409 876 1448 nec
909 1395 1001 1449 ille
1029 1412 1178 1465 spem
1227 1397 1451 1451 omnino
1507 1400 1791 1468 abjicetet,
1841 1413 1941 1454 nec
1987 1399 2078 1454 hic
2130 1407 2340 1452 tantum

775 1489 979 1543 valeret
1030 1499 1087 1542 ut
1145 1506 1173 1544 a
1206 1493 1473 1545 sententia
1506 1492 1655 1546 illum
1707 1492 2078 1562 detorqueret.
2137 1492 2343 1548 Videns

772 1595 905 1650 ergo
931 1590 1068 1634 aueo
1103 1582 1488 1636 retractat-ium
1526 1584 1840 1651 imperator,
1871 1583 2013 1639 alios
2038 1585 2260 1653 insuper
2286 1583 2340 1637 in

773 1684 985 1739 partem
1027 1673 1229 1728 laboris
1275 1675 1438 1743 hujus
1471 1691 1668 1731 vocare
1713 1677 1925 1749 statuit,
1981 1677 2030 1730 si
2068 1675 2208 1730 forte
2243 1690 2343 1744 per

775 1779 872 1817 eos
897 1765 1038 1832 quod
1071 1766 1282 1820 volebat
1315 1777 1761 1837 consequeretur.
1812 1766 2180 1821 Andronicum
2213 1766 2344 1819 Asa-

777 1873 924 1924 nem,
956 1859 1129 1929 ipsius
1150 1877 1425 1926 socerum,
1447 1873 1502 1916 et
1521 1871 1972 1932 protnstratorem
1993 1859 2341 1930 Synadenum
2373 1840 2416 1894 Β

775 1951 1027 2013 assumit,
1063 1953 1481 2021 domesticoque
1512 1970 1696 2008 coram
1737 1962 2026 2024 prmsente,
2057 1961 2343 2022 postquam

778 2056 945 2110 super
978 2043 1100 2096 aliis
1135 2045 1416 2098 nonnullis
1435 2061 1532 2101 eos
1557 2044 1924 2116 compellavit,
1953 2059 2066 2099 rem
2092 2043 2344 2112 proposi-

778 2141 889 2185 tam
919 2147 1149 2187 exorsus
1175 2142 1278 2189 est.
1306 2135 1651 2191 Domesticus
1673 2134 1927 2190 divinans
1955 2148 2065 2204 quo
2093 2133 2160 2188 de
2188 2149 2348 2203 argu-

779 2233 966 2277 mento
999 2233 1276 2279 texeretur
1322 2226 1523 2288 oratio,
1574 2241 1605 2280 e
1639 2225 1874 2281 concilio
1935 2225 2345 2295 imperatorem,

779 2329 843 2368 ac
872 2315 914 2367 si
950 2316 1210 2384 quiddam
1244 2319 1613 2372 necessarium
1647 2318 1872 2372 haberet
1902 2316 2107 2383 dicere,
2131 2326 2345 2384 evocat;

778 2418 834 2461 et
859 2408 1127 2462 seducens
1148 2425 1297 2473 eum,
1321 2424 1420 2477 per
1445 2409 1611 2463 Deum
1652 2408 1980 2471 obtestatur,
2011 2423 2078 2461 ne
2105 2408 2232 2477 quid
2256 2423 2349 2462 eo-
2375 2463 2384 2472 ,

782 2512 901 2550 tum
926 2512 1048 2565 qua
1077 2497 1414 2552 decrevisset
1440 2503 1504 2552 ad
1530 2507 1826 2568 praesentes
1852 2498 2140 2568 proferret.
2160 2508 2347 2568 utpote

780 2589 1016 2644 utilitate
1056 2591 1204 2644 nulla
1259 2591 1385 2645 inde
1437 2601 1824 2648 consecutura.
1874 2591 2012 2646 Nam
2057 2594 2102 2646 si
2133 2591 2202 2645 ab
2237 2590 2349 2645 ullo

783 2682 1094 2736 mortalium
1119 2697 1184 2737 eo
1215 2684 1438 2754 perpelli
1465 2685 1750 2753 potuisset,
1772 2684 1840 2738 ab
1857 2684 1976 2754 ipso
2000 2683 2260 2753 potuisse.
2284 2684 2352 2738 Et

783 2773 910 2840 quia
942 2774 1130 2828 multis
1151 2775 1493 2844 assiduisque
1515 2777 1899 2846 congressibus
1919 2786 2100 2831 actum
2124 2777 2348 2845 egisset,

783 2866 968 2920 mirari
1007 2881 1091 2932 se,
1152 2869 1428 2936 quomodo
1473 2869 1608 2924 alios
1653 2869 1706 2923 id
1756 2869 1858 2924 sibi
1912 2868 2201 2924 eﬂ‘ecturos
2230 2884 2353 2938 spe-

785 2958 1010 3012 raverit.
1063 2957 1383 3028 Imperator,
1441 2961 1699 3030 quoniam
1745 2967 2000 3014 conatum
2032 2975 2192 3015 suum
2231 2960 2350 3014 fore

783 3051 1001 3103 inanem
1047 3051 1330 3116 cernebat,
1376 3066 1574 3121 magno
1621 3051 1676 3104 in
1709 3050 1897 3105 dolore
1925 3064 2020 3120 per
2052 3050 2170 3105 dies
2203 3064 2352 3104 com-

2445 589 2620 641 πάντα
2652 587 2913 658 πράττειν
2945 586 3174 649 ἐθέλειν,
3233 586 3369 639 am
3414 586 3482 639 ἂν
3527 585 3771 655 βούλοιτο
3814 584 4006 646 αὐτὸς,

2439 679 2531 730 καὶ
2564 677 2659 730 νῦν
2699 677 2852 731 οὐδὲν
2887 672 3052 748 ἦττον
3093 677 3230 746 πρὸς
3273 677 3432 730 τοῦτο
3486 674 4011 745 παρεσκευασμένος

2439 767 2602 822 εἶναι.
2651 767 2770 837 Ἐφ’
2800 760 2862 821 οὗ
2895 767 2951 819 δὲ
2984 767 3194 820 πείθειν
3225 770 3319 819 νῦν
3346 767 3675 836 ἐπιχειρεῖς,
3705 765 3766 818 οὗ
3810 763 4010 826 σώζειν

2439 861 2538 928 τὴν
2573 856 2892 913 ἀκολουθίαν
2929 859 3019 911 τὸν
3056 859 3236 926 λόγον.
3282 859 3400 912 Πᾶν
3439 857 3553 926 γὰρ
3597 855 3804 909 ἐθέλειν
3833 855 4011 905 ποιεῖν

2441 951 2610 1020 φαίην
2635 952 2725 1014 ἂν,
2755 949 2784 1001 ὃ
2810 949 2870 1002 οὐ
2910 949 2977 1003 δι’
3017 950 3117 1020 ἐμὲ
3147 949 3213 1002 ἂν
3241 949 3503 1018 γίγνοιτο,
3544 949 3631 1000 διά
3660 947 3719 1000 σὲ
3752 946 3828 998 δέ.
3869 943 4012 1014 Περὶ

2440 1034 2502 1094 οὗ
2539 1041 2595 1093 δὲ
2648 1039 2744 1095 νῦν
2795 1042 2824 1093 ό
2879 1041 3036 1108 λόγος
3073 1041 3143 1093 δι’
3191 1041 3292 1109 εμὲ
3325 1040 3501 1102 δντος,
3537 1040 3596 1092 οὐ
3639 1039 3852 1090 δίκαιον
3897 1033 4013 1086 οὐδ’

2441 1135 2740 1202 ἀναγκαῖον
2768 1136 2846 1197 είς
2890 1134 3062 1187 πειθὼ
3109 1134 3187 1202 τῷ
3235 1133 3379 1203 λόγῳ
3434 1130 3692 1201 χρῆσθαι·
3730 1127 3910 1190 άλλως
3949 1143 4014 1178 τε

2443 1229 2538 1281 καὶ
2572 1228 2734 1280 αὐτὸν
2763 1226 3028 1290 ὡσαύτως
3068 1226 3413 1294 διακείμενον
3449 1224 3580 1292 περὶ
3611 1221 3736 1291 ἔμε,
3773 1220 4015 1280 καὶτοῖς

2443 1321 2652 1390 ὁμοίοις
2705 1320 2800 1372 καὶ
2852 1319 3018 1372 αὑτὸν
3066 1319 3357 1389 χρώμενον
3391 1315 3600 1383 λόγοις,
3633 1313 3734 1365 οὐκ
3785 1309 4017 1378 εὔλογον

2445 1411 2580 1480 πρὸς
2623 1411 2723 1480 ἐμὲ
2766 1412 2864 1482 μὲν
2902 1411 3128 1480 ίσχῡρδν
3158 1411 3250 1464 τὸν
3281 1410 3440 1478 λόγον
3480 1407 3756 1477 ἡγεῖσθαι,
3787 1407 3926 1474 πρὸς
3957 1405 4018 1456 σὲ

2442 1501 2500 1552 δὲ
2538 1501 2615 1571 μὴ
2657 1499 2920 1554 δύνασθαι
2953 1499 3024 1552 τά
3058 1498 3170 1554 ι’σα.
3202 1500 3266 1553 El
3299 1500 3342 1550 δ’
3376 1499 3433 1550 ὲν
3459 1496 3792 1567 ἀμφοτέροις
3820 1493 4018 1562 ὁμοίαν

2443 1591 2554 1659 ἔχει
2585 1588 2684 1660 τὴν
2716 1590 2890 1659 ίσχὺν,
2922 1589 3133 1644 δίκαιον
3180 1589 3276 1642 καὶΙ
3325 1589 3408 1650 σὲ,
3448 1587 3476 1639 ὃ
3508 1587 3708 1657 μᾶλλον
3739 1583 3852 1652 ἐγὼ
3892 1581 4020 1653 βούο

2443 1681 2607 1750 λομαι
2648 1681 2898 1750 ποιῆσαι,
2929 1680 3106 1743 ἄλλως
3149 1697 3208 1752 τε
3241 1680 3338 1733 καὶ
3365 1679 3492 1745 περί
3525 1677 3660 1746 ἐμοῦ
3690 1675 3782 1728 τοῦ
3813 1671 4018 1742 (meo.

2449 1775 2609 1842 μένου
2659 1772 2834 1837 ὄντος.
2882 1772 3157 1826 Τοιούτων
3185 1772 3250 1842 δή
3284 1786 3446 1825 τινων
3475 1769 3572 1823 καὶ
3599 1768 3866 1821 πλειόνων
3899 1766 4018 1817 ετέ-

2446 1883 2556 1938 ρων
2587 1867 2723 1936 πρὸς
2767 1865 3034 1935 ἀλλήλους
3083 1864 3412 1934 εἰρημένων,
3467 1861 3728 1932 βασιλέως
3761 1859 3862 1928 μὲν
3890 1857 4018 1909 tm.-

2445 1959 2758 2030 χειροῦντος
2819 1957 3031 2011 πείθειν
3081 1955 3332 2026 δέχεσθαι
3387 1954 3487 2024 τὴν
3539 1953 3860 2024 βασιλείαν,
3919 1948 4015 2002 τοῦ

2449 2052 2684 2119 μεγάλου
2719 2051 3040 2120 δομεστίκου
3075 2049 3132 2103 δὲ
3154 2051 3291 2119 μήτε
3311 2047 3637 2118 βουλομένου
3663 2047 3798 2114 μήτε
3829 2061 3896 2096 πε
3908 2043 4020 2096 ιθο-

2448 2127 2642 2212 μένου,
2672 2142 2730 2194 τδ
2761 2139 2856 2194 νῦν
2889 2141 2988 2210 μὲν
3019 2139 3166 2208 ἔχον,
3190 2139 3539 2209 διελύθησαν,
3567 2136 3678 2190 οὔτ’
3704 2132 4022 2203 ἀπαγορεύ-

2450 2246 2648 2292 σαντος
2691 2230 2769 2291 είς
2805 2231 2957 2290 τέλος
3001 2227 3291 2297 βασιλέως,
3333 2224 3457 2279 οὔτε
3507 2223 3600 2278 τοῦ
3655 2223 3898 2291 μεγάλου
3931 2223 4020 2274 δο-

2450 2320 2712 2390 μεστίκου
2743 2319 3088 2388 ἀποσχέσθαι
3118 2317 3213 2371 τοῦ
3247 2318 3576 2387 πράγματος
3615 2316 3804 2368 πεῖσαι
3855 2312 4020 2381 δυνη-

2449 2417 2637 2476 θέντος
2689 2412 2941 2484 βασιλέα.
2980 2412 3241 2474 Βασιλεὺς
3272 2410 3330 2462 δὲ
3361 2409 3525 2465 αὐτὸν
3553 2406 3725 2469 οὕτως
3759 2403 4021 2459 ἀνθιστά-

2454 2523 2614 2576 μενον
2672 2505 2836 2577 όρῶν,
2871 2506 2983 2559 δεῖν
3022 2506 3166 2574 έγνω
3222 2504 3320 2559 καὶ
3381 2503 3600 2572 ἑτέρους
3657 2501 3795 2572 πρὸς
3846 2498 4023 2553 πειθὼ

2451 2597 2821 2669 παραλαϐεῖν,
2857 2599 3044 2661 ηεῐπως
3092 2597 3350 2667 δυνηθείη
3386 2595 3454 2648 δι’
3497 2594 3678 2647 αὐτῶν
3720 2596 3913 2648 πεῖσαι
3941 2592 4025 2645 δέ·-

2454 2685 2648 2750 ξασθαι
2683 2686 2782 2750 τὴν
2822 2683 3130 2752 βασιλείαν,
3177 2685 3270 2737 καὶ
3305 2681 3640 2753 παραλαϐὼν
3680 2680 4025 2752 Ἀνδρόνικον

2452 2780 2543 2830 τὸν
2594 2777 2851 2847 ’Λσάνην,
2890 2777 3018 2830 ὄντα
3051 2778 3145 2830 τοῦ
3189 2777 3427 2846 μεγάλου
3458 2775 3780 2844 δομεστίκου
3815 2774 4028 2828 πενθε-

2455 2869 2570 2940 ρδν,
2602 2870 2697 2922 καὶ
2727 2870 2819 2922 τὸν
2856 2869 3322 2939 πρωτοστράτορα
3364 2869 3694 2939 Συναδηνδν,
3724 2868 3820 2920 καὶ
3858 2865 4026 2920 αὐτοῦ

2457 2959 2696 3031 μεγάλου
2728 2959 3059 3028 δομεστίκου
3087 2960 3384 3029 παρόντος,
3419 2959 3558 3029 μετὰ
3586 2958 3647 3011 τὸ
3674 2957 4026 3028 διαλεχθῆναι

2454 3051 2585 3122 περί
2633 3067 2798 3105 τινων
2831 3051 3036 3121 ἑτέρων
3067 3049 3207 3120 πρὸς
3254 3048 3479 3114 αὐτοὺς,
3511 3047 3614 3120 ἠδη
3646 3046 3899 3117 καὶπερὶ
3929 3049 4025 3100 τοῦ

787 3138 972 3209 plures
1003 3138 1127 3233 iuit,
1173 3139 1352 3209 deque
1404 3143 1582 3233 magni
1621 3141 1918 3233 domestici
1983 3141 2349 3233 inobedicntia
2379 3173 2422 3233 c
2457 3158 2465 3188 ε

2379 3173 2422 3233 c
2457 3139 2823 3233 προκειμένου
2854 3137 3380 3209 προοιμιαζομένου,
3412 3139 3440 3190 ό
3492 3138 3668 3208 μέγας
3702 3135 4027 3203 δομέστικος

786 3239 843 3282 et
870 3243 1060 3299 parum
1097 3229 1326 3284 honesta
1367 3231 1668 3296 pertinacia
1703 3229 2102 3300 querimoniam
2136 3229 2349 3284 habuit.

784 3319 1178 3376 Verumtamen
1228 3323 1485 3392 precibus
1510 3323 1827 3390 obsecutus,
1881 3323 1947 3378 de
1976 3337 2036 3378 re
2068 3331 2354 3392 tantopere

786 3412 972 3480 cupita
997 3411 1283 3467 conticuit.
1327 3413 1409 3468 Illi
1432 3413 1545 3478 alii,
1585 3413 1718 3483 quid
1747 3414 2044 3483 imperator
2073 3415 2351 3480 voluisset,

787 3518 897 3557 non
920 3503 1054 3559 satis
1073 3511 1291 3568 norant,
1305 3504 1410 3558 nisi
1427 3504 1572 3573 quod
1590 3503 1958 3560 verisimiliter
1976 3504 2357 3576 conjectabant

786 3594 857 3648 de
887 3594 1073 3650 arduis
1098 3596 1334 3665 negotiis
1361 3611 1482 3649 cum
1517 3595 1651 3664 ipsis
1686 3604 1957 3662 acturum,
1986 3611 2016 3650 a
2051 3595 2356 3650 domestico

787 3686 1109 3755 impeditum
1145 3686 1318 3758 fuisse
1358 3703 1372 3741 :
1410 3703 1574 3756 quam
1623 3702 1737 3742 rem
1777 3688 1827 3742 ei
1864 3688 1999 3743 vitio
2051 3689 2353 3755 vertebant,

787 3792 1086 3847 secumque
1132 3779 1479 3848 iniquissime
1513 3790 1694 3833 actum
1731 3781 2154 3836 contendebant.
2189 3781 2356 3837 Porro

789 3883 951 3923 nemo
991 3870 1086 3938 qui
1117 3870 1219 3923 ista
1259 3871 1434 3936 audit,
1461 3871 1610 3924 nullo
1644 3881 1968 3941 argumento
1999 3872 2226 3941 probata
2258 3889 2358 3929 nos

787 3961 1035 4017 scribere
1072 3977 1134 4028 ac
1164 3963 1386 4016 mentiri
1447 3972 1622 4032 putet,
1654 3964 1797 4032 quod
1834 3964 1952 4020 haec
1992 3980 2164 4035 usque
2193 3965 2358 4020 hodie

787 4067 899 4107 non
933 4052 1149 4123 publice
1177 4054 1551 4108 iunotuerunt.
1587 4040 1756 4124 226
1787 4054 1981 4110 Testor
2000 4055 2145 4109 enim
2177 4054 2359 4110 omnia

788 4144 1186 4214 iuspeclantem
1210 4155 1263 4200 et
1299 4145 1569 4200 universis
1598 4160 1720 4214 quae
1737 4156 1866 4200 sunt
1886 4160 2101 4215 semper
2121 4161 2360 4216 prasen-

789 4241 898 4286 tem
929 4233 1374 4302 incertorumque
1406 4241 1460 4286 et
1493 4233 1829 4287 occultorum
1859 4233 1996 4288 nihil
2021 4235 2358 4290 nescientem

787 4323 985 4386 Deum,
1019 4341 1103 4377 nte
1137 4337 1317 4391 neque
1347 4324 1399 4376 in
1425 4323 1637 4378 caeteris
1661 4323 1941 4386 oumibus,
1971 4340 2091 4394 qua:
2115 4326 2356 4387 narravi,

787 4417 875 4472 vel
905 4417 1109 4480 odium,
1138 4417 1219 4470 vel
1253 4417 1502 4485 gratiam,
1528 4417 1613 4469 vel
1640 4415 1782 4469 aliud
1815 4415 2114 4488 quidquam
2140 4416 2359 4470 veritati

2455 3231 2586 3300 περὶ
2629 3223 2705 3284 ὧν
2735 3230 2947 3283 ἔσοιντο
2987 3231 3038 3282 οἱ
3073 3228 3222 3297 λόγοι
3251 3227 3574 3300 συμϐαλὼν,
3609 3227 3804 3298 ἀνίστη
3848 3243 3910 3280 τε
3939 3226 4029 3280 τδν

2459 3322 2686 3394 βασιλέα
2719 3322 2815 3376 τοῦ
2847 3320 3147 3390 συνεδρίου,
3175 3320 3252 3384 ὡς
3277 3320 3565 3391 περίτινσς
3581 3320 3882 3388 ἀναγκαίου
3911 3319 4030 3389 μέλ-

2457 3411 2567 3464 λων
2600 3408 2970 3475 διαλέξεσθαι·
3006 3411 3102 3463 καὶ
3129 3409 3289 3480 μόνον
3317 3407 3673 3478 παραλαϐὼν,
3710 3406 3918 3477 ῶρκιζε
3941 3406 4031 3458 τὸν

2457 3502 2615 3566 Θεὸν,
2654 3502 2823 3573 μηδὲν
2850 3503 2988 3572 πρὸς
3017 3503 3142 3563 τοὺς
3176 3500 3498 3570 εἰρημένους
3524 3500 3654 3568 περὶ
3681 3491 3756 3553 ῶν
3788 3499 4033 3571 βούλοιτο

2459 3593 2661 3653 είπείν,
2703 3590 2776 3652 ὡς
2808 3589 3076 3656 ὠφελείας
3104 3589 3364 3658 οὐδεμιᾶς
3395 3590 3459 3640 ἐκ
3489 3589 3598 3640 τῶν
3630 3587 3802 3656 λόγων
3829 3587 4032 3658 ἐσομέ-

2461 3699 2578 3753 νης.
2615 3683 2677 3736 Εί
2708 3683 2818 3753 γὰρ
2854 3680 2988 3752 ὲνῆν
3023 3683 3132 3736 ὑπό
3173 3700 3337 3736 τινων
3377 3681 3696 3751 πεισθῆναι,
3727 3681 3935 3751 μᾶλλον
3963 3681 4029 3736 ἂν

2460 3771 2568 3824 τῶν
2606 3771 2780 3825 ἀλλων
2813 3771 3032 3824 πάντων
3089 3771 3337 3824 ἐπείθετο
3395 3770 3566 3840 αὐτῷ.
3618 3769 3793 3822 Αὐτοῦ
3850 3769 3918 3839 δὴ
3967 3772 4030 3824 ὲκ

2463 3862 2675 3916 πολλῶν
2700 3863 2792 3916 καὶ
2825 3862 3066 3932 συνεχῶν
3091 3861 3318 3932 ὁμιλιῶν
3355 3861 3516 3914 πλέον
3555 3861 3821 3931 ὴνυκότος
3853 3861 4032 3927 οὐδὲν,

2463 3955 2767 4026 θαυμάζειν
2803 3955 2850 4007 εί
2892 3955 3102 4024 ἑτέροις
3135 3954 3277 4007 τισὶν
3312 3953 3512 4024 ἤλπισε
3557 3952 3718 4006 τοῦτο
3769 3941 4029 4020 γενέσθαι

2461 4047 2707 4102 δυνατόν.
2740 4046 3006 4109 Βασιλεὺς
3060 4045 3116 4098 δὲ
3153 4045 3368 4116 ήλγησε
3421 4047 3520 4114 μὲν
3552 4046 3653 4098 οὐκ
3707 4044 3795 4098 ἐπ’
3827 4045 4035 4113 ὀλίγον,

2465 4139 2609 4208 ὀρῶν
2644 4140 2746 4209 ἢδη
2791 4137 2890 4209 τὴν
2923 4139 3270 4208 ἐπιχείρησιν
3303 4139 3403 4192 οὐκ
3430 4139 3698 4208 ἐσομένην
3733 4140 4036 4209 ἀνυσθῆναι

2462 4232 2719 4301 δυνατήν.
2763 4233 2870 4284 Καὶ
2912 4230 3213 4284 διετέλεσεν
3260 4232 3476 4300 ἡμέρας
3537 4231 3636 4284 οὐκ
3678 4231 3892 4299 ὀλίγας,
3949 4233 4038 4285 ἀλ-

2463 4323 2577 4390 γῶν
2612 4339 2672 4374 τε
2712 4322 2804 4376 καὶ
2835 4321 3007 4376 πολλά
3041 4322 3134 4374 τὸν
3176 4322 3353 4392 μέγαν
3394 4322 3716 4392 δομέστικον
3746 4341 4040 4394 καταμεμ-

2465 4419 2699 4485 φόμενος
2746 4416 2844 4485 τῆς
2898 4413 3180 4478 ἀπειθείας
3221 4415 3444 4484 καὶτῆς
3493 4417 3556 4469 οὐ
3589 4416 3759 4484 καλῆς
3794 4403 4050 4485 φιλονειέ

790 4509 1179 4578 praeposuisse,
1213 4518 1266 4562 et
1294 4522 1439 4561 nunc
1463 4522 1574 4560 rem
1601 4515 1804 4576 gestam
1839 4518 1899 4561 ut
1923 4517 2073 4577 gesta
2097 4516 2180 4561 est
2201 4508 2358 4563 vobis
2385 4501 2436 4560 D
2466 4531 2468 4538 ε

2385 4501 2436 4560 D
2466 4512 2612 4573 κίας.
2646 4509 2838 4576 Ὅμως
2891 4508 3077 4577 μέντοι
3107 4509 3219 4568 τοῖς
3257 4507 3469 4561 ἐκείνου
3501 4508 3824 4577 πειθόμενος
3853 4503 4037 4576 λόγοις

789 4577 1106 4653 tradidisse.
1135 4597 1325 4666 Neque
1380 4611 1510 4651 vero
1541 4595 1731 4661 semel,
1769 4577 1922 4651 bisve
1949 4605 2232 4665 quaterve,
2265 4598 2360 4652 sed

787 4691 992 4759 saepius
1017 4688 1362 4745 Andronicus
1390 4689 1579 4757 junior
1603 4688 1898 4757 imperator
1920 4686 2360 4744 Cantacuzenum

785 4798 1044 4853 magnum
1079 4782 1437 4837 domesticum
1469 4789 1582 4836 toto
1604 4788 1827 4850 pectore
1865 4789 1920 4835 et
1981 4779 2131 4833 omni
2162 4790 2360 4835 conatu

787 4874 1126 4929 ornamentis
1149 4872 1517 4942 imperatoriis
1540 4872 1928 4932 condecorare.
1948 4869 2166 4939 sibique
2189 4884 2365 4925 asses-

790 4981 972 5022 sorem
1001 4975 1056 5020 et
1091 4966 1358 5035 collegam
1389 4973 1647 5034 cooptare
1680 4962 1982 5018 contendit.
2018 4962 2137 5029 Quo
2166 4963 2363 5017 nimio-

790 5075 921 5131 pere
952 5061 1310 5123 detrectante,
1335 5057 1823 5127 contirmanteque,
1856 5071 1966 5126 quo
2005 5072 2092 5111 res
2127 5070 2364 5126 cumque

789 5153 1033 5215 caderet,
1062 5168 1338 5222 nunquam
1366 5165 1423 5206 se
1453 5151 1984 5220 obtemperaturum,
2009 5147 2102 5202 diu
2135 5150 2189 5201 in
2213 5149 2360 5217 gravi

794 5244 1117 5313 aegrimonia
1156 5251 1410 5297 versatus
1433 5252 1536 5303 est.
1575 5252 1631 5297 et
1657 5240 2004 5296 immodicam
2047 5241 2166 5310 ejus
2196 5240 2364 5294 obsti-

790 5337 1072 5390 nationem
1095 5335 1149 5388 in
1169 5333 1599 5404 reprehensione
1615 5333 1818 5404 posuit.
1839 5331 2126 5386 Exteriore
2145 5331 2363 5400 quidem

789 5427 981 5481 habitu
1012 5427 1326 5495 vestituque
1375 5441 1480 5479 non
1506 5440 1570 5480 eo
1603 5425 1914 5491 incedebat,
1939 5438 2048 5494 quo
2069 5425 2364 5492 imperator

793 5521 1126 5588 postulabat,
1159 5519 1250 5573 sed
1281 5518 1592 5574 actionibus
1615 5516 2013 5588 propemodum
2043 5517 2267 5572 nihilab
2297 5531 2364 5571 eo

790 5612 1107 5668 diﬂerebat.
1138 5611 1273 5666 Nam
1309 5621 1362 5664 et
1398 5625 1582 5664 rerum
1615 5617 1728 5663 tota
1759 5607 2167 5663 administratio
2199 5623 2364 5683 penes

789 5703 943 5758 illum
979 5713 1116 5766 erat,
1153 5712 1208 5757 et
1231 5701 1426 5757 edictis
1456 5701 1830 5770 imperatoriis
1855 5715 2010 5769 aeque
2034 5709 2092 5754 ut
2120 5699 2234 5768 ipse
2260 5699 2363 5752 im-

788 5807 1009 5871 peratur
1042 5797 1212 5852 tn‘nio
1247 5811 1342 5851 seu
1368 5792 2051 5850 cinnabarisubscribebat
2088 5809 2099 5845 :
2133 5807 2254 5863 quae
2279 5807 2363 5862 Iue

2466 4599 2739 4666 ἀπέσχετο
2785 4593 2880 4648 τοῦ
2933 4593 3115 4662 λέγειν
3157 4597 3288 4664 περὶ
3330 4588 3407 4647 ὧν
3457 4592 3686 4664 ὥρμητο
3730 4596 3866 4664 πρὸς
3911 4597 4037 4659 τοὺς

2465 4690 2807 4758 εἰρημένους.
2836 4689 2946 4741 Καὶ
2988 4689 3141 4741 αὐτοὶ
3189 4687 3246 4740 δὲ
3298 4688 3326 4740 ὅ
3358 4705 3409 4740 τι
3444 4687 3542 4757 μὲν
3593 4687 3820 4758 ἔμελλεν
3867 4689 4037 4758 ὲρεῐν,

2466 4782 2565 4834 οὐκ
2605 4780 2826 4851 ᾔδεισαν
2873 4777 3137 4850 ἀκριϐῶς,
3171 4780 3200 4832 ό
3245 4778 3526 4850 βασιλεὺς,
3560 4778 3709 4849 ὅμως
3739 4779 3794 4832 δὲ
3833 4778 3898 4830 ὲκ
3927 4777 4038 4830 τῶν

2467 4872 2696 4926 είκότων
2733 4870 3128 4940 στοχαζόμενοι
3153 4869 3228 4933 ὡς
3261 4869 3391 4940 περί
3421 4886 3585 4922 τινων
3623 4869 3884 4940 μεγάλων
3923 4870 4040 4922 δια-

2472 4963 2726 5028 λέξεσθαι
2759 4963 3047 5034 μέλλοντος
3083 4961 3290 5026 αὐτοῖς,
3332 4962 3439 5014 ὑπὸ
3472 4960 3566 5014 τοῦ
3601 4962 3841 5030 μεγάλου
3878 4962 4040 5029 δομε-

2469 5059 2655 5112 στίκου
2682 5056 2978 5126 κωλυθείη,
3011 5057 3070 5108 έν
3098 5054 3303 5118 αἰτίαις
3322 5071 3380 5106 τε
3403 5054 3566 5107 αὐτὸν
3605 5054 3910 5119 ἐποιοῦντο,
3944 5054 4039 5109 καὶ

2465 5151 2536 5206 τά
2557 5151 2762 5221 ἔσχατα
2791 5148 3083 5220 ἠδικῆσθαι
3115 5148 3443 5201 διετείνοντο
3479 5147 3569 5200 ὑπ’
3613 5131 3801 5200 αὑτοῦ.
3832 5147 4040 5216 Μηδεὶς

2466 5245 2525 5298 δὲ
2585 5243 2739 5296 ταῦτ’
2791 5243 3028 5307 ἀκούων,
3088 5239 3452 5306 ἀνεξέλεγκτα
3493 5239 3691 5293 οἰέσθω
3742 5238 4039 5307 ψεύδεσθαι

2465 5338 2616 5408 ἡμᾶς
2645 5337 2736 5389 διὰ
2773 5337 2834 5390 τὸ
2867 5335 2942 5406 μὴ
2977 5335 3114 5387 πᾶσι
3166 5335 3329 5404 μέχρι
3366 5335 3460 5386 νῦν
3503 5333 3571 5385 τὰ
3603 5331 3834 5385 τοιαῦτα
3871 5331 4038 5385 κατά-

2466 5429 2603 5500 δηλα
2642 5428 2922 5497 γενέσθαι.
2956 5429 3121 5481 Ἰστω
3169 5428 3279 5497 γὰρ
3323 5425 3455 5489 Θεὸς
3502 5426 3531 5477 ό
3588 5424 3768 5478 πάντα
3800 5425 4036 5493 ἐφορῶν,

2469 5521 2562 5576 καὶ
2592 5523 2729 5574 πᾶσι
2777 5522 2891 5583 τοῖς
2920 5520 3229 5589 γινομένοις
3261 5519 3349 5572 ἀεὶ
3382 5517 3594 5588 παρὼν,
3631 5519 3726 5571 καὶ
3763 5516 3872 5568 τῶν
3909 5517 4040 5585 ἀδή-

2467 5609 2573 5679 λων
2624 5608 2719 5661 καὶΙ
2761 5607 3163 5677 κεκρυμμένων
3206 5606 3419 5672 ἀγνοῶν
3471 5605 3668 5675 μηδὲν,
3705 5604 3779 5666 ὡς
3805 5601 3920 5655 οὔτ’
3947 5603 4037 5655 επὶ

2469 5702 2581 5762 τοῖς
2640 5698 2822 5761 ἀλλοις
2883 5700 2995 5762 τοῖς
3055 5697 3572 5768 συγγεγραμμένοις
3629 5695 3871 5758 ἀπασιν,
3925 5691 4037 5745 οὔτ’

2471 5789 2670 5862 ἔχθραν
2706 5787 2829 5842 οὔτε
2887 5787 3092 5858 φιλίαν,
3146 5787 3255 5843 οὔτ’
3292 5787 3422 5841 ἄλλο
3462 5787 3568 5843 τῶν
3615 5786 3832 5843 πάντων
3887 5783 4046 5839 οὐδὲν.
