4250 6444
252 405 360 468 473

1403 397 1940 458 HISTORIARUM
1982 399 2214 459 LIBER
2256 399 2339 458 II.

3375 401 3479 464 474

250 521 354 587 τῆς
381 516 640 586 ἀληθείας
678 512 1042 583 προεθέμεθα,
1082 511 1178 566 νῦν
1201 527 1260 564 τε
1287 511 1458 574 οὔτως
1489 511 1564 576 ὡς
1593 511 1813 578 ἐγένετο
1838 513 1873 571 Δ

1870 514 1887 572 ι
1919 512 2036 580 ipse
2067 511 2406 581 protulisset,
2440 508 2669 581 perinde
2700 509 3109 580 accipit-bantur
3147 521 3310 583 atque
3331 517 3378 568 si
3407 520 3476 572 ab

251 611 388 679 περὶ
441 608 536 662 τοῦ
599 606 923 676 πράγματος
980 605 1080 673 τὴν
1140 603 1394 672 διήγησιν
1447 600 1815 670 άποδιδόαμεν

1919 617 2015 657 ore
2033 603 2380 672 imperatoris
2399 601 2751 671 prodiissent,
2773 611 2827 657 et
2851 604 3057 672 reliqua
3081 604 3298 658 demum
3323 621 3478 674 quae-

253 702 408 770 ὑμῖν,
441 701 518 764 ὡς
555 700 652 770 οὐχ
683 695 832 762 ἀπαξ
859 696 982 750 οὐδὲ
1015 696 1098 757 δὶς
1117 695 1214 748 καὶ
1239 693 1520 780 τετράκις,
1550 692 1686 745 ἀλλὰ
1721 693 1817 746 καὶ

1919 708 2155 763 cumque
2207 694 2504 763 imperator
2538 692 2762 758 faceret,
2813 693 3003 748 eadem
3058 693 3162 762 ipsi
3215 695 3473 752 licebant.

261 792 529 853 πολλάκις
578 790 836 860 βασιλεὺς
875 785 1217 858 Ἀνδρόνικος
1265 786 1294 837 6
1329 787 1448 847 νέος
1499 785 1822 836 Καντακουσ

258 883 423 953 ζηνδν
473 883 564 934 τὸν
612 879 786 950 μέγαν
833 878 1155 946 δομέστικον
1193 875 1292 946 ὅλῃ
1319 876 1511 943 γνώμῃ
1543 873 1639 926 καὶ
1667 873 1819 945 πάσῃ

259 972 469 1042 σπουδῇ
504 973 619 1033 τοῖς
649 969 946 1040 βασιλικοῖς
973 967 1208 1037 ὴθέλησε
1256 965 1534 1036 κοσμῆσαι
1569 965 1820 1034 παρασή-

261 1078 408 1128 μοις,
447 1061 541 1112 καὶ
595 1058 966 1134 συγκάθεδρον
1007 1056 1154 1126 αὐτῷ
1203 1056 1299 1109 καὶ
1350 1055 1820 1124 συμϐασιλεύοντα

261 1150 565 1216 ἀποδεῖξαι.
623 1150 796 1203 Αὑτοῦ
839 1149 896 1202 δὲ
949 1149 1392 1219 παραιτουμένου
1439 1148 1697 1220 ίσχυρῶς,
1728 1149 1823 1202 καὶ

265 1241 392 1309 μηδ’
430 1241 496 1294 ἂν
530 1241 586 1294 sl
629 1258 679 1295 τι
729 1241 937 1308 γένοιτο
975 1239 1367 1317 πεισθήσεσθαι
1405 1239 1822 1313 ἰσχυριζομένου

261 1333 473 1400 ἤλγησὲ
514 1349 573 1385 τε
624 1332 869 1402 σφοδρῶς
928 1334 955 1385 6
1009 1332 1262 1400 βασιλεὺς
1309 1333 1562 1398 ἐπιπολὺ,
1595 1334 1824 1403 καὶτῆς

261 1423 498 1494 ἀκαίρου
528 1423 927 1493 κατεμέμψατο
963 1424 1323 1493 φιλονεικίας.
1357 1424 1447 1493 Τῷ
1475 1425 1575 1493 μὲν
1598 1425 1662 1496 δὴ
1691 1427 1826 1492 ἐξωο

265 1514 359 1564 θεν
406 1514 644 1581 σχήματι
683 1516 777 1565 καὶ
812 1515 886 1583 »τῇ
923 1513 1212 1583 περιϐολῇ,
1249 1514 1348 1584 οὐχ
1446 1513 1599 1583 ἠξίου
1639 1515 1826 1582 ἐγεγό-

260 1617 342 1652 νει
375 1603 403 1654 6
433 1601 706 1670 βασιλεὺς,
737 1603 917 1671 ἔργοις
955 1602 1012 1654 δέ
1053 1604 1202 1656 οὐδὲν
1225 1599 1292 1675 ἦν
1318 1603 1506 1673 σχεδὸν
1550 1604 1825 1673 διαφέρων

263 1689 550 1758 βασιλέως.
616 1691 687 1744 Ἤ
741 1709 800 1744 τε
850 1692 958 1762 γὰρ
1010 1693 1278 1764 διοίκησις
1327 1695 1436 1748 τῶν
1486 1695 1825 1767 πραγμάτων

262 1784 412 1835 πᾶσα
450 1783 541 1835 ὑπ’
565 1782 715 1852 αὐτῷ
747 1779 836 1853 ἦν,
873 1785 968 1837 καὶ
997 1785 1066 1836 τὰ
1103 1784 1366 1854 βασιλέως
1399 1786 1822 1852 προστάγματα,

259 1874 362 1942 οὐχ
394 1868 559 1944 ἦττον
607 1875 640 1944 ἢ
680 1875 843 1938 αὐτὸς
899 1876 1180 1944 βασιλεὺς,
1224 1877 1486 1946 ἐρυθραῖς
1515 1877 1825 1947 ὑπεσημαί-

263 1980 386 2016 νετο
419 1965 761 2035 ὑπογραφαῖς
790 1981 804 1995 ⁸
845 1967 940 2019 καὶ
991 1965 1028 2020 ἀ
1078 1968 1366 2037 ἐξεφέρετο
1415 1969 1544 2034 παρ’
1597 1968 1824 2034 ἐαυτοῦ,

262 2055 364 2124 τὴν
417 2057 539 2124 ίσην
586 2061 680 2112 καὶ
735 2058 930 2128 ὁμοίαν
963 2058 1197 2124 δύναμιν
1237 2062 1350 2124 τοῖς
1387 2059 1649 2130 βασιλέως
1691 2058 1824 2130 εἶχεο

261 2148 361 2197 καῖ⁵
412 2147 580 2200 τᾶλλα
627 2148 728 2201 ὅσα
763 2137 1030 2218 βασιλέως
1085 2151 1222 2220 ἔργα
1253 2147 1342 2222 ἦν,
1376 2152 1473 2205 καὶ
1503 2152 1653 2223 αὑτῷ
1681 2152 1827 2223 ἐξῆν.

266 2237 563 2306 Στρὼμασί
621 2255 680 2291 τε
719 2239 830 2308 γὰρ
887 2240 1208 2309 ἐφύπνωττε
1249 2240 1582 2312 βασιλέως,
1641 2244 1830 2297 εἴποτε

266 2330 690 2402 στρατευομένῳ
745 2332 1032 2386 συνέϐαινε
1083 2334 1198 2396 τοῖς
1245 2332 1412 2388 αὐτοῦ
1479 2336 1830 2405 σκευοφόροις

265 2417 345 2484 μὴ
397 2421 674 2489 παρεῖναι.
719 2423 829 2476 Καὶ
865 2425 932 2493 τῇ
972 2423 1238 2494 βασιλέως
1294 2425 1456 2496 κλίνῃ
1491 2419 1524 2499 ᾖ
1559 2427 1696 2496 μηδέ
1730 2427 1831 2497 υίῷ

1919 789 2055 846 Nam
2086 797 2142 843 et
2179 788 2232 842 in
2276 787 2395 856 ejus
2435 787 2672 856 stragula
2712 793 2866 840 veste
2909 799 3157 838 somnum
3205 787 3479 854 capiebat,

1923 882 1968 935 si
1999 879 2218 949 quando
2249 878 2304 932 iu
2339 877 2687 948 expeditione
2733 875 3048 944 contigisset
3085 873 3360 929 ministros
3391 889 3502 928 su-.

1925 969 2270 1038 pellectilem,
2285 984 2381 1035 seu
2405 967 2792 1036 impedimenta
2811 974 3094 1034 portantes
3116 979 3223 1017 non
3248 966 3439 1018 adesse
3464 983 3478 1018 :

1924 1072 1980 1115 et
2015 1061 2066 1113 in
2102 1061 2385 1130 grabatulo
2413 1059 2659 1128 ejusdem
2685 1038 2861 1128 (quod.
2885 1071 2988 1110 nec
3023 1056 3134 1110 tilio
3183 1066 3238 1110 et
3261 1056 3481 1126 quidem

1926 1151 2269 1222 imperatori,
2309 1150 2413 1206 nisi
2457 1149 2509 1204 id
2543 1149 2592 1204 ei
2647 1162 2846 1218 parens
2895 1147 3157 1212 deferret,
3207 1146 3289 1200 las
3341 1145 3479 1213 erat)

1926 1244 2042 1314 ipse
2079 1244 2379 1304 liberrime,
2431 1243 2594 1311 idque
2623 1256 2688 1296 eo
2720 1251 2825 1294 tam
2861 1246 3152 1308 prmsenle.
3191 1253 3354 1308 quam
3384 1239 3483 1292 ab-

1926 1344 2081 1390 sente
2113 1333 2504 1388 meridiabatur
2528 1347 2541 1385 :
2569 1340 2626 1386 et
2658 1331 2701 1384 si
2736 1329 2956 1399 quando
2975 1329 3133 1382 simul
3166 1340 3483 1398 pernoctas-

1926 1435 2068 1492 sent,
2101 1426 2390 1480 cothurnis
2416 1426 2534 1490 ejus
2564 1423 2820 1477 licentius
2849 1435 3010 1489 quam
3046 1419 3164 1473 suis
3203 1419 3481 1482 utebatur,

1927 1519 2232 1587 agebzttque
2253 1515 2600 1585 impcratorie
2622 1513 2829 1576 omnia,
2854 1511 3220 1578 utimpcrator
3245 1509 3484 1570 intuens,

1926 1608 2279 1662 vehementer
2299 1618 2351 1662 et
2390 1609 2531 1661 ultra
2559 1620 2718 1673 quam
2749 1603 2851 1656 dici
2889 1610 3063 1670 potest
3098 1600 3395 1658 laetaretur,
3431 1607 3488 1652 et

1927 1698 2184 1766 gaudium
2212 1712 2370 1752 suum
2402 1709 2503 1750 nec
2534 1693 2674 1762 apud
2711 1693 2849 1747 alios
2879 1691 3099 1744 tacitum
3129 1689 3332 1750 habere
3358 1703 3488 1757 pos-

1930 1799 2029 1844 set.
2061 1787 2173 1843 Nec
2201 1789 2301 1842 ista
2324 1787 2533 1842 Annam
2560 1785 2961 1854 imperatricetn
2981 1783 3226 1836 latebant
3256 1781 3310 1834 in
3332 1782 3489 1851 cujus

1929 1889 2224 1950 conspectu
2258 1879 2446 1933 eadem
2503 1891 2644 1946 sa'pe
2693 1877 2949 1938 faciebat,
2987 1885 3045 1930 ut
3087 1874 3390 1943 imperator
3431 1868 3488 1927 ἐἰ

1933 1985 2322 2039 nonnunquam
2364 1969 2573 2024 diceret
2603 1986 2618 2022 :
2661 1956 2802 2034 Quid
2838 1967 3055 2021 tandem
3085 1965 3224 2020 foret
3266 1965 3414 2026 mali,
3443 1965 3489 2018 si

1925 2077 2047 2133 quae
2082 2060 2336 2128 privatim
2358 2061 2495 2129 agis,
2535 2059 2751 2129 publice
2779 2058 2992 2121 tierent,
3018 2067 3488 2125 noscerenturquc

1927 2157 1994 2210 ab
2022 2153 2318 2208 omnibus?
2356 2151 2450 2207 Ille
2479 2151 2651 2206 nihilo
2681 2153 2886 2216 minus,
2938 2159 2996 2204 ut
3035 2165 3254 2218 semper
3282 2149 3488 2201 renite-

1928 2248 2110 2309 batur,
2145 2245 2507 2314 praasentibus
2533 2259 2592 2298 se
2627 2252 2950 2298 contentum
2981 2251 3296 2296 autumans.
3327 2241 3403 2294 Ac
3425 2241 3493 2292 de

1930 2337 2016 2391 his
2039 2335 2260 2406 quidem
2295 2335 2544 2391 veritatis
2591 2334 2946 2390 testiﬁcanda:
2967 2349 3132 2388 causa
3157 2342 3367 2384 tantum
3410 2331 3498 2385 di-

1932 2430 2076 2486 xisse
2111 2427 2370 2484 sulliciat.

261 2509 360 2563 καὶ
419 2511 652 2580 βασιλεῖ.
706 2507 872 2586 elisi)
925 2518 1277 2588 ἐπιτραπείη,
1348 2519 1602 2585 ἔξεστιν,
1660 2521 1828 2584 αὐτὸς
1869 2521 2178 2583 ἀνεκλίνετο
2230 2520 2528 2584 ἀκωλύτως
2573 2520 2775 2590 ὁμοίως
2847 2536 2906 2572 τε
2963 2518 3196 2578 ἀπόντος
3247 2516 3360 2569 ’καὶ
3386 2533 3497 2568 πα-

266 2606 454 2672 ρόντος
513 2606 798 2676 βασιλέως.

877 2610 1108 2678 Ἐμϐάσι
1182 2628 1244 2664 τε
1315 2613 1514 2683 ἐχρῆτο
1570 2617 1690 2676 ταῖς
1743 2615 2046 2685 βασιλικαῖς
2113 2616 2433 2686 ἀδεέστερον
2481 2616 2601 2677 ταῖς
2671 2615 2852 2676 ἰδίαις,
2912 2614 3070 2665 ὁπότε
3129 2609 3499 2664 συνδιενυκτέ-

264 2715 395 2767 ρευε
478 2697 714 2766 βασιλεῖ,
749 2703 845 2754 καὶ
901 2703 1083 2757 πάντα
1156 2703 1392 2775 ἔπραττε
1466 2707 1789 2777 βασιλικῶς,
1824 2709 1898 2770 ὠς
1941 2711 2034 2760 καὶ
2100 2707 2327 2777 βασιλέα
2373 2707 2590 2777 ὁρῶντα
2635 2707 2704 2759 τά
2741 2705 2964 2758 τοιαῦτα
2994 2703 3221 2776 ἥδεσθαί
3265 2719 3325 2755 τε
3356 2704 3496 2770 άγαν

264 2793 589 2861 ὑπερφυῶς,
651 2796 746 2850 καὶ
805 2799 916 2859 τοῖς
975 2797 1157 2860 ἄλλοις
1209 2799 1587 2853 ἐνδείκνυσθαι
1627 2801 1704 2863 ὼς
1743 2802 1831 2871 είη
1871 2801 2022 2870 αὐτῷ
2060 2801 2180 2854 καθ’
2212 2801 2432 2868 ἡδονήν.
2506 2800 2588 2852 Τά
2621 2798 2848 2852 τοιαῦτα
2881 2799 2938 2851 δέ
2985 2796 3108 2849 οὑδέ
3161 2800 3226 2866 τῇ
3265 2797 3498 2866 βασιλίδι

266 2889 443 2957 ’Δννῃ
489 2888 744 2954 ἄγνωστα
795 2885 907 2959 ἦν,
959 2889 1098 2945 ἀλλά
1153 2892 1441 2960 παρούσης
1491 2895 1586 2947 καὶ
1643 2894 1814 2962 αὐτῆς
1877 2895 2181 2963 ἐπράττετο
2247 2893 2550 2958 πολλάκις,
2599 2891 2673 2954 ὡς
2743 2891 2838 2944 καὶ
2902 2889 3132 2965 βασιλέα
3202 2890 3338 2958 πρὸς
3407 2891 3502 2942 τὸν

265 2984 446 3052 μέγαν
483 2983 800 3054 δομὲστικον
845 2985 1053 3051 λέγειν,
1131 2986 1212 3040 ὅτι
1258 2986 1323 3038 Τί
1366 2986 1412 3039 δ’
1442 2985 1509 3040 ἂν
1574 2988 1660 3054 εἴη
1700 2987 1894 3054 δεινὸν,
1935 2991 1983 3041 εί
2032 2987 2068 3042 ἃ
2112 2989 2238 3060 ίδία,
2289 2988 2464 3042 ταῦτα
2513 2988 2608 3040 καὶ
2642 2987 2878 3058 δημοσίᾳ
2927 2985 3218 3056 πραχθείη,
3255 2976 3350 3039 καὶ
3389 2991 3500 3050 τοῖς

263 3083 402 3134 πᾶσι
433 3083 641 3150 γένοιτο
706 3082 1033 3151 καταφανῆ;
1071 3081 1130 3136 Ὀ
1189 3082 1234 3135 δ’
1267 3081 1419 3135 οὐδὲν
1445 3077 1608 3154 ἧττον
1670 3082 1704 3153 ἢ
1771 3086 2036 3154 πρότερον
2075 3084 2402 3146 ἀπεωθεῖτο,
2458 3084 2746 3156 ἀρκεῖσθαι
2774 3086 2888 3148 τοῖς
2949 3083 3187 3154 παροῦσι
3252 3083 3500 3151 φάσκων.

263 3175 435 3231 Ἀλλὰ
468 3178 596 3248 περὶ
630 3176 730 3248 μὶν
759 3178 990 3246 τούτων,
1017 3177 1118 3249 τῆς
1146 3177 1404 3249 ἀληθείας
1425 3180 1615 3244 ἐνεκα,
1643 3178 1883 3232 τοσαῦτα
1910 3181 2126 3251 εἴρηται
2153 3182 2309 3252 ἡμῖν.

1611 3322 1771 3393 227
1810 3322 2034 3380 CAPUT
2072 3313 2140 3379 X.

264 3442 542 3508 Quomodo
575 3438 880 3494 Benedictus
917 3437 1212 3510 Zacharias
1244 3435 1556 3510 Genuensis.
1579 3440 1893 3510 posterique
1922 3438 2108 3493 Chium
2141 3440 2374 3510 insulam
2404 3440 2502 3493 sibi
2535 3437 2810 3507 propriam
2839 3438 3075 3510 fecerint.
3105 3438 3237 3508 Ejus
3272 3456 3502 3510 recupe-

335 3513 522 3567 randa
549 3511 868 3564 occasionem
901 3509 1203 3578 Calothetus
1238 3509 1464 3578 dynasta
1494 3507 1679 3574 Chius,
1715 3518 1883 3561 matre
1919 3511 2096 3578 magni
2144 3509 2423 3578 domestici
2455 3517 2730 3568 conventa,
2757 3509 3008 3578 ostendit;
3073 3526 3104 3561 a
3144 3507 3247 3578 qua
3281 3507 3421 3564 ﬁlius
3450 3519 3501 3564 et

332 3585 629 3652 imperator
657 3579 1074 3648 Didymotichum
1112 3577 1172 3630 ob
1216 3576 1290 3628 id
1324 3576 1576 3652 B_y_zan‘tio
1616 3576 2082 3652 evocantur._C_um
2128 3576 2400 3652 Calotheto
2447 3585 2729 3652 praesentes
2773 3576 3163 3652 colloquuntur.
3207 3581 3497 3641 Consilium

335 3646 518 3723 magni
547 3646 838 3714 domestici,
870 3664 972 3718 quo
1012 3656 1164 3706 pacto
1198 3663 1317 3699 cum
1350 3646 1604 3710 Martiae,
1633 3649 1721 3717 qui
1759 3656 1871 3699 tum
1902 3647 2091 3702 Chium
2132 3649 2417 3710 obtinebat,
2448 3646 2718 3717 agendum
2751 3649 2836 3700 sit.

337 3765 416 3819 Οὐ
471 3763 688 3824 πολλοῖς
745 3762 801 3814 δέ
850 3760 994 3814 ἔτεσι
1033 3761 1322 3835 πρότερον,
1361 3761 1638 3831 Ζαχαρίας
1670 3760 1823 3814 Μπε-
1855 3765 1873 3825 1

1870 3763 1903 3826 C
2003 3763 2120 3819 Non
2151 3764 2336 3819 multis
2371 3773 2497 3818 ante
2521 3764 2681 3820 annis
2705 3763 3035 3818 Benedictus
3063 3758 3360 3821 Zacharias
3391 3767 3500 3838 (74)

260 3859 420 3921 νότος
451 3859 478 3910 6
517 3858 580 3909 ἐκ
610 3853 870 3917 Γεννούας
907 3857 974 3924 τῇ
1021 3853 1137 3922 Χίῳ
1177 3853 1501 3925 ἐπιθέμενος
1534 3853 1838 3923 ἐκράτησεν

260 3949 465 4019 αὐτῆς.
513 3947 734 4001 Βασιλεῖ
776 3947 834 3999 δὲ
877 3945 1167 4015 Ῥωμαίων
1203 3945 1282 4014 τῷ
1315 3945 1672 4016 πρεσϐυτέρῳ
1715 3946 1838 3999 ’Λν-

1941 3855 2250 3912 Genuensis
2299 3854 2499 3911 Chium
2550 3856 2835 3923 invadens,
2883 3873 2946 3912 ea
2994 3857 3196 3926 potitus
3235 3869 3319 3913 est
3367 3858 3502 3930 (75).

1940 3946 2076 4001 Cum
2107 3963 2239 4002 vero
2299 3947 2501 4002 seniori
2544 3949 2858 4002 Andronico
2893 3962 3114 4017 prOpter
3160 3948 3503 4019 frequentes,

259 4040 521 4111 δρονίκῳ,
561 4040 649 4092 διὰ
673 4039 766 4101 τάς
804 4037 1003 4106 συχνάς
1039 4037 1263 4106 ἐφόδους
1298 4038 1406 4092 τῶν
1437 4038 1665 4108 Περσῶν
1700 4037 1840 4091 κατά

1939 4049 1994 4094 et
2042 4037 2269 4094 infestas
2294 4039 2582 4094 Persarum
2633 4041 2688 4092 in
2722 4039 2883 4094 urbes
2915 4040 3207 4094 orientales
3239 4041 3510 4096 Romano-

259 4133 376 4186 τῶν
415 4133 552 4203 πρὸς
597 4131 674 4185 ἐω
719 4132 831 4194 τοῖς
868 4129 1159 4199 Ῥωμαίοις
1211 4129 1470 4201 ὑπηκόων
1518 4129 1744 4195 πόλεων,
1773 4130 1834 4183 οὐ

1940 4146 2059 4185 rum
2096 4129 2438 4185 incursiones
2476 4129 2696 4184 diﬂicile
2723 4139 2869 4185 esset
2901 4131 3130 4184 insulam
3161 4146 3506 4201 recuperare,

2389 4232 2426 4262 ο

1503 4268 1720 4330 Jacobi
1760 4270 2026 4331 Pontani
2071 4277 2252 4331 notae.

345 4403 457 4473 (76)
499 4399 734 4468 Propria
771 4397 911 4473 solet
958 4406 1322 4473 postponere,
1359 4395 1523 4473 quod_
1555 4397 1696 4473 apud
1741 4413 1841 4452 nos
1938 4391 2344 4473 intercedebant,
2373 4397 2697 4473 singularem
2753 4399 3186 4473 benevolentiam,
3245 4412 3290 4456 et
3345 4407 3511 4460 animi

268 4465 738 4530 inusitatum—est.
796 4468 985 4534 Itaque
1025 4482 1126 4534 pro
1166 4465 1458 4520 Zacharias
1490 4465 1838 4531 Benedictus,

262 4543 462 4612 scripsi
486 4539 816 4612 Benedictus
836 4536 1146 4612 Zacharias.
1174 4535 1300 4612 ζῆτε]
1330 4544 1513 4612 autem
1538 4537 1837 4612 Μπεενετος.

262 4603 550 4670 Recentcs
605 4609 751 4662 enim
807 4607 860 4659 in
908 4604 1217 4673 hujusmodi
1269 4603 1470 4658 Italicis
1523 4613 1584 4673 et
1635 4604 1842 4660 Latinis

260 4682 502 4737 vocibus
527 4720 542 4741 ,
582 4687 642 4731 ιιι
685 4685 768 4731 est
821 4672 1119 4728 Benedetto
1143 4714 1156 4737 ,
1210 4689 1311 4742 pro
1347 4675 1527 4728 littera
1567 4672 1596 4725 b
1633 4687 1844 4743 ponunt

263 4770 309 4805 π
333 4794 350 4814 ,
388 4762 444 4803 et
475 4748 698 4818 quidem
755 4743 974 4816 praeﬁxa
1021 4745 1070 4797 ei
1109 4745 1315 4818 p.._Hic
1346 4759 1444 4812 pro
1491 4745 1843 4818 Benedictus,

1067 4821 1122 4864 et
1171 4813 1337 4883 Beato
1374 4815 1704 4883 exprimitur
1755 4815 1842 4868 his

264 4821 528 4874 scribunt
583 4818 1016 4886 μπενεδίκτους,

262 4891 474 4945 litteris
499 4927 514 4949 ,
556 4882 793 4956 μπεάτο.
825 4884 965 4956 Lege
1003 4882 1223 4956 Henrici
1269 4882 1532 4956 Stephani
1567 4883 1839 4956 libellum,

263 4961 339 5014 de
382 4952 568 5011 inﬁdis
598 4954 798 5009 Grzecae
826 4954 1024 5023 linguae
1051 4952 1364 5023 magistris,
1404 4969 1525 5023 pag.
1575 4953 1697 5007 157.
1743 4954 1843 5009 Hic

265 5039 456 5082 autem
500 5042 568 5080 ex
612 5020 1006 5094 μπενεδίκτόυς
1041 5020 1246 5076 factum
1288 5020 1585 5093 depravate
1641 5024 1841 5092 μπένε-

265 5116 364 5157 τος
387 5139 400 5155 .
438 5112 543 5150 non
579 5094 792 5149 dubito.

1941 4471 2335 4539 propensionem
2367 4469 2421 4520 in
2462 4467 2679 4539 Ligures
2710 4469 3000 4538 manifestis
3046 4474 3370 4539 argumentis
3403 4491 3510 4536 pra:

1937 4553 1994 4590 se
2015 4539 2236 4607 ferebat.
2268 4537 2334 4590 Et
2359 4553 2475 4589 cum
2507 4538 2727 4608 multum
2759 4540 3056 4608 reipublicte
3084 4537 3371 4602 interesset,
3400 4553 3511 4596 tam

1942 4609 2167 4678 potentis
2198 4607 2450 4678 principis
2478 4606 2792 4678 in_0riente,
2827 4606 2896 4660 ad
2922 4612 3283 4678 navigationes
3308 4611 3510 4665 Atticas

1943 4675 2346 4749 conﬁciendum,
2399 4675 2633 4749 amicitia
2686 4675 3064 4749 atque__fuvoré
3114 4680 3381 4749 adjuvari,
3416 4685 3510 4733 sub

1943 4746 2151 4798 initium
2186 4746 2414 4816 proximi
2438 4745 2820 4818 anniJordano
2852 4745 3154 4818 liajaluengo
3173 4745 3280 4802 cive
3300 4750 3512 4803 Astensi

1943 4823 2190 4884 praetore,
2229 4829 2440 4869 senatus
2502 4817 2710 4868 nomine
2765 4816 3051 4870 Gulielmus
3095 4816 3412 4883 uicecomes,
3461 4831 3511 4873 et

1944 4885 2278 4957 Guarnerus,
2307 4885 2496 4957 ἀπάρας,
2547 4887 2947 4957 prudentissimi
2984 4897 3140 4956 atque
3185 4889 3512 4957 integerrimi

1943 4956 2042 5007 viri
2062 4995 2076 5017 ,
2105 4958 2396 5023 optimeque
2423 4956 2486 5006 de
2517 4956 2695 5021 pattia
2725 4972 2931 5023 semper
2962 4958 3157 5016 meriti.
3191 4959 3258 5009 ad
3290 4956 3406 5010 eum
3434 4959 3510 5012 le-

1941 5026 2052 5096 gati
2085 5027 2227 5078 missi
2252 5034 2392 5086 sunt,
2412 5039 2809 5096 quorumopera
2847 5034 3005 5094 atque
3033 5027 3293 5079 industria
3324 5044 3506 5096 respu~

1870 5109 1922 5167 ι)
1947 5093 2105 5168 blica
2129 5103 2364 5168 assecuta
2399 5102 2495 5168 est,
2533 5103 2587 5168 ut
2637 5094 2767 5168 inito
2807 5096 3088 5168 cumhipso
3132 5098 3322 5162 [aedere
3354 5093 3512 5168 atque

345 5167 458 5236 (75)
487 5167 616 5231 Quae
642 5165 898 5232 deinceps
919 5162 997 5236 de
1026 5160 1203 5214 insula
1228 5160 1367 5236 Chio
1387 5177 1426 5236 _a
1459 5162 1843 5217 Genuensibus
1874 5160 1912 5167 '
1951 5164 2208 5227 amicitia,
2237 5180 2321 5236 res
2343 5162 2624 5236 orientales
2658 5163 2806 5233 longe
2839 5160 3038 5236 meliori
3071 5160 3199 5229 loco,
3232 5183 3390 5234 quam
3416 5160 3512 5219 an-

267 5232 372 5309 per
406 5232 512 5290 vim
543 5244 829 5309 occupata,
864 5242 919 5286 et
950 5232 1268 5309 vi__reten_ta,
1297 5234 1368 5309 ab_
1387 5232 1490 5309 hoc
1524 5244 1710 5309 nOstro
1735 5249 1843 5286 me-

270 5300 582 5367 inorantur,
613 5300 1389 5379 vehe_menter_discordantab
1416 5302 1627 5379 iisquae
1651 5303 1873 5379 Petrus.

266 5379 504 5432 Bizacus
533 5376 809 5426 memoria:
841 5371 1080 5439 prodidit
1110 5371 1206 5425 lib.
1232 5386 1284 5424 tv
1306 5372 1557 5430 Historia:
1589 5372 1841 5426 Genuen-

268 5451 375 5511 sis,
421 5457 476 5500 et
511 5453 635 5513 post
684 5457 810 5513 eum
852 5443 1088 5513 Ubertus
1124 5441 1514 5513 Folieta,_lili.
1564 5459 1654 5504 vu,
1707 5440 1837 5513 dum

268 5510 565 5586 Stnyrnaiu
606 5521 660 5586 et
701 5512 897 5565 (litium
941 5528 970 5564 a
1020 5511 1331 5586 lilichaelel
1387 5510 1840 5586 Paleeol_ogo_Ge-

268 5580 579 5640 nuéusibus
595 5584 822 5634 donatas
843 5596 961 5635 esse
982 5580 1270 5633 afﬁrmant.
1306 5580 1506 5649 Locum
1526 5582 1590 5634 ad
1610 5582 1836 5634 verbum

265 5655 650 5709 atlscribemus
697 5651 896 5705 :Cirea
931 5653 1040 5704 ha'c
1085 5661 1323 5719 tempora
1377 5650 1556 5719 (126-1)
1604 5650 1835 5704 Michael

267 5669 650 5709 attscrtnemus
697 5669 896 5705 turea
931 5669 1040 5704 na'c
1085 5669 1323 5719 tempora
1377 5669 1528 5718 tuo-1
1604 5669 1834 5704 utcnaet

267 5723 607 5791 Pala'ologus
642 5721 857 5774 orientis
897 5721 1172 5784 imperium
1194 5721 1480 5774 obtinebat.
1509 5669 1609 5784 (iui
1639 5724 1701 5791 ob
1730 5723 1839 5789 pri-

271 5807 424 5849 t'alas
456 5790 752 5848 simultates
779 5801 822 5842 et
856 5792 1175 5856 inimicitias,
1207 5808 1320 5859 qua:
1350 5791 1426 5844 illi
1477 5807 1591 5844 cum
1637 5790 1836 5846 Venetis

1951 5244 2032 5285 (ea
2074 5245 2256 5287 essent.
2295 5233 2414 5300 Ipse
2469 5234 2648 5292 etiam,
2699 5246 2752 5285 ut
2803 5233 2979 5302 aliquo
3013 5238 3204 5287 recenti
3244 5233 3510 5302 beneﬁcio

1945 5304 2044 5356 sibi
2063 5302 2438 5371 rempublicam
2471 5303 2689 5364 arctius,
2711 5315 2764 5354 ut
2789 5303 3057 5356 nonnullis
3090 5306 3281 5370 placet,
3321 5304 3510 5359 Chium

1947 5372 2083 5426 Ionii
2109 5389 2275 5426 maris
2306 5373 2535 5426 insulam
2563 5375 2698 5425 dono
2732 5374 2894 5434 dedit,
2927 5383 3036 5426 etc.
3066 5375 3120 5428 Si
3148 5375 3346 5429 donata
3378 5376 3515 5429 [υίινέ

1946 5451 2048 5506 set,
2081 5443 2244 5496 credo
2267 5443 2544 5512 equidem,
2579 5442 2922 5496 Andronicus
2944 5445 3062 5513 ejus
3093 5444 3255 5508 ﬁlius,
3274 5446 3513 5499 Michae-

1941 5513 2026 5582 lis,
2077 5513 2320 5582 inquam,
2364 5528 2468 5566 non
2523 5514 2850 5581 posmiasset
2882 5530 3001 5582 qua:
3056 5515 3144 5567 hic
3205 5520 3514 5582 postulasse

1938 5581 2159 5706 lebg'tur,
2182 5599 2280 5637 nec
2296 5585 2410 5652 ipse
2430 5597 2601 5652 nepos
2626 5581 2930 5650 istacontra
2946 5585 3035 5649 jus
3059 5581 3246 5653 fasque
3269 5587 3526 5640 fecisset-

1941 5651 2000 5704 Li
2048 5669 2108 5706 ro
2137 5654 2318 5706 tertio.
2359 5669 2480 5706 can.
2537 5652 2626 5706 95.
2685 5653 2883 5706 iterum
2916 5655 3134 5706 canitur
3179 5669 3206 5706 a
3253 5655 3522 5706 Genuenr

1941 5651 2108 5776 Libbro
2137 5654 2318 5721 tertio,
2359 5651 2626 5722 cap.’95,
2685 5653 2883 5709 iterum
2916 5655 3134 5723 capitur
3162 5651 3206 5707 ὀ
3253 5655 3522 5711 ϐεηυειιο

1941 5738 1984 5776 st
2029 5738 2113 5776 us.

1939 5738 2113 5777 διυιις.
