4250 6444
267 428 380 491 47⁸1

1435 426 1970 490 HISTORIARUM
2006 424 2234 485 LIBER
2282 431 2328 485 ll

3417 422 3522 485 478

276 544 580 614 κατάδηλον
609 542 820 612 γένοιτο
865 544 1138 616 Λατίνοις,
1175 545 1258 596 ὅτι
1294 543 1458 596 altu-3
1519 544 1844 611 πράττοντος
1877 547 1954 608 Α⁴

1843 560 1844 593 :
1877 547 1924 602 Α
1949 539 2100 609 jccit,
2123 542 2436 610 bonumque
2466 548 2516 592 et
2541 538 2673 592 utile
2700 546 2808 591 tum
2839 533 3103 592 Romanis
3159 541 3270 589 tum
3301 535 3521 591 sibimet

279 639 720 707 ἐπεστράτευσεν
781 635 966 699 αὐτοῖς
1026 637 1053 690 ὁ
1112 638 1384 707 βασιλεῦτ.
1437 631 1512 687 UB
1569 635 1631 704 δὴ
1685 635 1850 685 ἓνεκα

1612 728 1750 779 ἅττα
1784 724 1851 777 ἂν

281 732 426 800 αὐτῇ
481 732 581 800 τὴν
641 730 868 799 γνώμην
901 730 1183 783 ἀναθεῖναι
1241 730 1431 798 πρώτῃ
1474 729 1549 788 ὡς

282 823 429 893 αὐτῇ
469 825 653 893 δοκοίη
690 826 900 878 ἐκείνου
937 822 1400 892 διαπραξομένου.
1458 819 1693 871 Τοιαῦτα
1749 817 1847 884 μὲν

278 917 309 966 ὁ
368 915 676 977 Καλόθετος
725 920 798 986 τῇ
837 916 1010 984 μητρὶ
1066 915 1160 966 τοῦ
1225 913 1464 982 μεγάλου
1523 909 1846 979 δομεστίκου

277 1007 472 1074 κρύφα
505 1008 632 1078 περὶ
679 1005 808 1060 Χίου
841 1006 1132 1076 διειλέχθηο
1165 1007 1198 1073 ἡ
1222 1005 1277 1057 δὲ
1309 1002 1587 1075 ὲπέῤῥωσέ
1616 1019 1675 1054 τε
1710 1001 1847 1070 μᾶλ-

277 1097 373 1148 λον
431 1098 568 1164 πρὸς
604 1099 667 1150 τὸ
718 1099 879 1168 ἔργον
925 1097 1110 1160 αὐτὸν,
1145 1096 1239 1148 καὶ
1274 1094 1455 1155 καλῶς
1502 1093 1708 1160 ἔφασκε
1750 1095 1845 1145 καὶ

271 1187 702 1252 λυσιτελούντως
757 1188 1146 1258 βεϐουλεῦσθαι
1207 1187 1302 1240 καὶ
1370 1183 1666 1254 Ῥωμαίοις
1748 1185 1843 1238 καὶ

269 1277 478 1346 ἑαυτῷ.
536 1278 690 1332 Ἐπεὶ
741 1279 799 1332 δὲ
834 1281 978 1348 αὑτῇ
1020 1277 1114 1348 τὴν
1146 1278 1347 1346 πρᾶξιν
1377 1276 1603 1346 ἀναθείη
1651 1275 1844 1347 πρώτῃ

266 1368 363 1420 διὰ
413 1370 516 1437 τὴν
573 1371 804 1440 ἀρχαίαν
864 1371 1176 1440 οἰκειότητα
1227 1371 1321 1420 καὶ
1376 1369 1473 1439 τὴν
1529 1367 1742 1420 εὔνοιαν
1774 1368 1842 1436 ἣν

264 1458 509 1528 ἔσχηκεν
569 1462 633 1513 ἐκ
689 1461 921 1514 παλαιοῦ
983 1453 1121 1525 πρὸς
1181 1460 1354 1528 αὐτὴν
1390 1461 1483 1512 καὶ
1533 1457 1839 1524 υίὸν,αὐτὴ

265 1554 369 1604 κείν.
410 1553 772 1622 διαπράξεται
810 1554 959 1612 ὅπως
1003 1554 1201 1621 ἄριστα
1249 1549 1400 1620 αὐτῷ
1445 1549 1578 1615 ἕξει.
1624 1547 1838 1618 Ἐκείνη

267 1646 373 1711 μὲν
405 1645 497 1697 οὖν
551 1645 776 1698 τοιαῦτα
808 1642 952 1698 εἷπε·
989 1645 1256 1715 πέμψασα
1313 1644 1368 1696 δὲ
1418 1645 1499 1718 ἐκ,
1539 1641 1836 1705 Βυζαντίου

264 1735 501 1800 βασιλέα
554 1738 646 1790 καὶ
687 1738 778 1790 τὸν
819 1737 934 1790 υἱὸν
977 1738 1056 1798 είς
1086 1735 1470 1805 Διδυμὸτειχον
1521 1733 1727 1795 ἐκάλει,
1763 1735 1838 1796 ὡς

265 1831 590 1895 ἀναγκαίων
641 1830 770 1900 πέρι
811 1829 1186 1899 διαλεξομένη.
1231 1829 1295 1881 Οί
1335 1829 1380 1882 δ’
1415 1826 1578 1889 εὐθὺς
1611 1827 1716 1880 τῶν
1747 1827 1837 1880 ἄλ-

263 1919 380 1970 λων
448 1921 848 1990 ἀμελήσαντες,
901 1924 1112 1992 εἴχοντο
1154 1923 1274 1977 ὀδοῦ
1302 1939 1316 1956 ο
1355 1920 1638 1992 γενόμενοι
1687 1920 1744 1974 δὲ
1783 1922 1840 1972 ἐν

260 2014 675 2085 Διδυμοτείχῳ,
730 2015 855 2068 ἐπεὶ
911 2016 1173 2068 ἐπύθοντο
1233 2015 1363 2080 περὶ
1413 2009 1487 2068 ὧν
1544 2015 1837 2077 καλοῖντο,

265 2107 455 2175 ἡδέως
488 2125 546 2160 τε
578 2108 827 2174 ἐδέξαντο
865 2110 992 2171 τοὺς
1042 2108 1257 2176 λόγους,
1291 2107 1388 2160 καὶ
1421 2107 1592 2159 ἐδόκει
1621 2107 1730 2158 δεῖν
1767 2105 1842 2167 ὡς

261 2201 402 2269 περὶ
437 2202 742 2269 ἀναγκαίου
771 2203 867 2272 τῆς
899 2203 1028 2255 Χίου
1059 2201 1584 2274 παρατκευάζεσθαι
1611 2203 1680 2253 τὰ
1706 2199 1841 2270 πρὸς

260 2297 363 2346 τὸν
419 2296 657 2366 πόλεμον
723 2295 1041 2365 προθύμως.
1103 2295 1207 2348 Τόν
1260 2313 1319 2347 τε
1365 2295 1670 2348 Καλόοετον
1733 2290 1840 2362 ἰδίᾳ

267 2384 800 2453 μετακαλεσάμενοι,
834 2384 1089 2452 ἑκάτερος
1126 2383 1305 2435 αὐτῶν
1349 2382 1530 2449 λόγοις
1572 2398 1630 2433 τε
1678 2379 1842 2450 ἐπέῤ-

263 2478 462 2544 ρωσαν
496 2475 629 2542 πρὸς
664 2476 722 2528 τὸ
758 2475 919 2546 ἔργον
966 2477 1299 2543 ἐπαγωγοῖς,
1333 2477 1428 2528 καὶ
1461 2475 1655 2541 δώροις
1688 2473 1837 2540 φιλο-

265 2567 680 2635 φρονησάμενοι
707 2567 869 2632 ἀξίως
909 2567 1146 2629 ἑαυτῶν,
1180 2567 1257 2618 ἔτι
1293 2567 1346 2619 δὲ
1378 2565 1838 2634 ἐπαγγειλάμενοι

263 2657 438 2710 αὐτόν
483 2676 543 2710 τε
592 2663 684 2712 καὶ
723 2661 885 2727 γένος
935 2655 993 2714 εὖ
1032 2659 1298 2729 ποιήσειν,
1341 2656 1657 2728 ἐξέπεμψαν
1704 2656 1839 2726 πρὸς

264 2749 406 2802 Χίον
452 2751 526 2814 ὡς
568 2747 640 2803 ὧν
678 2752 744 2805 ἂν
778 2754 954 2806 δέοιτο
984 2753 1541 2824 παρασκευασάμενον
1602 2752 1735 2822 πρὸς
1780 2753 1841 2804 τὸ

262 2839 548 2902 Λατίνοις,
584 2841 652 2910 ἣν
689 2842 802 2912 δέῃ,
843 2843 1151 2898 ἐπιθέσθαι.
1201 2844 1368 2897 Αὐτοὶ
1427 2845 1482 2897 δὲ
1524 2844 1602 2906 είς
1637 2842 1840 2906 Βυζάν-

260 2947 384 2981 τιον
441 2932 971 3000 ὲπαναστρέψαντες,
1023 2937 1266 3005 τριήρεις
1329 2952 1386 2988 τε
1468 2933 1840 3002 ἐναυπηγοῦν-

263 3035 357 3081 το,
418 3019 512 3071 καὶ
570 3021 739 3074 τᾶλλα
810 3026 1285 3091 παρεσκευάζοντο
1340 3024 1413 3088 ὡς
1445 3023 1838 3092 πλευσούμενοι

261 3112 325 3172 ἐς
394 3111 541 3166 Χίον.
595 3113 993 3184 Σκεπτομὲνοις
1044 3116 1101 3170 δὲ
1159 3117 1342 3179 αὐτοῖς
1387 3117 1579 3185 ἥντινα
1619 3117 1836 3182 ἐξέσται

1956 647 2175 700 quoque
2209 631 2494 692 consilium
2529 629 2742 682 dedisse
2769 627 3078 682 affirmavit.
3118 627 3185 681 ΕΙ.
3217 626 3344 695 quia
3365 627 3430 679 ad
3459 641 3520 680 se

1955 724 2192 793 primum
2235 737 2334 790 pro
2360 721 2578 788 antiqua
2613 719 2981 774 familiaritate
3035 733 3098 773 ac
3129 717 3519 772 benevolentia

1952 831 2074 884 qua:
2102 814 2179 867 illi
2215 829 2423 875 secum,
2471 821 2525 866 ct
2557 829 2678 866 cum
2713 811 2824 866 lilio
2869 812 2993 866 inde
3024 826 3053 864 a
3089 809 3390 881 majoribus
3429 809 3518 864 in-

1953 904 2316 965 tercessisset,
2358 903 2702 957 referendum
2751 900 3071 971 putavisset.
3102 914 3160 954 se
3189 914 3301 954 rem
3323 912 3518 968 quam-

1950 997 2155 1066 0ptitne
2203 997 2595 1050 confecturam.
2634 994 2756 1048 Hrec
2802 994 2911 1047 illa.
2955 991 3084 1046 lude
3128 991 3513 1061 imperatorem

1947 1097 2004 1140 et
2037 1087 2206 1138 tilium
2243 1087 2498 1157 Byzantio
2526 1085 2988 1154 Ditlymotichum,
3023 1083 3166 1138 utde
3187 1081 3516 1137 necessariis

1945 1177 2271 1245 quibusdam
2292 1193 2414 1230 cum
2447 1176 2580 1243 ipsis
2603 1185 2812 1239 actura,
2839 1177 3106 1240 accersit;
3135 1174 3369 1243 quijmox
3394 1173 3516 1228 aliis

1947 1269 2297 1336 posthabitis,
2342 1271 2395 1322 in
2445 1269 2587 1322 viam
2650 1282 2707 1321 se
2757 1267 3048 1321 dederunt.
3091 1265 3288 1320 Audita
3343 1280 3512 1319 causa

1946 1361 2016 1414 ob
2037 1377 2198 1430 quam
2230 1370 2412 1414 essent
2439 1361 2673 1422 evocati,
2711 1360 2953 1413 laetitiam
2991 1367 3257 1426 ceperunt
3285 1357 3514 1410 bellum-

1944 1467 2050 1520 que
2103 1466 2200 1520 pro
2243 1451 2380 1505 Chio
2415 1459 2472 1503 ut
2523 1466 2634 1502 rem
2673 1449 2927 1518 prmeipui
2964 1448 3223 1502 momenti
3263 1454 3512 1516 prompte

1943 1541 2371 1612 comparandum
2404 1542 2788 1595 decreverunt.
2825 1542 3074 1595 Accitum
3112 1555 3330 1608 quoque
3351 1538 3510 1594 Calo-

1944 1636 2152 1687 tltctum
2210 1633 2391 1687 verbis
2437 1631 2752 1686 efﬁcacibus
2812 1633 2863 1684 in
2903 1631 3185 1700 proposito
3224 1629 3514 1684 conﬁrma-

1944 1733 2090 1784 runt.
2116 1734 2172 1778 et
2219 1739 2317 1793 pro
2359 1724 2623 1794 dignitate
2649 1739 2746 1777 sua
2797 1723 3110 1776 humaniter
3128 1732 3508 1784 munerarunt;

1947 1816 2199 1886 datisque
2227 1817 2530 1886 promissis,
2576 1832 2634 1872 se
2675 1817 2777 1886 ipsi
2824 1825 2879 1870 et
2907 1817 3091 1886 generi
3124 1830 3224 1870 suo
3254 1814 3502 1869 benefac-

1869 1890 1916 1949 Β
1948 1911 2116 1968 turos,
2157 1902 2352 1958 Chium
2383 1905 2730 1968 dimiserunt,
2765 1912 2825 1958 ut
2867 1905 3066 1974 quibus
3099 1920 3238 1973 opus
3274 1905 3413 1959 foret
3440 1906 3507 1958 ad

1942 1993 2166 2050 Latinos
2220 1997 2274 2049 in
2331 2004 2575 2065 tempere
2627 1992 2965 2051 adoriundos
3005 2005 3366 2067 praepararet;
3410 1998 3507 2066 ipsi

1941 2084 2259 2156 Byzantium
2293 2087 2520 2152 reversi,
2570 2089 2821 2144 triremes
2853 2080 3202 2144 fabricandos
3233 2089 3505 2152 locarunt,

1941 2190 1996 2236 et
2035 2193 2228 2238 caetera
2277 2196 2531 2254 tanquam
2584 2188 2780 2241 Chium
2818 2188 3118 2256 navigaturi
3147 2194 3502 2241 curaverunt.

1942 2273 2078 2328 Dum
2139 2291 2268 2330 vero
2301 2277 2814 2348 circumspicerent,
2855 2290 2909 2334 et
2951 2279 3242 2333 honestum
3286 2279 3508 2348 aliquod

1943 2370 2069 2425 belll
2100 2373 2433 2443 principium
2483 2384 2812 2444 qua-rercnt,
2858 2391 3086 2446 magnus
3132 2375 3296 2444 229
3324 2375 3511 2431 dome-

1940 2463 2132 2526 sticus,
2187 2465 2439 2520 triremes
2493 2476 2548 2520 et
2604 2482 2753 2521 arma
2798 2469 3103 2522 neaessaria
3132 2466 3503 2524 conficienda.

1941 2558 2264 2628 copiamque
2315 2559 2582 2624 navalem,
2619 2571 2673 2614 et
2700 2562 2880 2631 gravis
2921 2572 3210 2616 armatura:
3252 2563 3506 2629 militem,

1941 2647 2032 2716 qui
2067 2651 2492 2713 conscenderet,
2539 2652 2909 2722 colligendum
2943 2653 3232 2708 suadebat.
3268 2655 3334 2708 Et
3373 2671 3510 2725 quo-

1942 2742 2083 2794 niam
2119 2743 2342 2797 fmderis
2377 2759 2499 2798 cum
2529 2743 2759 2798 Martino
2793 2747 3060 2799 terminus
3091 2747 3326 2813 adesset,
3365 2749 3508 2816 ipse-

1939 2848 2046 2902 que
2077 2835 2386 2890 inconsulto
2424 2837 2754 2905 imperatore
2783 2853 2965 2892 arcem
3001 2838 3067 2892 ad
3123 2839 3358 2893 insulam
3398 2856 3511 2894 ser-

1940 2928 2109 2981 vitute
2144 2928 2560 2996 opprimendam
2614 2930 3002 2996 exaedificaret,
3059 2932 3377 2986 mandatum
3429 2933 3506 2986 illi

1939 3019 2290 3085 mittendum,
2323 3036 2432 3090 quo
2463 3031 2574 3075 tum
2616 3022 2684 3076 de
2737 3021 2880 3077 facto
2925 3025 3294 3089 incusaretur,
3325 3033 3380 3079 et
3409 3041 3506 3080 ex-

1936 3111 2237 3165 Structione
2261 3109 2834 3180 desisterejuberetur
2854 3130 2868 3178 ;
2890 3121 3002 3166 tum
3025 3113 3067 3165 si
3094 3111 3271 3167 foedus
3300 3127 3504 3166 novum

261 3202 368 3255 τοῦ
405 3203 644 3274 πολέμου
704 3207 1066 3278 εὐπρόσωπον
1121 3209 1293 3280 ἀρχὴν
1347 3209 1554 3271 λαϐεῖν,
1591 3210 1618 3261 ὁ
1662 3200 1837 3278 μέγας
1871 3246 1913 3306 c

1825 3224 1837 3269 ;
1871 3246 1913 3306 ο
1943 3211 2190 3272 cuperet,
2222 3205 2402 3274 priore
2433 3205 2541 3276 jam
2575 3215 2789 3271 exacto,
2826 3205 3144 3276 Byzantium
3177 3207 3363 3258 venire
3389 3221 3503 3258 mo-

254 3297 589 3365 δομέττικος
637 3299 990 3353 συνεϐούλευε
1043 3303 1141 3364 τὰς
1191 3303 1293 3370 μὲν
1335 3304 1580 3371 τριήρεις
1627 3317 1836 3369 ναυπη-

255 3385 504 3451 γεῖσθαι,
538 3387 633 3438 καὶ
657 3389 722 3439 τά
763 3387 901 3440 ὅπλα
941 3383 1014 3441 ὧν
1048 3391 1256 3442 δέονται
1286 3389 1832 3458 παρασκευάζεσθαι,

259 3478 362 3531 καὶ
409 3479 662 3530 ναυτικὸν
708 3479 990 3546 συλλέγειν
1040 3481 1089 3533 οἳ
1132 3482 1508 3551 ὲπιὸήσο-ιται,
1537 3481 1633 3534 καὶ
1676 3480 1831 3532 ὁπλί-

259 3588 387 3630 τας.
439 3570 590 3622 Ἐπεὶ
630 3571 686 3624 δὲ
729 3572 789 3624 αῖ
830 3589 890 3625 τε
944 3574 1167 3626 σπονδαὶ
1197 3573 1274 3642 τῷ
1303 3575 1564 3643 Μαρτίιῳ
1589 3576 1644 3625 ἐν
1671 3573 1833 3642 ἐξόδῳ

259 3661 409 3712 εἰσὶν
449 3662 569 3731 ἤδη,
624 3665 717 3715 καὶ
767 3663 944 3733 ἄκραν
993 3664 1260 3732 βασιλέως
1306 3665 1382 3732 μὴ
1433 3665 1831 3734 ἐπιτρέψαντος

253 3747 546 3816 οἰκοδομεῖ
615 3750 704 3800 ἐπὶ
758 3750 835 3819 τῷ
902 3750 1414 3803 καταδουλώσασθαι
1486 3753 1586 3820 τὴν
1649 3752 1830 3820 νῆσον,

256 3840 605 3910 πρόσταγμα
663 3840 797 3910 πρὸς
849 3841 1060 3894 ἐκεῖνον
1109 3843 1275 3894 αὐτοῦ
1330 3841 1672 3911 πεμφθῆναι,
1718 3841 1834 3910 ἅμα

259 3932 366 3998 μὲν
418 3930 580 3981 αὑτὸν
638 3933 966 4002 αἰτιωμένου
1026 3932 1100 3995 ὠς
1159 3933 1257 4002 τὴν
1309 3933 1486 4001 ἄκραν
1537 3932 1702 3986 αὐτοῦ
1758 3935 1832 4002 μὴ

254 4026 568 4087 συνειδότος
605 4027 940 4096 οἰκοδομοίη,
985 4026 1296 4089 κελεύοντός
1336 4044 1395 4079 τε
1431 4027 1490 4080 τὸ
1523 4029 1831 4098 οἰκοδομεῖν

254 4114 379 4182 ὲᾷν,
415 4115 508 4166 καὶ
543 4115 851 4184 περαιτέρω
885 4116 959 4185 μὴ
993 4116 1344 4186 προϐαίνειν·
1381 4117 1497 4187 ἅμα
1526 4121 1580 4171 δε
1609 4120 1702 4172 καὶ
1734 4121 1830 4181 τὰς

255 4200 499 4262 σπονδὰς
550 4201 625 4264 ὡς
658 4204 706 4254 εἰ
735 4201 978 4271 βούλοιτο
1031 4205 1226 4272 ἐτέρας
1265 4205 1456 4259 Οέσοαι
1507 4208 1617 4258 τῶν
1652 4208 1832 4260 οὐσῶν

253 4289 361 4357 ἤδη
421 4288 750 4356 ἐξηκουσῶν,
816 4290 894 4350 εἰς
953 4289 1248 4354 Βυζάντιον
1325 4292 1680 4346 ἐλθεῖνδκᾶν
1732 4294 1832 4363 μὲν

250 4378 542 4447 παύσηταί
573 4395 630 4430 τε
663 4380 984 4450 οἰκοδομεῖν,
1020 4383 1113 4434 καὶ
1140 4383 1430 4453 γενόμενος
1458 4385 1514 4434 ἐν
1548 4384 1829 4452 Βυζαντίῳ

251 4473 391 4539 ττερί
429 4471 631 4541 ἑτέρων
656 4471 827 4524 δέοιτο
871 4473 1134 4535 σπονδῶν,
1165 4475 1192 4525 ὃ
1219 4490 1272 4525 τι
1315 4473 1382 4526 ἂν
1427 4476 1512 4544 εἴη
1555 4475 1834 4545 σκεψαμέ-

1946 3305 2188 3350 noretur.
2242 3296 2295 3350 Si
2331 3297 2602 3351 azdificare
2637 3297 2880 3362 cessarit,
2909 3307 2964 3351 et
3011 3297 3328 3368 Byzantium
3368 3313 3501 3366 pro-

1937 3386 2133 3449 fectus,
2195 3400 2351 3456 pacta
2410 3400 2675 3444 conventa
2717 3405 2855 3443 nova
2901 3391 3192 3460 rogaverit,
3242 3390 3392 3459 quod
3445 3406 3505 3446 re

1936 3479 2280 3534 considerata
2314 3482 2506 3535 melius
2532 3481 2865 3545 censebitur,
2899 3497 2954 3535 se
2989 3483 3250 3536 facturos.
3283 3482 3500 3536 Etenim

1936 3583 2028 3625 aut
2049 3573 2256 3641 justum
2281 3588 2424 3637 esse,
2455 3589 2561 3627 non
2586 3573 2692 3642 pati
2723 3572 2791 3626 de
2822 3581 3020 3626 caetero
3043 3573 3334 3628 Martinum
3362 3575 3500 3628 Chio

1934 3662 2225 3730 imperare,
2261 3664 2354 3716 sed
2384 3663 2490 3716 alio
2519 3665 2680 3717 modo
2711 3664 2778 3717 de
2813 3664 2905 3718 illo
2934 3665 3070 3719 bene
3102 3665 3324 3732 mereri,
3354 3667 3502 3719 insu-

1934 3753 2150 3824 lamque
2199 3754 2460 3810 Romanis
2495 3772 2685 3825 parere
2720 3776 2732 3811 :
2769 3767 2864 3812 aut
2917 3756 3094 3812 ftedus
3145 3774 3254 3812 non
3309 3758 3361 3811 in
3409 3773 3504 3813 eas

1933 3845 2300 3910 conditiones,
2341 3847 2392 3900 in
2426 3862 2560 3915 quas
2588 3857 2770 3912 antea,
2805 3848 2900 3902 sed
2941 3849 3141 3917 quibus
3170 3847 3300 3916 ipsis
3326 3848 3502 3902 libue-

1935 3935 2025 3996 rit,
2053 3935 2371 4003 ineundum,
2404 3954 2599 4008 nempe
2632 3949 2689 3993 ut
2728 3939 2993 3995 Martinus
3027 3957 3242 3994 rursum
3269 3939 3332 3994 ad
3369 3951 3504 3994 tcm-

1932 4042 2034 4096 pus
2062 4038 2271 4081 ccrlum
2301 4030 2483 4096 prtnsit
2512 4047 2524 4082 :
2557 4040 2611 4083 et
2641 4029 2684 4084 si
2711 4047 2886 4100 neque
2915 4033 3183 4086 aedificare
3209 4033 3503 4096 destiterit,

1933 4136 2109 4188 neque
2139 4120 2340 4175 fcelera
2377 4138 2514 4176 nova
2547 4122 2847 4192 qumsierit,
2879 4139 2940 4177 ac
2968 4124 3011 4178 si
3035 4125 3146 4194 jam
3179 4126 3332 4178 firma
3363 4143 3433 4178 sn.
3455 4125 3504 4178 ei.

1931 4221 1987 4265 et
2019 4213 2232 4266 stabilis
2265 4212 2456 4266 insula:
2511 4216 2808 4282 possessio,
2875 4225 2988 4269 tum
3022 4217 3302 4270 instructis
3338 4215 3500 4270 trire-

1934 4303 2113 4356 mibus
2141 4303 2319 4372 primo
2350 4319 2567 4372 quoque
2597 4313 2840 4372 tempore
2869 4305 2996 4359 illuc
3023 4307 3499 4371 contendendum;

1933 4395 2339 4464 mittendasque
2365 4395 2594 4466 insuper
2625 4395 2856 4460 litteras,
2888 4412 3009 4466 quae
3048 4395 3216 4450 Chios
3244 4397 3298 4450 in
3329 4396 3502 4450 aediﬁ-

1933 4487 2108 4540 cando
2152 4501 2378 4555 pergere
2405 4497 2608 4550 vetent,
2643 4497 2702 4541 ut
2749 4488 2853 4542 hac
2885 4487 3101 4542 ratione
3154 4496 3249 4541 aut
3297 4489 3503 4542 invitus

250 4581 371 4625 νοις
407 4564 614 4632 βέλτιον
667 4567 861 4619 ποιεῖν.
901 4567 972 4616 Ἢ
1017 4567 1126 4634 γάρ
1156 4566 1351 4634 μηκέτι
1391 4567 1526 4619 Χίου
1552 4569 1828 4638 Μαρτῖνον
1862 4597 1905 4652 D

1822 4585 1828 4614 ι
1862 4597 1905 4652 ο
1934 4575 2170 4642 desinat,
2209 4577 2274 4630 ab
2310 4578 2492 4646 Operis
2523 4577 2806 4645 desertus;
2841 4592 2936 4635 aut
2970 4581 3014 4635 si
3049 4581 3212 4634 etiam
3250 4581 3500 4634 nolentes

249 4657 452 4724 ἄρχειν
501 4656 710 4707 δίκαιον
745 4657 863 4726 esu,
894 4657 1007 4710 ἀλλ’
1039 4657 1229 4726 ἕτερον
1268 4658 1467 4727 τρόπον
1512 4657 1570 4710 εὖ
1607 4661 1781 4712 ποιεῖν
1807 4676 1822 4691 ο

248 4750 355 4817 τὴν
387 4747 551 4815 νῆσον
595 4749 650 4801 δὲ
697 4749 872 4800 τελεῖν
909 4748 1012 4801 ὑπὸ
1053 4749 1435 4820 ⁸Ρωμαίους,ἧ
1479 4751 1712 4813 σπονδὰς
1763 4751 1830 4803 οὐ⁴

250 4840 402 4893 κατὰ
441 4841 541 4900 τάς
590 4840 882 4909 προτέρας,
927 4842 1041 4893 ἀλλ’
1084 4843 1172 4910 ἐφ’
1203 4839 1284 4904 οἷς
1313 4843 1376 4895 ἂν
1407 4844 1588 4904 αὐτοῖς
1618 4843 1825 4913 βέλτιον

247 4931 438 4999 δοκοίη
475 4931 744 4996 τίθεσθαι,
774 4931 914 4984 ὥστε
970 4927 1126 4996 αὖθις
1162 4935 1438 5002 Μαρτῖνον
1464 4934 1594 4988 Χίου
1636 4935 1825 5006 ἄρχειν

251 5020 348 5070 ἐπὶ
412 5020 606 5088 χρόνον
665 5022 787 5072 τινὰ
851 5023 1058 5091 ρητόνσ
1110 5022 1202 5075 ἐὰν
1266 5024 1322 5076 δὲ
1383 5026 1522 5094 μήτε
1585 5027 1825 5095 παύηται

247 5111 580 5178 οἰκοδομῶν,
616 5113 861 5165 σπονδῶν
906 5131 963 5166 τε
1019 5115 1094 5184 μὴ
1147 5116 1319 5169 δέοιτο
1349 5119 1574 5189 ἑτέρων,
1611 5119 1684 5181 ὡς
1722 5122 1819 5190 ἤδη

250 5203 491 5272 βεϐαίως
518 5203 614 5272 τῆς
654 5208 818 5274 νήσου
861 5209 1147 5277 ἐχομένης,
1195 5213 1316 5262 τότε
1366 5216 1819 5282 παρεσκευασμέ-

247 5315 358 5347 νων
414 5297 522 5347 τῶν
561 5298 834 5365 τριήρεων
881 5301 1076 5364 οὐσῶν,
1102 5301 1202 5368 τὴν
1237 5303 1496 5371 ταχίστην
1528 5305 1692 5355 emt}.
1715 5310 1815 5356 ,ἶν’

247 5390 498 5453 πέμπειν
527 5387 584 5439 δὲ
622 5395 714 5440 καὶ
749 5390 911 5459 ἕτερα
963 5394 1272 5460 γράμματα
1315 5396 1488 5456 Χίοις,
1524 5397 1819 5450 κελεύοντα

249 5485 343 5529 καὶ
379 5480 559 5540 αὐτοῖς
587 5481 923 5548 ἀποτχέςῢαι
957 5483 1049 5533 τοῦ
1081 5486 1405 5551 οἶκοδοςιεῐν,
1427 5489 1498 5549 ὡς
1532 5490 1562 5558 ἢ
1595 5491 1820 5542 παύοιτο

250 5575 347 5622 καὶ
373 5573 518 5623 ἄκων
544 5573 641 5624 οὐκ
664 5572 801 5640 ἔχων
826 5578 948 5635 τοὶς
981 5576 1421 5643 συναιρομένους,
1448 5579 1474 5647 ἦ
1504 5583 1549 5630 εἰ
1579 5580 1820 5648 βιάζοιτο

249 5669 339 5713 καὶ
397 5662 651 5727 ἄκοντας,
705 5666 906 5732 μᾶλλον
949 5668 1386 5735 ἐκπολεμωθεῖεν
1441 5673 1574 5739 πρὸς
1630 5673 1816 5726 αὐτόν.

247 5755 407 5806 ιξῦτω
462 5758 915 5823 βουλευσαμένοις
951 5759 1124 5811 έδῦκει
1170 5761 1282 5812 δεῖν
1315 5767 1380 5813 τά
1422 5781 1477 5815 τε
1513 5766 1814 5833 γράμματα

1934 4671 2194 4737 coegerit,
2228 4669 2330 4723 sibi
2381 4669 2712 4726 iufensiores
2739 4674 2952 4727 reddat.
2990 4674 3177 4744 Itaque
3208 4674 3499 4727 consilium

1932 4770 2212 4828 ceperunt,
2245 4771 2299 4813 ut
2334 4761 2487 4816 Chiis
2516 4764 2844 4828 scriberent,
2881 4776 2935 4820 et
2968 4782 3088 4836 qua:
3129 4777 3314 4822 essent
3342 4781 3501 4834 para-

1934 4861 1999 4906 ta:
2055 4853 2327 4918 triremes,
2372 4871 2467 4910 eas
2508 4868 2805 4919 armarent,
2834 4857 3077 4928 aliasque
3123 4875 3292 4913 novas
3333 4859 3500 4912 addc-

1929 4952 2070 4995 rent.
2103 4942 2178 4996 Ac
2208 4943 2434 5011 epistola
2464 4945 2684 5014 quidem
2717 4947 3061 5017 imperatoris
3101 4950 3337 5002 Martino
3373 4950 3498 5002 red-

1930 5035 2040 5088 dita
2096 5034 2297 5088 frustra
2332 5034 2465 5090 fuit:
2500 5054 2560 5092 ea
2593 5039 2864 5108 siquidem
2923 5041 3081 5104 lecta,
3131 5043 3282 5110 operi
3320 5042 3494 5111 magis

1930 5127 2143 5188 institit,
2172 5143 2382 5182 summa
2424 5144 2526 5198 ope
2572 5131 2788 5186 enitens
2854 5144 2912 5186 ut
2946 5149 3040 5186 arx
3076 5134 3493 5200 absolveretur;

1927 5229 1979 5272 ct
2013 5229 2069 5272 ut
2096 5220 2297 5288 quibus
2327 5233 2470 5275 esset
2504 5230 2662 5292 opus,
2697 5223 2765 5278 iis
2797 5223 3089 5278 adventum
3120 5226 3494 5294 imperatoris,

1926 5327 2088 5380 quem
2109 5312 2219 5380 jam
2245 5313 2554 5382 suspicione
2586 5325 2640 5368 et
2687 5314 2801 5384 ipse
2834 5316 3203 5385 praecipiebat,
3235 5325 3490 5370 antever-

1929 5409 2085 5453 teret.
2114 5400 2440 5456 Benedictus
2465 5419 2630 5472 porro
2663 5419 2785 5458 cum
2822 5404 3050 5458 .‘ilartino
3072 5405 3236 5460 fratre
3271 5406 3492 5473 litigans

1927 5495 1993 5545 do
2036 5508 2130 5546 sex
2161 5509 2452 5548 aureorum
2486 5495 2744 5556 millibus,
2784 5511 2904 5564 qum
2940 5495 3043 5550 sibi
3079 5496 3130 5549 in
3163 5511 3338 5550 annos
3373 5497 3490 5551 sin-

1925 5585 2078 5654 gulos
2103 5585 2447 5640 lucreditario
2483 5588 2606 5657 jure
2640 5588 2704 5640 de
2737 5588 2972 5657 publicis
3004 5589 3362 5658 vectigalibus
3391 5590 3494 5643 de-

1928 5678 2212 5737 bebantur,
2250 5682 2559 5747 quibusque
2599 5681 2666 5733 ab
2709 5682 2905 5736 eodem
2940 5681 3219 5734 fraudatus
3251 5693 3390 5747 erat,
3419 5681 3485 5734 ad

1925 5768 2308 5836 imperatorem
2353 5791 2407 5821 al‘
2435 5772 2691 5831 contulit,
2729 5772 2912 5826 fratris
2947 5771 3294 5841 iniquitatem
3326 5787 3491 5825 accu-

1924 5877 2047 5914 unns
2107 5872 2156 5913 ιιι
2214 5863 2472 5915 amilunu
2535 5864 2748 5932 llztgitztu
2812 5870 2990 5932 :qttttt
3049 5863 3211 5918 etiam
3273 5863 3491 5918 litteras
