4250 6444
701 335 804 395 479
1917 332 2232 392 JOANNIS
2265 331 2788 392 CANTACUZENI
3847 330 3964 392 480

700 449 992 511 9-.hibeus,
1026 447 1227 517 quibus
1263 461 1454 516 magna
1501 446 1649 500 illius
1714 443 1978 514 injustitia
2012 445 2276 514 improbi-
2305 477 2346 532 Α
2377 481 2378 487 η

2305 477 2346 532 Α
2377 442 2780 504 ἐπισκευάζειν,
2811 443 2905 496 καί
2927 444 3123 513 ἐτέρας
3159 446 3579 514 ἐπιναυπηγεῖν.
3613 444 3694 497 Τά
3728 445 3829 512 μὲν
3858 441 3963 495 οὖν

703 549 896 606 tusque
931 541 1354 608 coarguebatur.
1397 538 1700 606 Imperator
1734 546 1790 588 et
1831 551 1911 594 se.
1945 536 2034 590 ubi
2062 550 2127 590 eo
2173 552 2271 590 ve-
2379 557 2381 567 ι

2379 538 2686 606 γράμματα
2754 536 3017 605 βασιλέως
3102 537 3388 607 ἁξιγμένα
3460 537 3598 610 πρὸς
3674 537 3964 606 Μαρτῖνον

704 640 897 693 nzsset,
931 630 1110 684 scelus
1142 630 1568 691 vindicaturum,
1603 637 1652 681 et
1695 627 2052 680 Benedictum
2096 627 2270 680 nihilo
2380 652 2382 662 ι

2380 629 2544 680 πλέον
2585 629 2790 699 ἧνυσαν
2829 628 2986 681 οὐδέν
3014 645 3028 659 ·
3073 629 3191 682 ἀλλ’
3229 630 3516 696 ἀναγνοὺς,
3548 629 3752 698 μᾶλλον
3781 627 3960 697 ἔργου

709 723 887 776 minus
909 723 1196 790 pecuniam
1231 723 1586 777 interversam
1620 730 1965 789 recepturum
1995 719 2268 788 promisit.
2381 741 2387 771 ι

2381 720 2581 789 εἴχετο,
2615 722 2711 774 καὶ
2761 722 2944 775 πᾶσαν
2985 720 3340 776 ἐπεδείκνυτο
3385 723 3627 794 σπουδὴν
3657 722 3800 774 ὥστε
3853 718 3963 788 τὴν

706 820 1002 887 ἀκρόπολιν
1054 821 1355 889 ἀπαρτίσαι
1405 811 1478 870 ὧν
1524 817 1591 870 ἂν
1652 818 1823 870 δέοιτο
1875 816 1976 885 τὴν
2043 815 2312 885 βασιλέως
2353 816 2564 885 φθάσας
2648 816 2859 886 ἔφοδον.
2918 819 3059 888 Ἤδη
3113 818 3224 889 γὰρ
3278 819 3570 872 ὑπώπτευε
3620 820 3722 880 καὶ
3768 817 3965 878 αὐτός.

703 912 984 974 Maevi-co;
1031 913 1088 966 δὲ
1129 916 1155 966 ό
1200 912 1479 980 Μαρτίνου
1511 911 1762 979 ἀδελφὸς,
1788 913 1845 963 ἐν
1874 910 2113 980 διαφορᾷ
2142 909 2279 978 πρὸς
2317 911 2529 962 ἐκεῖνον
2583 910 2887 976 καταστὰς,
2944 912 3028 965 ὅτι
3078 911 3322 981 χρυσίων
3392 911 3779 980 ἑξακισχιλίων
3825 908 3971 960 ἀπο-

709 1005 954 1067 στεροῖτο
1001 1002 1340 1074 παράὑτοῦ,
1375 1003 1409 1058 ἀ
1456 1005 1624 1072 ἐχρῆν
1688 1002 1850 1055 αὐτὸν
1901 1003 1965 1054 ἐκ
2031 1001 2140 1053 τῶν
2200 999 2477 1069 δημοσίων
2526 1002 2627 1072 τῆς
2675 1003 2807 1056 Χίου
2881 1003 3066 1074 φόρων
3113 1004 3416 1074 λαμϐάνειν
3459 1003 3714 1073 ἐτησίως,
3749 998 3968 1067 προσή-

712 1113 871 1146 κοντα
921 1098 984 1148 ἐκ
1077 1097 1333 1166 πατρῴου
1385 1096 1613 1167 κλήρου,
1692 1092 1828 1168 ἧκεν
1869 1095 1946 1158 ὡς
1989 1093 2219 1164 βασιλέα
2242 1093 2341 1164 τὴν
2381 1094 2595 1149 ἀδικίαν
2647 1095 2900 1162 ἐγκαλῶν
2936 1096 3016 1166 τῷ
3073 1097 3289 1167 ἀδελφῷ
3338 1097 3432 1150 καὶ
3471 1097 3656 1163 τυχεῖν
3702 1092 3971 1160 δεόμενος

708 1189 1048 1257 ἐπικουρίας.
1092 1191 1456 1258 Γραμματείά
1497 1205 1555 1240 τε
1602 1188 1817 1241 ὲδείκν.)
1879 1187 1913 1240 ἀ
1977 1185 2167 1254 σαφῶς
2218 1186 2422 1256 πολλὴν
2485 1185 2580 1238 τοῦ
2613 1186 2849 1255 ἀδελφοῦ
2904 1188 3000 1240 καὶ
3028 1189 3129 1257 τὴν
3156 1189 3370 1242 ἀδικίαν
3405 1187 3707 1255 κατηγόρει
3740 1185 3838 1236 καὶ
3864 1181 3970 1249 τὴν

711 1281 1122 1348 όγεριωμοσύνην.
1159 1282 1422 1342 Βασιλεὺς
1474 1279 1528 1332 δὲ
1577 1278 1943 1349 ἐπηγγέλλετὸ
1988 1295 2048 1331 τε
2105 1281 2444 1350 τιμωρήσειν
2515 1278 2666 1347 αὐτῷ
2738 1280 2824 1348 ἐφ’
2858 1274 2942 1343 οἷς
3011 1278 3281 1333 ἀδικεῖται
3336 1279 3673 1348 ἀφικόμενος
3704 1279 3846 1340 ἐκεῖ,
3873 1276 3970 1328 καὶ

712 1375 873 1436 abte;
921 1375 1073 1428 οὐδὲν
1125 1370 1290 1446 ἦττον
1361 1374 1396 1428 ἃ.
1449 1375 1602 1445 παρὰ
1659 1373 1940 1444 Μαρτίνου
2006 1373 2274 1426 ἀδικεῖται
2308 1373 2707 1442 ἀπολήψεσθαι.

2057 1490 2219 1560 230
2253 1487 2486 1544 CAPUT
2530 1488 2618 1543 χι.

718 1582 985 1637 Numerus
1023 1583 1235 1636 navium
1273 1585 1325 1636 in
1357 1584 1542 1646 Chium
1578 1584 2020 1646 proﬁciscentium
2050 1599 2068 1637 :
2107 1583 2527 1636 trierarcharum
2563 1581 2844 1636 ambitiosa
2880 1583 3167 1635 contentio.
3203 1580 3320 1645 Qua
3345 1580 3644 1633 conditione
3674 1580 3972 1647 imperator

787 1653 1024 1706 Martino
1053 1655 1242 1707 iusulce
1270 1656 1640 1719 prarfeetaram
1672 1654 1967 1722 relinquere
1989 1653 2258 1706 statuerit.
2293 1652 2425 1720 Ejus
2453 1654 2811 1707 contumacia.
2842 1651 3143 1707 Calotltetus
3174 1653 3429 1722 adjuvare
3465 1649 3730 1722 Romanos
3759 1649 3969 1700 metuit.

790 1723 1099 1775 Benedictus
1127 1723 1402 1776 castellum
1428 1727 1739 1787 imperatori
1765 1721 1950 1778 tradit.
1986 1723 2252 1776 Martinus
2276 1725 2427 1774 rebus
2455 1723 2744 1791 desperatis
2775 1741 2828 1775 se
2863 1723 3024 1780 dedit,
3063 1730 3112 1773 et
3157 1721 3402 1776 Chiorum
3435 1721 3678 1791 manibus
3711 1736 3743 1771 a
3776 1733 3973 1791 magno

785 1794 1065 1845 «(ernestiro
1097 1791 1337 1859 eripitur.
1373 1793 1636 1847 Martinus
1669 1795 1723 1846 in
1755 1793 1965 1848 vincula
1996 1793 2252 1846 ducitur:
2289 1807 2442 1855 uxor,
2495 1787 2668 1854 liberi,
2709 1793 2900 1859 famuli
2941 1791 3124 1844 exsilio
3175 1791 3492 1843 multantur.
3544 1789 3678 1859 Ejus
3717 1787 3972 1842 militibus

792 1862 983 1925 duplex
1025 1864 1253 1916 conditio
1287 1867 1618 1933 proponitur.
1655 1863 2002 1935 Imperatoris
2036 1879 2140 1915 non
2165 1872 2275 1914 tam
2305 1862 2359 1914 in
2391 1862 2516 1914 bene
2546 1864 2738 1916 mereri
2768 1864 3030 1931 cupientes
3063 1869 3245 1931 gratus
3277 1861 3507 1913 animus.

791 1981 977 2048 Itaque
1007 1981 1198 2035 classis
1228 1988 1444 2034 centum
1476 1991 1531 2036 et
1571 1982 1816 2050 quinque
1865 1981 2088 2035 navium
2131 1994 2286 2034 com-
2321 1984 2364 2039 Β
2461 1981 2469 2032 1

2321 1984 2364 2039 Β
2461 1977 2912 2048 Παρεσκευάζετο
2947 1978 3047 2048 μὲν
3077 1978 3172 2032 οὖν
3199 1977 3386 2040 στόλος
3419 1976 3584 2029 πέντε
3620 1974 3717 2028 καὶ
3768 1975 3971 2028 ἑκατὸν

723 2074 1038 2141 parabatur,
1073 2089 1103 2127 e
1127 2073 1333 2142 quibus
1359 2073 1520 2142 paulo
1552 2077 1838 2142 pauciores
1867 2080 2024 2127 erant
2051 2071 2289 2126 duorum

723 2181 1009 2234 generum,
1038 2164 1278 2219 biremes
1313 2172 1367 2218 et
1412 2164 1665 2220 triremes
1696 2165 1971 2229 vide-licet,
2020 2173 2074 2218 et
2107 2178 2172 2218 ex
2203 2163 2291 2217 his

732 2257 1019 2328 hippagogi
1076 2255 1303 2328 [quibus
1355 2257 1613 2311 nimirum
1662 2259 1785 2327 equi
1837 2255 2290 2328 transvehuntur]

731 2361 876 2413 octo,
915 2352 968 2403 in
1020 2350 1086 2403 iis
1106 2349 1246 2417 .equi
1291 2350 1546 2411 trecenti.
1582 2349 1811 2418 reliquae
1854 2349 2155 2408 uniretnes.
2196 2347 2293 2402 llis

735 2440 938 2504 paratis
981 2424 1283 2509 equitatum
1338 2448 1394 2492 et
1434 2440 1638 2493 cibaria
1687 2440 1968 2508 imposuit.
2013 2438 2148 2492 Tum
2183 2453 2290 2491 non

738 2534 872 2587 tatis
918 2533 1200 2588 contentio
1251 2532 1572 2586 trierarchis
1625 2531 1840 2595 incidit,
1886 2530 2014 2583 dum
2062 2528 2296 2598 quilibet

731 2634 956 2676 rrturos
996 2632 1316 2692 sumptuoso
1379 2621 1778 2692 splendidoque
1818 2627 2082 2690 apparatu
2126 2632 2293 2686 supe-

737 2732 854 2772 me
901 2719 1115 2782 nititur,
1145 2727 1200 2771 et
1245 2731 1369 2770 cum
1405 2717 1509 2770 alia
1561 2714 1852 2784 magniﬁco
1901 2713 2142 2776 instruit,
2181 2723 2292 2766 tum

731 2808 1135 2864 classiariorum
1189 2823 1384 2869 arma,
1448 2815 1502 2860 ct
1543 2807 1764 2876 clypeos
1819 2804 1931 2859 suis
1993 2803 2296 2871 insignibus

731 2907 960 2952 exornat
997 2917 1009 2953 :
1049 2913 1148 2954 nec
1181 2899 1326 2952 enim
1358 2899 1426 2954 de
1474 2898 1659 2952 inﬁma
1696 2897 1874 2967 plebe,
1923 2895 2019 2950 sed
2054 2895 2156 2949 viri
2203 2909 2299 2950 no-

737 2989 876 3042 hIlCS
935 3000 987 3042 et
1013 2988 1306 3042 admodum
1335 2989 1543 3058 copiosi
1571 2996 1749 3042 erant.
1775 2986 2113 3057 Navigabam
2137 3000 2301 3056 porro

733 3097 857 3132 eum
903 3081 1232 3149 imperatore
1275 3097 1382 3135 non
1418 3081 1581 3135 modo
1611 3080 1790 3150 gravis
1832 3089 1888 3134 et
1931 3079 2066 3133 levis
2126 3093 2303 3132 arma-

737 3181 871 3225 turae
905 3172 1084 3232 multi,
1120 3187 1306 3225 verum
1339 3171 1501 3226 etiam
1535 3172 1600 3226 de
1629 3171 1950 3241 proceribus
1981 3186 2087 3224 non
2120 3168 2298 3238 pauci,

741 3271 795 3314 et
825 3271 1023 3329 pra‘lcr
1052 3262 1267 3332 equites
1307 3263 1602 3317 multitudo
1642 3263 1770 3316 item
1809 3276 1919 3315 non
1968 3259 2297 3330 spernenda.

2391 2069 2527 2124 νεῶν
2549 2088 2564 2103 °
2595 2065 2671 2125 ὧν
2716 2067 2856 2142 ἦσαν
2901 2072 3066 2142 ὀλίγῳ
3097 2069 3363 2132 ἐλάσσους
3393 2070 3472 2132 είς
3501 2070 3601 2131 τᾶς
3632 2067 3727 2121 δύο
3765 2068 3972 2137 μοίρας

2389 2163 2600 2234 διήρεις
2635 2167 2730 2218 καὶ
2757 2166 3007 2236 τριήρεις
3039 2182 3053 2197 ·
3087 2155 3148 2228 ἐξ
3175 2157 3251 2217 ὧν
3281 2160 3426 2234 ἦσαν
3469 2162 3793 2230 ἱππαγωγοὶ
3824 2161 3974 2214 ὀκτὼ

2391 2257 2621 2324 ἄγουσαι
2670 2257 2996 2328 τριακοσίαν
3027 2257 3194 2310 ἵππον
3220 2271 3235 2287 ⁸
3278 2256 3335 2309 αί
3378 2255 3564 2307 λοιπαὶ
3598 2255 3657 2307 δέ
3709 2254 3975 2325 μονήρεις

2391 2345 2552 2420 ἦσαν.
2615 2348 2773 2402 Ἐπεὶ
2827 2349 2882 2402 δὲ
2938 2349 3462 2420 παρεσκευασμέναι
3521 2342 3686 2418 ἦσαν,
3741 2348 3844 2413 τήν
3914 2365 3973 2399 τε

2393 2443 2561 2496 ἵππον
2615 2442 2955 2512 ἐσεκόμιζον,
2991 2443 3086 2495 καὶ
3139 2443 3208 2495 τΞι
3263 2442 3400 2496 ἀλλα
3442 2441 3749 2510 ἐπιτήδεια,
3793 2435 3863 2512 ἦν
3914 2457 3974 2493 τε

2393 2532 2598 2601 ἅμιλλα
2649 2532 2819 2604 πολλὴ
2869 2534 2983 2596 τοῖς
3031 2530 3680 2602 τριηράρχαις,ἐκάστου
3737 2531 3975 2600 φιλονει-

2394 2623 2620 2685 κοῦντος
2667 2623 2984 2693 πολυτελείᾳ
3043 2623 3138 2676 καὶ
3189 2623 3539 2692 λαμπρότητι
3610 2621 3976 2690 παρασκευῆς

2394 2715 2519 2778 τοὺς
2563 2715 2754 2775 ἄλλους
2802 2714 3234 2785 ὑπερϐαλέσθαι.
3273 2714 3382 2766 Καὶ
3413 2713 3481 2766 τά
3511 2730 3571 2766 τε
3622 2713 3758 2767 ἀλλα
3809 2712 3976 2781 ἐξηρο

2395 2804 2588 2859 τύοντο
2641 2804 2778 2874 πρὸς
2813 2803 2874 2857 τὸ
2932 2805 3539 2876 μεγαλοπρεπέστερον,
3576 2805 3672 2856 καὶ
3717 2803 3785 2856 τά
3836 2803 3976 2871 πλη·

2402 2895 2633 2968 ρώματα
2664 2895 2930 2965 ἐκόσμουν
2977 2895 3134 2959 ἰδίοις
3178 2899 3558 2967 παρασήμοις,
3600 2896 3657 2948 εν
3698 2911 3758 2946 τε
3788 2895 3979 2958 ὅπλοις

2400 2989 2494 3040 καὶ
2527 2988 2753 3042 ἀσπίσιν
2780 3004 2792 3018 ·
2821 2985 2965 3059 ἦσαν
2993 2990 3102 3059 γὰρ
3131 2989 3192 3043 οὐ
3223 2989 3331 3042 τῶν
3374 2989 3668 3058 τυχόντων,
3699 2987 3837 3041 ἀλλά
3865 2988 3980 3039 τῶν

2400 3096 2461 3132 τε
2507 3079 2746 3147 εὐγενῶν
2799 3083 2894 3134 καὶ
2938 3081 3150 3151 μεγάλα
3199 3081 3538 3150 δυναμένων.
3581 3080 3890 3134 ﬁuvialem
3922 3081 3983 3134 δέ

2401 3172 2479 3240 τῷ
2509 3171 2720 3240 βασιλεῖ
2747 3173 2810 3226 οὐ
2867 3173 3024 3243 μόνον
3048 3173 3260 3226 ὁπλῖται
3291 3173 3388 3226 καὶ
3412 3172 3563 3241 ψιλὸς
3608 3172 3798 3235 πολὺς,
3843 3173 3985 3226 ἀλλά

2402 3264 2509 3318 τῶν
2539 3280 2601 3316 τε
2637 3263 3015 3333 συγκλητικῶν
3049 3263 3148 3314 οὐκ
3186 3261 3383 3330 ὀλίγοι,
3408 3263 3503 3314 καὶ
3529 3260 3887 3331 στρατιωτῶν
3916 3263 3981 3314 οὐ

737 3354 997 3408 Οιιηίὺιιε
1020 3355 1124 3408 rite
1175 3370 1238 3408 ac
1273 3355 1510 3424 perfecte
1544 3355 1768 3424 paratis,
1799 3326 2055 3425 Byzantio
2094 3352 2214 3408 vela
2246 3352 2300 3405 in
2327 3326 2372 3385 ο
2409 3376 2415 3428 ι

2327 3326 2372 3385 c
2409 3357 2569 3428 μόνον
2612 3359 2661 3410 οἱ
2717 3326 3046 3426 χρησόμενοι
3092 3356 3202 3417 τοῖς
3240 3326 3450 3419 ἵπποις,
3473 3326 3613 3408 ἀλλά
3667 3357 3761 3407 καὶ
3815 3353 3984 3417 ἀλλος

739 3446 910 3498 altum
961 3445 1177 3508 dantes,
1231 3462 1450 3500 cursum
1506 3448 1560 3500 in
1618 3447 1817 3501 Chium
1871 3446 2111 3514 dirigunt
2166 3443 2299 3514 (76).

738 3535 1014 3589 Statuerat
1055 3551 1185 3590 vero
1229 3537 1526 3607 imperator
1559 3545 1618 3591 ut
1652 3537 1695 3590 si
1720 3537 2011 3600 Martinus,
2065 3535 2303 3590 adventu

738 3627 928 3680 classis
976 3627 1192 3693 audito,
1227 3628 1547 3698 priusquam
1577 3629 1630 3682 in
1681 3628 1914 3683 insulam
1947 3627 2307 3683 descendere-

741 3728 852 3784 tnr,
883 3733 982 3788 pro
1019 3733 1082 3772 ea
1121 3731 1368 3790 rogatum
1399 3721 1632 3785 veniret,
1667 3721 1938 3790 reliquum
1970 3721 2113 3776 arcis
2137 3718 2308 3774 aedili-

742 3827 889 3873 care,
922 3821 977 3864 ct
1011 3826 1111 3880 pro
1142 3813 1439 3868 securitate
1483 3814 1538 3867 in
1569 3813 1838 3878 futurum,
1879 3812 2194 3883 praesidium
2228 3810 2308 3866 illi

744 3903 1066 3967 imponere:
1091 3903 1350 3968 Martiuo,
1379 3905 1691 3960 restituenti
1714 3905 2011 3960 Benedicto
2034 3913 2308 3960 certorum

747 4008 1040 4058 annorum,
1076 4010 1242 4063 quam
1284 3997 1333 4050 ci
1379 3997 1693 4052 detraxerat
1728 3997 2040 4066 pecuniam,
2086 3995 2311 4064 reliquae

747 4086 940 4142 insula
984 4085 1370 4155 praefecturam
1417 4088 1783 4144 committere.
1828 4087 1932 4154 Qui
1981 4098 2160 4142 tamen
2203 4103 2312 4142 non

747 4180 924 4233 solum
959 4182 1093 4234 nihil
1123 4195 1318 4235 eorum
1360 4181 1509 4244 fecit,
1558 4198 1678 4252 qua:
1709 4182 1923 4247 debuit,
1969 4182 2063 4237 sed
2094 4182 2190 4238 ubi
2220 4198 2313 4252 ap-

750 4271 1124 4340 prtzpinquare
1180 4271 1409 4326 classem
1458 4273 1748 4338 intellexit,
1824 4282 2004 4327 ternas
2060 4276 2315 4329 triremes

748 4377 899 4424 suas,
929 4377 1135 4432 easque
1178 4379 1380 4418 vacuas
1410 4363 1464 4417 in
1516 4379 1666 4418 mare
1703 4364 1987 4429 demersit,
2023 4365 2313 4420 Romanis-

747 4468 852 4521 que
889 4454 1120 4508 insulam
1154 4455 1551 4517 habitantibus,
1585 4455 1778 4509 tnortis
1817 4467 1978 4524 parua
2011 4455 2313 4523 proposita,

748 4545 918 4598 armis
942 4544 1244 4606 interdixit.
1272 4545 1422 4599 urbis
1452 4560 1637 4608 portas
1658 4544 2002 4609 communiit,
2031 4554 2085 4600 ct
2111 4553 2307 4599 caztera

2405 3450 2589 3520 ὅμιλος
2635 3448 2824 3510 πολύς.
2864 3446 3019 3499 Ἐπεὶ
3058 3445 3116 3498 δέ
3161 3445 3340 3499 πάντα
3373 3444 3477 3514 ήδη
3508 3443 3863 3514 ἐπεπόριστο,
3889 3446 3988 3497 καὶ

2406 3542 2558 3595 οὐδὲν
2590 3541 2758 3595 ἐνέδει
2812 3539 2915 3602 ἐτι,
2943 3537 3171 3608 ἄραντες
3205 3537 3271 3588 ἐκ
3314 3536 3607 3600 Βυζαντίου
3643 3535 3840 3590 ἔπλεον
3889 3537 3988 3588 ἐπὶ

2407 3631 2558 3686 Χίον.
2582 3629 2813 3699 Γνώμην
2837 3629 2894 3683 δέ
2917 3623 3064 3698 εἶχεν
3086 3628 3114 3680 ό
3141 3626 3417 3696 βασιλεὺς,
3447 3623 3523 3688 ῶς
3554 3626 3622 3696 ἣν
3649 3627 3676 3679 ὁ
3704 3625 3986 3696 Μαρτῖνος

2406 3721 2499 3776 τὸν
2567 3720 2832 3775 ἐπίπλουν
2911 3717 3238 3786 πυθόμενος,
3305 3717 3436 3786 πρὶν
3515 3717 3596 3778 είς
3653 3717 3754 3787 τὴν
3822 3717 3990 3785 νῆσον

2409 3819 2669 3888 κατᾶραι,
2731 3813 3000 3883 ἀφίκηται
3064 3810 3202 3881 πρὸς
3251 3809 3413 3863 αὑτὸν
3472 3809 3570 3863 καὶ
3622 3808 3790 3878 δεηθῇ
3854 3809 3990 3876 περὶ

2409 3913 2600 3982 αὐτῆς,
2624 3908 2727 3980 τὴν
2779 3906 2878 3977 μὶν
2928 3903 3250 3967 ἀκρόπολιν,
3277 3903 3342 3971 ἣν
3371 3902 3535 3964 αὐτὸς
3585 3899 3884 3970 ᾠκοδόμει,
3920 3900 3991 3952 τᾶ

2410 4005 2724 4059 ἐλλείποντα
2777 3997 3168 4060 ἐπισκευάσας,
3224 3995 3523 4063 κατασχεῖν
3567 3992 3822 4062 φρουρᾷ,
3884 3989 3988 4057 τῆς

2410 4099 2688 4150 εἰσέπειτα
2726 4089 3024 4158 ἀσφαλείας
3061 4087 3223 4140 ἕνεκα
3247 4102 3260 4116 ·
3305 4084 3568 4155 Μαρτίνῳ
3597 4083 3654 4137 δέ
3682 4086 3783 4150 τῆς
3815 4081 3990 4149 ἀλλης

2411 4188 2573 4257 νήσου
2624 4181 2915 4251 ἐπιτρέψαι
2953 4179 3164 4249 ἄρχειν,
3193 4175 3506 4230 ἀποδιδόντι
3555 4173 3792 4243 ἐτησίως
3830 4173 3990 4226 Mns-

2412 4279 2550 4347 νέτῳ
2605 4275 2640 4329 ἃ
2693 4273 2955 4342 πρότερον
3035 4269 3300 4339 χρήματα
3352 4267 3672 4334 ἀπεστέρει.
3756 4263 3861 4317 ⁰Οδ’
3927 4264 3989 4315 οὐ

2417 4371 2576 4441 μόνον
2625 4367 2802 4419 ἐποίει
2833 4363 2942 4417 τῶν
2968 4363 3197 4415 δεόντων
3230 4361 3408 4426 οὐδὲν,
3447 4359 3565 4412 ἀλλ’
3597 4358 3720 4411 ἐπεὶ
3749 4357 3992 4413 ἐπύθετο

2414 4463 2538 4516 δσον
2602 4458 2817 4512 οὐδέπω
2899 4453 3227 4507 ἐπιπλέοντα
3283 4451 3377 4504 τὸν
3441 4450 3654 4512 στόλον,
3721 4447 3818 4509 τὰς
3893 4448 3994 4515 μὲν

2415 4557 2661 4626 τριήρεις
2711 4551 2779 4614 ἃς
2825 4544 2963 4618 εἷχε,
2987 4549 3141 4618 τρεῖς
3169 4545 3228 4598 δὲ
3258 4540 3420 4615 ἦσαν,
3461 4543 3541 4605 είς
3583 4542 3682 4611 τὴν
3709 4539 3993 4594 θάλασσαν

749 4655 913 4708 quam
939 4641 1114 4696 visum
1157 4652 1242 4697 est
1285 4642 1492 4711 optime
1525 4641 1832 4704 constituit,
1859 4642 2313 4711 octingentosque
2348 4666 2390 4720 υ
2419 4663 2427 4698 :

2348 4666 2390 4720 ι,
2419 4645 2680 4699 κατέδυσε
2717 4641 2877 4702 κενάς
2904 4654 2921 4672 ο
2969 4636 3261 4706 Ῥωμαίων
3311 4653 3371 4687 τε
3405 4638 3517 4697 τοῖς
3567 4635 3664 4704 τὴν
3687 4635 3852 4703 νῆσον
3891 4651 3995 4686 κα-

752 4740 994 4786 armatos
1033 4749 1172 4799 quos
1219 4733 1483 4794 habebat.
1521 4733 1576 4786 in
1627 4733 1800 4787 muris
1853 4732 1920 4786 ad
1969 4733 2318 4802 imperatoris

755 4823 1018 4892 impetum
1070 4824 1446 4892 repellendum
1492 4825 1815 4887 collocavit;
1853 4824 1964 4892 jam
2010 4825 2158 4877 enim
2211 4836 2320 4877 non

754 4919 922 4971 dubie
948 4918 1340 4982 rebellabatur.
1383 4934 1484 4974 nec
1521 4920 1673 4989 signa
1715 4917 2069 4986 imperatoria
2101 4917 2158 4971 in
2191 4932 2326 4971 ma:-

760 5010 942 5075 nibus,
1007 5027 1106 5078 pro
1157 5012 1580 5074 consuetudine,
1630 5009 1726 5065 scd
1781 5009 1999 5063 Martini
2063 5008 2328 5063 duntaxat

2417 4733 2661 4790 τοικοῦσι
2696 4731 2888 4800 μηδενὶ
2939 4727 3223 4781 ἐκέλευσεν
3270 4726 3470 4790 ἐξεῖναι
3515 4724 3701 4786 ὅπλοις
3727 4724 3993 4793 χρῆσθαι,

2422 4826 2655 4879 Θάνατον
2699 4822 2755 4874 δὲ
2809 4815 2952 4871 εἶναι
2988 4818 3087 4886 τὴν
3135 4815 3340 4885 ζημίαν
3388 4815 3464 4884 τῷ
3490 4815 3784 4885 χρωμένῳ.
3821 4813 3997 4874 Αὐτὸς

2423 4917 2476 4970 δὲ
2505 4917 2604 4976 τάς
2626 4930 2686 4965 τε
2713 4911 2890 4972 πύλας
2923 4909 3019 4976 τῆς
3047 4907 3253 4968 πόλεως
3283 4905 3758 4973 ἀσφαλισάμενος,
3799 4903 3896 4956 καὶ
3931 4905 3998 4954 τὰ

2428 5009 2562 5062 ἄλλα
2593 5003 2941 5072 καταστήσας
3039 4999 3188 5069 αὑτῷ
3232 4999 3432 5067 ἄριστα
3470 4998 3645 5051 ἐδόκει
3677 4996 3846 5066 ἐχειν,
3879 4997 3997 5065 ἅμα

1992 5124 2205 5186 Jacobi
2241 5125 2503 5184 Pontani
2541 5127 2725 5182 notat.

837 5254 948 5322 (7G)
977 5253 1050 5306 De
1084 5253 1188 5306 hoc
1217 5252 1363 5306 bello
1396 5261 1502 5306 tam
1529 5251 1893 5311 memorabili,
1920 5262 1973 5322 et
2003 5248 2183 5304 causis
2209 5247 2330 5322 ejus

765 5315 942 5395 pauca
969 5325 1304 5395 perstringit
1333 5322 1635 5395 Gregoras,
1673 5323 1768 5395 lib.
1809 5321 2047 5395 tx_.__Nam
2095 5334 2215 5395 qua;
2261 5315 2328 5369 ad

767 5389 1256 5462 ploriau—t'iunioris
1283 5392 1582 5462 Andronici
1618 5391 2094 5462 laciuntJibenter
2125 5389 2206 5443 vel
2234 5402 2330 5462 ex-

772 5457 981 5528 tenuat,
1011 5457 1093 5515 uel
1128 5462 1331 5514 omittit
1361 5479 1374 5514 :
1409 5461 1515 5514 Sub
1545 5471 1856 5514 autumnum
1900 5460 2140 5512 omnibus
2176 5457 2330 5528 trire-

771 5538 935 5592 mibus
967 5527 1345 5593 Romanorum,
1403 5547 1516 5598 qure
1570 5531 1833 5597 Byzantii,
1866 5528 2013 5582 Lesbi
2040 5570 2054 5590 ,
2086 5537 2243 5596 atque
2277 5527 2330 5576 in

770 5607 971 5657 mitteris
1002 5602 1210 5666 insulis,
1246 5611 1293 5653 et
1337 5601 1612 5652 maritimis
1650 5601 1856 5652 urbibus
1888 5608 2058 5662 erant,
2093 5613 2185 5650 nec
2228 5612 2332 5666 nou

775 5676 1115 5731 uniremibas,
1159 5665 1207 5725 et
1255 5679 1484 5740 quatuor
1519 5671 1817 5723 auxiliariis
1845 5669 2140 5720 triremibus
2171 5682 2202 5717 a
2233 5665 2333 5740 (Σεί-

772 5744 989 5801 ιτίαάιιηι
1048 5734 1339 5797 insularum
1385 5741 1622 5811 principe
1654 5741 1936 5805 accersitis,
1967 5755 1994 5791 ε
2023 5747 2178 5804 partu
2227 5734 2306 5788 sol

2437 5246 2530 5305 vit,
2591 5252 2705 5297 etc.
2743 5239 2879 5295 Rem
2911 5246 3103 5299 totam,
3137 5235 3204 5290 de
3239 5250 3345 5305 qua
3381 5243 3569 5286 noster
3606 5240 3712 5305 tam
3743 5229 3914 5305 multa
3943 5239 3999 5283 et

2440 5300 2694 5382 insignia,
2728 5311 2989 5382 deinceps
3016 5300 3270 5382 versibus
3300 5305 3545 5382 _circiter
3595 5300 4000 5382 vigintitribus

2432 5371 2689 5438 absolvit.
2719 5371 3060 5447 Quamquam
3095 5388 3149 5430 et
3180 5371 3689 5447 illudiverissi‘mum
3730 5380 3834 5431 est,
3871 5384 4000 5447 pau:

2431 5437 2619 5507 eorum
2647 5437 2938 5503 admodum
2969 5448 3216 5501 notitiam
3247 5441 3832 5509 habuisseGregoram,
3855 5437 3995 5505 quod

2431 5533 2485 5577 ct
2516 5529 2706 5576 noster
2730 5519 3153 5572 Cantacuzeuus
3192 5514 3349 5568 initio
3381 5512 3622 5565 historia:
3648 5523 3780 5571 sum,
3806 5523 3996 5574 quam-

2430 5607 2592 5660 quam
2643 5589 2955 5660 tacitoejus
2975 5587 3192 5660 nomine
3224 5583 3528 5660 amrmavit,
3558 5589 3613 5632 et
3656 5593 3759 5648 ego
3805 5591 3991 5660 narra:

2433 5653 2676 5716 tionibus
2725 5653 3010 5727 utriusque
3053 5653 3399 5710 conferendis
3459 5664 3702 5723 persaepe
3733 5656 3993 5716 expertus

2432 5747 2574 5786 Slllll.
