4250 6444
190 431 294 493 481

1340 407 1877 471 HISTORIARUM
1918 407 2146 465 LIBER
2190 403 2264 462 ll.

3316 398 3421 463 489.

188 540 532 600 ὀκτακοσίοις
579 536 670 598 οὓς
711 531 848 603 εἶχε,
899 530 1239 602 φραξάμενοι
1287 529 1519 597 ἀνῆλθον
1572 528 1651 588 είς
1687 526 1756 577 τά
1782 526 1866 585 ΑΙ

1737 526 1831 585 ιΑ
1860 522 2167 591 ﬁgebantur
2197 540 2208 573 :
2236 516 2392 588 quasi
2425 516 2601 570 insula
2628 515 2695 569 ab
2721 529 2786 568 eo
2814 524 2962 568 (serto
2987 514 3097 583 jam
3125 517 3415 584 acquisita,

188 636 372 702 τείχη.
405 633 479 692 ώς
507 626 872 698 ἀμυνούμενοι
918 623 1141 675 ἐπιόντα
1169 620 1416 689 βασιλέα.
1463 618 1602 685 Ἤδη
1648 615 1758 684 γὰρ

189 725 514 778 ἀνθίσταντο
580 716 900 783 ἀναφανδόν.
963 714 1072 765 Καὶ
1143 712 1263 764 οὐδὲ
1338 708 1578 778 σημαίας
1660 705 1758 766 τὰς

189 813 482 885 βασιλικὰς
520 809 760 877 ἠξίωσαν
805 805 1100 872 ἀναγαγεῖν
1132 803 1224 855 ἐπὶ
1263 803 1331 854 τά
1366 801 1540 869 τείχη,
1570 799 1758 865 ὥσπερ

189 904 262 976 ἦν
314 905 458 967 ἔθος,
511 902 648 956 ἀλλὰ
704 899 800 961 τάς
859 894 1137 964 Μαρτίνου
1175 893 1360 960 μόνας,
1402 890 1476 950 ώς
1530 888 1759 976 βεϐαίως

190 1001 296 1068 ήδη
331 998 431 1064 τῆς
485 995 651 1060 νήσου
709 989 1003 1058 ἐχομένης.
1051 985 1357 1045 Καλόθετος
1401 981 1446 1033 δ’
1493 981 1608 1048 ἅμα
1651 979 1761 1068 τοῖς

191 1067 333 1157 περὶ
374 1085 558 1144 αὐτὸν,
591 1081 775 1142 ὅπλοις
820 1080 918 1148 μὲν
973 1079 1072 1129 οὐκ
1122 1075 1364 1142 ἐτόλμων
1409 1071 1646 1140 χρῆσθαι
1684 1067 1762 1136 τῷ

191 1179 304 1230 δέει
352 1176 463 1229 τῶν
507 1173 787 1226 Λατίνων*
832 1163 1343 1236 παρεσκευασμένοι
1399 1163 1455 1214 δὲ
1493 1157 1636 1229 ἦσαν
1686 1158 1760 1218 ὡς

195 1268 586 1334 ἐπιθησόμενοι
616 1264 822 1324 αὐτοῖς,
861 1259 1082 1312 ἐπειδὰν
1114 1259 1142 1309 ὁ
1179 1255 1430 1323 βασιλεὺς
1473 1255 1552 1312 εἰς
1594 1267 1766 1318 τειχο-

198 1361 403 1430 μαχίαν
432 1355 699 1422 καταστῇ.
727 1352 1002 1420 Μαρτίνος
1033 1350 1130 1415 μὲν
1163 1341 1256 1397 οὖν
1277 1342 1421 1396 οὕτω
1453 1345 1564 1403 τοῖς
1597 1340 1763 1390 ὀκταο

193 1451 404 1509 κοσίοις
448 1443 743 1505 πεποιθὼς,
775 1438 1135 1506 ἀντικατέστη
1195 1435 1333 1504 πρὸς
1393 1433 1491 1501 τὴν
1553 1431 1760 1498 μάχην.

197 1537 464 1598 Βασιλεὺς
501 1535 557 1586 δέ
611 1535 675 1602 τῇ
706 1533 854 1600 νήσῳ
909 1528 985 1589 ώς
1031 1528 1354 1595 προσέσχεν,
1396 1521 1669 1576 ἀπόϐασίν
1703 1536 1764 1570 τε

201 1629 466 1689 ἐποιείτο,
515 1625 612 1690 τῆς
642 1621 748 1690 γῆς
811 1620 970 1681 εὐθὺς
1022 1615 1261 1684 κρατῶν,
1314 1614 1408 1667 καὶ
1455 1613 1553 1683 τὴν
1601 1613 1765 1664 ίππον

201 1720 420 1786 ἐξάγων
492 1710 934 1783 παρεσκευάζετο
1006 1708 1142 1776 πρὸς
1217 1707 1316 1776 τὴν
1383 1703 1762 1774 τειχομαχίαν.

200 1802 487 1864 Μπενέτος
534 1800 589 1852 δέ
635 1800 664 1850 ὁ
709 1794 987 1865 Μαρτίνου
1029 1795 1257 1862 ἀδελφὸς
1295 1791 1552 1861 φρούριόν
1586 1808 1638 1842 τι
1669 1789 1764 1842 καὶ

199 1895 368 1954 αὐτὸς
438 1890 686 1958 κατέχων
756 1889 818 1940 ού
901 1886 1120 1956 μακρὰν
1180 1887 1280 1953 τῆς
1339 1884 1508 1951 ἄλλης
1557 1881 1765 1942 πόλεως

196 1982 644 2055 ᾠκοδομημένον,
703 1978 821 2031 ἀλλ’
878 1979 1004 2031 ὅσον
1053 1977 1147 2045 ἀφ’
1189 1977 1452 2044 ἐκατέρου
1518 1974 1655 2041 πρὸς
1705 1973 1766 2024 τ’)

194 2076 390 2145 ἕτερον
435 2072 571 2142 λίθῳ
616 2070 803 2139 σχεδὸν
846 2069 1191 2135 ἐξικνεῖσθαι,
1217 2068 1549 2137 ἐνεχείρισεν
1595 2063 1767 2117 ἐλθὼν

196 2162 277 2232 τῷ
320 2162 549 2232 βασιλεῖ,
587 2159 756 2212 πολλὰ
798 2151 892 2210 τού
929 2157 1160 2225 ἀδελφοῦ
1211 2155 1541 2225 κατηγορῶν
1568 2155 1642 2217 ώς
1672 2160 1766 2206 καὶ

197 2250 406 2316 ἀνόητα
440 2247 535 2301 καὶ
563 2247 723 2300 ἄδικα
752 2245 1014 2314 πράττειν
1053 2243 1358 2310 ἐγνωκότος
1388 2259 1400 2272 ο
1436 2243 1596 2294 τοῦτο
1642 2242 1764 2310 μὲν,

196 2342 248 2393 εί
291 2340 432 2408 πρὸς
474 2337 746 2405 τοσαύτην
789 2336 1020 2403 δύναμιν
1068 2335 1421 2404 ἀντισχήσειν
1448 2334 1646 2404 ήλπισε
1692 2332 1768 2404 μὴ

199 2431 370 2492 αὐτὸς
401 2429 460 2495 ἐξ
491 2430 614 2499 ῐσης
666 2426 989 2496 ὁρμώμενος
1024 2427 1382 2494 παρασκευῆς
1408 2443 1421 2458 ·
1457 2426 1672 2479 ἀδικίαν
1710 2425 1768 2479 δὲ

204 2519 614 2585 κατεγίνωσκεν
649 2515 839 2581 αὑτοῦ,
872 2517 920 2568 εί
949 2514 1119 2567 πολλὰ
1150 2515 1284 2584 πρὸς
1313 2513 1576 2584 βασιλέως
1615 2517 1773 2584 εὐερ-

201 2611 484 2682 γετηθεὶς,
519 2610 649 2663 Χίον
680 2609 926 2677 διενοήθη
970 2607 1136 2661 αὑτοῦ
1176 2607 1572 2675 ἀποστερῆσαι.
1613 2605 1769 2659 Βασι-

199 2704 332 2764 λεὺς
386 2701 486 2770 μὲν
533 2699 627 2753 οὖν
687 2702 765 2758 είς
808 2698 869 2749 τὸ
913 2698 1174 2768 φρούριον
1219 2698 1456 2766 εἰσῆλθε,
1491 2698 1770 2750 Μπενέτον

199 2795 301 2858 τῆς
329 2795 412 2856 είς
451 2792 611 2860 αὐτὸν
643 2789 858 2854 εὐνοίας
903 2789 1225 2851 ἐπαινέσας.
1259 2790 1369 2842 Καὶ
1402 2789 1540 2857 μετὰ
1578 2790 1774 2857 μικρὸν

201 2883 442 2949 ἐξελθὼν
470 2883 745 2950 διεκόσμει
771 2880 869 2953 τήν
899 2879 1162 2950 στρατιὰν
1193 2880 1267 2940 ὡς
1299 2881 1358 2940 ἐς
1387 2879 1768 2949 τειχομαχίαν.

201 2977 484 3046 Meg-tivo;
531 2976 588 3027 δὲ
647 2975 782 3042 πρός
831 2989 890 3024 τε
929 2973 1026 3041 τὴν
1059 2971 1326 3041 βασιλέως
1373 2972 1635 3038 στρατιὰν
1669 2970 1772 3039 ήδη

203 3065 402 3118 ἑαυτὸν
459 3065 557 3116 οὐκ
600 3062 900 3131 ἀξιόμαχον
938 3059 1102 3128 ὁρῶν,
1129 3058 1196 3110 ἐκ
1233 3074 1292 3109 τε
1336 3059 1443 3110 τῶν
1471 3058 1621 3110 Χίων
1650 3059 1772 3109 ἐπι-

204 3151 435 3221 κουρίαν
490 3150 745 3217 οὐδεμίαν
802 3146 1119 3218 προσδοκῶν
1197 3145 1286 3199 διὰ
1342 3144 1403 3198 τδ
1459 3145 1556 3213 οὐχ
1609 3138 1777 3215 ἧσσον

204 3243 380 3306 αὑτοῦ
417 3241 785 3309 ἀφεστηκέναι
815 3241 935 3302 ταῖς
964 3236 1216 3306 γνώμαις
1245 3237 1276 3305 ἢ
1312 3236 1433 3289 καθ’
1475 3237 1599 3288 ὅσον
1630 3233 1778 3287 εὖνοι

203 3330 352 3403 ἦσαν
385 3331 593 3401 βασιλεῖ
629 3327 1070 3389 ὑπωπτευκέναι,
1099 3325 1274 3387 ἄλλως
1296 3340 1354 3376 τε
1385 3324 1478 3375 καὶ
1496 3322 1778 3375 Μπενέτου

204 3424 731 3495 προσχωρήσαντος,
764 3420 857 3474 καὶ
888 3418 948 3471 τὸ
977 3418 1236 3486 φρούριον
1261 3415 1597 3492 παραδόντος
1621 3413 1648 3465 δ
1681 3413 1780 3466 οὐκ

207 3518 436 3570 ἔλαττον
473 3512 706 3582 ἠδύνατο
749 3507 1140 3579 άποτειχισμοῦ
1172 3506 1317 3559 οὕτω
1367 3506 1593 3576 πλησίον
1639 3505 1782 3575 ᾡκοο

204 3607 540 3675 δομημέον,
574 3602 819 3670 σφοδρῶς
860 3617 919 3653 τε
956 3597 1413 3667 ἐθορυϐεῖτο,-καὶ
1443 3601 1542 3660 τὰς
1579 3595 1785 3660 σωζού-

209 3715 313 3761 σας
376 3697 756 3762 ἀπεγίνωσκεν
801 3693 1043 3753 ἐλπίδας.
1076 3691 1233 3744 Ἐπεὶ
1261 3691 1317 3743 δὲ
1351 3689 1420 3743 τά
1467 3707 1527 3742 τε
1581 3690 1783 3757 σημεῖα

208 3791 313 3859 ήδη
350 3789 513 3858 ᾔρετο
553 3789 647 3840 καὶ
678 3781 847 3855 ἦρχον
885 3785 1062 3855 μάχης
1095 3787 1145 3836 oi
1173 3784 1462 3852 Ῥωμαῖοι,
1485 3780 1784 3850 πρεσϐείαν

208 3882 444 3948 πέμψας
498 3882 526 3932 ὁ
582 3880 878 3947 Μαρτῖνος,
911 3878 1079 3930 ἐδεῖτο
1138 3876 1404 3947 βασιλέως
1454 3872 1784 3943 συγγνώμης

208 3991 276 4025 τυ
284 3975 423 4042 χείν.
457 3971 550 4022 καὶ
586 3969 720 4036 πρὸς
763 3966 1068 4036 συμϐάσεις
1099 3967 1346 4036 χωρῆσαι
1378 3965 1495 4027 οἵας
1543 3963 1608 4016 ἀν
1653 3963 1782 4031 δοκῇ

213 4063 453 4135 βασιλεῖ.
486 4060 748 4122 Βασιλεὺς
793 4060 868 4111 δέ·
898 4057 1190 4111 ἀπεώσατό
1226 4073 1287 4109 τε
1334 4056 1430 4126 τὴν
1466 4053 1782 4124 πρεσϐείαν,

212 4155 312 4209 καὶ
345 4155 448 4206 οὒκ
482 4153 688 4222 ἔφασκε
719 4151 828 4203 δεῖν
866 4150 963 4218 τῆς
996 4151 1255 4217 στρατιᾶς
1287 4148 1422 4216 πρὸς
1470 4148 1566 4214 τὴν
1606 4146 1786 4214 μάχην

215 4244 742 4315 παρατεταγμένης,
810 4240 1160 4309 διαλέγεσθαι
1236 4240 1364 4308 περὶ
1443 4237 1786 4307 συμϐάσεων.

215 4337 493 4406 Πρότερον
543 4336 652 4402 γὰρ
699 4333 850 4400 αύτῷ
879 4333 1010 4401 ἐξῆν
1057 4335 1190 4402 πρὶν
1225 4331 1413 4385 ἐνθάδε
1443 4331 1620 4400 ήκειν,
1655 4345 1788 4396 συγ-

212 4429 450 4497 γνώμην
484 4442 541 4476 τε
570 4427 763 4487 αίτείν,
793 4425 886 4477 καὶ
929 4424 1163 4485 σπονδὰς
1203 4423 1447 4475 τίθεσθαι
1477 4421 1785 4491 είρηνικάς,

1860 623 1914 666 et
1960 609 2230 678 mancipio
2277 608 2499 661 obtenta
2546 614 2711 660 esset.
2753 604 3047 658 Calotlieus
3105 621 3226 657 cum
3258 606 3415 674 231

1863 701 1978 753 suis
2026 699 2344 752 Latinorum
2396 705 2542 750 metu
2596 697 2872 764 corripere
2924 710 3072 748 arma
3120 696 3264 747 ultro
3309 711 3419 748 non
3476 705 3488 744 ι

1864 791 2163 856 audebant,
2191 791 2283 844 sed
2314 791 2380 844 ad
2420 805 2639 858 operam
2673 788 3058 858 pra-standam,
3080 788 3170 841 ubi
3195 790 3424 856 impera-

1865 893 1949 936 tor
1978 898 2299 952 Oppugnare
2332 883 2521 936 urbem
2549 882 2825 949 ccepissel,
2861 881 3033 948 parati
3070 889 3242 932 erant.
3287 880 3424 930 Mar-

1868 978 2016 1030 tinus
2054 977 2386 1044 octingentis
2426 975 2534 1028 illis
2562 973 2819 1030 confisus.
2851 988 2907 1026 se
2942 972 3232 1024 defendere
3270 971 3424 1023 insti-

1866 1068 2072 1120 tuebat.
2097 1067 2400 1133 imperator
2418 1065 2482 1117 ad
2502 1065 2656 1117 littus
2681 1065 2963 1132 appulsus,
2994 1071 3048 1114 et
3068 1062 3423 1114 exscensione

1864 1158 2026 1218 facta,
2073 1168 2218 1210 terra
2267 1156 2453 1209 statim
2488 1154 2715 1222 potitus,
2770 1154 3038 1221 producto
3075 1155 3324 1220 equitatu
3358 1152 3424 1203 ad

1865 1247 2325 1316 oppugnationem
2372 1247 2782 1314 accingebatnr.
2831 1245 3158 1297 Benedictus
3209 1243 3424 1296 Martini

1865 1352 2158 1398 germanus
2197 1336 2481 1390 castellum
2516 1336 2663 1403 jaetu
2707 1335 2903 1402 lapidis
2937 1336 3006 1389 ab
3037 1335 3238 1403 oppido
3269 1335 3428 1386 dissi-

1868 1437 1982 1481 tum
2024 1439 2215 1480 tenens
2258 1427 2429 1488 venit,
2483 1427 2726 1494 illudque
2778 1427 3091 1494 imperatori
3144 1426 3328 1488 tradit,
3372 1434 3427 1479 et

1866 1516 2092 1569 fratrem
2136 1526 2192 1568 ut
2247 1514 2516 1583 injustum
2556 1529 2618 1568 ac
2649 1515 2905 1567 stolidum
2940 1526 3200 1578 accusat,
3225 1514 3266 1564 si
3299 1514 3424 1581 qui-

1866 1606 1990 1661 dem
2031 1615 2296 1676 apparatu
2341 1607 2512 1659 multo
2560 1606 2809 1666 inferior,
2863 1606 3027 1659 tantis
3075 1607 3246 1673 cepiis
3294 1606 3429 1659 resi-

1867 1707 2013 1752 stere
2042 1711 2100 1751 se
2143 1710 2307 1765 posse
2336 1697 2687 1765 speravisset,
2721 1705 2775 1750 et
2801 1697 3048 1763 pluribus
3091 1697 3157 1748 ab
3191 1698 3429 1762 impera-

1871 1797 1987 1841 tore
2040 1787 2318 1841 benellciis
2379 1787 2693 1855 obligatus,
2757 1787 2897 1840 Chio
2957 1788 3130 1854 ipsum
3194 1788 3429 1855 Spoliare

1868 1880 2161 1934 meditatus
2204 1888 2369 1933 esset.
2428 1879 2734 1948 Imperator
2769 1880 3050 1932 castellum
3099 1867 3426 1948 ingreditur,

1869 1971 2227 2025 Benedictum
2256 1973 2323 2025 de
2365 1971 2544 2025 ofﬁcio
2581 1959 2926 2024 commendat
2962 1990 2974 2023 :
3008 1972 3273 2038 t:auloque
3309 1986 3430 2040 po~t

1868 2065 2170 2118 exercitum
2225 2063 2289 2117 ad
2343 2063 2761 2132 oppugnandam
2819 2066 3006 2119 urbem
3068 2067 3306 2129 ordinat,
3367 2082 3432 2118 ac

1870 2155 2135 2223 disponit.
2180 2155 2450 2208 Martinus
2477 2156 2587 2224 jam
2639 2171 2697 2208 se
2738 2156 2812 2207 illi
2845 2156 3102 2224 imparem
3141 2157 3430 2225 aspiciens,

1870 2255 1926 2300 et
1969 2247 2176 2301 nullum
2225 2263 2255 2300 a
2305 2246 2458 2300 Chiis
2507 2246 2816 2300 subsidium
2872 2258 3235 2316 exspectans.
3288 2249 3432 2317 quod

1869 2354 2060 2392 eorum
2091 2338 2307 2391 animos
2359 2351 2469 2390 non
2517 2337 2699 2391 minus
2732 2353 2760 2391 a
2806 2352 2864 2391 se
2912 2353 3154 2400 aversos,
3183 2355 3345 2408 quam
3379 2339 3434 2392 in

1873 2431 2258 2499 imperatorem
2316 2443 2612 2482 conversos
2661 2429 3023 2498 conjectabat,
3086 2445 3210 2483 eum
3269 2430 3435 2484 etiam

1870 2522 2200 2577 Benedictus
2233 2521 2513 2575 deditione
2556 2521 2767 2574 castelli
2813 2520 2953 2574 facta
3002 2523 3180 2590 (quod
3213 2522 3435 2590 quidem

1875 2629 2032 2668 muro
2075 2612 2261 2668 valido
2301 2614 2543 2667 cinctum
2591 2624 2646 2667 et
2691 2613 2992 2677 ﬁrmatum,
3040 2614 3274 2682 urbique
3309 2615 3441 2667 vici-

1873 2722 2028 2770 num,
2057 2722 2211 2783 aque
2241 2705 2497 2758 resistere
2532 2706 2791 2771 poterat),
2825 2707 2941 2774 ejus
2983 2704 3106 2757 fidei
3155 2711 3439 2773 potestati-

1873 2813 1981 2867 que
2028 2812 2087 2852 se
2135 2797 2498 2865 permisisset,
2553 2797 2872 2850 medullitus
2922 2795 3307 2856 conturbatus,
3360 2797 3429 2849 de

1876 2903 1973 2957 spe
2025 2903 2139 2957 qua
2179 2902 2236 2942 se
2265 2887 2444 2941 adhuc
2473 2887 2879 2949 consolabatur,
2913 2887 3136 2940 decidit.
3167 2885 3302 2940 Cum
3339 2885 3445 2938 Ro-

1877 2978 2022 3032 mani
2059 2979 2169 3048 jam
2201 2978 2353 3048 signa
2398 2978 2684 3040 vellerent,
2714 2992 3065 3045 pugnamque
3099 2977 3439 3039 ordirentur,

1877 3068 2062 3123 missis
2094 3068 2288 3138 legatis
2316 3068 2585 3122 Martinus
2631 3068 2843 3121 veniam
2887 3069 3123 3135 precari,
3154 3078 3208 3123 et
3249 3070 3440 3138 pactis.

1879 3175 2001 3228 qua:
2036 3159 2201 3213 vellet
2233 3160 2534 3226 imperator
2568 3173 2627 3213 se
2659 3169 2931 3211 staturum
2967 3161 3309 3226 promittere.
3351 3159 3445 3213 llle

1883 3250 2089 3326 legatos
2115 3248 2427 3317 repudiare,
2463 3263 2524 3300 ac
2554 3247 2762 3310 dicere,
2791 3255 2968 3300 stante
2994 3247 3103 3315 jam
3147 3247 3198 3300 in
3226 3249 3446 3316 procin-

1883 3350 1971 3396 ctu
2004 3341 2206 3402 milite,
2241 3341 2617 3408 importunum
2646 3355 2767 3392 esse
2789 3338 2854 3392 de
2886 3339 3057 3408 pactis
3089 3353 3272 3407 agere,
3303 3339 3448 3394 inte-

1883 3448 2039 3502 grum
2070 3433 2118 3484 ei
2153 3432 2318 3484 fuisse
2345 3440 2638 3499 antequam
2683 3431 2790 3483 huc
2819 3431 2992 3484 iretur
3015 3439 3070 3482 et
3108 3431 3323 3483 veniam
3362 3447 3451 3484 ro-

1884 3535 2030 3590 gare,
2066 3528 2119 3572 et
2149 3521 2215 3574 de
2252 3536 2381 3588 pace
2412 3536 2597 3573 secum
2623 3520 2942 3574 convenire.
2984 3519 3141 3573 Nunc
3176 3521 3356 3574 facere
3390 3537 3449 3574 se

1884 3609 2032 3680 quod
2085 3611 2306 3673 liberet,
2361 3612 2582 3680 quando
2636 3611 2753 3679 ipse
2801 3627 2897 3665 sua
2955 3612 3129 3665 fretus
3179 3613 3446 3678 potentia,

1887 3709 2078 3753 contra
2128 3715 2184 3753 se
2224 3715 2376 3752 arma
2409 3716 2606 3769 capere
2657 3715 2766 3752 non
2814 3699 3151 3762 dubitasset.
3185 3699 3451 3753 Martinus

1887 3790 2035 3844 omni
2066 3791 2176 3861 jam
2210 3806 2304 3859 spe
2352 3791 2635 3859 deperdita
2671 3792 2868 3846 timens
2910 3806 2979 3842 ne
3015 3791 3238 3858 insuper
3288 3790 3450 3844 morti

1887 3883 2218 3944 dederetur,
2263 3882 2400 3936 urbe
2441 3897 2716 3951 egressus,
2771 3897 2974 3951 seque,
3035 3883 3451 3950 exercitumque

1889 3987 2044 4025 suum
2083 3972 2405 4039 imperatori
2442 3970 2736 4024 transdidit
2764 4009 2778 4022 .
2823 3971 2941 4022 Chii
2982 3971 3256 4023 hominem
3305 3984 3454 4022 nunc

1887 4067 1954 4121 ad
2001 4067 2199 4135 captivi
2242 4065 2516 4119 fortunam
2564 4067 2851 4119 redactum
2908 4074 3222 4126 cernentes,
3274 4063 3456 4116 insur-

1889 4173 2039 4228 gere,
2087 4168 2148 4211 ut
2179 4172 2303 4212 eum
2337 4169 2463 4211 ante
2508 4157 2697 4211 oculos
2729 4157 3078 4224 imperatoris
3123 4162 3451 4208 mactarent.

1889 4250 1959 4302 At
2022 4265 2250 4319 magnus
2289 4250 2630 4304 domesticus
2676 4264 2735 4304 se
2781 4249 3038 4318 pessimis
3093 4247 3272 4301 modis
3331 4247 3457 4302 illos

1881 4348 2245 4408 accepturum
2295 4341 2685 4402 comminatus,
2735 4339 2780 4392 si
2831 4337 2965 4407 quid
3012 4338 3062 4391 ei
3114 4337 3456 4402 nocuissent,

1890 4434 2076 4486 vivum
2152 4431 2598 4501 incolumemque
2673 4431 2936 4485 servavit.
3000 4431 3307 4499 Imperator
3389 4428 3456 4482 de

215 4520 316 4574 νῦν
346 4519 405 4571 δέ
456 4519 605 4580 ὅπως
642 4517 708 4571 ἂν
753 4517 903 4586 αὐτῷ
942 4516 1073 4587 δοκῇ
1121 4517 1320 4573 ποιεῖν.
1375 4515 1499 4567 ἐπεὶ
1543 4516 1610 4583 τῇ
1653 4528 1785 4580 σφε·
1813 4529 1866 4588 D

1779 4541 1785 4551 ’
1813 4529 1866 4588 D
1893 4524 2128 4577 amentia
2173 4523 2543 4593 obiurgatum,
2592 4523 2726 4576 nulli
2769 4521 3036 4590 supplicio
3068 4520 3318 4589 subjecit,
3348 4519 3457 4573 "sed

213 4612 358 4680 τόρᾳ
407 4605 683 4670 πεποιθὼς
725 4607 950 4676 δυνάμει
983 4607 1125 4659 ὅπλα
1176 4605 1327 4674 αύτῷ
1373 4605 1598 4674 ἀντῆρε.
1632 4604 1791 4656 Βασι-

213 4705 346 4766 λεὺς
392 4701 492 4771 μὶν
519 4697 615 4754 οὗν
636 4699 864 4752 τοιαῦτα
889 4694 1013 4750 εἷπε
1032 4712 1048 4728 ’
1076 4699 1350 4765 Μαρτίνος
1381 4696 1437 4748 δὲ
1470 4696 1571 4765 ήδη
1607 4696 1791 4748 πᾶσαν

203 4792 415 4848 ἐλπίδα
461 4791 869 4862 περιῃρημένος
912 4792 1209 4858 σωτηρίας,
1243 4788 1428 4850 δείσας
1480 4787 1556 4857 μὴ
1591 4787 1687 4840 καὶ
1731 4786 1790 4837 τὸ

218 4886 324 4954 ζῇν
349 4883 704 4954 ἀφαιρεθείη,
740 4882 936 4935 ἐαυτὸν
976 4879 1278 4949 ἐνεχείρισε
1319 4879 1529 4948 βασιλεῖ
1567 4878 1664 4931 καὶ
1692 4878 1791 4946 τὴν

218 4977 485 5046 στρατιὰν
534 4976 634 5044 τῆς
690 4974 899 5035 πόλεως
957 4973 1214 5038 ἐξελθών.
1247 4973 1309 5023 0i
1343 4972 1466 5024 Χίοι
1518 4970 1575 5024 at
1626 4970 1790 5022 αὑτὸν

216 5068 461 5138 δρῶντες
493 5068 594 5137 ήδη
632 5067 766 5133 πρὸς
802 5065 1151 5137 αἰχμαλώτου
1199 5065 1370 5134 τύχην
1415 5065 1787 5127 καταστάντα,

218 5160 495 5230 ὥρμησαν
538 5159 613 5222 ώς
655 5160 748 5210 ἐπὶ
793 5157 887 5210 τοῦ
920 5155 1186 5226 βασιλέως
1231 5155 1680 5227 ἀποκτενοῦντες.
1733 5157 1792 5209 ὐ

223 5253 403 5322 μέγας
429 5250 488 5304 δέ
512 5249 836 5319 ὼμέστικος
867 5250 1174 5320 ἀπειλήσας
1194 5248 1394 5311 αὐτοὺς
1420 5249 1487 5301 τά
1505 5249 1792 5302 δεινότατα

217 5342 508 5411 διαθήσειν
564 5341 618 5393 εῐ
665 5358 718 5394 τι
770 5340 1153 5410 νεωτερίζοιεν
1201 5341 1328 5408 περὶ
1372 5341 1556 5401 αὐτὸν,
1603 5339 1791 5409 ἀπαθῆ

219 5433 522 5503 διετήρησε
563 5432 776 5488 κακῶν.
821 5431 1086 5494 Βασιλεὺς
1120 5432 1177 5484 δὲ
1216 5432 1380 5484 αὐτὸν
1432 5432 1603 5484 πολλὰ
1631 5450 1796 5484 κατα-

225 5523 590 5592 μεμψάμενος
620 5523 716 5592 τῆς
744 5522 1024 5587 ἀϐουλίας,
1050 5523 1203 5592 ὅμως
1228 5523 1288 5576 οὑ
1337 5523 1592 5591 διέθηκεν
1630 5524 1794 5576 αὑτὸν

224 5617 434 5679 κακῶς.
465 5616 602 5669 άλλὰ
642 5616 740 5686 τήν
786 5616 885 5685 μὲν
917 5619 1158 5683 γυναῖκα
1203 5609 1657 5669 αὐτοῦ’ἐκέλευσε
1700 5615 1794 5667 καὶ

225 5711 450 5770 παῖδας,
487 5708 566 5761 ἔτι
595 5709 649 5761 δὲ
693 5710 789 5762 καὶ
816 5711 1212 5779 θεραπαινίδας
1254 5710 1377 5762 ὅσαι
1416 5705 1582 5779 ἦσαν,
1626 5710 1797 5772 αὑτὰς

228 5801 332 5870 μὲν
377 5802 844 5870 ἐπιφορτίσασθαι
885 5804 1012 5856 ὅσον
1057 5803 1251 5856 ἀνύσαι
1298 5803 1523 5857 δυνατὸν
1569 5805 1632 5856 ἐκ
1690 5803 1799 5855 τῶν

1893 4631 2139 4678 uxorem,
2174 4615 2400 4680 liberos,
2432 4625 2488 4669 et
2518 4615 2748 4668 famulas
2776 4623 3048 4683 quotquot
3081 4620 3238 4666 erant
3270 4612 3459 4666 tollere

1887 4706 2050 4775 jussit
2080 4714 2346 4774 quantum
2378 4704 2520 4758 ferre
2548 4705 2710 4774 232
2741 4715 2961 4773 possent
2994 4705 3061 4758 de
3097 4704 3243 4757 illius
3271 4703 3457 4765 rebus,

1893 4798 2238 4865 pretiosaque
2291 4795 2673 4865 supellectile:
2707 4795 2940 4848 famulos
3001 4804 3182 4847 autem
3233 4793 3457 4856 toralia,

1891 4897 2122 4957 tapetes,
2163 4903 2226 4942 ac
2270 4889 2478 4956 reliqua
2515 4887 2700 4941 omnia
2746 4888 2811 4940 ad
2861 4895 3185 4940 nocturnam
3218 4885 3458 4954 quietem

1885 4977 2178 5048 requisita,
2227 4987 2280 5033 et
2329 4978 2468 5032 Chio
2518 4977 2845 5032 “cedentes
2901 4978 3001 5037 ire,
3052 4990 3162 5044 quo
3209 4975 3463 5028 voluntas

1894 5072 2141 5133 duceret,
2176 5068 2472 5123 Martinum
2522 5077 2702 5121 autem
2736 5068 2789 5120 in
2819 5066 3034 5119 vincula
3068 5066 3213 5118 duci.
3247 5063 3314 5117 Et
3346 5065 3463 5119 hzec

1894 5164 2115 5234 quidem
2171 5161 2276 5215 hoc
2322 5161 2483 5215 modo
2515 5169 2724 5230 patrata
2773 5167 2920 5223 sunt,
2957 5174 3020 5213 ac
3063 5158 3233 5212 ferme
3277 5159 3463 5212 omnia

1895 5271 2026 5326 quae
2046 5255 2308 5308 Martinus
2333 5253 2592 5317 habebat,
2626 5251 2886 5305 ministrae
2936 5260 2993 5304 et
3017 5266 3154 5302 uxor
3190 5250 3241 5302 in
3267 5249 3462 5301 hume-

1897 5362 1988 5400 ros
2039 5346 2248 5399 subfata
2301 5343 2642 5399 extulerunt.
2691 5343 3047 5410 Oetingentns
3097 5349 3279 5392 autem
3316 5339 3460 5418 illos,

1898 5438 1990 5508 qui
2015 5437 2193 5491 eidem
2231 5435 2559 5494 militabant,
2589 5436 2746 5487 venia
2767 5445 2823 5486 et
2856 5435 3178 5502 impunitate
3207 5432 3465 5501 dignatus

1900 5538 2019 5593 est;
2070 5529 2163 5582 tali
2220 5528 2440 5596 Optione
2492 5528 2639 5589 data,
2696 5533 2755 5578 ut
2807 5526 2900 5593 qui
2957 5524 3178 5588 vellent,
3230 5540 3352 5577 cum
3407 5539 3465 5577 re

1901 5621 2156 5675 familiari
2205 5636 2301 5674 sua
2334 5620 2508 5674 libere
2557 5618 2735 5672 insula
2771 5617 3179 5687 demigrarent;
3214 5616 3306 5684 qui
3354 5631 3468 5669 ma-

1901 5728 2032 5767 nere
2065 5712 2310 5777 mallent,
2333 5713 2400 5765 iis
2425 5726 2586 5766 nemo
2607 5717 2754 5764 esset
2776 5710 3058 5770 molestus.
3090 5718 3144 5761 et
3179 5710 3470 5776 imperato—

1903 5805 1982 5859 ris
2027 5804 2278 5858 militiam
2339 5803 2593 5858 mercede
2651 5803 2969 5857 tolerarent.
3021 5801 3217 5856 Paucis
3267 5800 3466 5854 Chium
