4250 6444
763 358 867 417 4x3
1933 357 2263 418 JOANNIS
2300 356 2832 419 CANTACUZENI
3895 356 4011 420 εει

759 466 1166 523 deserentibus,
1195 459 1380 516 caeteri
1406 475 1597 515 omnes
1626 471 1723 514 aut
1751 461 1954 517 ibidem
1984 479 2090 517 atra
2115 479 2328 520 merere
2360 519 2361 524 η

2390 481 2406 528 ι
2435 465 2632 534 ικείνῳ
2663 463 2979 535 προσόντων
3006 461 3306 533 χρημάτων
3340 477 3400 514 τε
3433 462 3529 515 καὶ
3561 462 3738 516 ἀλλων
3755 465 4012 517 ἐπίπλων

763 563 1128 627 perrexerunt
1159 595 1172 617 ,
1222 560 1316 605 aut
1375 553 1429 606 in
1484 552 1770 609 ministros
1816 556 1936 624 ejus
1991 555 2330 610 domesticos

2431 559 2527 611 καὶ
2559 558 2774 610 σκευῶν
2807 555 3138 619 πολυτελῶν,
3166 557 3295 613 τούς
3335 554 3394 608 δὲ
3428 555 3672 618 δούλους,
3701 557 4013 626 στρώματά

762 648 915 702 relati
953 653 1101 698 sunt.
1135 643 1249 698 llac
1277 646 1487 698 ratione
1516 643 1688 699 Cbius
1724 645 1778 698 in
1813 645 2191 700 Romanorum
2236 648 2328 716 jus

765 737 1208 805 mancipiumque
1251 733 1436 790 rediit.
1481 735 1784 804 imperator
1814 735 2017 790 deinde
2064 747 2120 791 et
2160 736 2333 790 Bene—

765 829 914 883 dicto
945 843 1046 899 pro
1083 837 1272 883 navata
1306 827 1688 882 benevolentia
1749 841 1814 880 ac
1852 839 2099 898 prompta
2135 829 2331 881 volun-

767 930 898 983 tate,
927 928 983 972 et
1023 917 1284 972 Chiorum
1330 917 1676 986 principibus
1752 919 2060 986 populoque
2100 919 2326 988 gratiam

769 1011 993 1080 rependi
1018 1023 1234 1078 aequum
1255 1008 1542 1077 judicavit.
1567 1007 1672 1074 Qui
1696 1024 2008 1078 quanquam
2036 1009 2104 1062 ad
2130 1011 2328 1062 bellum

767 1110 960 1153 contra
988 1097 1281 1152 Martinnm
1319 1099 1455 1160 nihil
1492 1099 1883 1160 contulissent,
1923 1109 2101 1152 tamen
2135 1101 2180 1152 is
2213 1109 2332 1153 erat

766 1206 958 1245 eorum
1002 1206 1200 1246 sensus
1230 1200 1391 1260 atque
1429 1158 1670 1256 Lanimus,
1717 1201 1775 1245 ut
1821 1195 2149 1248 necessitate
2182 1193 2332 1263 ﬂagi-

769 1291 942 1344 tante,
993 1297 1211 1336 onmem
1275 1296 1500 1351 operam
1549 1283 1616 1336 ad
1673 1283 2060 1352 imperatorem
2106 1292 2330 1339 strenue

765 1374 1129 1442 adiuvandum
1176 1373 1427 1446 collaturi
1470 1373 1696 1429 fuerint.
1738 1351 1919 1441 Quare
1957 1351 2017 1427 ἶιι
2075 1373 2333 1429 Calothe—

768 1475 906 1527 tum,
925 1475 980 1518 et
1007 1479 1181 1533 genus
1195 1466 1317 1534 ejus
1344 1474 1457 1520 tum
1479 1465 1547 1520 iis
1575 1481 1694 1534 qum
1720 1466 1860 1534 apud
1891 1465 2330 1536 Didymotichum

764 1556 835 1611 de
867 1555 1013 1610 Chio‘
1037 1556 1383 1611 clandestino
1410 1571 1596 1611 secum
1645 1556 1940 1610 disserenti
1982 1558 2329 1622 promiserat,

767 1659 886 1701 tum
947 1647 1069 1702 aliis
1131 1657 1397 1716 praeterea
1451 1646 1704 1714 pluribus
1767 1657 2147 1702 remuneratus
2201 1659 2361 1725 est;

765 1747 931 1811 atque
951 1737 1090 1793 alios
1112 1737 1277 1792 donis
1299 1745 1355 1793 et
1384 1737 1690 1792 honoribus
1715 1737 1886 1801 auxit,
1919 1739 2177 1808 populum
2200 1755 2331 1794 vero

2430 667 2490 703 τε
2519 652 2614 703 καὶ
2641 651 2892 720 τάπητας
2923 646 3079 718 ἆραι,
3113 650 3208 702 καὶ
3235 649 3371 702 ἀλλα
3399 651 3502 703 ὅσα
3540 650 3826 718 ἐπιτήδεια
3870 649 4014 716 πρὶς

2429 742 2492 794 τὸ
2553 740 2839 794 καθεύδειν
2893 742 2992 812 τῆς
3052 741 3265 804 νυκτὸς.
3318 741 3415 794 καὶ
3475 740 3794 804 ἐξελθόντας
3843 742 4008 805 Χίου,

2433 831 2764 902 πορεύεσθαι
2814 834 2937 886 ὅποι
2991 833 3058 886 ἂν
3085 827 3265 904 δοκῇ.
3295 835 3575 903 Μαρτίνον
3618 834 3676 888 δὲ
3711 834 4009 888 ἐκέλευσεν

2432 924 2740 995 είρχθῆναι.
2776 926 2884 979 Καὶ
2917 924 3079 978 τοῦτο
3112 926 3213 993 μὲν
3252 923 3445 976 τοῦτον
3478 923 3731 994 ἐπράχθη
3764 924 3858 977 τὸν
3883 925 4012 992 τρό-

2432 1031 2557 1076 πον,
2591 1015 2684 1066 καὶ
2711 1014 2902 1084 σχεδὸν
2931 1017 3030 1068 ὅσα
3061 1016 3328 1085 Μαρτίνῳ
3355 1010 3494 1085 ἦσαν
3530 1017 3588 1067 σί
3619 1013 4010 1083 θεραπαινίδες

2433 1108 2549 1174 ἅμα
2580 1109 2803 1174 γυναικὶ
2824 1107 3279 1177 ἐπεφορτίσαντο.
3308 1107 3449 1167 Τοὺς
3477 1105 3739 1169 συνόντας
3774 1106 3831 1158 δὲ
3852 1105 4010 1175 αὐτῷ

2431 1199 2810 1262 ὀκτακοσίους,
2855 1197 3190 1267 συγγνώμης
3251 1214 3310 1251 τε
3365 1197 3604 1266 ἠξίωσεν
3647 1199 3677 1249 δ
3721 1196 4004 1265 βασιλεὺς,

2395 1290 2700 1360 ’ἀδικήσας
2761 1289 2963 1360 μηδέν·
3018 1295 3117 1344 καὶ
3173 1290 3492 1359 ’προῦθηκεν
3550 1290 3765 1358 αἰρεσιν
3819 1289 4010 1349 αὐτοῖς

2431 1379 2712 1447 τοιαύτην,
2778 1379 2918 1432 ὥστε
2966 1380 3077 1442 τοῖς
3115 1393 3175 1431 τε
3212 1377 3564 1447 βουλομένοις
3611 1377 3680 1430 τά
3726 1378 3859 1428 δντα
3917 1375 4011 1427 λα-

2385 1501 2398 1510 -
2433 1469 2625 1532 ϐάντας
2658 1469 2859 1534 ἐξεῖναι
2890 1470 3199 1538 ἀναχωρεῖν
3225 1485 3239 1498 ·
3273 1471 3387 1532 τοίς
3423 1485 3484 1520 τε
3528 1469 3712 1536 μένειν
3747 1467 4005 1519 ἐθέλουσι

2437 1562 2642 1630 μηδᾶνα
2705 1560 2949 1629 ἐνοχλεῖν
2975 1577 2988 1591 ·
3035 1559 3172 1612 ἀλλά
3229 1559 3332 1628 τὴν
3386 1557 3731 1627 μισθοφορὰν
3785 1555 4008 1625 λαμϐἀο

2435 1669 2647 1717 νοντας,
2688 1651 2963 1706 δουλεύειν
3001 1650 3238 1719 βασιλεῖ.
3263 1649 3470 1716 Ὀλίγοι
3519 1651 3619 1718 μιν
3648 1644 3744 1702 οὖν
3781 1647 4010 1700 ἐκείνων

2435 1741 2660 1811 ἀπῆραν
2707 1743 2774 1796 ἐκ
2814 1742 2915 1808 τῆς
2943 1740 3102 1805 Χίου,
3131 1740 3182 1793 oi.
3220 1740 3400 1793 λοιποὶ
3429 1741 3511 1804 δὲ,
3545 1741 3596 1793 οί
3629 1741 3731 1809 μὲν
3783 1738 4012 1808 Ιμειναν

765 1831 1118 1888 tributorum‘
1159 1843 1361 1892 onere,
1422 1845 1533 1901 quo
1597 1830 1920 1894 gravissime
1975 1831 2333 1900 premebatur

2390 1799 2406 1853 ι
2436 1831 2495 1882 ἐν
2523 1797 2647 1914 Χίῳ
2675 1827 2832 1892 αὖθις
2867 1797 3348 1898 μισθοφοροῦντες,
3380 1830 3429 1881 oi
3477 1797 3534 1880 δέ
3593 1797 3707 1890 tot;
3741 1797 4011 1896 βασιλέως

735 1931 738 1935 ’
763 1921 990 1978 levavit.

2441 1921 2937 1993 συνηριθμήθησαν
2999 1923 3263 1982 οἰκέταις.
3324 1920 3455 1984 Χίος
3513 1920 3615 1990 μιν
3675 1915 3770 1972 οὖν
3830 1916 4009 1979 οὕτως

765 2011 922 2080 αὖθις
943 2016 1166 2087 γέγονεν
1197 2015 1302 2070 ὑπὸ
1325 2014 1618 2086 Ῥωμαίοις
1643 2032 1656 2045 ·
1720 2016 1978 2086 βασιλεὺς
2001 2017 2058 2071 δέ
2116 2018 2402 2072 Μπενέτον
2439 2034 2499 2070 τε
2526 2017 2738 2070 δίκαιον
2764 2015 2981 2084 ἔκρινεν
3015 2015 3346 2083 ἀμείϐεσθαι
3371 2016 3470 2085 τῆς
3500 2015 3718 2078 εὐνοίας
3768 2013 3868 2066 καὶ
3912 2011 4015 2078 τῆς

766 2113 1076 2186 προθυμίας
1099 2112 1200 2183 τῆς
1228 2115 1309 2176 είς
1345 2111 1542 2166 αὐτόν’
1576 2113 1670 2165 καὶ
1699 2112 1809 2165 τῶν
1840 2112 1987 2167 Χίων
2046 2113 2179 2178 τοὺς
2235 2113 2497 2177 δυνατοὺς
2527 2114 2623 2165 καὶ
2681 2111 2772 2166 τδν
2807 2111 3002 2182 δῆμον.
3041 2111 3104 2163 Et
3135 2111 3244 2179 γὰρ
3311 2111 3406 2163 καὶ
3440 2109 3608 2179 μηδὲν
3639 2110 3720 2171 είς
3750 2107 3848 2159 τὸν
3870 2105 4014 2174 πρὸς

768 2205 1066 2278 Μαρτίνου,
1109 2206 1346 2274 πόλεμον
1399 2205 1727 2274 εἰσήνεγκαν
1780 2205 1953 2268 αὐτοὶ,
2013 2204 2153 2259 ἀλλά
2203 2207 2326 2266 ταῖς
2365 2204 2614 2274 γνώμαις
2673 2201 2849 2265 οὕτως
2893 2197 3036 2272 ἦσαν
3075 2201 3614 2272 παρεσκευασμένοι,
3674 2197 3750 2260 ὡς
3789 2196 3858 2269 ἢν
3887 2195 4010 2265 δέῃ,

769 2301 953 2350 πὶσαν
1000 2297 1395 2366 ἐπιδειξόμενοι
1439 2283 1678 2366 σπουδίξν
1715 2299 1808 2351 καὶ
1879 2300 2193 2368 προθυμίαν
2259 2299 2397 2368 ὑπὲρ
2439 2298 2729 2368 βασιλέως.
2770 2297 2860 2350 Διδ
2894 2297 2991 2350 καὶ
3037 2295 3344 2348 Καλόθετον
3373 2295 3471 2363 μὲν
3511 2294 3604 2346 καὶ
3634 2293 3814 2364 γένος,
3851 2296 3921 2348 τά
3953 2310 4014 2346 τε

770 2393 828 2442 tv
879 2390 1245 2460 Διδυμοτείχῳ
1304 2391 1824 2461 προεπηγγελμένα.
1871 2393 1958 2445 ὅτε
2019 2392 2146 2460 περὶ
2226 2393 2360 2444 Χίου
2438 2393 2621 2462 κρύφα
2667 2389 2976 2460 διειλέχθη,
3035 2390 3127 2442 καὶ
3184 2388 3412 2462 προσέτι
3470 2386 3642 2443 πλείω
3692 2388 4010 2457 εὐηργέτει.

769 2486 880 2540 Καὶ
906 2486 1032 2548 τοὺς
1063 2486 1258 2549 ἀλλους
1288 2487 1383 2540 καὶ
1407 2488 1597 2556 τιμαῖς
1633 2486 1893 2556 ἠμείϐετο
1933 2488 2026 2541 καὶ
2063 2487 2314 2558 δωρεαῖς.
2360 2486 2464 2538 Τὸν
2499 2486 2667 2557 δῆμον
2705 2485 2763 2540 δὲ
2797 2486 2907 2539 τῶν
2934 2484 3210 2556 δημοσίων
3274 2485 3476 2556 ἀνῆκεν
3539 2483 3834 2554 είσφορῶν,
3890 2483 4012 2536 ὅσαι

776 2579 1011 2650 μάλιστα
1048 2577 1284 2642 ὲπίεζον.
1420 2581 1430 2590 ’

2200 2669 2422 2726 CAPUT
2464 2669 2580 2725 Xll.

771 2769 1071 2838 Imperator
1109 2768 1177 2821 ad
1210 2768 1439 2836 gratiam
1471 2765 1746 2818 Benedicto
1774 2767 2124 2835 referendam,
2150 2765 2264 2820 Chii
2285 2767 2599 2838 prwfectara
2625 2764 2775 2838 illam
2808 2779 3003 2816 ornare
3028 2763 3156 2838 gult,
3179 2779 3295 2815 cum
3349 2762 3598 2815 reditibus
3642 2762 4008 2838 amplissimis.

843 2832 1011 2894 Homo
1039 2832 1252 2902 avarus,
1305 2846 1352 2890 et
1400 2838 1702 2889 ambitiosus
1749 2832 1914 2889 totum
1963 2839 2190 2890 insulam
2226 2832 2320 2903 pro
2359 2832 2562 2902 peculio
2589 2837 2746 2887 audet
2778 2843 2969 2902 petere.
3021 2832 3257 2886 Conatur
3289 2849 3406 2885 eum
3453 2847 3647 2885 sanare
3694 2835 4007 2903 imperator.

843 2909 1017 2961 Datur
1038 2909 1268 2976 spatium
1301 2908 1368 2959 ad
1395 2906 1809 2976 deliberandum.
1838 2907 2010 2958 Manet
2053 2910 2106 2958 in
2134 2902 2395 2976 sententia
2447 2907 2805 2976 pertinaciter.
2850 2903 3102 2976 Galatam
3145 2904 3549 2976 ti'iretttespetit,
3583 2919 3719 2976 quas
3743 2902 3824 2976 illi
3854 2914 4010 2971 negat

844 2971 1154 3047 imperator.
1191 2976 1389 3030 Iterum
1412 2978 1642 3047 spatium
1675 2975 1998 3047 deliberandi
2027 2978 2209 3038 datur,
2239 2985 2285 3028 et
2316 2971 2748 3047 Benédictaspro
2780 2973 2926 3047 [aluo
2953 2975 3192 3047 habetur.
3225 2971 3507 3047 Consilium
3541 2973 3719 3047 magni
3737 2972 4008 3047 dontvstici

845 3040 1156 3116 de'irtfamia
1188 3040 1492 3114 imperatori
1521 3045 1831 3113 effugienda.
1873 3045 1914 3097 Α
1964 3043 2273 3098 Latinorum
2314 3054 2569 3116 conventu
2624 3040 2933 3095 Benedictus
2977 3058 3073 3116 pro
3104 3044 3288 3116 insano
3319 3040 3642 3116 damnatur;
3665 3040 3900 3116 Honores
3930 3042 4011 3094 illi

844 3110 1402 3185 exqui'sitiseinti,'eunt
1437 3110 1933 3182 viginti'nureornm
1974 3116 2209 3168 millibus
2240 3115 2618 3183 promittuntur
2645 3129 2660 3167 .'
2691 3116 2892 3181 spernit
2917 3113 3120 3164 omnia.
3151 3110 3492 3178 Imperatoris
3514 3111 3680 3163 virtus
3709 3110 3969 3165 laudatur
3996 3127 4012 3164 :

843 3184 1150 3240 Benedictus
1187 3184 1440 3238 Galatam
1477 3185 1710 3252 navigat.

847 3278 1181 3333 Accersitum
1207 3289 1425 3344 quoque
1455 3275 1808 3330 Betaedictum
1856 3275 2075 3330 Martini
2109 3275 2336 3331 fratrem

2390 3281 2413 3343 Ξ
2511 3276 2792 3330 Μπένετον
2853 3275 2909 3327 δὲ
2977 3271 3496 3342 μετακαλεσάμενος
3564 3271 3658 3324 τὸν
3722 3272 4013 3343 Μαρτίνου

774 3369 1141 3427 accusationis
1181 3369 1459 3430 admonet,
1489 3383 1651 3436 quam
1683 3369 1732 3422 ei
1762 3369 2076 3439 Byzantium
2113 3369 2342 3423 veniens

782 3463 1093 3518 intenderat
1126 3462 1193 3515 de
1223 3475 1313 3514 sex
1346 3475 1632 3514 aureorum
1667 3461 1927 3523 millibus,
1966 3477 2098 3539 qua
2119 3476 2217 3528 pro
2243 3476 2340 3530 pa-

778 3564 932 3606 terna
989 3560 1137 3605 sorte
1185 3550 1251 3603 de
1301 3549 1535 3620 publicis
1610 3549 1732 3605 Chii
1795 3549 2096 3606 reditibus”
2143 3565 2341 3620 capere

777 3643 1081 3707 debuisset,
1119 3641 1188 3695 ab
1230 3641 1320 3695 illo
1351 3651 1554 3705 autem,
1599 3643 1690 3712 qui
1743 3644 1976 3698 insulam
2013 3642 2118 3697 sibi
2156 3641 2344 3698 vendi-

777 3743 978 3798 casset,
1014 3733 1260 3802 privatus
1297 3733 1510 3787 fuisset.
1548 3732 1615 3787 Et
1645 3748 1755 3803 quo
1783 3743 1940 3800 pacto
1974 3734 2264 3798 auxilium,
2295 3734 2341 3788 si

778 3823 926 3894 quod
963 3830 1170 3894 posset,
1201 3821 1383 3877 atl'erri
1416 3821 1736 3892 petivisset;
1766 3838 1886 3892 qua:
1917 3822 2030 3892 ipse
2062 3823 2344 3891 promisis-

779 3924 886 3980 set,
911 3914 1069 3984 233
1092 3929 1254 3984 quam
1289 3925 1479 3968 severe
1505 3914 1763 3966 nimirum
1799 3914 1852 3966 in
1881 3913 2076 3968 Chium
2109 3915 2342 3980 delatus,

776 4020 832 4063 et
864 4009 989 4074 sibi,
1023 4018 1078 4062 et
1111 4007 1184 4060 illi
1221 4007 1475 4077 injuriam
1518 4007 1718 4060 illatam
1746 4005 1964 4060 ulturus
1989 4008 2151 4060 foret.
2184 4007 2341 4073 Quod

777 4099 1036 4169 quoniam
1093 4098 1345 4160 feliciter,
1391 4108 1554 4166 atque
1595 4107 1652 4150 ut
1684 4112 1780 4167 par
1819 4108 1957 4162 erat,
1988 4100 2254 4159 evenerit.
2287 4108 2344 4153 et

780 4191 1046 4246 Martinus
1076 4183 1254 4275 iits’ula
1282 4199 1506 4246 exactus
1537 4191 1629 4256 sit,
1665 4202 2096 4248 consentaneum
2127 4193 2230 4248 sibi
2266 4194 2345 4247 vi-

779 4284 894 4340 deri
943 4283 1207 4352 promissa
1261 4283 1599 4352 persolvere,
1654 4292 1710 4337 et
1753 4284 1979 4338 castello
2015 4293 2208 4354 sponte
2251 4289 2345 4340 dc-

780 4374 960 4428 dendo
987 4375 1316 4427 declaratam
1357 4389 1486 4441 erga
1533 4389 1592 4428 se
1635 4375 2054 4444 propensionem
2085 4392 2346 4445 compen-

777 4480 920 4520 sare.
968 4465 1234 4529 Quocirca
1289 4479 1346 4518 se
1396 4465 1472 4518 illi
1517 4463 1896 4533 praefecturam
1940 4466 2062 4522 Chii
2106 4467 2342 4521 deferre.

775 4557 1024 4626 Cumque
1062 4555 1270 4610 reditus
1301 4556 1489 4610 insula:
1531 4566 1750 4609 centum
1793 4573 1856 4611 ac
1881 4557 2072 4627 viginti
2108 4559 2341 4612 millium

2441 3368 2688 3438 ἀδελφὸν,
2743 3365 3123 3436 ἀνεμίμνησκέ
3207 3381 3267 3416 τε
3348 3358 3424 3418 ὧν
3501 3363 3639 3434 πρὸς
3712 3363 4016 3427 Βυζάντιον

2441 3459 2612 3514 ἐλθὼν
2655 3459 2750 3512 τοῦ
2793 3455 3022 3524 ἀδελφοῦ
3071 3459 3397 3525 κατηγόρει,
3431 3458 3505 3519 ὼς
3538 3458 3877 3526 ἀποστεροίη
3916 3461 4018 3526 μεν

2441 3553 2554 3607 τῶν
2584 3552 2970 3620 ἑξακισχιλίων
3015 3553 3281 3620 χρυσίων,
3315 3551 3350 3603 ἂ
3399 3549 3678 3620 προσῆκεν
3720 3550 3872 3618 αὐτῴ
3909 3553 4019 3603 ἀπ),

2441 3644 2551 3698 τῶν
2635 3643 2912 3714 δημοσίων
2971 3643 3253 3710 προσόδων
3325 3643 3426 3710 τῆς
3492 3643 3628 3694 Χίου
3690 3641 4015 3710 λαμϐάνειν,

2443 3737 2607 3798 αὐτὸς
2684 3736 2742 3789 δέ
2823 3735 2924 3806 τὴν
2995 3734 3162 3805 νῆσον
3243 3735 3698 3803 σφετεριζόμενος
3776 3735 4012 3786 ἀποστε-

2448 3831 2565 3902 ροίη
2613 3825 2718 3884 ,τοῦ
2773 3828 3033 3900 πατρῴου
3099 3829 3328 3898 κλήρου,
3386 3829 3482 3881 καὶ
3553 3829 3629 3890 ὡς
3683 3829 3852 3881 ἐδεῖτο
3918 3829 4017 3895 τῆς

2441 3925 2675 3993 δυνατῆς
2720 3926 2902 3994 τυχεῖν
2970 3923 3313 3991 ἐπικουρίας.
3377 3916 3453 3974 ὧν
3515 3938 3572 3972 τε
3627 3922 3786 3980 αὐτὸς
3840 3925 4017 3987 ἐπηγ-

2444 4015 2686 4082 γείλατο,
2712 4014 2789 4077 ὡς
2817 4015 2941 4066 ὅσον
2973 4015 3074 4084 ήδη
3102 4015 3396 4081 γενόμενος
3450 4015 3507 4065 ἐν
3537 4012 3652 4082 Χῐῳ
3685 4016 3785 4080 τῆς
3830 4031 3888 4064 τε
3937 4016 4018 4075 είς

2445 4105 2748 4180 αὐτὸνκκαὶ
2800 4102 2893 4156 τὸν
2929 4103 3157 4171 ἀδελςρὸν
3205 4103 3420 4164 ἀδικίας
3471 4103 3824 4170 εἰσπράξεται
3861 4105 4018 4165 Μαρ-

2445 4199 2590 4249 τίνον
2617 4195 2794 4258 δίκας.
2841 4193 2944 4247 Ὧν
2982 4195 3048 4264 δὴ
3081 4193 3177 4247 νῦν
3218 4195 3398 4257 καλῶς
3455 4195 3551 4248 καὶ
3603 4197 3675 4256 ὡς
3727 4197 4017 4264 προσῆκεν

2446 4287 2794 4352 ἀποϐάντων,
2828 4287 2923 4340 καὶ
2971 4287 3251 4356 Μαρτίνου
3288 4286 3422 4339 Χίου
3483 4286 4018 4354 ἐξεληλαμένουξδί-

2445 4396 2604 4432 καιον
2653 4378 2910 4449 ἡγεῖσθαι
2947 4380 3094 4431 είναι
3124 4379 3223 4442 τὰς
3259 4395 3318 4432 τε
3355 4380 3685 4446 ἐπαγγελίας
3705 4379 4016 4448 ἐκπληροῦν

2446 4471 2544 4534 τὰς
2570 4473 2649 4534 είς
2679 4471 2864 4532 αὐτὸν,
2899 4470 2994 4522 καὶ
3022 4473 3123 4538 τῆς
3157 4471 3375 4533 εὐνοίας
3403 4471 3724 4539 ἀμείϐεσθαι
3774 4466 3842 4541 ἧς
3878 4473 4018 4539 πρὸς

2447 4561 2673 4615 ἐλθόντα
2725 4560 3052 4624 ἐνεδείξατο,
3105 4561 3166 4612 τί,
3191 4563 3454 4631 φρούριον
3512 4562 3809 4629 παραδούς.
3845 4557 3920 4615 Οὐ
3955 4565 4018 4629 δη

776 4661 1071 4702 anreorum
1127 4661 1391 4700 summam
1447 4647 1604 4716 plane
1665 4650 2034 4711 conficerent,
2099 4651 2165 4703 ad
2228 4653 2349 4721 ejus

2390 4633 2420 4686 υ
2449 4653 2613 4706 ἕνεκα
2649 4652 2749 4720 τῆς
2782 4669 2842 4704 τε
2877 4654 3010 4705 Χίου
3050 4653 3374 4721 ἐπιτρέπειν
3417 4652 3514 4721 τὴν
3546 4652 3740 4722 ἀρχὴν,
3776 4655 3868 4704 καὶ
3908 4657 3962 4705 τ’
3991 4672 4017 4702 ν

778 4738 1246 4808 procurationem,
1274 4737 1340 4791 ad
1372 4740 1645 4805 praesidia,
1692 4757 1935 4810 ususque
1982 4745 2346 4809 necessari-os,

777 4838 1044 4898 quantum
1096 4844 1152 4881 re
1182 4840 1468 4896 perspecta
1503 4833 1696 4884 merito
1727 4833 1928 4902 requiri
1959 4844 2198 4902 putaret.
2251 4837 2351 4889 im-

779 4918 1085 4988 penderet;
1117 4918 1183 4972 de
1222 4919 1434 4986 reliquo
1469 4920 1755 4973 dimidium
1802 4938 1972 4976 unum
2027 4928 2078 4977 in
2116 4926 2348 4993 impera-

779 5018 914 5061 toris
972 5008 1162 5062 fiscum
1227 5009 1478 5073 inferret,
1529 5011 1702 5064 altero
1768 5013 1883 5081 ipse
1933 5017 2230 5069 frueretur.
2282 5017 2348 5070 Et

775 5101 1034 5169 quoniam
1080 5116 1212 5154 suus
1239 5117 1512 5170 quemque
1551 5104 1667 5157 dies
1715 5104 1865 5168 latet,
1902 5123 2118 5174 mquam
2184 5122 2254 5160 se.
2289 5117 2345 5160 et

778 5197 907 5245 utile
937 5194 1212 5254 arbitrari,
1242 5209 1422 5247 arcem
1458 5211 1488 5248 a
1520 5195 1752 5248 Martino
1791 5197 2096 5250 inchoatam
2130 5200 2339 5266 perlici,

775 5297 827 5334 ιιι.
859 5300 888 5338 a
918 5305 972 5336 se
1001 5301 1124 5338 cum
1161 5287 1413 5356 praesidio
1440 5289 1717 5355 occupari;
1737 5304 1865 5358 quo,
1892 5291 1936 5342 si
1958 5291 2111 5359 quid,
2141 5299 2201 5345 ut
2223 5301 2351 5345 sunt

777 5394 865 5428 res
897 5380 1166 5442 humanae,
1197 5379 1299 5432 sibi
1339 5359 1628 5441 ’accidcrit,
1669 5391 1724 5434 et
1773 5383 1916 5434 inter
1946 5383 2196 5436 h0mincs
2230 5398 2351 5436 esse

777 5469 1020 5523 desint-it.
1066 5470 1293 5522 Romani
1343 5469 1677 5532 Chinm,cui
1733 5473 1891 5526 multi
1944 5482 1996 5525 et
2025 5474 2241 5534 remoti.
2297 5481 2352 5526 et

782 5564 965 5621 \lt'llll,
1003 5562 1414 5630 pncsertimque
1456 5564 1592 5618 Dchi
1628 5565 2040 5634 lluspitalenscs
2069 5565 2183 5634 (Π)
2220 5566 2349 5618 insi-

2446 4743 2723 4811 προσόδων
2753 4743 2926 4811 αὐτῆς
2952 4743 3059 4794 τῶν
3090 4743 3366 4810 δημοσίων
3394 4743 3492 4793 οὐκ
3531 4742 3756 4794 ἔλαττον
3785 4747 4014 4811 χρυσίου

2449 4835 2728 4903 μυριάδων
2777 4834 3108 4886 δυοκαίδεκα
3161 4833 3358 4897 οὐσῶν,
3416 4837 3496 4895 είς
3545 4837 3645 4900 μὲν
3692 4836 4014 4885 insana--

2444 4928 2544 4993 τῆς
2621 4930 2788 4994 νήσου
2861 4928 2954 4978 καὶ
3011 4926 3288 4994 φυλακὴν.
3345 4927 3426 4977 ἔτι
3473 4943 3530 4976 τε
3586 4926 3780 4992 λοιπὴν
3842 4932 4011 4989 ἀντί,

2449 5019 2620 5071 κείων
2659 5017 3032 5084 ἀναλωμάτων
3065 5018 3256 5086 χρείαν
3286 5018 3384 5069 ὅσα
3412 5016 3476 5068 ἂν
3499 5017 3646 5084 αὐτῷ
3683 5019 4014 5085 σκεύανένῳ

2457 5107 2665 5174 βέλτιον
2700 5107 2883 5176 δοκοίη
2922 5107 3068 5174 ἒχειν
3100 5105 3335 5158 ἀναλοῦν
3365 5122 3379 5136 °
3411 5106 3482 5158 τὰ
3527 5106 3584 5158 δὲ
3618 5107 4015 5171 ὑπολειφθέντα

2451 5204 2729 5266 χρήματα,
2751 5200 2819 5250 τά
2841 5197 3012 5267 ἡμίση
3047 5198 3146 5266 μὲν
3174 5196 3251 5265 τῷ
3275 5197 3540 5265 βασιλικῷ
3569 5195 3804 5264 ταμιείῳ
3839 5198 4015 5248 εἰσκοο

2452 5291 2650 5357 μίζειν,
2682 5289 2844 5342 αὐτὸν
2894 5289 2954 5342 δέ
2992 5291 3062 5341 τὰ
3100 5289 3355 5340 ἐπίλοιπα
3380 5286 3751 5356 καρποῦσθαι.
3785 5287 4013 5354 ’Δδηλον

2447 5381 2502 5432 δὲ
2557 5383 2614 5434 ὂν
2651 5381 2923 5450 ἀνθρώπῳ
2976 5380 3140 5433 παντὶ
3168 5380 3331 5432 ὁπότε
3366 5379 3776 5448 ἀπροσδόκητον
3821 5379 3932 5440 Eia:
3957 5377 4014 5428 τὸ

2448 5475 2600 5534 τέλος
2633 5473 2730 5541 τῆς
2759 5472 3151 5541 ζωῆς,δίκαιον
3173 5470 3289 5538 ἅμα
3321 5473 3414 5522 καὶ
3450 5471 3725 5530 λυσιτελὲς
3759 5466 4008 5536 ἡγεῖσθαι

2453 5563 2592 5618 εἶναι
2618 5567 2718 5635 τὴν
2741 5567 3063 5634 ἀκρόπολιν,
3101 5566 3134 5634 ἢ
3171 5562 3308 5631 πρὸς
3337 5564 3615 5630 Μαρτίνου
3648 5561 4001 5630 ᾠκοδομεῖτο,

2027 5673 2241 5733 Jacobi
2282 5673 2550 5732 Pontani
2587 5681 2772 5733 noue.

853 5766 964 5837 (Π)
996 5768 1156 5825 Delus
1181 5779 1294 5826 tum
1331 5769 1792 5842 llospitalensium
1824 5784 1962 5839 erat,
1991 5770 2265 5842 quomodo
2291 5781 2348 5824 et
2387 5770 2605 5824 Graccus
2653 5771 2821 5826 codex
2878 5770 3000 5825 illos
3019 5769 3286 5824 nominat.
3311 5769 3548 5837 Σπιτάλη
3580 5770 3725 5824 enim
3756 5769 3806 5822 in
3825 5764 4004 5821 Greco
