  <div class='ocr_page' id='page_1' title='image "/cluster/home/n/w/nwhite01/storage/ocr_20150623/153/nnc1.0046981039/266.png"; bbox 0 0 4250 6444; ppageno 0'>
   <div class='ocr_carea' id='block_1_1' title="bbox 328 388 439 452">
    <p class='ocr_par' dir='ltr' id='par_1_1' title="bbox 328 388 439 452">
     <span class='ocr_line' id='line_1_1' title="bbox 328 388 439 452; baseline 0 -1"><span class='ocrx_word' id='word_1_1' title='bbox 328 388 439 452; x_wconf 81' lang='grc'><strong>509</strong></span> 
     </span>
    </p>
   </div>
   <div class='ocr_carea' id='block_1_2' title="bbox 1510 381 2449 447">
    <p class='ocr_par' dir='ltr' id='par_1_2' title="bbox 1510 381 2449 447">
     <span class='ocr_line' id='line_1_2' title="bbox 1510 381 2449 447; baseline -0.003 0"><span class='ocrx_word' id='word_1_2' title='bbox 1510 381 2054 447; x_wconf 78' lang='lat' dir='ltr'><strong>HISTORIARUM</strong></span> <span class='ocrx_word' id='word_1_3' title='bbox 2094 382 2328 445; x_wconf 77' lang='lat' dir='ltr'><strong>LIBER</strong></span> <span class='ocrx_word' id='word_1_4' title='bbox 2367 385 2449 446; x_wconf 84' lang='grc'><strong>11.</strong></span> 
     </span>
    </p>
   </div>
   <div class='ocr_carea' id='block_1_3' title="bbox 3482 376 3592 445">
    <p class='ocr_par' dir='ltr' id='par_1_3' title="bbox 3482 376 3592 445">
     <span class='ocr_line' id='line_1_3' title="bbox 3482 376 3592 445; baseline -0.018 0"><span class='ocrx_word' id='word_1_5' title='bbox 3482 376 3592 445; x_wconf 80' lang='lat'><strong>510</strong></span> 
     </span>
    </p>
   </div>
   <div class='ocr_carea' id='block_1_4' title="bbox 327 496 1920 571">
    <p class='ocr_par' dir='ltr' id='par_1_4' title="bbox 327 503 1905 571">
     <span class='ocr_line' id='line_1_4' title="bbox 327 503 1905 571; baseline -0.001 -16"><span class='ocrx_word' id='word_1_6' title='bbox 327 521 446 556; x_wconf 83' lang='grc' dir='ltr'><strong>τειν</strong></span> <span class='ocrx_word' id='word_1_7' title='bbox 476 504 605 571; x_wconf 71' lang='grc' dir='ltr'><strong>περὶ</strong></span> <span class='ocrx_word' id='word_1_8' title='bbox 642 504 838 558; x_wconf 72' lang='grc' dir='ltr'><strong>ἐαυτοῦ</strong></span> <span class='ocrx_word' id='word_1_9' title='bbox 868 522 881 536; x_wconf 78' lang='grc' dir='ltr'><strong>ο</strong></span> <span class='ocrx_word' id='word_1_10' title='bbox 918 508 944 557; x_wconf 83' lang='grc' dir='ltr'><strong>ὁ</strong></span> <span class='ocrx_word' id='word_1_11' title='bbox 977 505 1032 558; x_wconf 82' lang='grc' dir='ltr'><strong>δέ</strong></span> <span class='ocrx_word' id='word_1_12' title='bbox 1060 504 1321 570; x_wconf 74' lang='grc' dir='ltr'><strong>ἀκούσας,</strong></span> <span class='ocrx_word' id='word_1_13' title='bbox 1352 504 1540 566; x_wconf 77' lang='grc' dir='ltr'><strong>ἔνθους</strong></span> <span class='ocrx_word' id='word_1_14' title='bbox 1570 521 1631 557; x_wconf 84' lang='grc' dir='ltr'><strong>τε</strong></span> <span class='ocrx_word' id='word_1_15' title='bbox 1684 503 1905 571; x_wconf 76' lang='grc' dir='ltr'><strong>ἐγένετο</strong></span> 
     </span>
    </p>
   </div>
   <div class='ocr_carea' id='block_1_5' title="bbox 1971 496 3587 571">
    <p class='ocr_par' dir='ltr' id='par_1_5' title="bbox 1971 496 3587 570">
     <span class='ocr_line' id='line_1_5' title="bbox 1971 496 3587 570; baseline -0.001 -13"><span class='ocrx_word' id='word_1_16' title='bbox 1971 512 2233 557; x_wconf 63' lang='grc' dir='ltr'><strong>»οευεαιιι</strong></span> <span class='ocrx_word' id='word_1_17' title='bbox 2276 498 2647 555; x_wconf 88' lang='lat' dir='ltr'><strong>accersendus</strong></span> <span class='ocrx_word' id='word_1_18' title='bbox 2690 497 2763 555; x_wconf 85' lang='lat' dir='ltr'><strong>sit</strong></span> <span class='ocrx_word' id='word_1_19' title='bbox 2796 498 3011 570; x_wconf 66' lang='lat' dir='ltr'><strong>quierit,</strong></span> <span class='ocrx_word' id='word_1_20' title='bbox 3054 511 3163 568; x_wconf 90' lang='lat' dir='ltr'><strong>qua</strong></span> <span class='ocrx_word' id='word_1_21' title='bbox 3202 496 3501 563; x_wconf 85' lang='lat' dir='ltr'><strong>intellecta,</strong></span> <span class='ocrx_word' id='word_1_22' title='bbox 3527 515 3587 555; x_wconf 78' lang='lat' dir='ltr'><strong>se</strong></span> 
     </span>
    </p>
   </div>
   <div class='ocr_carea' id='block_1_6' title="bbox 330 591 1899 665">
    <p class='ocr_par' dir='ltr' id='par_1_6' title="bbox 330 591 1899 665">
     <span class='ocr_line' id='line_1_6' title="bbox 330 591 1899 665; baseline -0.001 -18"><span class='ocrx_word' id='word_1_23' title='bbox 330 594 425 661; x_wconf 78' lang='grc' dir='ltr'><strong>ὑφ’</strong></span> <span class='ocrx_word' id='word_1_24' title='bbox 478 594 691 663; x_wconf 74' lang='grc' dir='ltr'><strong>ἡδονῆς,</strong></span> <span class='ocrx_word' id='word_1_25' title='bbox 732 598 826 649; x_wconf 70' lang='grc' dir='ltr'><strong>καὶ</strong></span> <span class='ocrx_word' id='word_1_26' title='bbox 875 595 949 657; x_wconf 85' lang='grc' dir='ltr'><strong>ὠς</strong></span> <span class='ocrx_word' id='word_1_27' title='bbox 984 596 1083 665; x_wconf 72' lang='grc' dir='ltr'><strong>ἤδη</strong></span> <span class='ocrx_word' id='word_1_28' title='bbox 1130 596 1367 665; x_wconf 81' lang='grc' dir='ltr'><strong>’λαμπρά</strong></span> <span class='ocrx_word' id='word_1_29' title='bbox 1398 613 1519 648; x_wconf 91' lang='grc' dir='ltr'><strong>τινα</strong></span> <span class='ocrx_word' id='word_1_30' title='bbox 1557 591 1899 663; x_wconf 82' lang='grc' dir='ltr'><strong>εὐτυχηκὼς,</strong></span> 
     </span>
    </p>
   </div>
   <div class='ocr_carea' id='block_1_7' title="bbox 326 687 1899 757">
    <p class='ocr_par' dir='ltr' id='par_1_7' title="bbox 326 687 1899 757">
     <span class='ocr_line' id='line_1_7' title="bbox 326 687 1899 757; baseline 0.001 -20"><span class='ocrx_word' id='word_1_31' title='bbox 326 687 423 739; x_wconf 81' lang='grc' dir='ltr'><strong>τὸν</strong></span> <span class='ocrx_word' id='word_1_32' title='bbox 458 688 631 757; x_wconf 81' lang='grc' dir='ltr'><strong>μέγαν</strong></span> <span class='ocrx_word' id='word_1_33' title='bbox 648 688 974 756; x_wconf 83' lang='grc' dir='ltr'><strong>δομέστικον</strong></span> <span class='ocrx_word' id='word_1_34' title='bbox 1015 689 1389 757; x_wconf 84' lang='grc' dir='ltr'><strong>μετεκαλεῖτο,</strong></span> <span class='ocrx_word' id='word_1_35' title='bbox 1430 689 1527 741; x_wconf 71' lang='grc' dir='ltr'><strong>καὶ</strong></span> <span class='ocrx_word' id='word_1_36' title='bbox 1562 688 1698 757; x_wconf 74' lang='grc' dir='ltr'><strong>μετὰ</strong></span> <span class='ocrx_word' id='word_1_37' title='bbox 1730 702 1899 738; x_wconf 81' lang='grc' dir='ltr'><strong>σπου-</strong></span> 
     </span>
    </p>
   </div>
   <div class='ocr_carea' id='block_1_8' title="bbox 324 778 1903 850">
    <p class='ocr_par' dir='ltr' id='par_1_8' title="bbox 324 778 1903 850">
     <span class='ocr_line' id='line_1_8' title="bbox 324 778 1903 850; baseline -0.003 -18"><span class='ocrx_word' id='word_1_38' title='bbox 324 778 427 846; x_wconf 83' lang='grc' dir='ltr'><strong>δῆς</strong></span> <span class='ocrx_word' id='word_1_39' title='bbox 496 780 715 833; x_wconf 74' lang='grc' dir='ltr'><strong>ἐκέλευε</strong></span> <span class='ocrx_word' id='word_1_40' title='bbox 771 781 983 849; x_wconf 80' lang='grc' dir='ltr'><strong>πατέρα</strong></span> <span class='ocrx_word' id='word_1_41' title='bbox 1035 781 1126 833; x_wconf 75' lang='grc' dir='ltr'><strong>τὸν</strong></span> <span class='ocrx_word' id='word_1_42' title='bbox 1163 780 1538 850; x_wconf 71' lang='grc' dir='ltr'><strong>πνευματικὸν</strong></span> <span class='ocrx_word' id='word_1_43' title='bbox 1596 781 1779 839; x_wconf 84' lang='grc' dir='ltr'><strong>καλεῖν</strong></span> <span class='ocrx_word' id='word_1_44' title='bbox 1809 778 1903 831; x_wconf 84' lang='grc' dir='ltr'><strong>τὸν</strong></span> 
     </span>
    </p>
   </div>
   <div class='ocr_carea' id='block_1_9' title="bbox 327 871 1903 941">
    <p class='ocr_par' dir='ltr' id='par_1_9' title="bbox 327 871 1903 941">
     <span class='ocr_line' id='line_1_9' title="bbox 327 871 1903 941; baseline -0.002 -17"><span class='ocrx_word' id='word_1_45' title='bbox 327 872 528 925; x_wconf 76' lang='grc' dir='ltr'><strong>ἐαυτοῦ</strong></span> <span class='ocrx_word' id='word_1_46' title='bbox 553 888 569 903; x_wconf 85' lang='grc'>⁶</span> <span class='ocrx_word' id='word_1_47' title='bbox 596 873 627 925; x_wconf 84' lang='grc' dir='ltr'><strong>δ</strong></span> <span class='ocrx_word' id='word_1_48' title='bbox 659 872 715 924; x_wconf 86' lang='grc' dir='ltr'><strong>δέ</strong></span> <span class='ocrx_word' id='word_1_49' title='bbox 767 874 877 924; x_wconf 86' lang='grc' dir='ltr'><strong>τῶν</strong></span> <span class='ocrx_word' id='word_1_50' title='bbox 902 874 1289 941; x_wconf 75' lang='grc' dir='ltr'><strong>γεγενημένων</strong></span> <span class='ocrx_word' id='word_1_51' title='bbox 1319 872 1477 935; x_wconf 88' lang='grc' dir='ltr'><strong>εἰδὼς</strong></span> <span class='ocrx_word' id='word_1_52' title='bbox 1507 871 1695 941; x_wconf 84' lang='grc' dir='ltr'><strong>μηδὲν,</strong></span> <span class='ocrx_word' id='word_1_53' title='bbox 1738 872 1903 922; x_wconf 86' lang='grc' dir='ltr'><strong>ἐπυν-</strong></span> 
     </span>
    </p>
   </div>
   <div class='ocr_carea' id='block_1_10' title="bbox 329 944 1901 1035">
    <p class='ocr_par' dir='ltr' id='par_1_10' title="bbox 329 944 1901 1035">
     <span class='ocr_line' id='line_1_10' title="bbox 329 944 1901 1035; baseline -0.001 -19"><span class='ocrx_word' id='word_1_54' title='bbox 329 966 524 1018; x_wconf 80' lang='grc' dir='ltr'><strong>θάνετο</strong></span> <span class='ocrx_word' id='word_1_55' title='bbox 556 964 656 1035; x_wconf 75' lang='grc' dir='ltr'><strong>τὴν</strong></span> <span class='ocrx_word' id='word_1_56' title='bbox 688 965 873 1018; x_wconf 75' lang='grc' dir='ltr'><strong>αἰτίαν</strong></span> <span class='ocrx_word' id='word_1_57' title='bbox 943 969 1042 1034; x_wconf 81' lang='grc' dir='ltr'><strong>τῆς</strong></span> <span class='ocrx_word' id='word_1_58' title='bbox 1086 966 1332 1034; x_wconf 83' lang='grc' dir='ltr'><strong>κλήσεως</strong></span> <span class='ocrx_word' id='word_1_59' title='bbox 1371 966 1495 1035; x_wconf 77' lang='grc' dir='ltr'><strong>ἥτις</strong></span> <span class='ocrx_word' id='word_1_60' title='bbox 1544 944 1665 1033; x_wconf 73' lang='grc' dir='ltr'><strong>εἴη’</strong></span> <span class='ocrx_word' id='word_1_61' title='bbox 1701 965 1822 1017; x_wconf 68' lang='grc' dir='ltr'><strong>ἐπεὶ</strong></span> <span class='ocrx_word' id='word_1_62' title='bbox 1844 963 1901 1016; x_wconf 91' lang='grc' dir='ltr'><strong>δέ</strong></span> 
     </span>
    </p>
   </div>
   <div class='ocr_carea' id='block_1_11' title="bbox 331 1058 1903 1128">
    <p class='ocr_par' dir='ltr' id='par_1_11' title="bbox 331 1058 1903 1128">
     <span class='ocr_line' id='line_1_11' title="bbox 331 1058 1903 1128; baseline 0 -17"><span class='ocrx_word' id='word_1_63' title='bbox 331 1060 541 1126; x_wconf 86' lang='grc' dir='ltr'><strong>μάθοι,</strong></span> <span class='ocrx_word' id='word_1_64' title='bbox 598 1059 811 1127; x_wconf 84' lang='grc' dir='ltr'><strong>βασιλεῖ</strong></span> <span class='ocrx_word' id='word_1_65' title='bbox 874 1058 976 1127; x_wconf 86' lang='grc' dir='ltr'><strong>μέν</strong></span> <span class='ocrx_word' id='word_1_66' title='bbox 1046 1059 1362 1128; x_wconf 77' lang='grc' dir='ltr'><strong>ὑπισχνεῖτο</strong></span> <span class='ocrx_word' id='word_1_67' title='bbox 1428 1058 1499 1110; x_wconf 83' lang='grc' dir='ltr'><strong>τὰ</strong></span> <span class='ocrx_word' id='word_1_68' title='bbox 1564 1059 1903 1126; x_wconf 77' lang='grc' dir='ltr'><strong>κελευόμενα</strong></span> 
     </span>
    </p>
   </div>
   <div class='ocr_carea' id='block_1_12' title="bbox 328 1150 1903 1220">
    <p class='ocr_par' dir='ltr' id='par_1_12' title="bbox 328 1150 1903 1220">
     <span class='ocr_line' id='line_1_12' title="bbox 328 1150 1903 1220; baseline -0.001 -17"><span class='ocrx_word' id='word_1_69' title='bbox 328 1153 504 1203; x_wconf 81' lang='grc' dir='ltr'><strong>ποιεῖν</strong></span> <span class='ocrx_word' id='word_1_70' title='bbox 526 1166 539 1180; x_wconf 92' lang='grc'><strong>·</strong></span> <span class='ocrx_word' id='word_1_71' title='bbox 574 1152 685 1213; x_wconf 82' lang='grc' dir='ltr'><strong>τοῖς</strong></span> <span class='ocrx_word' id='word_1_72' title='bbox 728 1151 935 1218; x_wconf 84' lang='grc' dir='ltr'><strong>ίατροίς</strong></span> <span class='ocrx_word' id='word_1_73' title='bbox 964 1150 1019 1203; x_wconf 77' lang='grc' dir='ltr'><strong>δὲ</strong></span> <span class='ocrx_word' id='word_1_74' title='bbox 1071 1150 1308 1219; x_wconf 76' lang='grc' dir='ltr'>ἐπετίμα</span> <span class='ocrx_word' id='word_1_75' title='bbox 1334 1168 1393 1203; x_wconf 80' lang='grc' dir='ltr'><strong>τε</strong></span> <span class='ocrx_word' id='word_1_76' title='bbox 1420 1150 1480 1203; x_wconf 79' lang='grc' dir='ltr'><strong>ού</strong></span> <span class='ocrx_word' id='word_1_77' title='bbox 1516 1151 1775 1220; x_wconf 84' lang='grc' dir='ltr'><strong>μετρίως,</strong></span> <span class='ocrx_word' id='word_1_78' title='bbox 1807 1151 1903 1203; x_wconf 79' lang='grc' dir='ltr'><strong>καὶ</strong></span> 
     </span>
    </p>
   </div>
   <div class='ocr_carea' id='block_1_13' title="bbox 327 1243 1901 1315">
    <p class='ocr_par' dir='ltr' id='par_1_13' title="bbox 327 1243 1901 1315">
     <span class='ocr_line' id='line_1_13' title="bbox 327 1243 1901 1315; baseline -0.001 -19"><span class='ocrx_word' id='word_1_79' title='bbox 327 1247 488 1306; x_wconf 72' lang='grc' dir='ltr'><strong>αὐτὸς</strong></span> <span class='ocrx_word' id='word_1_80' title='bbox 521 1247 751 1315; x_wconf 72' lang='grc' dir='ltr'><strong>ἤνεγκεν</strong></span> <span class='ocrx_word' id='word_1_81' title='bbox 784 1246 885 1298; x_wconf 80' lang='grc' dir='ltr'><strong>οὐκ</strong></span> <span class='ocrx_word' id='word_1_82' title='bbox 917 1246 1182 1309; x_wconf 81' lang='grc' dir='ltr'><strong>ἀνεκτῶς.</strong></span> <span class='ocrx_word' id='word_1_83' title='bbox 1212 1245 1551 1315; x_wconf 79' lang='grc' dir='ltr'><strong>Τριῦομένης</strong></span> <span class='ocrx_word' id='word_1_84' title='bbox 1582 1243 1640 1297; x_wconf 82' lang='grc' dir='ltr'><strong>δέ</strong></span> <span class='ocrx_word' id='word_1_85' title='bbox 1670 1243 1901 1297; x_wconf 65' lang='grc' dir='ltr'><strong>ἐπιπολὺ</strong></span> 
     </span>
    </p>
   </div>
   <div class='ocr_carea' id='block_1_14' title="bbox 300 1338 1900 1408">
    <p class='ocr_par' dir='ltr' id='par_1_14' title="bbox 300 1338 1900 1408">
     <span class='ocr_line' id='line_1_14' title="bbox 300 1338 1900 1408; baseline -0.002 -17"><span class='ocrx_word' id='word_1_86' title='bbox 300 1342 425 1407; x_wconf 64' lang='grc' dir='ltr'><strong>στῆς</strong></span> <span class='ocrx_word' id='word_1_87' title='bbox 453 1338 600 1407; x_wconf 84' lang='grc' dir='ltr'><strong>ὥρας</strong></span> <span class='ocrx_word' id='word_1_88' title='bbox 637 1339 731 1391; x_wconf 79' lang='grc' dir='ltr'><strong>καὶ</strong></span> <span class='ocrx_word' id='word_1_89' title='bbox 764 1338 858 1391; x_wconf 78' lang='grc' dir='ltr'><strong>τοῦ</strong></span> <span class='ocrx_word' id='word_1_90' title='bbox 894 1340 1268 1406; x_wconf 84' lang='grc' dir='ltr'><strong>πνευματικοῦ</strong></span> <span class='ocrx_word' id='word_1_91' title='bbox 1320 1339 1527 1405; x_wconf 68' lang='grc' dir='ltr'><strong>πατρὸς</strong></span> <span class='ocrx_word' id='word_1_92' title='bbox 1556 1338 1619 1391; x_wconf 85' lang='grc' dir='ltr'><strong>ού</strong></span> <span class='ocrx_word' id='word_1_93' title='bbox 1653 1354 1725 1390; x_wconf 86' lang='grc' dir='ltr'><strong>πα</strong></span> <span class='ocrx_word' id='word_1_94' title='bbox 1740 1354 1900 1408; x_wconf 86' lang='grc' dir='ltr'><strong>ραγι-</strong></span> 
     </span>
    </p>
   </div>
   <div class='ocr_carea' id='block_1_15' title="bbox 326 1430 1900 1501">
    <p class='ocr_par' dir='ltr' id='par_1_15' title="bbox 326 1430 1900 1501">
     <span class='ocr_line' id='line_1_15' title="bbox 326 1430 1900 1501; baseline -0.001 -18"><span class='ocrx_word' id='word_1_95' title='bbox 326 1432 581 1500; x_wconf 88' lang='grc' dir='ltr'><strong>νομένου,</strong></span> <span class='ocrx_word' id='word_1_96' title='bbox 621 1433 783 1495; x_wconf 78' lang='grc' dir='ltr'><strong>αὑτός</strong></span> <span class='ocrx_word' id='word_1_97' title='bbox 830 1449 888 1485; x_wconf 88' lang='grc' dir='ltr'><strong>τε</strong></span> <span class='ocrx_word' id='word_1_98' title='bbox 920 1432 1224 1486; x_wconf 77' lang='grc' dir='ltr'><strong>ἐπέσπευδε</strong></span> <span class='ocrx_word' id='word_1_99' title='bbox 1259 1430 1597 1501; x_wconf 61' lang='grc' dir='ltr'><strong>τὴπιρφιξιν,</strong></span> <span class='ocrx_word' id='word_1_100' title='bbox 1650 1433 1900 1490; x_wconf 77' lang='grc' dir='ltr'><strong>καὶτοὺς</strong></span> 
     </span>
    </p>
   </div>
   <div class='ocr_carea' id='block_1_16' title="bbox 330 1518 1900 1591">
    <p class='ocr_par' dir='ltr' id='par_1_16' title="bbox 330 1518 1900 1591">
     <span class='ocr_line' id='line_1_16' title="bbox 330 1518 1900 1591; baseline 0.001 -21"><span class='ocrx_word' id='word_1_101' title='bbox 330 1520 551 1589; x_wconf 74' lang='grc' dir='ltr'><strong>ίατροῦς</strong></span> <span class='ocrx_word' id='word_1_102' title='bbox 587 1521 689 1590; x_wconf 78' lang='grc' dir='ltr'><strong>τὴν</strong></span> <span class='ocrx_word' id='word_1_103' title='bbox 715 1520 899 1574; x_wconf 78' lang='grc' dir='ltr'><strong>αἰτίαν</strong></span> <span class='ocrx_word' id='word_1_104' title='bbox 922 1524 1021 1589; x_wconf 76' lang='grc' dir='ltr'><strong>τῆς</strong></span> <span class='ocrx_word' id='word_1_105' title='bbox 1053 1521 1365 1591; x_wconf 71' lang='grc' dir='ltr'><strong>μελλήσεως</strong></span> <span class='ocrx_word' id='word_1_106' title='bbox 1395 1521 1607 1590; x_wconf 80' lang='grc' dir='ltr'><strong>ἠρώτα.</strong></span> <span class='ocrx_word' id='word_1_107' title='bbox 1633 1521 1827 1580; x_wconf 69' lang='grc' dir='ltr'><strong>Συνεῖς</strong></span> <span class='ocrx_word' id='word_1_108' title='bbox 1844 1518 1900 1572; x_wconf 79' lang='grc' dir='ltr'><strong>δὲ</strong></span> 
     </span>
    </p>
   </div>
   <div class='ocr_carea' id='block_1_17' title="bbox 325 1612 1904 1682">
    <p class='ocr_par' dir='ltr' id='par_1_17' title="bbox 325 1612 1904 1682">
     <span class='ocr_line' id='line_1_17' title="bbox 325 1612 1904 1682; baseline 0.002 -20"><span class='ocrx_word' id='word_1_109' title='bbox 325 1613 436 1663; x_wconf 80' lang='grc' dir='ltr'><strong>άπὸ</strong></span> <span class='ocrx_word' id='word_1_110' title='bbox 457 1612 567 1663; x_wconf 83' lang='grc' dir='ltr'><strong>τῶν</strong></span> <span class='ocrx_word' id='word_1_111' title='bbox 595 1612 905 1681; x_wconf 79' lang='grc' dir='ltr'><strong>λεγομένων</strong></span> <span class='ocrx_word' id='word_1_112' title='bbox 928 1614 1076 1680; x_wconf 68' lang='grc' dir='ltr'><strong>ὑγιὲς</strong></span> <span class='ocrx_word' id='word_1_113' title='bbox 1112 1616 1277 1682; x_wconf 83' lang='grc' dir='ltr'><strong>μηδὲν</strong></span> <span class='ocrx_word' id='word_1_114' title='bbox 1301 1614 1498 1674; x_wconf 70' lang='grc' dir='ltr'><strong>αὐτοὺς</strong></span> <span class='ocrx_word' id='word_1_115' title='bbox 1523 1614 1725 1681; x_wconf 85' lang='grc' dir='ltr'><strong>λέγειν,</strong></span> <span class='ocrx_word' id='word_1_116' title='bbox 1754 1616 1904 1666; x_wconf 83' lang='grc' dir='ltr'><strong>ἐστο-</strong></span> 
     </span>
    </p>
   </div>
   <div class='ocr_carea' id='block_1_18' title="bbox 324 1703 1901 1777">
    <p class='ocr_par' dir='ltr' id='par_1_18' title="bbox 324 1703 1901 1777">
     <span class='ocr_line' id='line_1_18' title="bbox 324 1703 1901 1777; baseline 0.004 -24"><span class='ocrx_word' id='word_1_117' title='bbox 324 1703 522 1769; x_wconf 74' lang='grc' dir='ltr'><strong>χάζετο</strong></span> <span class='ocrx_word' id='word_1_118' title='bbox 550 1705 699 1773; x_wconf 72' lang='grc' dir='ltr'><strong>παρὰ</strong></span> <span class='ocrx_word' id='word_1_119' title='bbox 729 1705 821 1758; x_wconf 78' lang='grc' dir='ltr'><strong>τοῦ</strong></span> <span class='ocrx_word' id='word_1_120' title='bbox 844 1705 1080 1774; x_wconf 75' lang='grc' dir='ltr'><strong>μεγάλου</strong></span> <span class='ocrx_word' id='word_1_121' title='bbox 1104 1706 1431 1763; x_wconf 84' lang='grc' dir='ltr'><strong>δομεστίκου</strong></span> <span class='ocrx_word' id='word_1_122' title='bbox 1462 1704 1772 1760; x_wconf 78' lang='grc' dir='ltr'><strong>κωλύεσθαι</strong></span> <span class='ocrx_word' id='word_1_123' title='bbox 1801 1706 1901 1777; x_wconf 82' lang='grc' dir='ltr'><strong>τὴν</strong></span> 
     </span>
    </p>
   </div>
   <div class='ocr_carea' id='block_1_19' title="bbox 325 1793 1902 1864">
    <p class='ocr_par' dir='ltr' id='par_1_19' title="bbox 325 1793 1902 1864">
     <span class='ocr_line' id='line_1_19' title="bbox 325 1793 1902 1864; baseline 0.011 -21"><span class='ocrx_word' id='word_1_124' title='bbox 325 1793 561 1860; x_wconf 73' lang='grc' dir='ltr'><strong>πρᾶξιν·</strong></span> <span class='ocrx_word' id='word_1_125' title='bbox 624 1795 721 1847; x_wconf 78' lang='grc' dir='ltr'><strong>καὶ</strong></span> <span class='ocrx_word' id='word_1_126' title='bbox 776 1796 1289 1864; x_wconf 64' lang='grc' dir='ltr'><strong>μετακαλεσάμενος</strong></span> <span class='ocrx_word' id='word_1_127' title='bbox 1353 1798 1535 1859; x_wconf 77' lang='grc' dir='ltr'><strong>αὐτὸν,</strong></span> <span class='ocrx_word' id='word_1_128' title='bbox 1600 1800 1699 1863; x_wconf 77' lang='grc' dir='ltr'><strong>τῆς</strong></span> <span class='ocrx_word' id='word_1_129' title='bbox 1735 1812 1795 1847; x_wconf 84' lang='grc' dir='ltr'><strong>τε</strong></span> <span class='ocrx_word' id='word_1_130' title='bbox 1838 1797 1902 1847; x_wconf 69' lang='grc' dir='ltr'><strong>ἔκ</strong></span> 
     </span>
    </p>
   </div>
   <div class='ocr_carea' id='block_1_20' title="bbox 324 1880 1898 1953">
    <p class='ocr_par' dir='ltr' id='par_1_20' title="bbox 324 1880 1898 1953">
     <span class='ocr_line' id='line_1_20' title="bbox 324 1880 1898 1953; baseline 0.003 -22"><span class='ocrx_word' id='word_1_131' title='bbox 324 1880 551 1952; x_wconf 65' lang='grc' dir='ltr'><strong>πρώ.η;</strong></span> <span class='ocrx_word' id='word_1_132' title='bbox 591 1881 807 1951; x_wconf 82' lang='grc' dir='ltr'><strong>ἡλικίας</strong></span> <span class='ocrx_word' id='word_1_133' title='bbox 831 1883 966 1951; x_wconf 79' lang='grc' dir='ltr'><strong>πρὸς</strong></span> <span class='ocrx_word' id='word_1_134' title='bbox 1002 1885 1269 1953; x_wconf 75' lang='grc' dir='ltr'><strong>ἀλλήλους</strong></span> <span class='ocrx_word' id='word_1_135' title='bbox 1323 1883 1490 1937; x_wconf 71' lang='grc' dir='ltr'><strong>αὑτὸν</strong></span> <span class='ocrx_word' id='word_1_136' title='bbox 1522 1883 1898 1953; x_wconf 80' lang='grc' dir='ltr'><strong>ἀνεμίμνησκε</strong></span> 
     </span>
    </p>
   </div>
   <div class='ocr_carea' id='block_1_21' title="bbox 324 1970 1898 2041">
    <p class='ocr_par' dir='ltr' id='par_1_21' title="bbox 324 1970 1898 2041">
     <span class='ocr_line' id='line_1_21' title="bbox 324 1970 1898 2041; baseline 0.001 -21"><span class='ocrx_word' id='word_1_137' title='bbox 324 1970 533 2037; x_wconf 70' lang='grc' dir='ltr'><strong>φιλίας,</strong></span> <span class='ocrx_word' id='word_1_138' title='bbox 570 1971 666 2023; x_wconf 81' lang='grc' dir='ltr'><strong>καὶ</strong></span> <span class='ocrx_word' id='word_1_139' title='bbox 695 1971 789 2023; x_wconf 84' lang='grc' dir='ltr'><strong>τοῦ</strong></span> <span class='ocrx_word' id='word_1_140' title='bbox 846 1972 1071 2041; x_wconf 80' lang='grc' dir='ltr'><strong>μηδέπω</strong></span> <span class='ocrx_word' id='word_1_141' title='bbox 1108 1974 1371 2041; x_wconf 77' lang='grc' dir='ltr'><strong>μηδαμῶς</strong></span> <span class='ocrx_word' id='word_1_142' title='bbox 1418 1971 1567 2041; x_wconf 76' lang='grc' dir='ltr'><strong>παρὰ</strong></span> <span class='ocrx_word' id='word_1_143' title='bbox 1599 1972 1776 2025; x_wconf 90' lang='grc' dir='ltr'><strong>πάντα</strong></span> <span class='ocrx_word' id='word_1_144' title='bbox 1807 1971 1898 2023; x_wconf 76' lang='grc' dir='ltr'><strong>τὸν</strong></span> 
     </span>
    </p>
   </div>
   <div class='ocr_carea' id='block_1_22' title="bbox 322 2059 1900 2133">
    <p class='ocr_par' dir='ltr' id='par_1_22' title="bbox 322 2059 1900 2133">
     <span class='ocr_line' id='line_1_22' title="bbox 322 2059 1900 2133; baseline 0.011 -24"><span class='ocrx_word' id='word_1_145' title='bbox 322 2059 442 2128; x_wconf 81' lang='grc' dir='ltr'><strong>βίον</strong></span> <span class='ocrx_word' id='word_1_146' title='bbox 465 2061 746 2131; x_wconf 67' lang='grc' dir='ltr'><strong>οὐδέτερον</strong></span> <span class='ocrx_word' id='word_1_147' title='bbox 768 2061 939 2132; x_wconf 76' lang='grc' dir='ltr'><strong>ἐτίρῳ</strong></span> <span class='ocrx_word' id='word_1_148' title='bbox 962 2063 1204 2133; x_wconf 80' lang='grc' dir='ltr'><strong>ταραχῆς</strong></span> <span class='ocrx_word' id='word_1_149' title='bbox 1240 2065 1337 2117; x_wconf 75' lang='grc' dir='ltr'><strong>καὶ</strong></span> <span class='ocrx_word' id='word_1_150' title='bbox 1371 2064 1677 2117; x_wconf 77' lang='grc' dir='ltr'><strong>σκανδάλου</strong></span> <span class='ocrx_word' id='word_1_151' title='bbox 1721 2066 1865 2131; x_wconf 72' lang='grc' dir='ltr'><strong>ἀφορ</strong></span> <span class='ocrx_word' id='word_1_152' title='bbox 1881 2093 1900 2107; x_wconf 90' lang='grc'><strong>·</strong></span> 
     </span>
    </p>
   </div>
   <div class='ocr_carea' id='block_1_23' title="bbox 326 2151 1900 2226">
    <p class='ocr_par' dir='ltr' id='par_1_23' title="bbox 326 2151 1900 2226">
     <span class='ocr_line' id='line_1_23' title="bbox 326 2151 1900 2226; baseline 0.003 -24"><span class='ocrx_word' id='word_1_153' title='bbox 326 2151 437 2220; x_wconf 84' lang='grc' dir='ltr'><strong>μὴν</strong></span> <span class='ocrx_word' id='word_1_154' title='bbox 474 2156 901 2221; x_wconf 77' lang='grc' dir='ltr'><strong>παρεσχηκέναι.</strong></span> <span class='ocrx_word' id='word_1_155' title='bbox 931 2155 1068 2207; x_wconf 83' lang='grc' dir='ltr'>Νυνὶ</span> <span class='ocrx_word' id='word_1_156' title='bbox 1092 2156 1151 2209; x_wconf 75' lang='grc' dir='ltr'><strong>δὲ</strong></span> <span class='ocrx_word' id='word_1_157' title='bbox 1184 2156 1413 2224; x_wconf 81' lang='grc' dir='ltr'><strong>ἀπορεῖν</strong></span> <span class='ocrx_word' id='word_1_158' title='bbox 1435 2156 1555 2208; x_wconf 83' lang='grc' dir='ltr'><strong>ὅθεν</strong></span> <span class='ocrx_word' id='word_1_159' title='bbox 1577 2154 1900 2226; x_wconf 82' lang='grc' dir='ltr'><strong>ὁρμώμενος</strong></span> 
     </span>
    </p>
   </div>
   <div class='ocr_carea' id='block_1_24' title="bbox 321 2244 1899 2318">
    <p class='ocr_par' dir='ltr' id='par_1_24' title="bbox 321 2244 1899 2318">
     <span class='ocr_line' id='line_1_24' title="bbox 321 2244 1899 2318; baseline 0.003 -23"><span class='ocrx_word' id='word_1_160' title='bbox 321 2244 498 2307; x_wconf 74' lang='grc' dir='ltr'><strong>οὕτως</strong></span> <span class='ocrx_word' id='word_1_161' title='bbox 557 2246 870 2316; x_wconf 74' lang='grc' dir='ltr'><strong>ἐξεπίτηδες</strong></span> <span class='ocrx_word' id='word_1_162' title='bbox 929 2248 1202 2317; x_wconf 75' lang='grc' dir='ltr'><strong>ἐϐουλήθη</strong></span> <span class='ocrx_word' id='word_1_163' title='bbox 1250 2248 1553 2318; x_wconf 77' lang='grc' dir='ltr'><strong>ἀχθόμενον</strong></span> <span class='ocrx_word' id='word_1_164' title='bbox 1604 2249 1756 2317; x_wconf 76' lang='grc' dir='ltr'><strong>αὐτῷ</strong></span> <span class='ocrx_word' id='word_1_165' title='bbox 1817 2248 1899 2311; x_wconf 87' lang='grc' dir='ltr'><strong>είς</strong></span> 
     </span>
    </p>
   </div>
   <div class='ocr_carea' id='block_1_25' title="bbox 319 2335 1895 2408">
    <p class='ocr_par' dir='ltr' id='par_1_25' title="bbox 319 2335 1895 2408">
     <span class='ocr_line' id='line_1_25' title="bbox 319 2335 1895 2408; baseline 0.002 -22"><span class='ocrx_word' id='word_1_166' title='bbox 319 2335 457 2405; x_wconf 75' lang='grc' dir='ltr'><strong>ᾅδην</strong></span> <span class='ocrx_word' id='word_1_167' title='bbox 484 2336 873 2405; x_wconf 65' lang='grc' dir='ltr'><strong>παραπέμψαι.</strong></span> <span class='ocrx_word' id='word_1_168' title='bbox 916 2338 1006 2407; x_wconf 81' lang='grc' dir='ltr'><strong>Μὴ</strong></span> <span class='ocrx_word' id='word_1_169' title='bbox 1031 2339 1095 2408; x_wconf 81' lang='grc' dir='ltr'><strong>δὴ</strong></span> <span class='ocrx_word' id='word_1_170' title='bbox 1123 2338 1353 2391; x_wconf 83' lang='grc' dir='ltr'><strong>τοιαῦτά</strong></span> <span class='ocrx_word' id='word_1_171' title='bbox 1381 2356 1447 2408; x_wconf 89' lang='grc' dir='ltr'><strong>με</strong></span> <span class='ocrx_word' id='word_1_172' title='bbox 1480 2338 1691 2408; x_wconf 79' lang='grc' dir='ltr'><strong>ἐργάσῃ</strong></span> <span class='ocrx_word' id='word_1_173' title='bbox 1728 2339 1895 2401; x_wconf 76' lang='grc' dir='ltr'><strong>κακά,</strong></span> 
     </span>
    </p>
   </div>
   <div class='ocr_carea' id='block_1_26' title="bbox 320 2423 1897 2501">
    <p class='ocr_par' dir='ltr' id='par_1_26' title="bbox 320 2423 1897 2501">
     <span class='ocr_line' id='line_1_26' title="bbox 320 2423 1897 2501; baseline 0 -20"><span class='ocrx_word' id='word_1_174' title='bbox 320 2423 586 2497; x_wconf 77' lang='grc' dir='ltr'><strong>ὦφίλων,</strong></span> <span class='ocrx_word' id='word_1_175' title='bbox 644 2429 853 2497; x_wconf 77' lang='grc' dir='ltr'><strong>ἔλεγεν,</strong></span> <span class='ocrx_word' id='word_1_176' title='bbox 890 2430 1105 2501; x_wconf 78' lang='grc' dir='ltr'><strong>ἄριστε,</strong></span> <span class='ocrx_word' id='word_1_177' title='bbox 1156 2431 1292 2500; x_wconf 81' lang='grc' dir='ltr'><strong>μηδὲ</strong></span> <span class='ocrx_word' id='word_1_178' title='bbox 1340 2432 1631 2501; x_wconf 68' lang='grc' dir='ltr'><strong>καταπρίῃ</strong></span> <span class='ocrx_word' id='word_1_179' title='bbox 1676 2447 1766 2500; x_wconf 86' lang='grc' dir='ltr'><strong>μοι</strong></span> <span class='ocrx_word' id='word_1_180' title='bbox 1796 2430 1897 2499; x_wconf 84' lang='grc' dir='ltr'><strong>τὴν</strong></span> 
     </span>
    </p>
   </div>
   <div class='ocr_carea' id='block_1_27' title="bbox 322 2523 1898 2594">
    <p class='ocr_par' dir='ltr' id='par_1_27' title="bbox 322 2523 1898 2594">
     <span class='ocr_line' id='line_1_27' title="bbox 322 2523 1898 2594; baseline 0.002 -21"><span class='ocrx_word' id='word_1_181' title='bbox 322 2523 519 2576; x_wconf 81' lang='grc' dir='ltr'><strong>ἐλπίδα</strong></span> <span class='ocrx_word' id='word_1_182' title='bbox 567 2523 666 2587; x_wconf 79' lang='grc' dir='ltr'><strong>τῆς</strong></span> <span class='ocrx_word' id='word_1_183' title='bbox 700 2524 975 2594; x_wconf 80' lang='grc' dir='ltr'><strong>σωτηρίας</strong></span> <span class='ocrx_word' id='word_1_184' title='bbox 1002 2540 1016 2554; x_wconf 87' lang='grc'>·</span> <span class='ocrx_word' id='word_1_185' title='bbox 1060 2524 1179 2577; x_wconf 81' lang='grc' dir='ltr'><strong>ἀλλ’</strong></span> <span class='ocrx_word' id='word_1_186' title='bbox 1230 2524 1419 2594; x_wconf 82' lang='grc' dir='ltr'><strong>ὥσπερ</strong></span> <span class='ocrx_word' id='word_1_187' title='bbox 1462 2526 1725 2587; x_wconf 78' lang='grc' dir='ltr'>πολλάκις</span> <span class='ocrx_word' id='word_1_188' title='bbox 1757 2526 1898 2593; x_wconf 73' lang='grc' dir='ltr'><strong>ὑπὲρ</strong></span> 
     </span>
    </p>
   </div>
   <div class='ocr_carea' id='block_1_28' title="bbox 319 2615 1898 2688">
    <p class='ocr_par' dir='ltr' id='par_1_28' title="bbox 319 2615 1898 2688">
     <span class='ocr_line' id='line_1_28' title="bbox 319 2615 1898 2688; baseline 0.001 -21"><span class='ocrx_word' id='word_1_189' title='bbox 319 2615 419 2667; x_wconf 74' lang='grc' dir='ltr'><strong>τοῦ</strong></span> <span class='ocrx_word' id='word_1_190' title='bbox 452 2615 713 2686; x_wconf 82' lang='grc' dir='ltr'><strong>δυστήνου</strong></span> <span class='ocrx_word' id='word_1_191' title='bbox 776 2616 1029 2686; x_wconf 83' lang='grc' dir='ltr'><strong>σώματος</strong></span> <span class='ocrx_word' id='word_1_192' title='bbox 1079 2618 1297 2671; x_wconf 81' lang='grc' dir='ltr'><strong>τουτουῒ</strong></span> <span class='ocrx_word' id='word_1_193' title='bbox 1350 2619 1499 2688; x_wconf 76' lang='grc' dir='ltr'><strong>πάσῃ</strong></span> <span class='ocrx_word' id='word_1_194' title='bbox 1550 2619 1755 2687; x_wconf 85' lang='grc' dir='ltr'><strong>σπουδῇ</strong></span> <span class='ocrx_word' id='word_1_195' title='bbox 1804 2618 1898 2669; x_wconf 74' lang='grc' dir='ltr'><strong>καὶ</strong></span> 
     </span>
    </p>
   </div>
   <div class='ocr_carea' id='block_1_29' title="bbox 321 2708 1898 2778">
    <p class='ocr_par' dir='ltr' id='par_1_29' title="bbox 321 2708 1898 2778">
     <span class='ocr_line' id='line_1_29' title="bbox 321 2708 1898 2778; baseline 0.001 -18"><span class='ocrx_word' id='word_1_196' title='bbox 321 2708 606 2778; x_wconf 64' lang='grc' dir='ltr'><strong>προθυμία</strong></span> <span class='ocrx_word' id='word_1_197' title='bbox 637 2710 864 2764; x_wconf 81' lang='grc' dir='ltr'><strong>σεαυτὸν</strong></span> <span class='ocrx_word' id='word_1_198' title='bbox 889 2710 1142 2775; x_wconf 63' lang='grc' dir='ltr'><strong>ἐνέβαλες</strong></span> <span class='ocrx_word' id='word_1_199' title='bbox 1172 2714 1248 2774; x_wconf 83' lang='grc' dir='ltr'><strong>εἰς</strong></span> <span class='ocrx_word' id='word_1_200' title='bbox 1273 2712 1396 2775; x_wconf 79' lang='grc' dir='ltr'><strong>τοὺς</strong></span> <span class='ocrx_word' id='word_1_201' title='bbox 1421 2712 1721 2774; x_wconf 82' lang='grc' dir='ltr'><strong>κινδύνους,</strong></span> <span class='ocrx_word' id='word_1_202' title='bbox 1756 2709 1898 2762; x_wconf 75' lang='grc' dir='ltr'><strong>οὕτω</strong></span> 
     </span>
    </p>
   </div>
   <div class='ocr_carea' id='block_1_30' title="bbox 323 2796 1899 2868">
    <p class='ocr_par' dir='ltr' id='par_1_30' title="bbox 323 2796 1899 2868">
     <span class='ocr_line' id='line_1_30' title="bbox 323 2796 1899 2868; baseline 0.001 -20"><span class='ocrx_word' id='word_1_203' title='bbox 323 2796 421 2848; x_wconf 78' lang='grc' dir='ltr'><strong>νῦν</strong></span> <span class='ocrx_word' id='word_1_204' title='bbox 464 2796 642 2863; x_wconf 77' lang='grc' dir='ltr'><strong>πολλῷ</strong></span> <span class='ocrx_word' id='word_1_205' title='bbox 678 2798 839 2850; x_wconf 80' lang='grc' dir='ltr'>πλέον</span> <span class='ocrx_word' id='word_1_206' title='bbox 873 2800 1278 2863; x_wconf 79' lang='grc' dir='ltr'><strong>κινδυνεύοντος</strong></span> <span class='ocrx_word' id='word_1_207' title='bbox 1333 2800 1474 2852; x_wconf 84' lang='grc' dir='ltr'><strong>κατὰ</strong></span> <span class='ocrx_word' id='word_1_208' title='bbox 1507 2800 1707 2868; x_wconf 74' lang='grc' dir='ltr'><strong>ψυχὴν,</strong></span> <span class='ocrx_word' id='word_1_209' title='bbox 1769 2799 1899 2867; x_wconf 65' lang='grc' dir='ltr'><strong>τρό-</strong></span> 
     </span>
    </p>
   </div>
   <div class='ocr_carea' id='block_1_31' title="bbox 323 2887 1897 2960">
    <p class='ocr_par' dir='ltr' id='par_1_31' title="bbox 323 2887 1897 2960">
     <span class='ocr_line' id='line_1_31' title="bbox 323 2887 1897 2960; baseline 0.001 -21"><span class='ocrx_word' id='word_1_210' title='bbox 323 2887 486 2956; x_wconf 86' lang='grc' dir='ltr'><strong>στηθι</strong></span> <span class='ocrx_word' id='word_1_211' title='bbox 515 2888 661 2959; x_wconf 77' lang='grc' dir='ltr'><strong>πάσῃ</strong></span> <span class='ocrx_word' id='word_1_212' title='bbox 690 2887 985 2960; x_wconf 79' lang='grc' dir='ltr'><strong>προθυμίᾳ,</strong></span> <span class='ocrx_word' id='word_1_213' title='bbox 1021 2890 1081 2941; x_wconf 86' lang='grc' dir='ltr'><strong>ού</strong></span> <span class='ocrx_word' id='word_1_214' title='bbox 1118 2890 1281 2959; x_wconf 61' lang='grc' dir='ltr'><strong>μόνον</strong></span> <span class='ocrx_word' id='word_1_215' title='bbox 1312 2890 1400 2942; x_wconf 74' lang='grc' dir='ltr'><strong>διὰ</strong></span> <span class='ocrx_word' id='word_1_216' title='bbox 1430 2890 1530 2960; x_wconf 84' lang='grc' dir='ltr'><strong>τὴν</strong></span> <span class='ocrx_word' id='word_1_217' title='bbox 1552 2890 1757 2957; x_wconf 78' lang='grc' dir='ltr'><strong>φιλίαν,</strong></span> <span class='ocrx_word' id='word_1_218' title='bbox 1783 2888 1897 2940; x_wconf 80' lang='grc' dir='ltr'>ἀλλ’</span> 
     </span>
    </p>
   </div>
   <div class='ocr_carea' id='block_1_32' title="bbox 322 2979 1897 3061">
    <p class='ocr_par' dir='ltr' id='par_1_32' title="bbox 322 2979 1897 3061">
     <span class='ocr_line' id='line_1_32' title="bbox 322 2979 1897 3061; baseline 0.006 -32"><span class='ocrx_word' id='word_1_219' title='bbox 322 2979 411 3031; x_wconf 82' lang='grc' dir='ltr'><strong>ἵνα</strong></span> <span class='ocrx_word' id='word_1_220' title='bbox 441 2980 514 3048; x_wconf 82' lang='grc' dir='ltr'><strong>μὴ</strong></span> <span class='ocrx_word' id='word_1_221' title='bbox 544 2982 635 3032; x_wconf 65' lang='grc' dir='ltr'><strong>καὶ</strong></span> <span class='ocrx_word' id='word_1_222' title='bbox 666 2980 820 3043; x_wconf 81' lang='grc' dir='ltr'><strong>δίκας</strong></span> <span class='ocrx_word' id='word_1_223' title='bbox 858 2980 1100 3061; x_wconf 65' lang='grc' dir='ltr'><strong>ὑπόσχῃς</strong></span> <span class='ocrx_word' id='word_1_224' title='bbox 1135 2982 1214 3053; x_wconf 88' lang='grc' dir='ltr'><strong>τῷ</strong></span> <span class='ocrx_word' id='word_1_225' title='bbox 1262 2982 1481 3034; x_wconf 85' lang='grc' dir='ltr'><strong>πάντων</strong></span> <span class='ocrx_word' id='word_1_226' title='bbox 1513 2984 1672 3052; x_wconf 79' lang='grc' dir='ltr'><strong>κριτῇ</strong></span> <span class='ocrx_word' id='word_1_227' title='bbox 1698 3024 1711 3044; x_wconf 88' lang='grc'><strong>.</strong></span> <span class='ocrx_word' id='word_1_228' title='bbox 1739 2982 1799 3033; x_wconf 70' lang='grc' dir='ltr'><strong>τό</strong></span> <span class='ocrx_word' id='word_1_229' title='bbox 1834 2999 1897 3049; x_wconf 81' lang='grc' dir='ltr'><strong>γε</strong></span> 
     </span>
    </p>
   </div>
   <div class='ocr_carea' id='block_1_33' title="bbox 321 3069 1897 3146">
    <p class='ocr_par' dir='ltr' id='par_1_33' title="bbox 321 3069 1897 3146">
     <span class='ocr_line' id='line_1_33' title="bbox 321 3069 1897 3146; baseline 0.002 -23"><span class='ocrx_word' id='word_1_230' title='bbox 321 3071 402 3132; x_wconf 82' lang='grc' dir='ltr'><strong>είς</strong></span> <span class='ocrx_word' id='word_1_231' title='bbox 434 3070 493 3124; x_wconf 83' lang='grc' dir='ltr'><strong>σέ</strong></span> <span class='ocrx_word' id='word_1_232' title='bbox 515 3069 651 3143; x_wconf 77' lang='grc' dir='ltr'><strong>ἧκον</strong></span> <span class='ocrx_word' id='word_1_233' title='bbox 686 3075 1063 3143; x_wconf 68' lang='grc' dir='ltr'><strong>ἀποστερήσας</strong></span> <span class='ocrx_word' id='word_1_234' title='bbox 1118 3074 1281 3127; x_wconf 78' lang='grc' dir='ltr'><strong>αὐτὸν</strong></span> <span class='ocrx_word' id='word_1_235' title='bbox 1314 3074 1492 3145; x_wconf 73' lang='grc' dir='ltr'><strong>ψυχῆς</strong></span> <span class='ocrx_word' id='word_1_236' title='bbox 1528 3075 1666 3146; x_wconf 73' lang='grc' dir='ltr'><strong>ὑπὲρ</strong></span> <span class='ocrx_word' id='word_1_237' title='bbox 1704 3069 1770 3143; x_wconf 80' lang='grc' dir='ltr'><strong>ἦς</strong></span> <span class='ocrx_word' id='word_1_238' title='bbox 1798 3074 1897 3126; x_wconf 85' lang='grc' dir='ltr'><strong>αὺ-</strong></span> 
     </span>
    </p>
   </div>
   <div class='ocr_carea' id='block_1_34' title="bbox 319 3163 1896 3237">
    <p class='ocr_par' dir='ltr' id='par_1_34' title="bbox 319 3163 1896 3237">
     <span class='ocr_line' id='line_1_34' title="bbox 319 3163 1896 3237; baseline 0.001 -22"><span class='ocrx_word' id='word_1_239' title='bbox 319 3165 414 3226; x_wconf 84' lang='grc' dir='ltr'><strong>τδς</strong></span> <span class='ocrx_word' id='word_1_240' title='bbox 462 3163 692 3217; x_wconf 90' lang='grc' dir='ltr'><strong>θάνατον</strong></span> <span class='ocrx_word' id='word_1_241' title='bbox 746 3164 920 3219; x_wconf 75' lang='grc' dir='ltr'><strong>είλετο</strong></span> <span class='ocrx_word' id='word_1_242' title='bbox 952 3168 1047 3218; x_wconf 76' lang='grc' dir='ltr'><strong>καὶ</strong></span> <span class='ocrx_word' id='word_1_243' title='bbox 1088 3168 1361 3237; x_wconf 77' lang='grc' dir='ltr'><strong>σταυρόν·</strong></span> <span class='ocrx_word' id='word_1_244' title='bbox 1424 3166 1559 3235; x_wconf 76' lang='grc' dir='ltr'><strong>μηδὲ</strong></span> <span class='ocrx_word' id='word_1_245' title='bbox 1599 3166 1896 3233; x_wconf 71' lang='grc' dir='ltr'><strong>κατάτριιεε</strong></span> 
     </span>
    </p>
   </div>
   <div class='ocr_carea' id='block_1_35' title="bbox 320 3255 1897 3325">
    <p class='ocr_par' dir='ltr' id='par_1_35' title="bbox 320 3255 1897 3325">
     <span class='ocr_line' id='line_1_35' title="bbox 320 3255 1897 3325; baseline 0.001 -18"><span class='ocrx_word' id='word_1_246' title='bbox 320 3257 414 3309; x_wconf 79' lang='grc' dir='ltr'><strong>τὸν</strong></span> <span class='ocrx_word' id='word_1_247' title='bbox 449 3256 663 3325; x_wconf 58' lang='grc' dir='ltr'><strong>καιρὸν,</strong></span> <span class='ocrx_word' id='word_1_248' title='bbox 694 3255 869 3320; x_wconf 78' lang='grc' dir='ltr'><strong>οὕτως</strong></span> <span class='ocrx_word' id='word_1_249' title='bbox 899 3260 1198 3325; x_wconf 86' lang='grc' dir='ltr'><strong>ἀναγκαῖον</strong></span> <span class='ocrx_word' id='word_1_250' title='bbox 1253 3258 1402 3313; x_wconf 75' lang='grc' dir='ltr'><strong>ὄντα.</strong></span> <span class='ocrx_word' id='word_1_251' title='bbox 1436 3259 1495 3311; x_wconf 82' lang='grc' dir='ltr'><strong>ὃν</strong></span> <span class='ocrx_word' id='word_1_252' title='bbox 1526 3258 1685 3321; x_wconf 74' lang='grc' dir='ltr'><strong>αὖθις</strong></span> <span class='ocrx_word' id='word_1_253' title='bbox 1715 3257 1897 3325; x_wconf 81' lang='grc' dir='ltr'><strong>εὑρεῖν</strong></span> 
     </span>
    </p>
   </div>
   <div class='ocr_carea' id='block_1_36' title="bbox 318 3349 1898 3420">
    <p class='ocr_par' dir='ltr' id='par_1_36' title="bbox 318 3349 1898 3420">
     <span class='ocr_line' id='line_1_36' title="bbox 318 3349 1898 3420; baseline -0.001 -21"><span class='ocrx_word' id='word_1_254' title='bbox 318 3349 423 3399; x_wconf 76' lang='grc' dir='ltr'><strong>οὐκ</strong></span> <span class='ocrx_word' id='word_1_255' title='bbox 455 3349 667 3414; x_wconf 81' lang='grc' dir='ltr'><strong>ἐξέσται</strong></span> <span class='ocrx_word' id='word_1_256' title='bbox 691 3349 1023 3419; x_wconf 81' lang='grc' dir='ltr'><strong>διαφυγόντα</strong></span> <span class='ocrx_word' id='word_1_257' title='bbox 1054 3351 1148 3402; x_wconf 79' lang='grc' dir='ltr'><strong>νῦν</strong></span> <span class='ocrx_word' id='word_1_258' title='bbox 1181 3368 1193 3379; x_wconf 93' lang='grc'><strong>·</strong></span> <span class='ocrx_word' id='word_1_259' title='bbox 1244 3350 1362 3403; x_wconf 81' lang='grc' dir='ltr'><strong>ἀλλ’</strong></span> <span class='ocrx_word' id='word_1_260' title='bbox 1390 3350 1565 3420; x_wconf 80' lang='grc' dir='ltr'><strong>εὐχῶν</strong></span> <span class='ocrx_word' id='word_1_261' title='bbox 1600 3368 1660 3403; x_wconf 85' lang='grc' dir='ltr'><strong>τε</strong></span> <span class='ocrx_word' id='word_1_262' title='bbox 1689 3349 1898 3402; x_wconf 75' lang='grc' dir='ltr'><strong>πολλῶν</strong></span> 
     </span>
    </p>
   </div>
   <div class='ocr_carea' id='block_1_37' title="bbox 318 3438 1898 3512">
    <p class='ocr_par' dir='ltr' id='par_1_37' title="bbox 318 3438 1898 3512">
     <span class='ocr_line' id='line_1_37' title="bbox 318 3438 1898 3512; baseline -0.001 -21"><span class='ocrx_word' id='word_1_263' title='bbox 318 3438 578 3505; x_wconf 79' lang='grc' dir='ltr'><strong>δεόμενον</strong></span> <span class='ocrx_word' id='word_1_264' title='bbox 623 3442 715 3493; x_wconf 78' lang='grc' dir='ltr'><strong>καὶ</strong></span> <span class='ocrx_word' id='word_1_265' title='bbox 751 3440 986 3508; x_wconf 81' lang='grc' dir='ltr'><strong>σπουδῆς</strong></span> <span class='ocrx_word' id='word_1_266' title='bbox 1029 3441 1089 3492; x_wconf 75' lang='grc' dir='ltr'>οὐ</span> <span class='ocrx_word' id='word_1_267' title='bbox 1148 3441 1249 3511; x_wconf 78' lang='grc' dir='ltr'><strong>τῆς</strong></span> <span class='ocrx_word' id='word_1_268' title='bbox 1281 3440 1576 3512; x_wconf 83' lang='grc' dir='ltr'><strong>τυχούσης.</strong></span> <span class='ocrx_word' id='word_1_269' title='bbox 1614 3441 1756 3509; x_wconf 81' lang='grc' dir='ltr'><strong>Ἐγὼ</strong></span> <span class='ocrx_word' id='word_1_270' title='bbox 1788 3442 1898 3511; x_wconf 61' lang='grc' dir='ltr'><strong>γὰρ</strong></span> 
     </span>
    </p>
   </div>
   <div class='ocr_carea' id='block_1_38' title="bbox 320 3532 1897 3604">
    <p class='ocr_par' dir='ltr' id='par_1_38' title="bbox 320 3532 1897 3604">
     <span class='ocr_line' id='line_1_38' title="bbox 320 3532 1897 3604; baseline 0.001 -21"><span class='ocrx_word' id='word_1_271' title='bbox 320 3534 420 3584; x_wconf 70' lang='grc' dir='ltr'><strong>καὶ</strong></span> <span class='ocrx_word' id='word_1_272' title='bbox 450 3532 508 3584; x_wconf 89' lang='grc' dir='ltr'><strong>ὃν</strong></span> <span class='ocrx_word' id='word_1_273' title='bbox 548 3532 823 3585; x_wconf 80' lang='grc' dir='ltr'><strong>άναλίσκω</strong></span> <span class='ocrx_word' id='word_1_274' title='bbox 876 3550 959 3585; x_wconf 87' lang='grc' dir='ltr'><strong>σοι</strong></span> <span class='ocrx_word' id='word_1_275' title='bbox 1006 3534 1391 3602; x_wconf 85' lang='grc' dir='ltr'><strong>δ.αλεγόμενος</strong></span> <span class='ocrx_word' id='word_1_276' title='bbox 1427 3535 1643 3604; x_wconf 84' lang='grc' dir='ltr'><strong>χρόνον,</strong></span> <span class='ocrx_word' id='word_1_277' title='bbox 1691 3533 1897 3603; x_wconf 76' lang='grc' dir='ltr'><strong>ζημίαν</strong></span> 
     </span>
    </p>
   </div>
   <div class='ocr_carea' id='block_1_39' title="bbox 318 3623 1897 3695">
    <p class='ocr_par' dir='ltr' id='par_1_39' title="bbox 318 3623 1897 3695">
     <span class='ocr_line' id='line_1_39' title="bbox 318 3623 1897 3695; baseline -0.009 -5"><span class='ocrx_word' id='word_1_278' title='bbox 318 3624 538 3692; x_wconf 78' lang='grc' dir='ltr'><strong>ἥγημαι</strong></span> <span class='ocrx_word' id='word_1_279' title='bbox 568 3624 666 3687; x_wconf 73' lang='grc' dir='ltr'><strong>τὴν</strong></span> <span class='ocrx_word' id='word_1_280' title='bbox 694 3624 950 3694; x_wconf 70' lang='grc' dir='ltr'><strong>ἐσχάτην.</strong></span> <span class='ocrx_word' id='word_1_281' title='bbox 996 3623 1053 3676; x_wconf 86' lang='grc' dir='ltr'><strong>Ὀ</strong></span> <span class='ocrx_word' id='word_1_282' title='bbox 1086 3625 1261 3692; x_wconf 79' lang='grc' dir='ltr'><strong>μέγας</strong></span> <span class='ocrx_word' id='word_1_283' title='bbox 1307 3624 1363 3677; x_wconf 80' lang='grc' dir='ltr'><strong>δὲ</strong></span> <span class='ocrx_word' id='word_1_284' title='bbox 1410 3625 1731 3695; x_wconf 82' lang='grc' dir='ltr'><strong>δομέστικος</strong></span> <span class='ocrx_word' id='word_1_285' title='bbox 1756 3626 1897 3676; x_wconf 78' lang='grc' dir='ltr'><strong>ἀπο-</strong></span> 
     </span>
    </p>
   </div>
   <div class='ocr_carea' id='block_1_40' title="bbox 319 3713 1896 3787">
    <p class='ocr_par' dir='ltr' id='par_1_40' title="bbox 319 3713 1896 3787">
     <span class='ocr_line' id='line_1_40' title="bbox 319 3713 1896 3787; baseline 0.003 -22"><span class='ocrx_word' id='word_1_286' title='bbox 319 3713 613 3783; x_wconf 86' lang='grc' dir='ltr'><strong>κρίνασθαι</strong></span> <span class='ocrx_word' id='word_1_287' title='bbox 639 3715 740 3784; x_wconf 80' lang='grc' dir='ltr'><strong>μὲν</strong></span> <span class='ocrx_word' id='word_1_288' title='bbox 766 3715 984 3783; x_wconf 79' lang='grc' dir='ltr'><strong>ἴσχυσεν</strong></span> <span class='ocrx_word' id='word_1_289' title='bbox 1001 3715 1180 3780; x_wconf 68' lang='grc' dir='ltr'><strong>οὐδὲν,</strong></span> <span class='ocrx_word' id='word_1_290' title='bbox 1202 3716 1301 3785; x_wconf 82' lang='grc' dir='ltr'><strong>τῆς</strong></span> <span class='ocrx_word' id='word_1_291' title='bbox 1329 3715 1506 3785; x_wconf 64' lang='grc' dir='ltr'><strong>ψυχῆς</strong></span> <span class='ocrx_word' id='word_1_292' title='bbox 1530 3716 1629 3787; x_wconf 70' lang='grc' dir='ltr'><strong>ἤδη</strong></span> <span class='ocrx_word' id='word_1_293' title='bbox 1661 3718 1724 3785; x_wconf 73' lang='grc' dir='ltr'><strong>τῇ</strong></span> <span class='ocrx_word' id='word_1_294' title='bbox 1753 3714 1896 3787; x_wconf 83' lang='grc' dir='ltr'>λύπῃ</span> 
     </span>
    </p>
   </div>
   <div class='ocr_carea' id='block_1_41' title="bbox 318 3807 1893 3879">
    <p class='ocr_par' dir='ltr' id='par_1_41' title="bbox 318 3807 1893 3879">
     <span class='ocr_line' id='line_1_41' title="bbox 318 3807 1893 3879; baseline 0 -18"><span class='ocrx_word' id='word_1_295' title='bbox 318 3808 946 3877; x_wconf 72' lang='grc' dir='ltr'><strong>καταϐεϐαπτισμένης’</strong></span> <span class='ocrx_word' id='word_1_296' title='bbox 978 3808 1081 3872; x_wconf 77' lang='grc' dir='ltr'><strong>ἔξω</strong></span> <span class='ocrx_word' id='word_1_297' title='bbox 1115 3809 1169 3861; x_wconf 77' lang='grc' dir='ltr'><strong>δὲ</strong></span> <span class='ocrx_word' id='word_1_298' title='bbox 1202 3807 1372 3860; x_wconf 88' lang='grc' dir='ltr'><strong>ἐλθὼν</strong></span> <span class='ocrx_word' id='word_1_299' title='bbox 1396 3809 1659 3879; x_wconf 76' lang='grc' dir='ltr'><strong>ἀνῴμωξε</strong></span> <span class='ocrx_word' id='word_1_300' title='bbox 1709 3828 1770 3862; x_wconf 91' lang='grc' dir='ltr'><strong>τε</strong></span> <span class='ocrx_word' id='word_1_301' title='bbox 1803 3829 1893 3861; x_wconf 86' lang='grc' dir='ltr'><strong>πι-</strong></span> 
     </span>
    </p>
   </div>
   <div class='ocr_carea' id='block_1_42' title="bbox 321 3900 1893 3971">
    <p class='ocr_par' dir='ltr' id='par_1_42' title="bbox 321 3900 1893 3971">
     <span class='ocr_line' id='line_1_42' title="bbox 321 3900 1893 3971; baseline -0.002 -18"><span class='ocrx_word' id='word_1_302' title='bbox 321 3902 494 3970; x_wconf 67' lang='grc' dir='ltr'><strong>κρῶς,</strong></span> <span class='ocrx_word' id='word_1_303' title='bbox 526 3902 619 3951; x_wconf 64' lang='grc' dir='ltr'><strong>καὶ</strong></span> <span class='ocrx_word' id='word_1_304' title='bbox 662 3900 755 3952; x_wconf 71' lang='grc' dir='ltr'><strong>τὸν</strong></span> <span class='ocrx_word' id='word_1_305' title='bbox 806 3900 961 3967; x_wconf 81' lang='grc' dir='ltr'><strong>φίλον</strong></span> <span class='ocrx_word' id='word_1_306' title='bbox 1002 3901 1354 3965; x_wconf 78' lang='grc' dir='ltr'><strong>ἀνεκαλεῖτο·</strong></span> <span class='ocrx_word' id='word_1_307' title='bbox 1392 3903 1488 3953; x_wconf 79' lang='grc' dir='ltr'><strong>καὶ</strong></span> <span class='ocrx_word' id='word_1_308' title='bbox 1541 3902 1745 3970; x_wconf 79' lang='grc' dir='ltr'><strong>μικροῦ</strong></span> <span class='ocrx_word' id='word_1_309' title='bbox 1794 3904 1893 3971; x_wconf 76' lang='grc' dir='ltr'><strong>μὲν</strong></span> 
     </span>
    </p>
   </div>
   <div class='ocr_carea' id='block_1_43' title="bbox 319 3991 1891 4063">
    <p class='ocr_par' dir='ltr' id='par_1_43' title="bbox 319 3991 1891 4063">
     <span class='ocr_line' id='line_1_43' title="bbox 319 3991 1891 4063; baseline 0.004 -21"><span class='ocrx_word' id='word_1_310' title='bbox 319 3992 543 4059; x_wconf 70' lang='grc' dir='ltr'><strong>ἐξέησεν</strong></span> <span class='ocrx_word' id='word_1_311' title='bbox 596 3993 816 4057; x_wconf 57' lang='grc' dir='ltr'><strong>ἀφεῖναι</strong></span> <span class='ocrx_word' id='word_1_312' title='bbox 874 3993 969 4043; x_wconf 80' lang='grc' dir='ltr'><strong>καὶ</strong></span> <span class='ocrx_word' id='word_1_313' title='bbox 999 3992 1097 4062; x_wconf 82' lang='grc' dir='ltr'><strong>τὴν</strong></span> <span class='ocrx_word' id='word_1_314' title='bbox 1148 3991 1328 4062; x_wconf 77' lang='grc' dir='ltr'><strong>ψυχὴν</strong></span> <span class='ocrx_word' id='word_1_315' title='bbox 1362 3993 1455 4045; x_wconf 60' lang='grc' dir='ltr'><strong>ἐπὶ⁸</strong></span> <span class='ocrx_word' id='word_1_316' title='bbox 1486 3996 1599 4055; x_wconf 89' lang='grc' dir='ltr'><strong>τοῖς</strong></span> <span class='ocrx_word' id='word_1_317' title='bbox 1648 3994 1891 4063; x_wconf 76' lang='grc' dir='ltr'><strong>θρήνοις.</strong></span> 
     </span>
    </p>
   </div>
   <div class='ocr_carea' id='block_1_44' title="bbox 322 4084 1893 4156">
    <p class='ocr_par' dir='ltr' id='par_1_44' title="bbox 322 4084 1893 4156">
     <span class='ocr_line' id='line_1_44' title="bbox 322 4084 1893 4156; baseline 0.003 -20"><span class='ocrx_word' id='word_1_318' title='bbox 322 4086 513 4151; x_wconf 73' lang='grc' dir='ltr'><strong>Ὅμως</strong></span> <span class='ocrx_word' id='word_1_319' title='bbox 540 4084 585 4135; x_wconf 78' lang='grc' dir='ltr'><strong>δ’</strong></span> <span class='ocrx_word' id='word_1_320' title='bbox 612 4084 951 4152; x_wconf 73' lang='grc' dir='ltr'><strong>άνελάμὸανέ</strong></span> <span class='ocrx_word' id='word_1_321' title='bbox 978 4102 1036 4136; x_wconf 90' lang='grc' dir='ltr'><strong>τε</strong></span> <span class='ocrx_word' id='word_1_322' title='bbox 1059 4086 1223 4139; x_wconf 84' lang='grc' dir='ltr'><strong>πάλιν</strong></span> <span class='ocrx_word' id='word_1_323' title='bbox 1252 4086 1467 4151; x_wconf 80' lang='grc' dir='ltr'><strong>ἑαυτὸν,</strong></span> <span class='ocrx_word' id='word_1_324' title='bbox 1496 4088 1588 4141; x_wconf 70' lang='grc' dir='ltr'><strong>καὶ</strong></span> <span class='ocrx_word' id='word_1_325' title='bbox 1617 4089 1718 4150; x_wconf 63' lang='grc' dir='ltr'><strong>τάς</strong></span> <span class='ocrx_word' id='word_1_326' title='bbox 1743 4088 1893 4156; x_wconf 72' lang='grc' dir='ltr'><strong>ὄψεις</strong></span> 
     </span>
    </p>
   </div>
   <div class='ocr_carea' id='block_1_45' title="bbox 322 4177 1894 4249">
    <p class='ocr_par' dir='ltr' id='par_1_45' title="bbox 322 4177 1894 4249">
     <span class='ocr_line' id='line_1_45' title="bbox 322 4177 1894 4249; baseline 0.003 -21"><span class='ocrx_word' id='word_1_327' title='bbox 322 4177 476 4229; x_wconf 71' lang='grc' dir='ltr'><strong>ὓδατι</strong></span> <span class='ocrx_word' id='word_1_328' title='bbox 510 4178 616 4229; x_wconf 83' lang='grc' dir='ltr'><strong>τῶν</strong></span> <span class='ocrx_word' id='word_1_329' title='bbox 646 4177 900 4245; x_wconf 79' lang='grc' dir='ltr'><strong>δακρύων</strong></span> <span class='ocrx_word' id='word_1_330' title='bbox 930 4177 1341 4249; x_wconf 81' lang='grc' dir='ltr'><strong>ἀποκαθαίρων,</strong></span> <span class='ocrx_word' id='word_1_331' title='bbox 1383 4178 1572 4247; x_wconf 84' lang='grc' dir='ltr'><strong>ὥσπερ</strong></span> <span class='ocrx_word' id='word_1_332' title='bbox 1604 4180 1763 4234; x_wconf 76' lang='grc' dir='ltr'>ἄλλου</span> <span class='ocrx_word' id='word_1_333' title='bbox 1791 4180 1894 4233; x_wconf 72' lang='grc' dir='ltr'><strong>πά-</strong></span> 
     </span>
    </p>
   </div>
   <div class='ocr_carea' id='block_1_46' title="bbox 322 4267 1894 4340">
    <p class='ocr_par' dir='ltr' id='par_1_46' title="bbox 322 4267 1894 4340">
     <span class='ocr_line' id='line_1_46' title="bbox 322 4267 1894 4340; baseline 0.003 -22"><span class='ocrx_word' id='word_1_334' title='bbox 322 4284 543 4336; x_wconf 78' lang='grc' dir='ltr'><strong>σχονεος</strong></span> <span class='ocrx_word' id='word_1_335' title='bbox 596 4267 897 4335; x_wconf 74' lang='grc' dir='ltr'><strong>ἀδάκρυτος</strong></span> <span class='ocrx_word' id='word_1_336' title='bbox 931 4268 1115 4340; x_wconf 73' lang='grc' dir='ltr'><strong>ὡρᾶτο</strong></span> <span class='ocrx_word' id='word_1_337' title='bbox 1168 4269 1399 4337; x_wconf 77' lang='grc' dir='ltr'><strong>βασιλεῖ.</strong></span> <span class='ocrx_word' id='word_1_338' title='bbox 1445 4270 1535 4331; x_wconf 82' lang='grc' dir='ltr'><strong>Ὠς</strong></span> <span class='ocrx_word' id='word_1_339' title='bbox 1569 4269 1625 4321; x_wconf 65' lang='grc' dir='ltr'><strong>δὲ</strong></span> <span class='ocrx_word' id='word_1_340' title='bbox 1657 4272 1684 4321; x_wconf 88' lang='grc' dir='ltr'>ὁ</span> <span class='ocrx_word' id='word_1_341' title='bbox 1740 4268 1894 4338; x_wconf 83' lang='grc' dir='ltr'><strong>βασι·</strong></span> 
     </span>
    </p>
   </div>
   <div class='ocr_carea' id='block_1_47' title="bbox 319 4363 1897 4433">
    <p class='ocr_par' dir='ltr' id='par_1_47' title="bbox 319 4363 1897 4433">
     <span class='ocr_line' id='line_1_47' title="bbox 319 4363 1897 4433; baseline 0.001 -18"><span class='ocrx_word' id='word_1_342' title='bbox 319 4363 447 4424; x_wconf 80' lang='grc' dir='ltr'><strong>λεὺς</strong></span> <span class='ocrx_word' id='word_1_343' title='bbox 481 4364 709 4431; x_wconf 76' lang='grc' dir='ltr'><strong>συχνοὺς</strong></span> <span class='ocrx_word' id='word_1_344' title='bbox 737 4363 1008 4430; x_wconf 80' lang='grc' dir='ltr'><strong>ἀγγέλους</strong></span> <span class='ocrx_word' id='word_1_345' title='bbox 1063 4365 1419 4433; x_wconf 72' lang='grc' dir='ltr'><strong>ἐπιπέμπων,</strong></span> <span class='ocrx_word' id='word_1_346' title='bbox 1470 4364 1570 4433; x_wconf 84' lang='grc' dir='ltr'><strong>τὴν</strong></span> <span class='ocrx_word' id='word_1_347' title='bbox 1600 4363 1695 4416; x_wconf 84' lang='grc' dir='ltr'><strong>τοῦ</strong></span> <span class='ocrx_word' id='word_1_348' title='bbox 1733 4380 1897 4416; x_wconf 90' lang='grc' dir='ltr'><strong>πνευ-</strong></span> 
     </span>
    </p>
   </div>
   <div class='ocr_carea' id='block_1_48' title="bbox 322 4456 1895 4526">
    <p class='ocr_par' dir='ltr' id='par_1_48' title="bbox 322 4456 1895 4526">
     <span class='ocr_line' id='line_1_48' title="bbox 322 4456 1895 4526; baseline 0 -17"><span class='ocrx_word' id='word_1_349' title='bbox 322 4456 556 4526; x_wconf 77' lang='grc' dir='ltr'><strong>ματικοῦ</strong></span> <span class='ocrx_word' id='word_1_350' title='bbox 591 4456 798 4526; x_wconf 75' lang='grc' dir='ltr'><strong>πατρὸς</strong></span> <span class='ocrx_word' id='word_1_351' title='bbox 829 4457 1017 4525; x_wconf 70' lang='grc' dir='ltr'><strong>ἄφιξιν</strong></span> <span class='ocrx_word' id='word_1_352' title='bbox 1067 4457 1424 4518; x_wconf 80' lang='grc' dir='ltr'><strong>ἐπέσπευδεν,</strong></span> <span class='ocrx_word' id='word_1_353' title='bbox 1470 4459 1498 4508; x_wconf 87' lang='grc' dir='ltr'>ὁ</span> <span class='ocrx_word' id='word_1_354' title='bbox 1534 4458 1707 4525; x_wconf 79' lang='grc' dir='ltr'><strong>μέγας</strong></span> <span class='ocrx_word' id='word_1_355' title='bbox 1737 4457 1895 4526; x_wconf 79' lang='grc' dir='ltr'><strong>δομέ·</strong></span> 
     </span>
    </p>
   </div>
   <div class='ocr_carea' id='block_1_49' title="bbox 2011 590 3591 667">
    <p class='ocr_par' dir='ltr' id='par_1_49' title="bbox 2011 590 3591 667">
     <span class='ocr_line' id='line_1_49' title="bbox 2011 590 3591 667; baseline -0.002 -21"><span class='ocrx_word' id='word_1_356' title='bbox 2011 592 2287 647; x_wconf 78' lang='lat' dir='ltr'><strong>facturum</strong></span> <span class='ocrx_word' id='word_1_357' title='bbox 2339 591 2559 667; x_wconf 83' lang='lat' dir='ltr'><strong>recipit,</strong></span> <span class='ocrx_word' id='word_1_358' title='bbox 2583 607 2696 646; x_wconf 90' lang='lat' dir='ltr'><strong>rem</strong></span> <span class='ocrx_word' id='word_1_359' title='bbox 2745 591 2968 662; x_wconf 69' lang='lat' dir='ltr'><strong>indigne</strong></span> <span class='ocrx_word' id='word_1_360' title='bbox 2999 590 3125 655; x_wconf 80' lang='lat' dir='ltr'><strong>fert,</strong></span> <span class='ocrx_word' id='word_1_361' title='bbox 3167 590 3411 642; x_wconf 84' lang='lat' dir='ltr'><strong>medicos</strong></span> <span class='ocrx_word' id='word_1_362' title='bbox 3437 604 3591 643; x_wconf 75' lang='lat' dir='ltr'><strong>acer-</strong></span> 
     </span>
    </p>
   </div>
   <div class='ocr_carea' id='block_1_50' title="bbox 2012 683 3593 754">
    <p class='ocr_par' dir='ltr' id='par_1_50' title="bbox 2012 683 3593 754">
     <span class='ocr_line' id='line_1_50' title="bbox 2012 683 3593 754; baseline -0.002 -16"><span class='ocrx_word' id='word_1_363' title='bbox 2012 686 2148 741; x_wconf 89' lang='lat' dir='ltr'><strong>rime</strong></span> <span class='ocrx_word' id='word_1_364' title='bbox 2204 685 2474 754; x_wconf 90' lang='lat' dir='ltr'><strong>increpat.</strong></span> <span class='ocrx_word' id='word_1_365' title='bbox 2525 683 2669 739; x_wconf 80' lang='lat' dir='ltr'><strong>liora</strong></span> <span class='ocrx_word' id='word_1_366' title='bbox 2727 685 3121 754; x_wconf 84' lang='lat' dir='ltr'><strong>propemodum</strong></span> <span class='ocrx_word' id='word_1_367' title='bbox 3178 691 3480 749; x_wconf 88' lang='lat' dir='ltr'><strong>transacta,</strong></span> <span class='ocrx_word' id='word_1_368' title='bbox 3536 690 3593 736; x_wconf 89' lang='lat' dir='ltr'><strong>et</strong></span> 
     </span>
    </p>
   </div>
   <div class='ocr_carea' id='block_1_51' title="bbox 2010 760 3590 847">
    <p class='ocr_par' dir='ltr' id='par_1_51' title="bbox 2010 760 3590 847">
     <span class='ocr_line' id='line_1_51' title="bbox 2010 760 3590 847; baseline -0.004 -18"><span class='ocrx_word' id='word_1_369' title='bbox 2010 786 2165 847; x_wconf 88' lang='lat' dir='ltr'><strong>patre</strong></span> <span class='ocrx_word' id='word_1_370' title='bbox 2204 775 2472 844; x_wconf 84' lang='lat' dir='ltr'><strong>spirituali</strong></span> <span class='ocrx_word' id='word_1_371' title='bbox 2529 776 2777 830; x_wconf 83' lang='lat' dir='ltr'><strong>nomium</strong></span> <span class='ocrx_word' id='word_1_372' title='bbox 2836 790 2921 829; x_wconf 80' lang='lat' dir='ltr'><strong>vei</strong></span> <span class='ocrx_word' id='word_1_373' title='bbox 2945 775 3113 838; x_wconf 79' lang='lat' dir='ltr'><strong>lente,</strong></span> <span class='ocrx_word' id='word_1_374' title='bbox 3176 760 3477 840; x_wconf 77' lang='lat' dir='ltr'><strong>imperator</strong></span> <span class='ocrx_word' id='word_1_375' title='bbox 3533 779 3590 824; x_wconf 93' lang='lat' dir='ltr'><strong>ut</strong></span> 
     </span>
    </p>
   </div>
   <div class='ocr_carea' id='block_1_52' title="bbox 2010 866 3587 933">
    <p class='ocr_par' dir='ltr' id='par_1_52' title="bbox 2010 866 3587 933">
     <span class='ocr_line' id='line_1_52' title="bbox 2010 866 3587 933; baseline -0.005 -9"><span class='ocrx_word' id='word_1_376' title='bbox 2010 869 2296 924; x_wconf 81' lang='lat' dir='ltr'><strong>adveniret</strong></span> <span class='ocrx_word' id='word_1_377' title='bbox 2336 868 2599 933; x_wconf 85' lang='lat' dir='ltr'><strong>instabat,</strong></span> <span class='ocrx_word' id='word_1_378' title='bbox 2650 878 2706 923; x_wconf 91' lang='lat' dir='ltr'><strong>et</strong></span> <span class='ocrx_word' id='word_1_379' title='bbox 2758 883 2824 922; x_wconf 77' lang='lat' dir='ltr'><strong>ex</strong></span> <span class='ocrx_word' id='word_1_380' title='bbox 2857 866 3089 921; x_wconf 73' lang='lat' dir='ltr'><strong>medicis</strong></span> <span class='ocrx_word' id='word_1_381' title='bbox 3110 880 3330 920; x_wconf 80' lang='lat' dir='ltr'><strong>causam</strong></span> <span class='ocrx_word' id='word_1_382' title='bbox 3358 878 3587 919; x_wconf 82' lang='lat' dir='ltr'><strong>cuncta-</strong></span> 
     </span>
    </p>
   </div>
   <div class='ocr_carea' id='block_1_53' title="bbox 2015 958 3590 1024">
    <p class='ocr_par' dir='ltr' id='par_1_53' title="bbox 2015 958 3590 1024">
     <span class='ocr_line' id='line_1_53' title="bbox 2015 958 3590 1024; baseline -0.004 -7"><span class='ocrx_word' id='word_1_383' title='bbox 2015 962 2181 1017; x_wconf 83' lang='lat' dir='ltr'><strong>tionis</strong></span> <span class='ocrx_word' id='word_1_384' title='bbox 2233 962 2639 1016; x_wconf 72' lang='lat' dir='ltr'><strong>sciscitabatur.</strong></span> <span class='ocrx_word' id='word_1_385' title='bbox 2696 961 2805 1016; x_wconf 86' lang='lat' dir='ltr'><strong>Sed</strong></span> <span class='ocrx_word' id='word_1_386' title='bbox 2854 973 2991 1024; x_wconf 77' lang='lat' dir='ltr'><strong>cum</strong></span> <span class='ocrx_word' id='word_1_387' title='bbox 3028 959 3167 1013; x_wconf 83' lang='lat' dir='ltr'><strong>nihil</strong></span> <span class='ocrx_word' id='word_1_388' title='bbox 3207 958 3482 1012; x_wconf 91' lang='lat' dir='ltr'><strong>sincerum</strong></span> <span class='ocrx_word' id='word_1_389' title='bbox 3526 972 3590 1011; x_wconf 89' lang='lat' dir='ltr'><strong>ac</strong></span> 
     </span>
    </p>
   </div>
   <div class='ocr_carea' id='block_1_54' title="bbox 2010 1052 3591 1123">
    <p class='ocr_par' dir='ltr' id='par_1_54' title="bbox 2010 1052 3591 1123">
     <span class='ocr_line' id='line_1_54' title="bbox 2010 1052 3591 1123; baseline -0.003 -15"><span class='ocrx_word' id='word_1_390' title='bbox 2010 1053 2241 1121; x_wconf 80' lang='lat' dir='ltr'><strong>simplex</strong></span> <span class='ocrx_word' id='word_1_391' title='bbox 2276 1054 2727 1123; x_wconf 79' lang='lat' dir='ltr'><strong>responderetur,</strong></span> <span class='ocrx_word' id='word_1_392' title='bbox 2769 1068 2796 1106; x_wconf 90' lang='lat' dir='ltr'><strong>a</strong></span> <span class='ocrx_word' id='word_1_393' title='bbox 2842 1067 3039 1122; x_wconf 76' lang='lat' dir='ltr'><strong>magno</strong></span> <span class='ocrx_word' id='word_1_394' title='bbox 3071 1052 3376 1106; x_wconf 86' lang='lat' dir='ltr'><strong>domestico</strong></span> <span class='ocrx_word' id='word_1_395' title='bbox 3413 1064 3591 1103; x_wconf 85' lang='lat' dir='ltr'><strong>moras</strong></span> 
     </span>
    </p>
   </div>
   <div class='ocr_carea' id='block_1_55' title="bbox 2010 1140 3589 1215">
    <p class='ocr_par' dir='ltr' id='par_1_55' title="bbox 2010 1140 3589 1215">
     <span class='ocr_line' id='line_1_55' title="bbox 2010 1140 3589 1215; baseline -0.006 -16"><span class='ocrx_word' id='word_1_396' title='bbox 2010 1145 2204 1215; x_wconf 74' lang='lat' dir='ltr'><strong>obiici,</strong></span> <span class='ocrx_word' id='word_1_397' title='bbox 2264 1146 2656 1215; x_wconf 77' lang='lat' dir='ltr'><strong>negotiumque</strong></span> <span class='ocrx_word' id='word_1_398' title='bbox 2711 1143 2970 1212; x_wconf 88' lang='lat' dir='ltr'><strong>impediri</strong></span> <span class='ocrx_word' id='word_1_399' title='bbox 3022 1140 3373 1211; x_wconf 84' lang='lat' dir='ltr'><strong>conjiciebat.</strong></span> <span class='ocrx_word' id='word_1_400' title='bbox 3416 1140 3589 1206; x_wconf 82' lang='lat' dir='ltr'><strong>Quem</strong></span> 
     </span>
    </p>
   </div>
   <div class='ocr_carea' id='block_1_56' title="bbox 2010 1230 3587 1308">
    <p class='ocr_par' dir='ltr' id='par_1_56' title="bbox 2010 1230 3587 1308">
     <span class='ocr_line' id='line_1_56' title="bbox 2010 1230 3587 1308; baseline -0.004 -18"><span class='ocrx_word' id='word_1_401' title='bbox 2010 1237 2202 1292; x_wconf 81' lang='lat' dir='ltr'><strong>adesse</strong></span> <span class='ocrx_word' id='word_1_402' title='bbox 2242 1239 2455 1308; x_wconf 85' lang='lat' dir='ltr'><strong>jussum</strong></span> <span class='ocrx_word' id='word_1_403' title='bbox 2527 1236 2783 1291; x_wconf 66' lang='lat' dir='ltr'><strong>amicitiae</strong></span> <span class='ocrx_word' id='word_1_404' title='bbox 2812 1251 2841 1290; x_wconf 93' lang='lat' dir='ltr'><strong>a</strong></span> <span class='ocrx_word' id='word_1_405' title='bbox 2883 1230 3068 1305; x_wconf 74' lang='lat' dir='ltr'><strong>parvis</strong></span> <span class='ocrx_word' id='word_1_406' title='bbox 3107 1235 3373 1288; x_wconf 78' lang='lat' dir='ltr'><strong>instituta:</strong></span> <span class='ocrx_word' id='word_1_407' title='bbox 3402 1234 3587 1286; x_wconf 54' lang='lat' dir='ltr'><strong>admoo</strong></span> 
     </span>
    </p>
   </div>
   <div class='ocr_carea' id='block_1_57' title="bbox 2012 1323 3591 1396">
    <p class='ocr_par' dir='ltr' id='par_1_57' title="bbox 2012 1323 3591 1396">
     <span class='ocr_line' id='line_1_57' title="bbox 2012 1323 3591 1396; baseline -0.004 -15"><span class='ocrx_word' id='word_1_408' title='bbox 2012 1329 2170 1392; x_wconf 89' lang='lat' dir='ltr'><strong>nuit;</strong></span> <span class='ocrx_word' id='word_1_409' title='bbox 2235 1338 2290 1382; x_wconf 89' lang='lat' dir='ltr'><strong>et</strong></span> <span class='ocrx_word' id='word_1_410' title='bbox 2338 1328 2619 1396; x_wconf 84' lang='lat' dir='ltr'><strong>quomodo</strong></span> <span class='ocrx_word' id='word_1_411' title='bbox 2664 1342 2947 1396; x_wconf 87' lang='lat' dir='ltr'><strong>nunquam</strong></span> <span class='ocrx_word' id='word_1_412' title='bbox 2997 1325 3053 1379; x_wconf 92' lang='lat' dir='ltr'><strong>in</strong></span> <span class='ocrx_word' id='word_1_413' title='bbox 3103 1324 3255 1379; x_wconf 87' lang='lat' dir='ltr'><strong>omni</strong></span> <span class='ocrx_word' id='word_1_414' title='bbox 3307 1325 3419 1376; x_wconf 83' lang='lat' dir='ltr'><strong>vita</strong></span> <span class='ocrx_word' id='word_1_415' title='bbox 3454 1323 3591 1377; x_wconf 89' lang='lat' dir='ltr'><strong>alter</strong></span> 
     </span>
    </p>
   </div>
   <div class='ocr_carea' id='block_1_58' title="bbox 2012 1414 3589 1475">
    <p class='ocr_par' dir='ltr' id='par_1_58' title="bbox 2012 1414 3589 1475">
     <span class='ocr_line' id='line_1_58' title="bbox 2012 1414 3589 1475; baseline -0.007 0"><span class='ocrx_word' id='word_1_416' title='bbox 2012 1420 2169 1475; x_wconf 89' lang='lat' dir='ltr'><strong>alteri</strong></span> <span class='ocrx_word' id='word_1_417' title='bbox 2200 1429 2294 1473; x_wconf 90' lang='lat' dir='ltr'><strong>aut</strong></span> <span class='ocrx_word' id='word_1_418' title='bbox 2347 1418 2663 1473; x_wconf 81' lang='lat' dir='ltr'><strong>turbatioui.</strong></span> <span class='ocrx_word' id='word_1_419' title='bbox 2696 1429 2790 1473; x_wconf 89' lang='lat' dir='ltr'><strong>aut</strong></span> <span class='ocrx_word' id='word_1_420' title='bbox 2836 1418 3129 1473; x_wconf 84' lang='lat' dir='ltr'><strong>oll&#39;ensioni</strong></span> <span class='ocrx_word' id='word_1_421' title='bbox 3180 1416 3394 1470; x_wconf 76' lang='lat' dir='ltr'><strong>fuisset.</strong></span> <span class='ocrx_word' id='word_1_422' title='bbox 3432 1414 3589 1467; x_wconf 82' lang='lat' dir='ltr'><strong>Nunc</strong></span> 
     </span>
    </p>
   </div>
   <div class='ocr_carea' id='block_1_59' title="bbox 2012 1510 3587 1583">
    <p class='ocr_par' dir='ltr' id='par_1_59' title="bbox 2012 1510 3587 1583">
     <span class='ocr_line' id='line_1_59' title="bbox 2012 1510 3587 1583; baseline -0.005 -15"><span class='ocrx_word' id='word_1_423' title='bbox 2012 1522 2197 1568; x_wconf 84' lang='lat' dir='ltr'><strong>autem</strong></span> <span class='ocrx_word' id='word_1_424' title='bbox 2241 1515 2456 1568; x_wconf 83' lang='lat' dir='ltr'><strong>nescire</strong></span> <span class='ocrx_word' id='word_1_425' title='bbox 2486 1530 2564 1580; x_wconf 90' lang='lat' dir='ltr'><strong>se,</strong></span> <span class='ocrx_word' id='word_1_426' title='bbox 2598 1530 2705 1583; x_wconf 66' lang='lat' dir='ltr'><strong>qur</strong></span> <span class='ocrx_word' id='word_1_427' title='bbox 2742 1514 2982 1583; x_wconf 85' lang='lat' dir='ltr'><strong>impulsu</strong></span> <span class='ocrx_word' id='word_1_428' title='bbox 3008 1512 3088 1566; x_wconf 82' lang='lat' dir='ltr'><strong>sic</strong></span> <span class='ocrx_word' id='word_1_429' title='bbox 3116 1510 3185 1565; x_wconf 89' lang='lat' dir='ltr'><strong>de</strong></span> <span class='ocrx_word' id='word_1_430' title='bbox 3226 1510 3496 1563; x_wconf 89' lang='lat' dir='ltr'><strong>industria</strong></span> <span class='ocrx_word' id='word_1_431' title='bbox 3528 1522 3587 1560; x_wconf 90' lang='lat' dir='ltr'><strong>sc</strong></span> 
     </span>
    </p>
   </div>
   <div class='ocr_carea' id='block_1_60' title="bbox 2012 1600 3587 1677">
    <p class='ocr_par' dir='ltr' id='par_1_60' title="bbox 2012 1600 3587 1677">
     <span class='ocr_line' id='line_1_60' title="bbox 2012 1600 3587 1677; baseline -0.006 -15"><span class='ocrx_word' id='word_1_432' title='bbox 2012 1617 2164 1662; x_wconf 90' lang='lat' dir='ltr'><strong>tan&#39;o</strong></span> <span class='ocrx_word' id='word_1_433' title='bbox 2196 1619 2475 1677; x_wconf 79' lang='lat' dir='ltr'><strong>gravatum</strong></span> <span class='ocrx_word' id='word_1_434' title='bbox 2527 1608 2772 1677; x_wconf 89' lang='lat' dir='ltr'><strong>pondere</strong></span> <span class='ocrx_word' id='word_1_435' title='bbox 2815 1606 2883 1659; x_wconf 90' lang='lat' dir='ltr'><strong>ad</strong></span> <span class='ocrx_word' id='word_1_436' title='bbox 2918 1604 3122 1658; x_wconf 81' lang='lat' dir='ltr'><strong>inferos</strong></span> <span class='ocrx_word' id='word_1_437' title='bbox 3146 1603 3280 1657; x_wconf 77' lang='lat' dir='ltr'><strong>velit</strong></span> <span class='ocrx_word' id='word_1_438' title='bbox 3308 1600 3587 1655; x_wconf 89' lang='lat' dir='ltr'><strong>transmit-</strong></span> 
     </span>
    </p>
   </div>
   <div class='ocr_carea' id='block_1_61' title="bbox 2012 1692 3589 1768">
    <p class='ocr_par' dir='ltr' id='par_1_61' title="bbox 2012 1692 3589 1768">
     <span class='ocr_line' id='line_1_61' title="bbox 2012 1692 3589 1768; baseline -0.006 -16"><span class='ocrx_word' id='word_1_439' title='bbox 2012 1708 2149 1754; x_wconf 87' lang='lat' dir='ltr'><strong>tere.</strong></span> <span class='ocrx_word' id='word_1_440' title='bbox 2174 1698 2273 1761; x_wconf 86' lang='lat' dir='ltr'><strong>Ne,</strong></span> <span class='ocrx_word' id='word_1_441' title='bbox 2308 1699 2509 1768; x_wconf 84' lang='lat' dir='ltr'><strong>inquit,</strong></span> <span class='ocrx_word' id='word_1_442' title='bbox 2548 1699 2849 1753; x_wconf 88' lang='lat' dir='ltr'><strong>amicorum</strong></span> <span class='ocrx_word' id='word_1_443' title='bbox 2891 1696 3120 1766; x_wconf 90' lang='lat' dir='ltr'><strong>optime,</strong></span> <span class='ocrx_word' id='word_1_444' title='bbox 3150 1704 3306 1748; x_wconf 85' lang='lat' dir='ltr'><strong>tanto</strong></span> <span class='ocrx_word' id='word_1_445' title='bbox 3338 1692 3480 1745; x_wconf 88' lang='lat' dir='ltr'><strong>malo</strong></span> <span class='ocrx_word' id='word_1_446' title='bbox 3502 1706 3589 1744; x_wconf 88' lang='lat' dir='ltr'><strong>me</strong></span> 
     </span>
    </p>
   </div>
   <div class='ocr_carea' id='block_1_62' title="bbox 2014 1784 3584 1859">
    <p class='ocr_par' dir='ltr' id='par_1_62' title="bbox 2014 1784 3584 1859">
     <span class='ocr_line' id='line_1_62' title="bbox 2014 1784 3584 1859; baseline -0.007 -13"><span class='ocrx_word' id='word_1_447' title='bbox 2014 1792 2365 1857; x_wconf 83' lang='lat' dir='ltr'><strong>mactaveris,</strong></span> <span class='ocrx_word' id='word_1_448' title='bbox 2392 1806 2530 1845; x_wconf 86' lang='lat' dir='ltr'><strong>neve</strong></span> <span class='ocrx_word' id='word_1_449' title='bbox 2558 1790 2754 1845; x_wconf 86' lang='lat' dir='ltr'><strong>salutis</strong></span> <span class='ocrx_word' id='word_1_450' title='bbox 2784 1806 2919 1844; x_wconf 75' lang='lat' dir='ltr'><strong>mea:</strong></span> <span class='ocrx_word' id='word_1_451' title='bbox 2950 1804 3103 1859; x_wconf 82' lang='lat' dir='ltr'><strong>spem</strong></span> <span class='ocrx_word' id='word_1_452' title='bbox 3137 1786 3467 1858; x_wconf 83' lang='lat' dir='ltr'><strong>prodideris,</strong></span> <span class='ocrx_word' id='word_1_453' title='bbox 3488 1784 3584 1838; x_wconf 82' lang='lat' dir='ltr'><strong>sed</strong></span> 
     </span>
    </p>
   </div>
   <div class='ocr_carea' id='block_1_63' title="bbox 2006 1882 3587 1955">
    <p class='ocr_par' dir='ltr' id='par_1_63' title="bbox 2006 1882 3587 1955">
     <span class='ocr_line' id='line_1_63' title="bbox 2006 1882 3587 1955; baseline -0.007 -16"><span class='ocrx_word' id='word_1_454' title='bbox 2006 1883 2473 1955; x_wconf 82' lang='lat' dir='ltr'><strong>quemadmodum</strong></span> <span class='ocrx_word' id='word_1_455' title='bbox 2530 1884 2727 1938; x_wconf 84' lang='lat' dir='ltr'><strong>crebro</strong></span> <span class='ocrx_word' id='word_1_456' title='bbox 2775 1898 2876 1952; x_wconf 90' lang='lat' dir='ltr'><strong>pro</strong></span> <span class='ocrx_word' id='word_1_457' title='bbox 2923 1883 3031 1936; x_wconf 86' lang='lat' dir='ltr'><strong>hoc</strong></span> <span class='ocrx_word' id='word_1_458' title='bbox 3101 1882 3305 1935; x_wconf 90' lang='lat' dir='ltr'><strong>misero</strong></span> <span class='ocrx_word' id='word_1_459' title='bbox 3355 1891 3587 1947; x_wconf 89' lang='lat' dir='ltr'><strong>corpore</strong></span> 
     </span>
    </p>
   </div>
   <div class='ocr_carea' id='block_1_64' title="bbox 2006 1968 3589 2044">
    <p class='ocr_par' dir='ltr' id='par_1_64' title="bbox 2006 1968 3589 2044">
     <span class='ocr_line' id='line_1_64' title="bbox 2006 1968 3589 2044; baseline -0.005 -16"><span class='ocrx_word' id='word_1_460' title='bbox 2006 1974 2358 2044; x_wconf 84' lang='lat' dir='ltr'><strong>cupidissime</strong></span> <span class='ocrx_word' id='word_1_461' title='bbox 2430 1973 2946 2040; x_wconf 86' lang='lat' dir='ltr'><strong>studiosissimeque</strong></span> <span class='ocrx_word' id='word_1_462' title='bbox 3030 1970 3088 2025; x_wconf 89' lang='lat' dir='ltr'><strong>in</strong></span> <span class='ocrx_word' id='word_1_463' title='bbox 3148 1968 3472 2031; x_wconf 84' lang='lat' dir='ltr'><strong>discrimina</strong></span> <span class='ocrx_word' id='word_1_464' title='bbox 3535 1974 3589 2020; x_wconf 91' lang='lat' dir='ltr'><strong>te</strong></span> 
     </span>
    </p>
   </div>
   <div class='ocr_carea' id='block_1_65' title="bbox 2006 2060 3588 2131">
    <p class='ocr_par' dir='ltr' id='par_1_65' title="bbox 2006 2060 3588 2131">
     <span class='ocr_line' id='line_1_65' title="bbox 2006 2060 3588 2131; baseline -0.006 -10"><span class='ocrx_word' id='word_1_465' title='bbox 2006 2065 2250 2121; x_wconf 85' lang='lat' dir='ltr'><strong>obtulisti</strong></span> <span class='ocrx_word' id='word_1_466' title='bbox 2281 2064 2401 2118; x_wconf 88' lang='lat' dir='ltr'><strong>:sic</strong></span> <span class='ocrx_word' id='word_1_467' title='bbox 2432 2074 2579 2117; x_wconf 82' lang='lat' dir='ltr'><strong>nunc</strong></span> <span class='ocrx_word' id='word_1_468' title='bbox 2621 2064 2795 2117; x_wconf 87' lang='lat' dir='ltr'><strong>multo</strong></span> <span class='ocrx_word' id='word_1_469' title='bbox 2830 2062 2885 2116; x_wconf 90' lang='lat' dir='ltr'><strong>in</strong></span> <span class='ocrx_word' id='word_1_470' title='bbox 2930 2061 3138 2131; x_wconf 84' lang='lat' dir='ltr'><strong>majore</strong></span> <span class='ocrx_word' id='word_1_471' title='bbox 3173 2060 3420 2130; x_wconf 81' lang='lat' dir='ltr'><strong>periculo</strong></span> <span class='ocrx_word' id='word_1_472' title='bbox 3462 2073 3588 2112; x_wconf 81' lang='lat' dir='ltr'><strong>ver-</strong></span> 
     </span>
    </p>
   </div>
   <div class='ocr_carea' id='block_1_66' title="bbox 2004 2152 3604 2228">
    <p class='ocr_par' dir='ltr' id='par_1_66' title="bbox 2004 2152 3604 2228">
     <span class='ocr_line' id='line_1_66' title="bbox 2004 2152 3604 2228; baseline -0.006 -15"><span class='ocrx_word' id='word_1_473' title='bbox 2004 2167 2214 2213; x_wconf 86' lang='lat' dir='ltr'><strong>santem</strong></span> <span class='ocrx_word' id='word_1_474' title='bbox 2241 2155 2481 2209; x_wconf 89' lang='lat' dir='ltr'><strong>animam</strong></span> <span class='ocrx_word' id='word_1_475' title='bbox 2511 2170 2687 2208; x_wconf 86' lang='lat' dir='ltr'><strong>meam</strong></span> <span class='ocrx_word' id='word_1_476' title='bbox 2723 2154 2973 2217; x_wconf 80' lang='lat' dir='ltr'><strong>defende,</strong></span> <span class='ocrx_word' id='word_1_477' title='bbox 2996 2152 3163 2223; x_wconf 89' lang='lat' dir='ltr'><strong>idque</strong></span> <span class='ocrx_word' id='word_1_478' title='bbox 3208 2166 3324 2206; x_wconf 86' lang='lat' dir='ltr'><strong>non</strong></span> <span class='ocrx_word' id='word_1_479' title='bbox 3357 2161 3604 2228; x_wconf 84' lang='lat' dir='ltr'><strong>propter_</strong></span> 
     </span>
    </p>
   </div>
   <div class='ocr_carea' id='block_1_67' title="bbox 2004 2245 3586 2311">
    <p class='ocr_par' dir='ltr' id='par_1_67' title="bbox 2004 2245 3586 2311">
     <span class='ocr_line' id='line_1_67' title="bbox 2004 2245 3586 2311; baseline -0.007 -4"><span class='ocrx_word' id='word_1_480' title='bbox 2004 2249 2300 2307; x_wconf 88' lang='lat' dir='ltr'><strong>amicitiam</strong></span> <span class='ocrx_word' id='word_1_481' title='bbox 2334 2259 2575 2303; x_wconf 88' lang='lat' dir='ltr'><strong>nostram</strong></span> <span class='ocrx_word' id='word_1_482' title='bbox 2619 2249 2817 2311; x_wconf 91' lang='lat' dir='ltr'><strong>solum,</strong></span> <span class='ocrx_word' id='word_1_483' title='bbox 2844 2262 3039 2300; x_wconf 84' lang='lat' dir='ltr'><strong>verum</strong></span> <span class='ocrx_word' id='word_1_484' title='bbox 3065 2245 3229 2300; x_wconf 90' lang='lat' dir='ltr'><strong>etiam</strong></span> <span class='ocrx_word' id='word_1_485' title='bbox 3263 2260 3331 2299; x_wconf 88' lang='lat' dir='ltr'><strong>ne</strong></span> <span class='ocrx_word' id='word_1_486' title='bbox 3356 2245 3586 2298; x_wconf 69' lang='lat' dir='ltr'><strong>univer-</strong></span> 
     </span>
    </p>
   </div>
   <div class='ocr_carea' id='block_1_68' title="bbox 2006 2338 3580 2409">
    <p class='ocr_par' dir='ltr' id='par_1_68' title="bbox 2006 2338 3580 2409">
     <span class='ocr_line' id='line_1_68' title="bbox 2006 2338 3580 2409; baseline -0.007 -11"><span class='ocrx_word' id='word_1_487' title='bbox 2006 2357 2191 2399; x_wconf 91' lang='lat' dir='ltr'><strong>sorum</strong></span> <span class='ocrx_word' id='word_1_488' title='bbox 2224 2341 2403 2396; x_wconf 76' lang='lat' dir='ltr'><strong>Judex</strong></span> <span class='ocrx_word' id='word_1_489' title='bbox 2430 2355 2621 2409; x_wconf 65' lang='lat' dir='ltr'><strong>pinnas</strong></span> <span class='ocrx_word' id='word_1_490' title='bbox 2645 2340 2743 2393; x_wconf 86' lang='lat' dir='ltr'><strong>abs</strong></span> <span class='ocrx_word' id='word_1_491' title='bbox 2770 2348 2821 2393; x_wconf 91' lang='lat' dir='ltr'><strong>te</strong></span> <span class='ocrx_word' id='word_1_492' title='bbox 2854 2346 3131 2407; x_wconf 79' lang='lat' dir='ltr'><strong>reposcat.</strong></span> <span class='ocrx_word' id='word_1_493' title='bbox 3159 2338 3279 2406; x_wconf 90' lang='lat' dir='ltr'><strong>qui,</strong></span> <span class='ocrx_word' id='word_1_494' title='bbox 3312 2344 3580 2405; x_wconf 88' lang='lat' dir='ltr'><strong>quantum</strong></span> 
     </span>
    </p>
   </div>
   <div class='ocr_carea' id='block_1_69' title="bbox 2005 2426 3580 2498">
    <p class='ocr_par' dir='ltr' id='par_1_69' title="bbox 2005 2426 3580 2498">
     <span class='ocr_line' id='line_1_69' title="bbox 2005 2426 3580 2498; baseline -0.008 -7"><span class='ocrx_word' id='word_1_495' title='bbox 2005 2437 2061 2491; x_wconf 91' lang='lat' dir='ltr'><strong>in</strong></span> <span class='ocrx_word' id='word_1_496' title='bbox 2091 2446 2149 2491; x_wconf 81' lang='lat' dir='ltr'><strong>te</strong></span> <span class='ocrx_word' id='word_1_497' title='bbox 2204 2432 2330 2496; x_wconf 78' lang='lat' dir='ltr'><strong>fuit,</strong></span> <span class='ocrx_word' id='word_1_498' title='bbox 2363 2432 2602 2488; x_wconf 86' lang='lat' dir='ltr'><strong>animam</strong></span> <span class='ocrx_word' id='word_1_499' title='bbox 2638 2432 2715 2485; x_wconf 90' lang='lat' dir='ltr'><strong>illi</strong></span> <span class='ocrx_word' id='word_1_500' title='bbox 2754 2430 3069 2495; x_wconf 83' lang='lat' dir='ltr'><strong>abstuleris,</strong></span> <span class='ocrx_word' id='word_1_501' title='bbox 3113 2444 3215 2498; x_wconf 91' lang='lat' dir='ltr'><strong>pro</strong></span> <span class='ocrx_word' id='word_1_502' title='bbox 3245 2444 3352 2498; x_wconf 90' lang='lat' dir='ltr'><strong>qua</strong></span> <span class='ocrx_word' id='word_1_503' title='bbox 3383 2427 3500 2496; x_wconf 85' lang='lat' dir='ltr'><strong>ipse</strong></span> <span class='ocrx_word' id='word_1_504' title='bbox 3525 2426 3580 2479; x_wconf 90' lang='lat' dir='ltr'><strong>in</strong></span> 
     </span>
    </p>
   </div>
   <div class='ocr_carea' id='block_1_70' title="bbox 2005 2516 3582 2591">
    <p class='ocr_par' dir='ltr' id='par_1_70' title="bbox 2005 2516 3582 2591">
     <span class='ocr_line' id='line_1_70' title="bbox 2005 2516 3582 2591; baseline -0.006 -9"><span class='ocrx_word' id='word_1_505' title='bbox 2005 2542 2168 2582; x_wconf 74' lang='lat' dir='ltr'><strong>cruce</strong></span> <span class='ocrx_word' id='word_1_506' title='bbox 2217 2523 2443 2579; x_wconf 78' lang='lat' dir='ltr'><strong>sullixus</strong></span> <span class='ocrx_word' id='word_1_507' title='bbox 2499 2538 2689 2577; x_wconf 85' lang='lat' dir='ltr'><strong>necem</strong></span> <span class='ocrx_word' id='word_1_508' title='bbox 2746 2522 2993 2591; x_wconf 87' lang='lat' dir='ltr'><strong>pertulit.</strong></span> <span class='ocrx_word' id='word_1_509' title='bbox 3026 2516 3147 2576; x_wconf 85' lang='lat' dir='ltr'><strong>Noli</strong></span> <span class='ocrx_word' id='word_1_510' title='bbox 3187 2520 3293 2575; x_wconf 85' lang='lat' dir='ltr'><strong>lioc</strong></span> <span class='ocrx_word' id='word_1_511' title='bbox 3344 2531 3582 2589; x_wconf 79' lang='lat' dir='ltr'><strong>tempus,</strong></span> 
     </span>
    </p>
   </div>
   <div class='ocr_carea' id='block_1_71' title="bbox 2004 2614 3582 2692">
    <p class='ocr_par' dir='ltr' id='par_1_71' title="bbox 2004 2614 3582 2692">
     <span class='ocr_line' id='line_1_71' title="bbox 2004 2614 3582 2692; baseline -0.004 -18"><span class='ocrx_word' id='word_1_512' title='bbox 2004 2635 2211 2692; x_wconf 67' lang='lat' dir='ltr'><strong>quaeso,</strong></span> <span class='ocrx_word' id='word_1_513' title='bbox 2243 2630 2351 2673; x_wconf 88' lang='lat' dir='ltr'><strong>tam</strong></span> <span class='ocrx_word' id='word_1_514' title='bbox 2403 2617 2800 2676; x_wconf 87' lang='lat' dir='ltr'><strong>necessarium.</strong></span> <span class='ocrx_word' id='word_1_515' title='bbox 2833 2616 3094 2686; x_wconf 85' lang='lat' dir='ltr'><strong>quodque</strong></span> <span class='ocrx_word' id='word_1_516' title='bbox 3128 2618 3184 2671; x_wconf 89' lang='lat' dir='ltr'><strong>in</strong></span> <span class='ocrx_word' id='word_1_517' title='bbox 3234 2614 3423 2669; x_wconf 88' lang='lat' dir='ltr'><strong>multis</strong></span> <span class='ocrx_word' id='word_1_518' title='bbox 3453 2628 3582 2683; x_wconf 89' lang='lat' dir='ltr'><strong>pre-</strong></span> 
     </span>
    </p>
   </div>
   <div class='ocr_carea' id='block_1_72' title="bbox 2005 2702 3581 2777">
    <p class='ocr_par' dir='ltr' id='par_1_72' title="bbox 2005 2702 3581 2777">
     <span class='ocr_line' id='line_1_72' title="bbox 2005 2702 3581 2777; baseline -0.007 -12"><span class='ocrx_word' id='word_1_519' title='bbox 2005 2711 2165 2766; x_wconf 87' lang='lat' dir='ltr'><strong>cibus</strong></span> <span class='ocrx_word' id='word_1_520' title='bbox 2211 2723 2337 2770; x_wconf 83' lang='lat' dir='ltr'><strong>cum</strong></span> <span class='ocrx_word' id='word_1_521' title='bbox 2388 2707 2575 2762; x_wconf 87' lang='lat' dir='ltr'><strong>studio</strong></span> <span class='ocrx_word' id='word_1_522' title='bbox 2610 2706 2875 2777; x_wconf 78' lang='lat' dir='ltr'><strong>singulari</strong></span> <span class='ocrx_word' id='word_1_523' title='bbox 2922 2704 3236 2775; x_wconf 89' lang='lat' dir='ltr'><strong>ponendum</strong></span> <span class='ocrx_word' id='word_1_524' title='bbox 3267 2711 3373 2767; x_wconf 89' lang='lat' dir='ltr'><strong>est,</strong></span> <span class='ocrx_word' id='word_1_525' title='bbox 3406 2702 3581 2771; x_wconf 78' lang='lat' dir='ltr'><strong>negli-</strong></span> 
     </span>
    </p>
   </div>
   <div class='ocr_carea' id='block_1_73' title="bbox 2006 2788 3581 2870">
    <p class='ocr_par' dir='ltr' id='par_1_73' title="bbox 2006 2788 3581 2870">
     <span class='ocr_line' id='line_1_73' title="bbox 2006 2788 3581 2870; baseline -0.01 -15"><span class='ocrx_word' id='word_1_526' title='bbox 2006 2816 2144 2870; x_wconf 81' lang='lat' dir='ltr'><strong>gere</strong></span> <span class='ocrx_word' id='word_1_527' title='bbox 2184 2808 2348 2867; x_wconf 86' lang='lat' dir='ltr'><strong>atque</strong></span> <span class='ocrx_word' id='word_1_528' title='bbox 2397 2806 2683 2851; x_wconf 81' lang='lat' dir='ltr'><strong>conterere</strong></span> <span class='ocrx_word' id='word_1_529' title='bbox 2713 2813 2724 2848; x_wconf 92' lang='lat'>:</span> <span class='ocrx_word' id='word_1_530' title='bbox 2752 2797 2897 2863; x_wconf 90' lang='lat' dir='ltr'><strong>quod</strong></span> <span class='ocrx_word' id='word_1_531' title='bbox 2949 2794 2994 2848; x_wconf 90' lang='lat' dir='ltr'><strong>si</strong></span> <span class='ocrx_word' id='word_1_532' title='bbox 3032 2808 3180 2846; x_wconf 87' lang='lat' dir='ltr'><strong>nunc</strong></span> <span class='ocrx_word' id='word_1_533' title='bbox 3229 2788 3581 2860; x_wconf 63' lang='lat' dir='ltr'><strong>pratterierit.</strong></span> 
     </span>
    </p>
   </div>
   <div class='ocr_carea' id='block_1_74' title="bbox 2008 2883 3583 2960">
    <p class='ocr_par' dir='ltr' id='par_1_74' title="bbox 2008 2883 3583 2960">
     <span class='ocr_line' id='line_1_74' title="bbox 2008 2883 3583 2960; baseline -0.009 -13"><span class='ocrx_word' id='word_1_534' title='bbox 2008 2893 2209 2947; x_wconf 80' lang='lat' dir='ltr'><strong>frustra</strong></span> <span class='ocrx_word' id='word_1_535' title='bbox 2239 2890 2571 2960; x_wconf 89' lang='lat' dir='ltr'><strong>requiretur.</strong></span> <span class='ocrx_word' id='word_1_536' title='bbox 2610 2885 2773 2958; x_wconf 62' lang='grc'><strong>246</strong></span> <span class='ocrx_word' id='word_1_537' title='bbox 2800 2886 2915 2954; x_wconf 75' lang='lat' dir='ltr'><strong>Ego</strong></span> <span class='ocrx_word' id='word_1_538' title='bbox 2950 2900 3081 2939; x_wconf 82' lang='lat' dir='ltr'><strong>vero</strong></span> <span class='ocrx_word' id='word_1_539' title='bbox 3108 2883 3254 2954; x_wconf 90' lang='lat' dir='ltr'><strong>quod</strong></span> <span class='ocrx_word' id='word_1_540' title='bbox 3287 2884 3387 2935; x_wconf 90' lang='lat' dir='ltr'><strong>hoc</strong></span> <span class='ocrx_word' id='word_1_541' title='bbox 3406 2896 3583 2950; x_wconf 87' lang='lat' dir='ltr'><strong>quan-</strong></span> 
     </span>
    </p>
   </div>
   <div class='ocr_carea' id='block_1_75' title="bbox 2009 2978 3576 3053">
    <p class='ocr_par' dir='ltr' id='par_1_75' title="bbox 2009 2978 3576 3053">
     <span class='ocr_line' id='line_1_75' title="bbox 2009 2978 3576 3053; baseline -0.009 -14"><span class='ocrx_word' id='word_1_542' title='bbox 2009 2993 2341 3053; x_wconf 83' lang='lat' dir='ltr'><strong>tumcunque</strong></span> <span class='ocrx_word' id='word_1_543' title='bbox 2390 2981 2738 3035; x_wconf 85' lang='lat' dir='ltr'><strong>intervallum</strong></span> <span class='ocrx_word' id='word_1_544' title='bbox 2792 2987 2972 3033; x_wconf 87' lang='lat' dir='ltr'><strong>tecum</strong></span> <span class='ocrx_word' id='word_1_545' title='bbox 3029 2978 3264 3047; x_wconf 90' lang='lat' dir='ltr'><strong>loquens</strong></span> <span class='ocrx_word' id='word_1_546' title='bbox 3290 2986 3576 3035; x_wconf 85' lang='lat' dir='ltr'><strong>consumo,</strong></span> 
     </span>
    </p>
   </div>
   <div class='ocr_carea' id='block_1_76' title="bbox 2007 3066 3580 3142">
    <p class='ocr_par' dir='ltr' id='par_1_76' title="bbox 2007 3066 3580 3142">
     <span class='ocr_line' id='line_1_76' title="bbox 2007 3066 3580 3142; baseline -0.008 -11"><span class='ocrx_word' id='word_1_547' title='bbox 2007 3077 2141 3131; x_wconf 80' lang='lat' dir='ltr'><strong>milii</strong></span> <span class='ocrx_word' id='word_1_548' title='bbox 2188 3075 2670 3130; x_wconf 86' lang='lat' dir='ltr'><strong>damuosissimnm</strong></span> <span class='ocrx_word' id='word_1_549' title='bbox 2706 3071 2922 3142; x_wconf 83' lang='lat' dir='ltr'><strong>judico.</strong></span> <span class='ocrx_word' id='word_1_550' title='bbox 2958 3071 3039 3125; x_wconf 88' lang='lat' dir='ltr'><strong>Ad</strong></span> <span class='ocrx_word' id='word_1_551' title='bbox 3071 3070 3187 3125; x_wconf 67' lang='lat' dir='ltr'><strong>haec</strong></span> <span class='ocrx_word' id='word_1_552' title='bbox 3221 3082 3452 3139; x_wconf 81' lang='lat' dir='ltr'><strong>magnus</strong></span> <span class='ocrx_word' id='word_1_553' title='bbox 3480 3066 3580 3120; x_wconf 88' lang='lat' dir='ltr'><strong>do-</strong></span> 
     </span>
    </p>
   </div>
   <div class='ocr_carea' id='block_1_77' title="bbox 1956 3164 3576 3235">
    <p class='ocr_par' dir='ltr' id='par_1_77' title="bbox 1956 3164 3576 3235">
     <span class='ocr_line' id='line_1_77' title="bbox 1956 3164 3576 3235; baseline -0.009 -8"><span class='ocrx_word' id='word_1_554' title='bbox 1956 3210 1968 3228; x_wconf 83' lang='lat'><strong>.</strong></span> <span class='ocrx_word' id='word_1_555' title='bbox 2008 3170 2271 3224; x_wconf 87' lang='lat' dir='ltr'><strong>mesticus</strong></span> <span class='ocrx_word' id='word_1_556' title='bbox 2296 3168 2485 3222; x_wconf 87' lang='lat' dir='ltr'><strong>dolore</strong></span> <span class='ocrx_word' id='word_1_557' title='bbox 2517 3167 2814 3235; x_wconf 88' lang='lat' dir='ltr'><strong>absorptus</strong></span> <span class='ocrx_word' id='word_1_558' title='bbox 2856 3164 3169 3227; x_wconf 84' lang='lat' dir='ltr'><strong>obmutuit;</strong></span> <span class='ocrx_word' id='word_1_559' title='bbox 3216 3175 3576 3232; x_wconf 79' lang='lat' dir='ltr'><strong>egressusque</strong></span> 
     </span>
    </p>
   </div>
   <div class='ocr_carea' id='block_1_78' title="bbox 1955 3246 3576 3326">
    <p class='ocr_par' dir='ltr' id='par_1_78' title="bbox 1955 3246 3576 3326">
     <span class='ocr_line' id='line_1_78' title="bbox 1955 3246 3576 3326; baseline -0.009 -8"><span class='ocrx_word' id='word_1_560' title='bbox 1955 3246 1969 3268; x_wconf 67' lang='grc'><strong><em>¹</em></strong></span> <span class='ocrx_word' id='word_1_561' title='bbox 2004 3266 2170 3325; x_wconf 77' lang='lat' dir='ltr'><strong>foras,</strong></span> <span class='ocrx_word' id='word_1_562' title='bbox 2203 3262 2361 3315; x_wconf 77' lang='lat' dir='ltr'><strong>amici</strong></span> <span class='ocrx_word' id='word_1_563' title='bbox 2410 3274 2610 3314; x_wconf 85' lang='lat' dir='ltr'><strong>nomen</strong></span> <span class='ocrx_word' id='word_1_564' title='bbox 2646 3259 2791 3313; x_wconf 85' lang='lat' dir='ltr'><strong>inter</strong></span> <span class='ocrx_word' id='word_1_565' title='bbox 2822 3270 3040 3312; x_wconf 83' lang='lat' dir='ltr'><strong>amaras</strong></span> <span class='ocrx_word' id='word_1_566' title='bbox 3065 3252 3576 3326; x_wconf 78' lang='lat' dir='ltr'><strong>lacrymasingemi-</strong></span> 
     </span>
    </p>
   </div>
   <div class='ocr_carea' id='block_1_79' title="bbox 2002 3348 3574 3423">
    <p class='ocr_par' dir='ltr' id='par_1_79' title="bbox 2002 3348 3574 3423">
     <span class='ocr_line' id='line_1_79' title="bbox 2002 3348 3574 3423; baseline -0.004 -13"><span class='ocrx_word' id='word_1_567' title='bbox 2002 3356 2190 3419; x_wconf 80' lang='lat' dir='ltr'><strong>navit;</strong></span> <span class='ocrx_word' id='word_1_568' title='bbox 2248 3369 2385 3423; x_wconf 92' lang='lat' dir='ltr'><strong>quas</strong></span> <span class='ocrx_word' id='word_1_569' title='bbox 2430 3360 2537 3405; x_wconf 90' lang='lat' dir='ltr'><strong>tam</strong></span> <span class='ocrx_word' id='word_1_570' title='bbox 2592 3351 2818 3419; x_wconf 62' lang='lat' dir='ltr'><strong>largiter</strong></span> <span class='ocrx_word' id='word_1_571' title='bbox 2865 3348 3129 3419; x_wconf 82' lang='lat' dir='ltr'><strong>profudit,</strong></span> <span class='ocrx_word' id='word_1_572' title='bbox 3160 3356 3219 3403; x_wconf 86' lang='lat' dir='ltr'><strong>ut</strong></span> <span class='ocrx_word' id='word_1_573' title='bbox 3270 3364 3393 3404; x_wconf 92' lang='lat' dir='ltr'><strong>cum</strong></span> <span class='ocrx_word' id='word_1_574' title='bbox 3440 3348 3574 3419; x_wconf 79' lang='lat' dir='ltr'><strong>ipSis</strong></span> 
     </span>
    </p>
   </div>
   <div class='ocr_carea' id='block_1_80' title="bbox 2001 3439 3572 3518">
    <p class='ocr_par' dir='ltr' id='par_1_80' title="bbox 2001 3439 3572 3518">
     <span class='ocr_line' id='line_1_80' title="bbox 2001 3439 3572 3518; baseline -0.006 -16"><span class='ocrx_word' id='word_1_575' title='bbox 2001 3462 2137 3518; x_wconf 88' lang='lat' dir='ltr'><strong>pene</strong></span> <span class='ocrx_word' id='word_1_576' title='bbox 2179 3446 2419 3501; x_wconf 89' lang='lat' dir='ltr'><strong>animam</strong></span> <span class='ocrx_word' id='word_1_577' title='bbox 2460 3442 2841 3514; x_wconf 80' lang='lat' dir='ltr'><strong>profunderet.</strong></span> <span class='ocrx_word' id='word_1_578' title='bbox 2887 3442 3268 3497; x_wconf 77' lang='lat' dir='ltr'><strong>Verumtamen</strong></span> <span class='ocrx_word' id='word_1_579' title='bbox 3316 3454 3376 3494; x_wconf 86' lang='lat' dir='ltr'><strong>se</strong></span> <span class='ocrx_word' id='word_1_580' title='bbox 3405 3439 3572 3494; x_wconf 86' lang='lat' dir='ltr'><strong>collc-</strong></span> 
     </span>
    </p>
   </div>
   <div class='ocr_carea' id='block_1_81' title="bbox 2001 3530 3570 3608">
    <p class='ocr_par' dir='ltr' id='par_1_81' title="bbox 2001 3530 3570 3608">
     <span class='ocr_line' id='line_1_81' title="bbox 2001 3530 3570 3608; baseline -0.005 -18"><span class='ocrx_word' id='word_1_581' title='bbox 2001 3538 2078 3608; x_wconf 77' lang='lat' dir='ltr'><strong>git</strong></span> <span class='ocrx_word' id='word_1_582' title='bbox 2102 3537 2323 3599; x_wconf 88' lang='lat' dir='ltr'><strong>iterum,</strong></span> <span class='ocrx_word' id='word_1_583' title='bbox 2356 3534 2655 3602; x_wconf 86' lang='lat' dir='ltr'><strong>ablutaque</strong></span> <span class='ocrx_word' id='word_1_584' title='bbox 2695 3531 2854 3595; x_wconf 82' lang='lat' dir='ltr'><strong>facie,</strong></span> <span class='ocrx_word' id='word_1_585' title='bbox 2889 3530 3235 3601; x_wconf 79' lang='lat' dir='ltr'><strong>imperatori,</strong></span> <span class='ocrx_word' id='word_1_586' title='bbox 3278 3531 3428 3585; x_wconf 76' lang='lat' dir='ltr'><strong>velut</strong></span> <span class='ocrx_word' id='word_1_587' title='bbox 3460 3530 3570 3583; x_wconf 86' lang='lat' dir='ltr'><strong>alio</strong></span> 
     </span>
    </p>
   </div>
   <div class='ocr_carea' id='block_1_82' title="bbox 1998 3621 3569 3700">
    <p class='ocr_par' dir='ltr' id='par_1_82' title="bbox 1998 3621 3569 3700">
     <span class='ocr_line' id='line_1_82' title="bbox 1998 3621 3569 3700; baseline -0.006 -17"><span class='ocrx_word' id='word_1_588' title='bbox 1998 3629 2280 3700; x_wconf 87' lang='lat' dir='ltr'><strong>quopiam,</strong></span> <span class='ocrx_word' id='word_1_589' title='bbox 2312 3641 2420 3680; x_wconf 90' lang='lat' dir='ltr'><strong>non</strong></span> <span class='ocrx_word' id='word_1_590' title='bbox 2473 3641 2530 3680; x_wconf 88' lang='lat' dir='ltr'><strong>se</strong></span> <span class='ocrx_word' id='word_1_591' title='bbox 2574 3633 2892 3693; x_wconf 66' lang='lat' dir='ltr'><strong>aegrotante,</strong></span> <span class='ocrx_word' id='word_1_592' title='bbox 2934 3638 3034 3677; x_wconf 89' lang='lat' dir='ltr'><strong>nec</strong></span> <span class='ocrx_word' id='word_1_593' title='bbox 3079 3622 3292 3678; x_wconf 83' lang='lat' dir='ltr'><strong>ﬂevisse</strong></span> <span class='ocrx_word' id='word_1_594' title='bbox 3341 3621 3569 3692; x_wconf 86' lang='lat' dir='ltr'><strong>quidem</strong></span> 
     </span>
    </p>
   </div>
   <div class='ocr_carea' id='block_1_83' title="bbox 1998 3716 3568 3787">
    <p class='ocr_par' dir='ltr' id='par_1_83' title="bbox 1998 3716 3568 3787">
     <span class='ocr_line' id='line_1_83' title="bbox 1998 3716 3568 3787; baseline -0.004 -11"><span class='ocrx_word' id='word_1_595' title='bbox 1998 3722 2151 3777; x_wconf 81' lang='lat' dir='ltr'><strong>visus</strong></span> <span class='ocrx_word' id='word_1_596' title='bbox 2179 3730 2283 3774; x_wconf 85' lang='lat' dir='ltr'><strong>est.</strong></span> <span class='ocrx_word' id='word_1_597' title='bbox 2307 3719 2411 3784; x_wconf 83' lang='lat' dir='ltr'><strong>Qui</strong></span> <span class='ocrx_word' id='word_1_598' title='bbox 2457 3733 2581 3771; x_wconf 90' lang='lat' dir='ltr'><strong>cum</strong></span> <span class='ocrx_word' id='word_1_599' title='bbox 2609 3718 2836 3772; x_wconf 88' lang='lat' dir='ltr'><strong>nuntios</strong></span> <span class='ocrx_word' id='word_1_600' title='bbox 2879 3717 3187 3787; x_wconf 87' lang='lat' dir='ltr'><strong>duplicans,</strong></span> <span class='ocrx_word' id='word_1_601' title='bbox 3221 3716 3568 3786; x_wconf 88' lang='lat' dir='ltr'><strong>spiritualem</strong></span> 
     </span>
    </p>
   </div>
   <div class='ocr_carea' id='block_1_84' title="bbox 1997 3802 3569 3885">
    <p class='ocr_par' dir='ltr' id='par_1_84' title="bbox 1997 3802 3569 3885">
     <span class='ocr_line' id='line_1_84' title="bbox 1997 3802 3569 3885; baseline -0.005 -17"><span class='ocrx_word' id='word_1_602' title='bbox 1997 3827 2206 3885; x_wconf 84' lang='lat' dir='ltr'><strong>patrem</strong></span> <span class='ocrx_word' id='word_1_603' title='bbox 2246 3811 2311 3865; x_wconf 91' lang='lat' dir='ltr'><strong>ad</strong></span> <span class='ocrx_word' id='word_1_604' title='bbox 2344 3827 2403 3864; x_wconf 91' lang='lat' dir='ltr'><strong>sc</strong></span> <span class='ocrx_word' id='word_1_605' title='bbox 2443 3802 2751 3863; x_wconf 86' lang='lat' dir='ltr'><strong>accelerare</strong></span> <span class='ocrx_word' id='word_1_606' title='bbox 2781 3809 3017 3883; x_wconf 73' lang='lat' dir='ltr'><strong>juberet.</strong></span> <span class='ocrx_word' id='word_1_607' title='bbox 3047 3823 3276 3877; x_wconf 82' lang='lat' dir='ltr'><strong>magnus</strong></span> <span class='ocrx_word' id='word_1_608' title='bbox 3308 3807 3569 3861; x_wconf 80' lang='lat' dir='ltr'><strong>domesti-</strong></span> 
     </span>
    </p>
   </div>
   <div class='ocr_carea' id='block_1_85' title="bbox 1996 3900 3569 3974">
    <p class='ocr_par' dir='ltr' id='par_1_85' title="bbox 1996 3900 3569 3974">
     <span class='ocr_line' id='line_1_85' title="bbox 1996 3900 3569 3974; baseline -0.004 -14"><span class='ocrx_word' id='word_1_609' title='bbox 1996 3921 2094 3961; x_wconf 77' lang='lat' dir='ltr'><strong>cus</strong></span> <span class='ocrx_word' id='word_1_610' title='bbox 2116 3920 2214 3974; x_wconf 90' lang='lat' dir='ltr'><strong>per</strong></span> <span class='ocrx_word' id='word_1_611' title='bbox 2245 3911 2459 3957; x_wconf 70' lang='lat' dir='ltr'><strong>centum</strong></span> <span class='ocrx_word' id='word_1_612' title='bbox 2491 3902 2772 3956; x_wconf 86' lang='lat' dir='ltr'><strong>hominem</strong></span> <span class='ocrx_word' id='word_1_613' title='bbox 2812 3912 3025 3970; x_wconf 86' lang='lat' dir='ltr'><strong>patrem</strong></span> <span class='ocrx_word' id='word_1_614' title='bbox 3055 3902 3210 3956; x_wconf 88' lang='lat' dir='ltr'><strong>illum</strong></span> <span class='ocrx_word' id='word_1_615' title='bbox 3241 3900 3481 3965; x_wconf 91' lang='lat' dir='ltr'><strong>monuit,</strong></span> <span class='ocrx_word' id='word_1_616' title='bbox 3509 3908 3569 3953; x_wconf 92' lang='lat' dir='ltr'><strong>ut</strong></span> 
     </span>
    </p>
   </div>
   <div class='ocr_carea' id='block_1_86' title="bbox 1994 3994 3564 4066">
    <p class='ocr_par' dir='ltr' id='par_1_86' title="bbox 1994 3994 3564 4066">
     <span class='ocr_line' id='line_1_86' title="bbox 1994 3994 3564 4066; baseline -0.004 -15"><span class='ocrx_word' id='word_1_617' title='bbox 1994 3996 2376 4066; x_wconf 81' lang='lat' dir='ltr'><strong>Didymoticho</strong></span> <span class='ocrx_word' id='word_1_618' title='bbox 2404 3995 2614 4057; x_wconf 77' lang='lat' dir='ltr'><strong>exiens,</strong></span> <span class='ocrx_word' id='word_1_619' title='bbox 2641 3995 2693 4047; x_wconf 89' lang='lat' dir='ltr'><strong>in</strong></span> <span class='ocrx_word' id='word_1_620' title='bbox 2722 3994 2989 4048; x_wconf 84' lang='lat' dir='ltr'><strong>suburbio</strong></span> <span class='ocrx_word' id='word_1_621' title='bbox 3013 3995 3277 4061; x_wconf 79' lang='lat' dir='ltr'><strong>tantiSper</strong></span> <span class='ocrx_word' id='word_1_622' title='bbox 3299 4001 3564 4059; x_wconf 87' lang='lat' dir='ltr'><strong>maneret,</strong></span> 
     </span>
    </p>
   </div>
   <div class='ocr_carea' id='block_1_87' title="bbox 1994 4084 3567 4158">
    <p class='ocr_par' dir='ltr' id='par_1_87' title="bbox 1994 4084 3567 4158">
     <span class='ocr_line' id='line_1_87' title="bbox 1994 4084 3567 4158; baseline -0.003 -17"><span class='ocrx_word' id='word_1_623' title='bbox 1994 4086 2175 4158; x_wconf 85' lang='lat' dir='ltr'><strong>quoad</strong></span> <span class='ocrx_word' id='word_1_624' title='bbox 2197 4086 2314 4154; x_wconf 82' lang='lat' dir='ltr'><strong>ipse</strong></span> <span class='ocrx_word' id='word_1_625' title='bbox 2342 4085 2643 4154; x_wconf 78' lang='lat' dir='ltr'><strong>ingressum</strong></span> <span class='ocrx_word' id='word_1_626' title='bbox 2672 4085 2750 4139; x_wconf 88' lang='lat' dir='ltr'><strong>illi</strong></span> <span class='ocrx_word' id='word_1_627' title='bbox 2782 4084 3133 4154; x_wconf 80' lang='lat' dir='ltr'><strong>permitteret</strong></span> <span class='ocrx_word' id='word_1_628' title='bbox 3161 4103 3174 4138; x_wconf 93' lang='lat'>:</span> <span class='ocrx_word' id='word_1_629' title='bbox 3206 4084 3374 4138; x_wconf 85' lang='lat' dir='ltr'><strong>citius</strong></span> <span class='ocrx_word' id='word_1_630' title='bbox 3404 4099 3567 4137; x_wconf 80' lang='lat' dir='ltr'><strong>cave-</strong></span> 
     </span>
    </p>
   </div>
   <div class='ocr_carea' id='block_1_88' title="bbox 1997 4177 3570 4248">
    <p class='ocr_par' dir='ltr' id='par_1_88' title="bbox 1997 4177 3570 4248">
     <span class='ocr_line' id='line_1_88' title="bbox 1997 4177 3570 4248; baseline -0.004 -13"><span class='ocrx_word' id='word_1_631' title='bbox 1997 4190 2082 4235; x_wconf 86' lang='lat' dir='ltr'><strong>ret</strong></span> <span class='ocrx_word' id='word_1_632' title='bbox 2114 4177 2348 4248; x_wconf 79' lang='lat' dir='ltr'><strong>ingredi,</strong></span> <span class='ocrx_word' id='word_1_633' title='bbox 2383 4179 2635 4248; x_wconf 80' lang='lat' dir='ltr'><strong>quamvis</strong></span> <span class='ocrx_word' id='word_1_634' title='bbox 2660 4177 2715 4231; x_wconf 90' lang='lat' dir='ltr'><strong>id</strong></span> <span class='ocrx_word' id='word_1_635' title='bbox 2749 4193 2942 4233; x_wconf 90' lang='lat' dir='ltr'><strong>omnes</strong></span> <span class='ocrx_word' id='word_1_636' title='bbox 2972 4177 3233 4231; x_wconf 83' lang='lat' dir='ltr'><strong>mortales</strong></span> <span class='ocrx_word' id='word_1_637' title='bbox 3260 4178 3310 4231; x_wconf 90' lang='lat' dir='ltr'><strong>ei</strong></span> <span class='ocrx_word' id='word_1_638' title='bbox 3343 4178 3570 4232; x_wconf 79' lang='lat' dir='ltr'><strong>deman-</strong></span> 
     </span>
    </p>
   </div>
   <div class='ocr_carea' id='block_1_89' title="bbox 1996 4253 3568 4340">
    <p class='ocr_par' dir='ltr' id='par_1_89' title="bbox 1996 4253 3568 4340">
     <span class='ocr_line' id='line_1_89' title="bbox 1996 4253 3568 4340; baseline -0.005 -11"><span class='ocrx_word' id='word_1_639' title='bbox 1996 4277 2213 4329; x_wconf 89' lang='lat' dir='ltr'><strong>darent.</strong></span> <span class='ocrx_word' id='word_1_640' title='bbox 2242 4270 2424 4325; x_wconf 78' lang='lat' dir='ltr'><strong>Alium</strong></span> <span class='ocrx_word' id='word_1_641' title='bbox 2474 4253 2606 4323; x_wconf 73' lang='lat' dir='ltr'><strong>vero</strong></span> <span class='ocrx_word' id='word_1_642' title='bbox 2640 4271 2695 4323; x_wconf 88' lang='lat' dir='ltr'><strong>in</strong></span> <span class='ocrx_word' id='word_1_643' title='bbox 2730 4271 2849 4340; x_wconf 84' lang='lat' dir='ltr'><strong>ejus</strong></span> <span class='ocrx_word' id='word_1_644' title='bbox 2880 4270 3063 4323; x_wconf 90' lang='lat' dir='ltr'><strong>locum</strong></span> <span class='ocrx_word' id='word_1_645' title='bbox 3102 4270 3464 4323; x_wconf 92' lang='lat' dir='ltr'><strong>subornatum</strong></span> <span class='ocrx_word' id='word_1_646' title='bbox 3499 4268 3568 4321; x_wconf 88' lang='lat' dir='ltr'><strong>ad</strong></span> 
     </span>
    </p>
   </div>
   <div class='ocr_carea' id='block_1_90' title="bbox 1999 4361 3568 4433">
    <p class='ocr_par' dir='ltr' id='par_1_90' title="bbox 1999 4361 3568 4433">
     <span class='ocr_line' id='line_1_90' title="bbox 1999 4361 3568 4433; baseline -0.004 -14"><span class='ocrx_word' id='word_1_647' title='bbox 1999 4365 2393 4433; x_wconf 85' lang='lat' dir='ltr'><strong>imperatorem</strong></span> <span class='ocrx_word' id='word_1_648' title='bbox 2465 4362 2798 4423; x_wconf 89' lang='lat' dir='ltr'><strong>introducit.</strong></span> <span class='ocrx_word' id='word_1_649' title='bbox 2877 4371 3151 4425; x_wconf 77' lang='lat' dir='ltr'><strong>narrans,</strong></span> <span class='ocrx_word' id='word_1_650' title='bbox 3226 4361 3568 4417; x_wconf 88' lang='lat' dir='ltr'><strong>ordinarium</strong></span> 
     </span>
    </p>
   </div>
   <div class='ocr_carea' id='block_1_91' title="bbox 1997 4453 3567 4524">
    <p class='ocr_par' dir='ltr' id='par_1_91' title="bbox 1997 4453 3567 4524">
     <span class='ocr_line' id='line_1_91' title="bbox 1997 4453 3567 4524; baseline -0.002 -13"><span class='ocrx_word' id='word_1_651' title='bbox 1997 4458 2187 4511; x_wconf 80' lang='lat' dir='ltr'><strong>abesse</strong></span> <span class='ocrx_word' id='word_1_652' title='bbox 2218 4462 2535 4524; x_wconf 39' lang='lat' dir='ltr'><strong>peregre,‘et</strong></span> <span class='ocrx_word' id='word_1_653' title='bbox 2562 4453 2715 4507; x_wconf 84' lang='lat' dir='ltr'><strong>addit</strong></span> <span class='ocrx_word' id='word_1_654' title='bbox 2738 4455 3136 4524; x_wconf 82' lang='lat' dir='ltr'><strong>juratnentum,</strong></span> <span class='ocrx_word' id='word_1_655' title='bbox 3160 4468 3219 4507; x_wconf 90' lang='lat' dir='ltr'><strong>se</strong></span> <span class='ocrx_word' id='word_1_656' title='bbox 3237 4468 3363 4506; x_wconf 76' lang='lat' dir='ltr'><strong>Vera</strong></span> <span class='ocrx_word' id='word_1_657' title='bbox 3391 4454 3567 4522; x_wconf 90' lang='lat' dir='ltr'><strong>loqui.</strong></span> 
     </span>
    </p>
   </div>
   <div class='ocr_carea' id='block_1_92' title="bbox 323 4545 1920 4620">
    <p class='ocr_par' dir='ltr' id='par_1_92' title="bbox 323 4548 1920 4620">
     <span class='ocr_line' id='line_1_92' title="bbox 323 4548 1920 4620; baseline 0.001 -19"><span class='ocrx_word' id='word_1_658' title='bbox 323 4568 509 4613; x_wconf 77' lang='grc' dir='ltr'><strong>στικος</strong></span> <span class='ocrx_word' id='word_1_659' title='bbox 559 4550 805 4619; x_wconf 77' lang='grc' dir='ltr'><strong>πέμψας,</strong></span> <span class='ocrx_word' id='word_1_660' title='bbox 841 4550 933 4602; x_wconf 70' lang='grc' dir='ltr'><strong>τὸν</strong></span> <span class='ocrx_word' id='word_1_661' title='bbox 970 4548 1066 4619; x_wconf 75' lang='grc' dir='ltr'><strong>μὲν</strong></span> <span class='ocrx_word' id='word_1_662' title='bbox 1098 4549 1474 4620; x_wconf 77' lang='grc' dir='ltr'><strong>πνευματικὸν</strong></span> <span class='ocrx_word' id='word_1_663' title='bbox 1502 4548 1751 4603; x_wconf 82' lang='grc' dir='ltr'><strong>ἐκέλευεν</strong></span> <span class='ocrx_word' id='word_1_664' title='bbox 1784 4550 1891 4618; x_wconf 78' lang='grc' dir='ltr'><strong>ἔξω</strong></span> <span class='ocrx_word' id='word_1_665' title='bbox 1918 4559 1920 4566; x_wconf 76' lang='lat'><em>‘</em></span> 
     </span>
    </p>
   </div>
   <div class='ocr_carea' id='block_1_93' title="bbox 1971 4545 3568 4620">
    <p class='ocr_par' dir='ltr' id='par_1_93' title="bbox 1997 4545 3568 4615">
     <span class='ocr_line' id='line_1_93' title="bbox 1997 4545 3568 4615; baseline -0.002 -11"><span class='ocrx_word' id='word_1_666' title='bbox 1997 4550 2153 4605; x_wconf 90' lang='lat' dir='ltr'><strong>llunc</strong></span> <span class='ocrx_word' id='word_1_667' title='bbox 2183 4559 2387 4609; x_wconf 86' lang='lat' dir='ltr'><strong>autem,</strong></span> <span class='ocrx_word' id='word_1_668' title='bbox 2420 4546 2524 4600; x_wconf 83' lang='lat' dir='ltr'><strong>etsi</strong></span> <span class='ocrx_word' id='word_1_669' title='bbox 2568 4547 2793 4612; x_wconf 76' lang='lat' dir='ltr'><strong>minime</strong></span> <span class='ocrx_word' id='word_1_670' title='bbox 2843 4554 3191 4605; x_wconf 82' lang='lat' dir='ltr'><strong>consuetum.</strong></span> <span class='ocrx_word' id='word_1_671' title='bbox 3227 4545 3348 4615; x_wconf 78' lang='lat' dir='ltr'><strong>ejus</strong></span> <span class='ocrx_word' id='word_1_672' title='bbox 3376 4559 3568 4601; x_wconf 83' lang='lat' dir='ltr'><strong>coactu</strong></span> 
     </span>
    </p>
   </div>
   <div class='ocr_carea' id='block_1_94' title="bbox 321 4641 1896 4711">
    <p class='ocr_par' dir='ltr' id='par_1_94' title="bbox 321 4641 1896 4711">
     <span class='ocr_line' id='line_1_94' title="bbox 321 4641 1896 4711; baseline 0.001 -20"><span class='ocrx_word' id='word_1_673' title='bbox 321 4642 708 4710; x_wconf 67' lang='grc' dir='ltr'><strong>Διδομοτείχου</strong></span> <span class='ocrx_word' id='word_1_674' title='bbox 737 4644 954 4710; x_wconf 85' lang='grc' dir='ltr'><strong>χωρεῖν,</strong></span> <span class='ocrx_word' id='word_1_675' title='bbox 999 4644 1092 4694; x_wconf 76' lang='grc' dir='ltr'><strong>καὶ</strong></span> <span class='ocrx_word' id='word_1_676' title='bbox 1122 4641 1425 4711; x_wconf 79' lang='grc' dir='ltr'><strong>διατρίϐειν</strong></span> <span class='ocrx_word' id='word_1_677' title='bbox 1463 4642 1521 4692; x_wconf 89' lang='grc' dir='ltr'><strong>ἐν</strong></span> <span class='ocrx_word' id='word_1_678' title='bbox 1546 4641 1896 4709; x_wconf 76' lang='grc' dir='ltr'><strong>προαστείοις</strong></span> 
     </span>
    </p>
   </div>
   <div class='ocr_carea' id='block_1_95' title="bbox 318 4728 1896 4799">
    <p class='ocr_par' dir='ltr' id='par_1_95' title="bbox 318 4728 1896 4799">
     <span class='ocr_line' id='line_1_95' title="bbox 318 4728 1896 4799; baseline -0.006 -10"><span class='ocrx_word' id='word_1_679' title='bbox 318 4730 480 4798; x_wconf 58' lang='grc' dir='ltr'><strong>ἆχῦις</strong></span> <span class='ocrx_word' id='word_1_680' title='bbox 528 4730 591 4778; x_wconf 83' lang='grc' dir='ltr'><strong>ἂν</strong></span> <span class='ocrx_word' id='word_1_681' title='bbox 640 4730 803 4789; x_wconf 76' lang='grc' dir='ltr'><strong>αὐτὸς</strong></span> <span class='ocrx_word' id='word_1_682' title='bbox 846 4730 945 4797; x_wconf 76' lang='grc' dir='ltr'><strong>τὴν</strong></span> <span class='ocrx_word' id='word_1_683' title='bbox 996 4729 1201 4781; x_wconf 73' lang='grc' dir='ltr'><strong>εἴσοδον</strong></span> <span class='ocrx_word' id='word_1_684' title='bbox 1226 4728 1381 4798; x_wconf 81' lang='grc' dir='ltr'><strong>ἐνδῷ,</strong></span> <span class='ocrx_word' id='word_1_685' title='bbox 1431 4728 1700 4799; x_wconf 81' lang='grc' dir='ltr'><strong>πρότερον</strong></span> <span class='ocrx_word' id='word_1_686' title='bbox 1731 4729 1896 4799; x_wconf 78' lang='grc' dir='ltr'><strong>δὲμὴ</strong></span> 
     </span>
    </p>
   </div>
   <div class='ocr_carea' id='block_1_96' title="bbox 318 4815 1897 4893">
    <p class='ocr_par' dir='ltr' id='par_1_96' title="bbox 318 4815 1897 4893">
     <span class='ocr_line' id='line_1_96' title="bbox 318 4815 1897 4893; baseline 0.002 -20"><span class='ocrx_word' id='word_1_687' title='bbox 318 4815 575 4883; x_wconf 70' lang='grc' dir='ltr'><strong>εἰσιέναι,</strong></span> <span class='ocrx_word' id='word_1_688' title='bbox 606 4820 729 4890; x_wconf 84' lang='grc' dir='ltr'><strong>μηδ’</strong></span> <span class='ocrx_word' id='word_1_689' title='bbox 749 4823 798 4874; x_wconf 88' lang='grc' dir='ltr'><strong>εί</strong></span> <span class='ocrx_word' id='word_1_690' title='bbox 831 4823 1032 4885; x_wconf 87' lang='grc' dir='ltr'><strong>πάντες</strong></span> <span class='ocrx_word' id='word_1_691' title='bbox 1061 4822 1339 4893; x_wconf 81' lang='grc' dir='ltr'><strong>ἄνθρωποι</strong></span> <span class='ocrx_word' id='word_1_692' title='bbox 1366 4823 1744 4893; x_wconf 73' lang='grc' dir='ltr'><strong>ἐπιτρέποιενο</strong></span> <span class='ocrx_word' id='word_1_693' title='bbox 1780 4824 1897 4876; x_wconf 76' lang='grc' dir='ltr'><strong>ἐτε-</strong></span> 
     </span>
    </p>
   </div>
   <div class='ocr_carea' id='block_1_97' title="bbox 319 4912 1894 4984">
    <p class='ocr_par' dir='ltr' id='par_1_97' title="bbox 319 4912 1894 4984">
     <span class='ocr_line' id='line_1_97' title="bbox 319 4912 1894 4984; baseline 0.003 -21"><span class='ocrx_word' id='word_1_694' title='bbox 319 4930 413 4982; x_wconf 74' lang='grc' dir='ltr'><strong>ρον</strong></span> <span class='ocrx_word' id='word_1_695' title='bbox 435 4912 491 4964; x_wconf 72' lang='grc' dir='ltr'><strong>δὲ</strong></span> <span class='ocrx_word' id='word_1_696' title='bbox 526 4912 642 4965; x_wconf 80' lang='grc' dir='ltr'><strong>ἀνθ’</strong></span> <span class='ocrx_word' id='word_1_697' title='bbox 672 4913 887 4966; x_wconf 82' lang='grc' dir='ltr'><strong>ἐκείνου</strong></span> <span class='ocrx_word' id='word_1_698' title='bbox 919 4914 1273 4983; x_wconf 76' lang='grc' dir='ltr'><strong>παραλαϐὼν,</strong></span> <span class='ocrx_word' id='word_1_699' title='bbox 1304 4915 1597 4984; x_wconf 75' lang='grc' dir='ltr'><strong>εἰσήγαγεν</strong></span> <span class='ocrx_word' id='word_1_700' title='bbox 1628 4915 1703 4977; x_wconf 85' lang='grc' dir='ltr'><strong>ὡς</strong></span> <span class='ocrx_word' id='word_1_701' title='bbox 1735 4913 1894 4983; x_wconf 84' lang='grc' dir='ltr'><strong>βασε-</strong></span> 
     </span>
    </p>
   </div>
   <div class='ocr_carea' id='block_1_98' title="bbox 317 5006 1891 5077">
    <p class='ocr_par' dir='ltr' id='par_1_98' title="bbox 317 5006 1891 5077">
     <span class='ocr_line' id='line_1_98' title="bbox 317 5006 1891 5077; baseline 0.002 -20"><span class='ocrx_word' id='word_1_702' title='bbox 317 5008 440 5065; x_wconf 84' lang='grc' dir='ltr'><strong>λέα,</strong></span> <span class='ocrx_word' id='word_1_703' title='bbox 473 5006 680 5073; x_wconf 53' lang='grc' dir='ltr'><strong>ἐτασκέ</strong></span> <span class='ocrx_word' id='word_1_704' title='bbox 730 5024 790 5058; x_wconf 87' lang='grc' dir='ltr'><strong>τε</strong></span> <span class='ocrx_word' id='word_1_705' title='bbox 824 5008 917 5060; x_wconf 72' lang='grc' dir='ltr'><strong>τὸν</strong></span> <span class='ocrx_word' id='word_1_706' title='bbox 953 5011 1052 5077; x_wconf 77' lang='grc' dir='ltr'><strong>μὲν</strong></span> <span class='ocrx_word' id='word_1_707' title='bbox 1090 5009 1319 5061; x_wconf 69' lang='grc' dir='ltr'><strong>εἰωθότα</strong></span> <span class='ocrx_word' id='word_1_708' title='bbox 1373 5010 1475 5077; x_wconf 81' lang='grc' dir='ltr'><strong>τῆς</strong></span> <span class='ocrx_word' id='word_1_709' title='bbox 1511 5007 1718 5072; x_wconf 69' lang='grc' dir='ltr'><strong>πόλεως</strong></span> <span class='ocrx_word' id='word_1_710' title='bbox 1757 5010 1891 5062; x_wconf 81' lang='grc' dir='ltr'><strong>ἀποο</strong></span> 
     </span>
    </p>
   </div>
   <div class='ocr_carea' id='block_1_99' title="bbox 318 5100 1895 5175">
    <p class='ocr_par' dir='ltr' id='par_1_99' title="bbox 318 5100 1895 5175">
     <span class='ocr_line' id='line_1_99' title="bbox 318 5100 1895 5175; baseline -0.001 -21"><span class='ocrx_word' id='word_1_711' title='bbox 318 5100 537 5168; x_wconf 64' lang='lat' dir='ltr'><strong>amni-1,</strong></span> <span class='ocrx_word' id='word_1_712' title='bbox 568 5102 659 5152; x_wconf 86' lang='grc' dir='ltr'><strong>καὶ</strong></span> <span class='ocrx_word' id='word_1_713' title='bbox 688 5101 889 5169; x_wconf 76' lang='grc' dir='ltr'><strong>ὅρκους</strong></span> <span class='ocrx_word' id='word_1_714' title='bbox 920 5101 1233 5168; x_wconf 73' lang='grc' dir='ltr'><strong>προστιθεὶς</strong></span> <span class='ocrx_word' id='word_1_715' title='bbox 1260 5101 1337 5163; x_wconf 85' lang='grc' dir='ltr'><strong>ὡς</strong></span> <span class='ocrx_word' id='word_1_716' title='bbox 1366 5101 1644 5170; x_wconf 85' lang='grc' dir='ltr'><strong>ἀληθεύοι,</strong></span> <span class='ocrx_word' id='word_1_717' title='bbox 1681 5104 1895 5175; x_wconf 66' lang='grc' dir='ltr'><strong>τουτογί</strong></span> 
     </span>
    </p>
   </div>
   <div class='ocr_carea' id='block_1_100' title="bbox 316 5191 1941 5264">
    <p class='ocr_par' dir='ltr' id='par_1_100' title="bbox 316 5191 1941 5264">
     <span class='ocr_line' id='line_1_100' title="bbox 316 5191 1941 5264; baseline 0.001 -21"><span class='ocrx_word' id='word_1_718' title='bbox 316 5191 369 5243; x_wconf 82' lang='grc' dir='ltr'><strong>δὲ</strong></span> <span class='ocrx_word' id='word_1_719' title='bbox 409 5195 723 5258; x_wconf 80' lang='grc' dir='ltr'><strong>εἰσαγαγεῖν</strong></span> <span class='ocrx_word' id='word_1_720' title='bbox 746 5193 999 5260; x_wconf 72' lang='grc' dir='ltr'><strong>οὐδαμῶς</strong></span> <span class='ocrx_word' id='word_1_721' title='bbox 1029 5194 1155 5245; x_wconf 73' lang='grc' dir='ltr'><strong>ὄντα</strong></span> <span class='ocrx_word' id='word_1_722' title='bbox 1181 5210 1263 5245; x_wconf 90' lang='grc' dir='ltr'><strong>σοι</strong></span> <span class='ocrx_word' id='word_1_723' title='bbox 1298 5194 1357 5246; x_wconf 78' lang='grc' dir='ltr'><strong>ἐν</strong></span> <span class='ocrx_word' id='word_1_724' title='bbox 1388 5192 1649 5264; x_wconf 76' lang='grc' dir='ltr'><strong>συνηθείᾳ</strong></span> <span class='ocrx_word' id='word_1_725' title='bbox 1673 5194 1768 5245; x_wconf 70' lang='grc' dir='ltr'><strong>καὶ</strong></span> <span class='ocrx_word' id='word_1_726' title='bbox 1791 5192 1896 5244; x_wconf 83' lang='grc' dir='ltr'><strong>πά·-</strong></span> <span class='ocrx_word' id='word_1_727' title='bbox 1933 5211 1941 5219; x_wconf 93' lang='grc'><strong>·</strong></span> 
     </span>
    </p>
   </div>
   <div class='ocr_carea' id='block_1_101' title="bbox 316 5284 1893 5353">
    <p class='ocr_par' dir='ltr' id='par_1_101' title="bbox 316 5284 1893 5353">
     <span class='ocr_line' id='line_1_101' title="bbox 316 5284 1893 5353; baseline 0.001 -17"><span class='ocrx_word' id='word_1_728' title='bbox 316 5303 379 5336; x_wconf 88' lang='grc' dir='ltr'><strong>νυ</strong></span> <span class='ocrx_word' id='word_1_729' title='bbox 418 5285 621 5337; x_wconf 83' lang='grc' dir='ltr'><strong>ἄκοντα</strong></span> <span class='ocrx_word' id='word_1_730' title='bbox 651 5284 738 5337; x_wconf 78' lang='grc' dir='ltr'><strong>διά</strong></span> <span class='ocrx_word' id='word_1_731' title='bbox 770 5286 831 5337; x_wconf 63' lang='grc' dir='ltr'><strong>τὸ</strong></span> <span class='ocrx_word' id='word_1_732' title='bbox 887 5286 1170 5353; x_wconf 78' lang='grc' dir='ltr'><strong>βιάζεσθαι</strong></span> <span class='ocrx_word' id='word_1_733' title='bbox 1223 5287 1328 5339; x_wconf 78' lang='grc' dir='ltr'><strong>ὑπὸ</strong></span> <span class='ocrx_word' id='word_1_734' title='bbox 1384 5284 1502 5340; x_wconf 81' lang='grc' dir='ltr'><strong>σοῦ.</strong></span> <span class='ocrx_word' id='word_1_735' title='bbox 1539 5285 1803 5348; x_wconf 85' lang='grc' dir='ltr'><strong>Βασιλεὺς</strong></span> <span class='ocrx_word' id='word_1_736' title='bbox 1836 5285 1893 5338; x_wconf 82' lang='grc' dir='ltr'><strong>δέ</strong></span> 
     </span>
    </p>
   </div>
   <div class='ocr_carea' id='block_1_102' title="bbox 316 5374 1891 5448">
    <p class='ocr_par' dir='ltr' id='par_1_102' title="bbox 316 5374 1891 5448">
     <span class='ocr_line' id='line_1_102' title="bbox 316 5374 1891 5448; baseline 0.002 -22"><span class='ocrx_word' id='word_1_737' title='bbox 316 5374 483 5426; x_wconf 74' lang='grc' dir='ltr'><strong>αὐτδν</strong></span> <span class='ocrx_word' id='word_1_738' title='bbox 512 5376 983 5447; x_wconf 83' lang='grc' dir='ltr'><strong>προσαγορεύσας,</strong></span> <span class='ocrx_word' id='word_1_739' title='bbox 1022 5378 1164 5448; x_wconf 75' lang='grc' dir='ltr'><strong>Ὥρα</strong></span> <span class='ocrx_word' id='word_1_740' title='bbox 1194 5394 1302 5442; x_wconf 90' lang='grc' dir='ltr'><strong>σοι,</strong></span> <span class='ocrx_word' id='word_1_741' title='bbox 1336 5378 1535 5446; x_wconf 85' lang='grc' dir='ltr'><strong>πάτερ,</strong></span> <span class='ocrx_word' id='word_1_742' title='bbox 1575 5376 1748 5444; x_wconf 84' lang='grc' dir='ltr'><strong>ἔλεγε,</strong></span> <span class='ocrx_word' id='word_1_743' title='bbox 1778 5380 1891 5438; x_wconf 85' lang='grc' dir='ltr'><strong>τοῖς</strong></span> 
     </span>
    </p>
   </div>
   <div class='ocr_carea' id='block_1_103' title="bbox 314 5467 1893 5539">
    <p class='ocr_par' dir='ltr' id='par_1_103' title="bbox 314 5467 1893 5539">
     <span class='ocr_line' id='line_1_103' title="bbox 314 5467 1893 5539; baseline 0.004 -23"><span class='ocrx_word' id='word_1_744' title='bbox 314 5470 713 5532; x_wconf 77' lang='grc' dir='ltr'><strong>πνευματικοῖς</strong></span> <span class='ocrx_word' id='word_1_745' title='bbox 735 5467 969 5537; x_wconf 78' lang='grc' dir='ltr'><strong>χρῆσθαι</strong></span> <span class='ocrx_word' id='word_1_746' title='bbox 1012 5470 1350 5539; x_wconf 84' lang='grc' dir='ltr'><strong>φαρμάκοις,</strong></span> <span class='ocrx_word' id='word_1_747' title='bbox 1400 5470 1495 5535; x_wconf 63' lang='grc' dir='ltr'><strong>καὶ</strong></span> <span class='ocrx_word' id='word_1_748' title='bbox 1521 5468 1619 5538; x_wconf 73' lang='grc' dir='ltr'><strong>τὴν</strong></span> <span class='ocrx_word' id='word_1_749' title='bbox 1667 5469 1893 5539; x_wconf 76' lang='grc' dir='ltr'><strong>ἐπιστή-</strong></span> 
     </span>
    </p>
   </div>
   <div class='ocr_carea' id='block_1_104' title="bbox 316 5556 1887 5632">
    <p class='ocr_par' dir='ltr' id='par_1_104' title="bbox 316 5556 1887 5632">
     <span class='ocr_line' id='line_1_104' title="bbox 316 5556 1887 5632; baseline 0.005 -26"><span class='ocrx_word' id='word_1_750' title='bbox 316 5575 428 5626; x_wconf 71' lang='grc' dir='ltr'><strong>μην</strong></span> <span class='ocrx_word' id='word_1_751' title='bbox 480 5556 888 5611; x_wconf 82' lang='grc' dir='ltr'><strong>ἐπιδείκνυσθαι</strong></span> <span class='ocrx_word' id='word_1_752' title='bbox 940 5563 1042 5630; x_wconf 80' lang='grc' dir='ltr'><strong>τὴν</strong></span> <span class='ocrx_word' id='word_1_753' title='bbox 1102 5562 1294 5615; x_wconf 83' lang='grc' dir='ltr'><strong>πασῶν</strong></span> <span class='ocrx_word' id='word_1_754' title='bbox 1344 5562 1887 5632; x_wconf 79' lang='grc' dir='ltr'><strong>φιλανθρωποτάτην,</strong></span> 
     </span>
    </p>
   </div>
   <div class='ocr_carea' id='block_1_105' title="bbox 313 5648 1893 5726">
    <p class='ocr_par' dir='ltr' id='par_1_105' title="bbox 313 5648 1893 5726">
     <span class='ocr_line' id='line_1_105' title="bbox 313 5648 1893 5726; baseline 0.006 -25"><span class='ocrx_word' id='word_1_755' title='bbox 313 5652 408 5701; x_wconf 85' lang='grc' dir='ltr'><strong>καί</strong></span> <span class='ocrx_word' id='word_1_756' title='bbox 442 5648 624 5718; x_wconf 66' lang='grc' dir='ltr'><strong>ψυχὴν</strong></span> <span class='ocrx_word' id='word_1_757' title='bbox 681 5651 1027 5723; x_wconf 75' lang='grc' dir='ltr'><strong>δδυνωμένην</strong></span> <span class='ocrx_word' id='word_1_758' title='bbox 1073 5657 1169 5707; x_wconf 78' lang='grc' dir='ltr'><strong>καὶ</strong></span> <span class='ocrx_word' id='word_1_759' title='bbox 1206 5656 1391 5719; x_wconf 79' lang='grc' dir='ltr'><strong>κακῶς</strong></span> <span class='ocrx_word' id='word_1_760' title='bbox 1432 5657 1751 5726; x_wconf 87' lang='grc' dir='ltr'><strong>πάσχουσαν</strong></span> <span class='ocrx_word' id='word_1_761' title='bbox 1786 5657 1893 5709; x_wconf 70' lang='grc' dir='ltr'><strong>ὑπὸ</strong></span> 
     </span>
    </p>
   </div>
   <div class='ocr_carea' id='block_1_106' title="bbox 312 5740 1888 5818">
    <p class='ocr_par' dir='ltr' id='par_1_106' title="bbox 312 5740 1888 5818">
     <span class='ocr_line' id='line_1_106' title="bbox 312 5740 1888 5818; baseline 0.005 -25"><span class='ocrx_word' id='word_1_762' title='bbox 312 5740 533 5793; x_wconf 65' lang='grc' dir='ltr'><strong>πολλῶν</strong></span> <span class='ocrx_word' id='word_1_763' title='bbox 559 5745 894 5812; x_wconf 84' lang='grc' dir='ltr'><strong>τραυμάτων</strong></span> <span class='ocrx_word' id='word_1_764' title='bbox 926 5746 1021 5798; x_wconf 67' lang='grc' dir='ltr'><strong>κει.)⁵</strong></span> <span class='ocrx_word' id='word_1_765' title='bbox 1052 5748 1418 5818; x_wconf 86' lang='grc' dir='ltr'><strong>πταισμάτων</strong></span> <span class='ocrx_word' id='word_1_766' title='bbox 1469 5748 1888 5816; x_wconf 76' lang='grc' dir='ltr'><strong>ἀνακαλεῖσθαι,</strong></span> 
     </span>
    </p>
   </div>
   <div class='ocr_carea' id='block_1_107' title="bbox 314 5834 1891 5915">
    <p class='ocr_par' dir='ltr' id='par_1_107' title="bbox 314 5834 1891 5915">
     <span class='ocr_line' id='line_1_107' title="bbox 314 5834 1891 5915; baseline 0.008 -30"><span class='ocrx_word' id='word_1_767' title='bbox 314 5834 411 5889; x_wconf 61' lang='grc' dir='ltr'><strong>καὶ</strong></span> <span class='ocrx_word' id='word_1_768' title='bbox 434 5834 569 5904; x_wconf 67' lang='grc' dir='ltr'><strong>πρὸς</strong></span> <span class='ocrx_word' id='word_1_769' title='bbox 599 5835 904 5907; x_wconf 82' lang='grc' dir='ltr'><strong>σωτηρίους</strong></span> <span class='ocrx_word' id='word_1_770' title='bbox 944 5838 1181 5909; x_wconf 77' lang='grc' dir='ltr'><strong>τρίϐους¹</strong></span> <span class='ocrx_word' id='word_1_771' title='bbox 1211 5841 1553 5915; x_wconf 82' lang='grc' dir='ltr'><strong>καθοδηγεῑν,</strong></span> <span class='ocrx_word' id='word_1_772' title='bbox 1589 5843 1680 5897; x_wconf 76' lang='grc' dir='ltr'><strong>καὶ</strong></span> <span class='ocrx_word' id='word_1_773' title='bbox 1725 5858 1891 5912; x_wconf 83' lang='grc' dir='ltr'><strong>μετα-</strong></span> 
     </span>
    </p>
   </div>
   <div class='ocr_carea' id='block_1_108' title="bbox 1998 4640 3570 4709">
    <p class='ocr_par' dir='ltr' id='par_1_108' title="bbox 1998 4640 3570 4709">
     <span class='ocr_line' id='line_1_108' title="bbox 1998 4640 3570 4709; baseline -0.002 -12"><span class='ocrx_word' id='word_1_774' title='bbox 1998 4645 2066 4697; x_wconf 91' lang='lat' dir='ltr'><strong>ab</strong></span> <span class='ocrx_word' id='word_1_775' title='bbox 2090 4660 2148 4699; x_wconf 90' lang='lat' dir='ltr'><strong>se</strong></span> <span class='ocrx_word' id='word_1_776' title='bbox 2189 4644 2361 4697; x_wconf 85' lang='lat' dir='ltr'><strong>invito</strong></span> <span class='ocrx_word' id='word_1_777' title='bbox 2398 4656 2462 4693; x_wconf 82' lang='lat' dir='ltr'><strong>ac.</strong></span> <span class='ocrx_word' id='word_1_778' title='bbox 2483 4640 2703 4694; x_wconf 89' lang='lat' dir='ltr'><strong>nolente</strong></span> <span class='ocrx_word' id='word_1_779' title='bbox 2750 4640 2970 4694; x_wconf 89' lang='lat' dir='ltr'><strong>adduci.</strong></span> <span class='ocrx_word' id='word_1_780' title='bbox 3006 4640 3308 4709; x_wconf 88' lang='lat' dir='ltr'><strong>Imperator</strong></span> <span class='ocrx_word' id='word_1_781' title='bbox 3330 4656 3397 4694; x_wconf 92' lang='lat' dir='ltr'><strong>eo</strong></span> <span class='ocrx_word' id='word_1_782' title='bbox 3427 4641 3570 4694; x_wconf 84' lang='lat' dir='ltr'><strong>salu-</strong></span> 
     </span>
    </p>
   </div>
   <div class='ocr_carea' id='block_1_109' title="bbox 2000 4732 3567 4802">
    <p class='ocr_par' dir='ltr' id='par_1_109' title="bbox 2000 4732 3567 4802">
     <span class='ocr_line' id='line_1_109' title="bbox 2000 4732 3567 4802; baseline -0.003 -13"><span class='ocrx_word' id='word_1_783' title='bbox 2000 4746 2155 4789; x_wconf 89' lang='lat' dir='ltr'><strong>tato:</strong></span> <span class='ocrx_word' id='word_1_784' title='bbox 2202 4734 2442 4802; x_wconf 89' lang='lat' dir='ltr'><strong>Tempus</strong></span> <span class='ocrx_word' id='word_1_785' title='bbox 2481 4742 2589 4793; x_wconf 75' lang='lat' dir='ltr'><strong>est,</strong></span> <span class='ocrx_word' id='word_1_786' title='bbox 2644 4732 2841 4801; x_wconf 90' lang='lat' dir='ltr'><strong>inquit,</strong></span> <span class='ocrx_word' id='word_1_787' title='bbox 2898 4741 3073 4801; x_wconf 90' lang='lat' dir='ltr'><strong>pater,</strong></span> <span class='ocrx_word' id='word_1_788' title='bbox 3117 4742 3177 4785; x_wconf 92' lang='lat' dir='ltr'><strong>ut</strong></span> <span class='ocrx_word' id='word_1_789' title='bbox 3227 4732 3567 4801; x_wconf 85' lang='lat' dir='ltr'><strong>spiritualcin</strong></span> 
     </span>
    </p>
   </div>
   <div class='ocr_carea' id='block_1_110' title="bbox 1998 4824 3570 4894">
    <p class='ocr_par' dir='ltr' id='par_1_110' title="bbox 1998 4824 3570 4894">
     <span class='ocr_line' id='line_1_110' title="bbox 1998 4824 3570 4894; baseline -0.003 -12"><span class='ocrx_word' id='word_1_790' title='bbox 1998 4829 2136 4883; x_wconf 90' lang='lat' dir='ltr'><strong>mihi</strong></span> <span class='ocrx_word' id='word_1_791' title='bbox 2169 4826 2495 4881; x_wconf 87' lang='lat' dir='ltr'><strong>medicinam</strong></span> <span class='ocrx_word' id='word_1_792' title='bbox 2547 4824 2740 4889; x_wconf 79' lang='lat' dir='ltr'><strong>facias,</strong></span> <span class='ocrx_word' id='word_1_793' title='bbox 2777 4825 3179 4894; x_wconf 81' lang='lat' dir='ltr'><strong>scientiamque</strong></span> <span class='ocrx_word' id='word_1_794' title='bbox 3216 4826 3269 4879; x_wconf 90' lang='lat' dir='ltr'><strong>in</strong></span> <span class='ocrx_word' id='word_1_795' title='bbox 3300 4841 3386 4879; x_wconf 89' lang='lat' dir='ltr'><strong>me</strong></span> <span class='ocrx_word' id='word_1_796' title='bbox 3409 4841 3570 4880; x_wconf 84' lang='lat' dir='ltr'><strong>exer-</strong></span> 
     </span>
    </p>
   </div>
   <div class='ocr_carea' id='block_1_111' title="bbox 1997 4917 3571 4985">
    <p class='ocr_par' dir='ltr' id='par_1_111' title="bbox 1997 4917 3571 4985">
     <span class='ocr_line' id='line_1_111' title="bbox 1997 4917 3571 4985; baseline -0.003 -10"><span class='ocrx_word' id='word_1_797' title='bbox 1997 4935 2121 4976; x_wconf 87' lang='lat' dir='ltr'><strong>ceas</strong></span> <span class='ocrx_word' id='word_1_798' title='bbox 2152 4922 2399 4972; x_wconf 88' lang='lat' dir='ltr'><strong>omnium</strong></span> <span class='ocrx_word' id='word_1_799' title='bbox 2452 4917 2903 4972; x_wconf 82' lang='lat' dir='ltr'><strong>humanissimam</strong></span> <span class='ocrx_word' id='word_1_800' title='bbox 2938 4958 2954 4983; x_wconf 90' lang='lat'><strong>,</strong></span> <span class='ocrx_word' id='word_1_801' title='bbox 2983 4918 3333 4985; x_wconf 81' lang='lat' dir='ltr'><strong>animamque</strong></span> <span class='ocrx_word' id='word_1_802' title='bbox 3383 4918 3571 4971; x_wconf 86' lang='lat' dir='ltr'><strong>multis</strong></span> 
     </span>
    </p>
   </div>
   <div class='ocr_carea' id='block_1_112' title="bbox 1996 5009 3566 5083">
    <p class='ocr_par' dir='ltr' id='par_1_112' title="bbox 1996 5009 3566 5083">
     <span class='ocr_line' id='line_1_112' title="bbox 1996 5009 3566 5083; baseline -0.004 -15"><span class='ocrx_word' id='word_1_803' title='bbox 1996 5011 2263 5068; x_wconf 88' lang='lat' dir='ltr'><strong>molestiis</strong></span> <span class='ocrx_word' id='word_1_804' title='bbox 2284 5010 2674 5083; x_wconf 80' lang='lat' dir='ltr'><strong>discruciatam</strong></span> <span class='ocrx_word' id='word_1_805' title='bbox 2731 5018 2787 5063; x_wconf 91' lang='lat' dir='ltr'><strong>et</strong></span> <span class='ocrx_word' id='word_1_806' title='bbox 2818 5009 3075 5064; x_wconf 83' lang='lat' dir='ltr'><strong>alllictam</strong></span> <span class='ocrx_word' id='word_1_807' title='bbox 3108 5025 3289 5074; x_wconf 88' lang='lat' dir='ltr'><strong>sanes,</strong></span> <span class='ocrx_word' id='word_1_808' title='bbox 3313 5017 3478 5077; x_wconf 83' lang='lat' dir='ltr'><strong>atque</strong></span> <span class='ocrx_word' id='word_1_809' title='bbox 3510 5009 3566 5062; x_wconf 92' lang='lat' dir='ltr'><strong>in</strong></span> 
     </span>
    </p>
   </div>
   <div class='ocr_carea' id='block_1_113' title="bbox 1997 5100 3570 5171">
    <p class='ocr_par' dir='ltr' id='par_1_113' title="bbox 1997 5100 3570 5171">
     <span class='ocr_line' id='line_1_113' title="bbox 1997 5100 3570 5171; baseline -0.005 -11"><span class='ocrx_word' id='word_1_810' title='bbox 1997 5105 2297 5161; x_wconf 85' lang='lat' dir='ltr'><strong>salutarent</strong></span> <span class='ocrx_word' id='word_1_811' title='bbox 2357 5102 2609 5156; x_wconf 80' lang='lat' dir='ltr'><strong>semitam</strong></span> <span class='ocrx_word' id='word_1_812' title='bbox 2650 5100 2913 5163; x_wconf 88' lang='lat' dir='ltr'><strong>deducas.</strong></span> <span class='ocrx_word' id='word_1_813' title='bbox 2947 5110 3003 5155; x_wconf 91' lang='lat' dir='ltr'><strong>et</strong></span> <span class='ocrx_word' id='word_1_814' title='bbox 3033 5101 3372 5171; x_wconf 65' lang='lat' dir='ltr'><strong>poenitentiae</strong></span> <span class='ocrx_word' id='word_1_815' title='bbox 3407 5100 3570 5153; x_wconf 90' lang='lat' dir='ltr'><strong>indu-</strong></span> 
     </span>
    </p>
   </div>
   <div class='ocr_carea' id='block_1_114' title="bbox 1994 5174 3562 5264">
    <p class='ocr_par' dir='ltr' id='par_1_114' title="bbox 1994 5174 3562 5264">
     <span class='ocr_line' id='line_1_114' title="bbox 1994 5174 3562 5264; baseline -0.004 -13"><span class='ocrx_word' id='word_1_816' title='bbox 1994 5196 2195 5251; x_wconf 88' lang='lat' dir='ltr'><strong>mentis</strong></span> <span class='ocrx_word' id='word_1_817' title='bbox 2254 5174 2622 5264; x_wconf 67' lang='lat' dir='ltr'><strong>operibusque</strong></span> <span class='ocrx_word' id='word_1_818' title='bbox 2647 5192 2890 5260; x_wconf 87' lang='lat' dir='ltr'><strong>judicem</strong></span> <span class='ocrx_word' id='word_1_819' title='bbox 2920 5193 2996 5248; x_wconf 89' lang='lat' dir='ltr'><strong>illi</strong></span> <span class='ocrx_word' id='word_1_820' title='bbox 3031 5194 3099 5247; x_wconf 89' lang='lat' dir='ltr'><strong>ad</strong></span> <span class='ocrx_word' id='word_1_821' title='bbox 3130 5192 3562 5249; x_wconf 79' lang='lat' dir='ltr'><strong>misericordiam</strong></span> 
     </span>
    </p>
   </div>
   <div class='ocr_carea' id='block_1_115' title="bbox 1996 5286 3569 5366">
    <p class='ocr_par' dir='ltr' id='par_1_115' title="bbox 1996 5286 3569 5366">
     <span class='ocr_line' id='line_1_115' title="bbox 1996 5286 3569 5366; baseline -0.003 -23"><span class='ocrx_word' id='word_1_822' title='bbox 1996 5302 2298 5359; x_wconf 73' lang='lat' dir='ltr'><strong>pra-pares.</strong></span> <span class='ocrx_word' id='word_1_823' title='bbox 2332 5287 2426 5341; x_wconf 90' lang='lat' dir='ltr'><strong>llle</strong></span> <span class='ocrx_word' id='word_1_824' title='bbox 2458 5287 2844 5356; x_wconf 88' lang='lat' dir='ltr'><strong>imperatorem</strong></span> <span class='ocrx_word' id='word_1_825' title='bbox 2873 5286 3200 5348; x_wconf 86' lang='lat' dir='ltr'><strong>resalutans,</strong></span> <span class='ocrx_word' id='word_1_826' title='bbox 3228 5302 3337 5339; x_wconf 90' lang='lat' dir='ltr'><strong>non</strong></span> <span class='ocrx_word' id='word_1_827' title='bbox 3376 5286 3425 5339; x_wconf 91' lang='lat' dir='ltr'><strong>ei</strong></span> <span class='ocrx_word' id='word_1_828' title='bbox 3448 5286 3569 5366; x_wconf 70' lang='lat' dir='ltr'><strong>lici-</strong></span> 
     </span>
    </p>
   </div>
   <div class='ocr_carea' id='block_1_116' title="bbox 1996 5377 3567 5447">
    <p class='ocr_par' dir='ltr' id='par_1_116' title="bbox 1996 5377 3567 5447">
     <span class='ocr_line' id='line_1_116' title="bbox 1996 5377 3567 5447; baseline -0.003 -12"><span class='ocrx_word' id='word_1_829' title='bbox 1996 5390 2108 5435; x_wconf 87' lang='lat' dir='ltr'><strong>tum</strong></span> <span class='ocrx_word' id='word_1_830' title='bbox 2137 5395 2258 5434; x_wconf 87' lang='lat' dir='ltr'><strong>esse</strong></span> <span class='ocrx_word' id='word_1_831' title='bbox 2277 5377 2581 5442; x_wconf 77' lang='lat' dir='ltr'><strong>dixit,.vivo</strong></span> <span class='ocrx_word' id='word_1_832' title='bbox 2607 5378 2917 5433; x_wconf 88' lang='lat' dir='ltr'><strong>etiamnum</strong></span> <span class='ocrx_word' id='word_1_833' title='bbox 2945 5386 3119 5447; x_wconf 85' lang='lat' dir='ltr'><strong>patre,</strong></span> <span class='ocrx_word' id='word_1_834' title='bbox 3158 5377 3245 5432; x_wconf 91' lang='lat' dir='ltr'><strong>cui</strong></span> <span class='ocrx_word' id='word_1_835' title='bbox 3269 5392 3329 5431; x_wconf 86' lang='lat' dir='ltr'><strong>se</strong></span> <span class='ocrx_word' id='word_1_836' title='bbox 3352 5378 3407 5431; x_wconf 90' lang='lat' dir='ltr'><strong>in</strong></span> <span class='ocrx_word' id='word_1_837' title='bbox 3449 5378 3567 5446; x_wconf 77' lang='lat' dir='ltr'><strong>spi-</strong></span> 
     </span>
    </p>
   </div>
   <div class='ocr_carea' id='block_1_117' title="bbox 1996 5469 3564 5540">
    <p class='ocr_par' dir='ltr' id='par_1_117' title="bbox 1996 5469 3564 5540">
     <span class='ocr_line' id='line_1_117' title="bbox 1996 5469 3564 5540; baseline -0.001 -15"><span class='ocrx_word' id='word_1_838' title='bbox 1996 5473 2289 5527; x_wconf 82' lang='lat' dir='ltr'><strong>ritualibus</strong></span> <span class='ocrx_word' id='word_1_839' title='bbox 2320 5470 2671 5539; x_wconf 72' lang='lat' dir='ltr'><strong>subiecisset,</strong></span> <span class='ocrx_word' id='word_1_840' title='bbox 2700 5470 2869 5523; x_wconf 87' lang='lat' dir='ltr'><strong>alium</strong></span> <span class='ocrx_word' id='word_1_841' title='bbox 2915 5471 3014 5540; x_wconf 91' lang='lat' dir='ltr'><strong>pr‘o</strong></span> <span class='ocrx_word' id='word_1_842' title='bbox 3056 5485 3123 5524; x_wconf 91' lang='lat' dir='ltr'><strong>eo</strong></span> <span class='ocrx_word' id='word_1_843' title='bbox 3156 5470 3434 5539; x_wconf 79' lang='lat' dir='ltr'><strong>deligere:</strong></span> <span class='ocrx_word' id='word_1_844' title='bbox 3471 5469 3564 5524; x_wconf 88' lang='lat' dir='ltr'><strong>tali</strong></span> 
     </span>
    </p>
   </div>
   <div class='ocr_carea' id='block_1_118' title="bbox 1994 5564 3565 5636">
    <p class='ocr_par' dir='ltr' id='par_1_118' title="bbox 1994 5564 3565 5636">
     <span class='ocr_line' id='line_1_118' title="bbox 1994 5564 3565 5636; baseline 0 -17"><span class='ocrx_word' id='word_1_845' title='bbox 1994 5569 2294 5636; x_wconf 70' lang='lat' dir='ltr'><strong>praesertim</strong></span> <span class='ocrx_word' id='word_1_846' title='bbox 2342 5565 2594 5629; x_wconf 88' lang='lat' dir='ltr'><strong>articulo,</strong></span> <span class='ocrx_word' id='word_1_847' title='bbox 2628 5582 2738 5635; x_wconf 76' lang='lat' dir='ltr'><strong>quo</strong></span> <span class='ocrx_word' id='word_1_848' title='bbox 2773 5565 2900 5619; x_wconf 83' lang='lat' dir='ltr'><strong>hinc</strong></span> <span class='ocrx_word' id='word_1_849' title='bbox 2936 5566 3273 5635; x_wconf 75' lang='lat' dir='ltr'><strong>migraturus</strong></span> <span class='ocrx_word' id='word_1_850' title='bbox 3329 5572 3386 5619; x_wconf 90' lang='lat' dir='ltr'><strong>et</strong></span> <span class='ocrx_word' id='word_1_851' title='bbox 3417 5564 3565 5619; x_wconf 89' lang='lat' dir='ltr'><strong>inter</strong></span> 
     </span>
    </p>
   </div>
   <div class='ocr_carea' id='block_1_119' title="bbox 1994 5656 3561 5727">
    <p class='ocr_par' dir='ltr' id='par_1_119' title="bbox 1994 5656 3561 5727">
     <span class='ocr_line' id='line_1_119' title="bbox 1994 5656 3561 5727; baseline -0.001 -15"><span class='ocrx_word' id='word_1_852' title='bbox 1994 5659 2220 5712; x_wconf 88' lang='lat' dir='ltr'><strong>ordines</strong></span> <span class='ocrx_word' id='word_1_853' title='bbox 2265 5657 2524 5727; x_wconf 74' lang='lat' dir='ltr'><strong>angelicae</strong></span> <span class='ocrx_word' id='word_1_854' title='bbox 2577 5658 2895 5727; x_wconf 77' lang='lat' dir='ltr'><strong>reipublica:</strong></span> <span class='ocrx_word' id='word_1_855' title='bbox 2949 5656 3304 5712; x_wconf 78' lang='lat' dir='ltr'><strong>collocandus</strong></span> <span class='ocrx_word' id='word_1_856' title='bbox 3353 5670 3501 5714; x_wconf 84' lang='lat' dir='ltr'><strong>esset</strong></span> <span class='ocrx_word' id='word_1_857' title='bbox 3545 5674 3561 5711; x_wconf 88' lang='lat'><strong>:</strong></span> 
     </span>
    </p>
   </div>
   <div class='ocr_carea' id='block_1_120' title="bbox 1992 5749 3564 5833">
    <p class='ocr_par' dir='ltr' id='par_1_120' title="bbox 1992 5749 3564 5833">
     <span class='ocr_line' id='line_1_120' title="bbox 1992 5749 3564 5833; baseline -0.001 -29"><span class='ocrx_word' id='word_1_858' title='bbox 1992 5750 2440 5833; x_wconf 83' lang='lat' dir='ltr'><strong>quandoquidem</strong></span> <span class='ocrx_word' id='word_1_859' title='bbox 2479 5761 2534 5805; x_wconf 89' lang='lat' dir='ltr'><strong>et</strong></span> <span class='ocrx_word' id='word_1_860' title='bbox 2576 5750 2641 5805; x_wconf 81' lang='lat' dir='ltr'><strong>in</strong></span> <span class='ocrx_word' id='word_1_861' title='bbox 2683 5752 2833 5805; x_wconf 90' lang='lat' dir='ltr'><strong>omni</strong></span> <span class='ocrx_word' id='word_1_862' title='bbox 2864 5750 2976 5804; x_wconf 85' lang='lat' dir='ltr'><strong>vita</strong></span> <span class='ocrx_word' id='word_1_863' title='bbox 3000 5764 3066 5805; x_wconf 89' lang='lat' dir='ltr'><strong>eo</strong></span> <span class='ocrx_word' id='word_1_864' title='bbox 3091 5760 3430 5820; x_wconf 67' lang='lat' dir='ltr'><strong>praeceptore</strong></span> <span class='ocrx_word' id='word_1_865' title='bbox 3459 5749 3564 5815; x_wconf 90' lang='lat' dir='ltr'><strong>uti,</strong></span> 
     </span>
    </p>
   </div>
   <div class='ocr_carea' id='block_1_121' title="bbox 1994 5842 3565 5915">
    <p class='ocr_par' dir='ltr' id='par_1_121' title="bbox 1994 5842 3565 5915">
     <span class='ocr_line' id='line_1_121' title="bbox 1994 5842 3565 5915; baseline -0.003 -16"><span class='ocrx_word' id='word_1_866' title='bbox 1994 5852 2051 5899; x_wconf 92' lang='lat' dir='ltr'><strong>et</strong></span> <span class='ocrx_word' id='word_1_867' title='bbox 2110 5852 2366 5915; x_wconf 85' lang='lat' dir='ltr'><strong>tanquam</strong></span> <span class='ocrx_word' id='word_1_868' title='bbox 2407 5844 2519 5901; x_wconf 88' lang='lat' dir='ltr'><strong>Deo</strong></span> <span class='ocrx_word' id='word_1_869' title='bbox 2542 5844 2705 5900; x_wconf 87' lang='lat' dir='ltr'><strong>alicui</strong></span> <span class='ocrx_word' id='word_1_870' title='bbox 2732 5843 3044 5900; x_wconf 69' lang='lat' dir='ltr'><strong>auscultarc</strong></span> <span class='ocrx_word' id='word_1_871' title='bbox 3070 5842 3279 5915; x_wconf 72' lang='lat' dir='ltr'><strong>justum</strong></span> <span class='ocrx_word' id='word_1_872' title='bbox 3314 5842 3426 5908; x_wconf 86' lang='lat' dir='ltr'><strong>sit;</strong></span> <span class='ocrx_word' id='word_1_873' title='bbox 3462 5856 3565 5897; x_wconf 81' lang='lat' dir='ltr'><strong>nec</strong></span> 
     </span>
    </p>
   </div>
  </div>
