4212 6444
257 434 366 496 605

1413 419 1959 485 HISTORIARUM
2000 419 2233 480 LIBER
2272 418 2356 476 ιῐ.

3368 407 3476 469 606

258 542 451 601 αὐτοὺς
492 534 644 608 οἶμαι
672 536 927 604 ἐξάρνους
951 534 1282 616 δυνήσεσθαι⁵
1301 534 1552 600 γενέσθαι
1573 550 1587 565 ο
1622 533 1811 585 ἔπειτα
1843 534 1889 590 Δ
1916 555 1921 580 ‹

1843 534 1889 590 Δ
1916 532 2098 594 debet,
2125 530 2400 601 quomodo
2422 544 2515 597 per
2545 525 2696 580 nefas
2729 524 2903 579 aliena
2932 529 3160 590 occupet
3194 538 3207 574 :
3239 522 3332 574 sed
3370 523 3475 586 pri-

256 635 312 686 δὲ
340 632 462 684 οὖδέ
494 629 676 691 ἀνοίας
709 630 806 681 καὶ
853 627 1111 688 ἀϐουλίας
1143 625 1459 678 κατελίπετε
1487 623 1812 692 ὑπερϐολήν.

258 721 363 772 Τδν
395 720 504 786 γάρ
526 718 764 786 ἄρχοντα
793 716 1030 784 πολέμου
1071 715 1132 768 οὑ
1166 714 1270 783 χρὴ
1296 714 1454 766 τοῦτο
1485 713 1648 779 μόνον
1693 727 1817 763 σκο-

259 817 381 863 πεῖν
414 813 559 872 ὅπως
579 809 834 877 ἀδικήσῃ,
868 807 1004 859 άλλά
1028 806 1241 874 πρῶτον
1276 805 1373 871 μὲν
1413 803 1467 855 ετ
1486 819 1547 870 γε
1582 802 1815 871 μωςιστα

258 902 411 970 αὑτῷ
465 901 619 953 τοῦτο
672 899 915 960 δυνατὸν,
951 898 1143 949 ἔπειτα
1189 895 1264 956 δέ,
1298 896 1349 945 εί
1402 895 1495 947 καὶ
1543 893 1816 961 ἀρκοῦσαν

259 992 486 1058 δύναμιν
509 990 623 1058 ἔχει
653 991 788 1060 πρὸς
813 986 872 1041 τὸ
895 988 962 1049 τᾲ
993 985 1315 1055 ἀδικηθέντα
1335 983 1815 1052 διασώζειν.⁹’Υμϊν

260 1081 315 1132 δὲ
343 1081 474 1147 πρός
506 1097 565 1130 τε
597 1081 656 1131 τὸ
704 1079 772 1132 τά
800 1077 1053 1147 ἀλλότρια
1089 1075 1358 1144 ἁρπάζειν
1398 1075 1430 1142 ἡ
1467 1072 1700 1142 δύναμις
1726 1075 1817 1124 ἐν-

260 1166 406 1236 δεὴς,
426 1169 518 1221 καὶ
535 1167 669 1234 πρὸς
685 1166 744 1218 τὸ
770 1166 835 1217 τά
866 1162 1189 1232 ἡρπασμένα
1218 1162 1502 1226 διασώζειν
1533 1160 1813 1230 ἐλαχίστη.

262 1254 455 1321 Λέσϐῳ
497 1254 595 1324 μὲν
622 1257 728 1322 γὰρ
755 1253 1023 1315 ἐπιόντες,
1043 1253 1278 1320 ,Δηλίους
1326 1251 1577 1304 ἐπείσατε
1608 1251 1702 1303 καὶ
1724 1251 1816 1301 Σι-

259 1344 524 1404 κελιώτας
555 1346 863 1412 συμμαχεῖν
885 1359 897 1373 ·
929 1339 1184 1411 βασιλέως
1209 1341 1265 1392 δὲ
1297 1340 1818 1409 ἐπιστρατεύσαντος

263 1433 412 1500 ὑμῖν,
469 1435 517 1486 oi
550 1433 827 1501 σύμμαχοι
857 1432 1061 1502 ᾤχοντο
1098 1431 1241 1500 ὑμᾶς
1290 1430 1668 1492 ἀπολιπόντες,
1697 1427 1818 1481 οὐδὲ
1851 1438 1856 1443 ’

260 1522 400 1574 ὅπλα
433 1522 709 1590 ἀνταίρειν
735 1522 1074 1589 δυνηθέντες.
1120 1520 1304 1589 Ύμῶν
1334 1520 1390 1572 δὲ
1429 1519 1586 1588 μόνον
1623 1517 1818 1570 ὑπολε-

261 1612 598 1680 λειμμένων,
649 1614 696 1664 οί
730 1613 829 1679 μέν
858 1611 1135 1664 ἀπώλοντο
1162 1610 1298 1662 κατὰ
1328 1610 1425 1677 τὴν
1454 1608 1732 1677 Καλλονὴν
1760 1608 1818 1660 ἐν

263 1702 426 1754 πέντε
470 1701 719 1771 τριήρεσι
751 1701 1159 1770 διαφθαρέντες,
1203 1702 1249 1752 oi
1276 1700 1333 1752 δέ
1357 1699 1498 1752 κατά
1522 1699 1621 1768 τὴν
1649 1699 1820 1751 Μιτυ-

262 1792 433 1861 λήνην
461 1794 554 1844 καὶ
599 1790 850 1844 Φώκαιαν
881 1791 1366 1860 ἀποκεκλεισμένοι
1419 1789 1817 1859 πολιορκεῖσθε,

1921 638 2067 676 mum
2091 622 2331 690 quidem,
2365 620 2566 674 satisne
2598 618 2741 670 istuc
2784 611 3067 668 commode
3114 611 3305 679 possit;
3361 621 3473 661 tum

1920 729 1988 767 an
2018 714 2082 768 ad
2115 728 2177 767 ea
2203 728 2322 781 quae
2349 727 2444 778 per
2465 711 2571 764 vim
2600 707 2886 775 occupavit
2944 702 3312 757 conservanda
3358 703 3477 752 suf-

1923 804 2112 858 ﬁciens
2139 805 2190 857 ei
2223 803 2455 856 facultas
2493 800 2656 854 adsit.
2696 797 2863 851 Vobis
2907 804 3087 847 autem
3123 801 3175 843 et
3205 792 3270 843 ad
3299 793 3473 842 aliena

1922 894 2180 962 rapienda
2241 894 2386 945 vires
2413 898 2541 944 sunt
2590 903 2788 956 parvae,
2841 893 2896 938 et
2953 883 3019 936 ad
3074 891 3223 948 rapta
3258 896 3477 932 consur-

1921 987 2094 1039 vanda
2139 983 2490 1052 parvissima.
2533 980 2745 1033 Etenim
2775 977 3010 1029 Lesbum
3071 973 3332 1030 invasuri,
3371 971 3474 1021 fm-

1921 1077 2121 1133 liorum
2162 1074 2580 1140 Siculorumque
2626 1069 2849 1123 auxiliis
2893 1067 3240 1134 indiguistis;
3285 1074 3338 1116 ct
3377 1067 3478 1115 im-

1921 1165 2191 1237 peratoria
2223 1165 2394 1218 classe
2423 1162 2770 1224 adventante,
2799 1159 2930 1213 socii
2967 1157 3214 1209 imbelles
3241 1155 3474 1218 diffuge-

1923 1263 2085 1319 runt;
2114 1267 2167 1308 et
2206 1253 2298 1307 alii
2333 1251 2550 1321 quidem
2599 1258 2839 1303 vestrum
2889 1246 3031 1314 apud
3084 1245 3358 1298 Calloncm
3421 1242 3474 1293 in

1922 1346 2163 1414 quinque
2188 1343 2504 1398 triremibus
2529 1341 2852 1410 perierunt;
2885 1338 2975 1389 alii
3005 1336 3146 1387 intra
3184 1333 3475 1399 Mitylenen

1923 1445 1978 1490 et
2011 1437 2293 1490 Phocaeam
2323 1432 2565 1494 conclusi
2594 1445 2714 1484 cum
2741 1430 2947 1482 incerta
2980 1442 3074 1492 3pc
3106 1425 3303 1477 salutis
3333 1423 3480 1473 obsi-

1925 1526 2148 1581 demiui.
2194 1525 2270 1578 Ac
2305 1524 2472 1576 nolim
2524 1531 2575 1574 te
2624 1519 2810 1572 mirari
2837 1517 2979 1584 quod
3017 1515 3247 1568 dixerim
3275 1513 3475 1564 nullum

1926 1635 2024 1675 vos
2041 1618 2228 1674 salutis
2254 1625 2457 1672 certam
2486 1629 2634 1683 spem
2665 1612 2828 1680 296
2852 1612 3053 1670 fovere,
3081 1609 3289 1661 tametsi
3323 1621 3416 1658 vos
3446 1621 3479 1658 e

1927 1711 2197 1764 mcenibus
2251 1706 2544 1759 fortissime
2594 1703 2932 1762 defendatis;
2993 1715 3094 1753 nec
3156 1700 3328 1752 ullum
3384 1708 3478 1750 aut

1923 1802 2042 1853 leve
2094 1798 2353 1852 damnum
2406 1794 2687 1862 accipiatis
2719 1807 2747 1845 a
2784 1792 2928 1845 saxis
2982 1806 3101 1859 qua:
3128 1805 3158 1843 e
3192 1790 3478 1842 tormentis

263 1880 518 1948 οὐδεμίαν
548 1879 761 1948 ἔχοντες
784 1881 970 1933 ἐλπίδα
993 1879 1216 1948 βεϐαίαν
1257 1880 1549 1949 σωτηρίας.
1582 1879 1672 1948 Μὴ
1696 1880 1823 1932 θαυ-
1853 1868 1894 1923 Β
1919 1893 1926 1961 j

1810 1911 1823 1922 ·
1853 1868 2218 1962 Bjaciuntur,
2267 1903 2297 1941 a
2348 1886 2527 1941 scalis.
2577 1882 2897 1950 ceterisque
2958 1882 3244 1943 machinis,
3274 1894 3392 1949 qua
3422 1881 3473 1934 in

266 1969 446 2040 μάσῃς
476 1971 530 2021 δέ
554 1972 603 2021 εί
640 1969 912 2038 μηδεμίαν
960 1963 1114 2023 εἷπον
1147 1968 1338 2021 ἐλπίδα
1393 1968 1617 2037 βεϐαίαν
1649 1983 1823 2035 σωτη-

266 2061 389 2129 ρίας
413 2061 554 2129 ὑμᾶς
583 2060 750 2129 ἔχειν,
803 2060 978 2114 καίτοι
1017 2059 1406 2127 καρτερώτατα
1450 2059 1826 2125 ἀμυνομένους

265 2147 373 2199 ἀπὸ
403 2147 512 2200 τῶν
530 2149 748 2216 τειχῶν,
777 2146 871 2199 καὶ
884 2147 1166 2217 -μηδεμίαν
1197 2148 1230 2218 ἢ
1254 2146 1440 2215 ὀλίγην
1467 2145 1668 2213 βλάϐην
1691 2146 1825 2196 ὑπο-

268 2239 529 2306 μένοντας
557 2239 665 2291 ἀπό
696 2255 754 2290 τε
783 2238 892 2291 τῶν
926 2238 1304 2292 ἐκπιπτόντων
1328 2238 1426 2306 τῆς
1473 2236 1720 2306 μηχανῆς
1742 2235 1824 2287 λί-

265 2326 401 2390 θων,
425 2327 519 2379 καὶ
549 2325 657 2379 τῶν
698 2327 985 2394 κλιμάκων
1005 2365 1019 2390 ,
1074 2328 1167 2379 καὶ
1199 2326 1309 2378 τῶν
1341 2326 1518 2380 ἄλλων
1571 2325 1826 2394 μηχανῶν

264 2417 373 2468 τῶν
409 2418 547 2469 κατὰ
574 2417 671 2481 τάς
721 2417 920 2486 συχνὰς
964 2417 1321 2486 τειχομαχίας
1369 2417 1822 2486 προσαγομένων.

277 2508 570 2569 Ἀποδείξω
604 2511 711 2580 γὰρ
753 2510 1067 2576 σαφέστατα
1090 2510 1233 2578 ὑμᾶς
1263 2510 1324 2561 οὐ
1359 2508 1491 2561 πολὺ
1524 2507 1828 2577 ἀπέχοντας

265 2595 359 2649 τοῦ
390 2599 448 2650 ἐν
478 2598 726 2668 ἐσχάτοις
752 2597 1016 2659 κινδύνοις
1050 2593 1210 2651 εἶναι.
1240 2597 1419 2667 Τριῶν
1441 2597 1547 2667 γάρ
1598 2597 1766 2649 δντων
1790 2595 1827 2650 ἀ

268 2687 339 2740 ἂν
396 2687 631 2757 μάλιστα
662 2687 946 2749 διασώζειν
1002 2685 1221 2738 δύναιτο
1251 2686 1380 2747 τοὺς
1434 2685 1827 2754 πολιορκουμέ-

268 2795 414 2840 νσυς,
452 2777 546 2831 τοῦ
573 2776 633 2834 τέ
662 2778 828 2831 ποθεν
851 2776 1048 2842 ἔξωθεν
1085 2775 1419 2830 ἐπελθοῦσαν
1442 2775 1674 2845 δύναμιν
1702 2777 1828 2840 τοὺς

266 2867 690 2936 πολιορκοῦντας
722 2868 966 2938 ἀνιστᾷν,
1010 2868 1100 2926 καὶ
1119 2867 1210 2920 τοῦ
1245 2864 1508 2935 ἀφθονίαν
1546 2868 1694 2919 σίτου
1726 2866 1840 2919 καὶ·

273 2958 381 3011 τῶν
415 2956 591 3012 ἀλλων
623 2958 944 3026 ἐπιτηδείων
975 2957 1220 3028 ἔχοντας,
1253 2957 1390 3026 μετά
1418 2957 1702 3029 ῥᾳστώνης
1729 2957 1828 3027 τὴν

267 3051 588 3122 πολιορκίαν
635 3051 937 3120 διαφέρειν,
977 3051 1071 3104 καὶ
1125 3051 1310 3118 τρίτου
1340 3048 1435 3104 τοῦ
1481 3051 1572 3103 τὸν
1607 3050 1826 3119 πολιορ-

1925 1990 2034 2033 tam
2064 1976 2273 2033 crebris
2291 1973 2792 2043 oppugnatibnibus
2838 1973 2903 2024 ad
2943 1986 3129 2025 muros
3177 1972 3477 2025 admoven-

1925 2077 2047 2135 tur;
2073 2068 2463 2124 demonstrabo
2486 2067 2631 2121 enim
2681 2063 3115 2119 luculentissime
3150 2076 3248 2116 vos
3281 2061 3349 2115 ab
3380 2076 3479 2115 ex-

1923 2167 2097 2214 tremo
2124 2158 2440 2213 discrimine
2460 2156 2602 2211 haud
2625 2157 2782 2225 longe
2808 2154 3021 2217 abesse;
3056 2166 3180 2205 nam
3211 2166 3332 2204 cum
3364 2152 3465 2204 tria

1925 2246 2037 2303 sint
2087 2261 2208 2317 qua
2255 2246 2509 2301 obsessos
2545 2259 2762 2300 servare
2817 2243 3071 2311 tuerique
3132 2240 3479 2308 potissimum

1923 2345 2146 2408 queant:
2174 2337 2410 2405 primum
2464 2335 2683 2389 aliunde
2738 2333 3132 2402 superveniens
3193 2329 3479 2392 auxilium,

1923 2444 2033 2497 quo
2062 2427 2270 2482 obsessi
2322 2427 2534 2492 erigant
2565 2425 2813 2487 animos;
2844 2423 3074 2477 alterum
3122 2420 3377 2474 frumenti
3417 2433 3481 2474 ac

1923 2514 2118 2584 reliqui
2150 2521 2486 2570 commeatus
2511 2512 2864 2574 abundantia,
2901 2510 3047 2564 unde
3081 2511 3239 2564 facile
3269 2510 3481 2577 perfer-

1924 2612 2012 2659 tur
2051 2604 2297 2670 obsidio;
2347 2603 2591 2666 tertium,
2622 2603 2842 2671 quando
2889 2602 3061 2656 hostis
3109 2601 3316 2654 diutius
3338 2598 3480 2652 assi-

1925 2695 2055 2751 dere
2083 2703 2178 2750 aut
2230 2695 2542 2764 sumptibus
2571 2693 2839 2757 defectu,
2874 2701 2969 2747 aut
3015 2692 3201 2746 animo
3254 2690 3480 2749 fractus.

1923 2795 2021 2840 aut
2071 2786 2176 2840 alia
2219 2784 2288 2839 de
2338 2799 2501 2839 causa
2556 2798 2664 2838 non
2705 2792 2906 2851 potest:
2939 2797 3043 2852 ego
3078 2781 3287 2835 docebo
3342 2779 3483 2834 nihil

1925 2876 2121 2930 horum
2159 2874 2317 2930 vobis
2347 2874 2559 2930 adesse.
2587 2873 2835 2930 Forsitan
2879 2873 3046 2940 igitur
3081 2871 3348 2926 auxilium
3381 2884 3481 2923 vo-

1925 2967 2013 3022 bis
2079 2966 2439 3030 submissum,
2480 2973 2537 3021 et
2577 2981 2686 3019 non
2721 2964 2940 3019 aliunde
2969 2977 3132 3031 quam
3156 2961 3345 3016 Genua
3375 2963 3486 3030 (ut-

1923 3066 2052 3127 pote
2109 3073 2137 3110 a
2185 3058 2398 3112 civibus
2449 3057 2806 3126 cognatisque
2855 3054 3076 3124 vestris)
3146 3053 3483 3107 submissum

264 3142 464 3195 κοῦντα
481 3143 739 3196 ἀδύνατον
761 3138 903 3194 εἶναι
921 3141 1389 3214 προσκαθέζεσθαι
1424 3141 1456 3212 ἢ
1487 3141 1556 3194 δι’
1588 3141 1822 3210 ἀπορίαν
1848 3177 1892 3243 c
1925 3170 1927 3186 ι

1821 3160 1822 3174 π
1848 3177 1892 3243 c
1925 3143 2050 3243 quis
2083 3143 2496 3211 existimaverit.
2533 3143 2698 3211 Atqui
2733 3142 2838 3197 hoc
2867 3149 2980 3242 tam
3033 3149 3302 3195 remotum
3328 3148 3413 3194 est
3441 3154 3484 3240 ,ο

262 3231 661 3300 ἀναλωμάτων,
697 3231 730 3304 ἢ
755 3231 842 3286 διὰ
872 3232 1258 3302 μικροψυχίαν,
1305 3232 1338 3302 ἦ
1363 3249 1486 3284 τινα
1524 3231 1705 3284 αἰτίαν
1727 3232 1823 3285 ἀλ-

261 3318 386 3388 λην,
427 3321 536 3386 ἐγὼ
587 3323 718 3391 ὑμῖν
778 3322 979 3390 προσὸν
1039 3321 1308 3385 ἀποδείξω
1354 3322 1560 3374 τούτων
1594 3321 1713 3374 οὑδέ
1739 3321 1820 3380 ἐν.

265 3411 382 3480 Τὴν
423 3413 523 3480 μὲν
563 3408 657 3465 οὖν
689 3411 818 3476 ῐσως
855 3413 922 3465 ἂν
959 3413 1293 3465 ἐπελθοῦσαν
1343 3411 1544 3478 ἔξωθεν
1574 3411 1824 3482 βοήθειαν

263 3503 399 3570 ὑμῖν
435 3503 727 3568 οὐδαμόθεν
767 3503 991 3555 ἄλλοθεν
1033 3503 1097 3556 ἀν
1153 3519 1236 3562 τις
1267 3502 1472 3569 οἰηθείη
1518 3501 1550 3571 ἢ
1592 3502 1656 3553 ἐκ
1696 3501 1858 3553 Γενο’

263 3595 430 3654 νούας
459 3588 543 3644 οἷα
596 3593 660 3661 δὴ
689 3594 978 3661 ὁμοφύλων
1016 3594 1186 3645 ὄντων
1231 3595 1358 3663 ὑμῖν
1391 3594 1485 3646 καὶ
1530 3591 1822 3660 συγγενῶν.

266 3682 442 3734 τοῦτο
467 3683 522 3734 δὲ
547 3682 800 3734 τοσοῦτον
853 3683 1044 3751 ἀπέχει
1078 3683 1168 3735 τοῦ
1201 3678 1339 3735 εἶναι
1365 3682 1581 3751 ἀληθὲς,
1612 3681 1643 3750 ἢ
1684 3682 1825 3749 ὑμᾶς

263 3775 475 3826 οἴεσθαι
506 3772 767 3834 ἐλπίζειν,
798 3773 938 3825 ὥστε
978 3774 1290 3825 τούναντίον
1331 3773 1533 3840 μᾶλλον
1563 3772 1647 3841 ἐφ’
1681 3773 1824 3840 ὑμᾶς

264 3865 579 3915 ἐλεύσονται
605 3866 802 3914 ἐκεῖνοι
855 3863 1379 3933 ἐκπολιορκήσοντες
1407 3863 1482 3926 ώς
1531 3862 1824 3930 πολεμίους

263 3952 346 4019 τῷ
377 3952 560 4018 κοινῷ,
594 3952 659 4002 ἂν
681 3951 881 4021 κελεύῃ
925 3951 1199 4020 βασιλεὺς.
1236 3952 1379 4003 Ἰστε
1414 3952 1520 4021 γάρ
1556 3951 1619 4021 δὴ
1657 3951 1825 4019 σαφέ-

266 4059 442 4094 στατα
473 4044 626 4109 ὑμεῖς
650 4041 723 4103 ὡς
748 4043 804 4091 ἐν
837 4041 956 4102 ταῖς
1003 4042 1301 4109 συνθήκαις
1353 4044 1446 4096 καὶ
1489 4042 1599 4103 τοῖς
1622 4042 1826 4108 ὅρκοις,

264 4135 361 4192 οὓς
401 4135 536 4200 πρὸς
591 4133 692 4200 τὴν
745 4132 1021 4197 βασιλείαν
1063 4131 1350 4199 Ῥωμαίων
1398 4131 1432 4198 ἡ
1467 4129 1633 4199 βουλὴ
1663 4130 1759 4182 καὶ
1799 4130 1828 4180 ό

266 4225 442 4291 δῆμος
501 4221 653 4274 ἔθετο
702 4222 965 4285 Γεννούας
1023 4222 1114 4273 ἐπὶ
1144 4223 1208 4289 τῇ
1275 4219 1492 4290 είρήνῃ,
1532 4221 1668 4286 πρὸς
1717 4220 1828 4279 τοῖς

266 4317 451 4374 ἄλλοις
485 4299 870 4382 περιείληπται
906 4310 1203 4374 καὶτοῦτο,
1232 4310 1292 4360 τὸ
1329 4293 1592 4376 μὴμόνον
1625 4308 1685 4360 τὸ
1717 4325 1831 4359 κοι-

268 4411 360 4454 νὴν
393 4404 572 4454 αὐτῶν
631 4403 900 4471 μηδεμίαν
964 4400 1225 4470 βλάϐηνῆ
1259 4400 1459 4466 ζημίαν
1489 4398 1713 4463 ἐπάγειν
1761 4401 1827 4467 τῇ

1924 3232 2172 3296 veritate,
2225 3239 2545 3300 tantumque
2596 3232 2751 3286 abest
2783 3239 2842 3285 ut
2867 3230 2921 3285 id
2945 3230 3274 3300 sperandum
3330 3228 3490 3283 vobis

1922 3325 2015 3391 ait,
2047 3333 2108 3378 ut
2140 3323 2439 3379 timendum
2465 3322 2642 3391 potius
2673 3337 2739 3377 ne
2758 3331 2950 3378 contra
2977 3337 3077 3376 vos
3127 3322 3206 3375 illi
3243 3319 3484 3383 venturi,

1923 3422 1980 3469 et
2009 3413 2264 3467 hortante
2291 3411 2620 3478 imperatore
2651 3418 2712 3464 ut
2739 3409 2991 3465 inimicos
3032 3409 3348 3479 reipublicae
3391 3409 3489 3463 ob-

1925 3502 2128 3558 sessuri
2177 3501 2308 3556 sint.
2366 3501 2527 3556 Scitis
2558 3501 2706 3555 enim
2758 3501 3076 3570 planissime
3104 3500 3277 3568 pactis
3303 3509 3360 3553 et
3389 3498 3489 3552 fm-

1925 3593 2168 3656 deribus,
2199 3606 2320 3661 qua
2349 3606 2471 3645 cum
2503 3591 2749 3645 Romano
2798 3589 3034 3658 imperio
3061 3597 3282 3643 senatus
3313 3604 3490 3655 popu-

1925 3682 2121 3752 lusque
2151 3680 2480 3736 Genuatium
2527 3679 2679 3747 pacis
2730 3692 2891 3731 causa
2955 3677 3105 3740 fecit,
3146 3684 3346 3745 praeter
3379 3678 3484 3731 alia

1926 3772 2032 3826 hoc
2081 3773 2247 3825 etiam
2295 3769 2590 3832 contineri,
2626 3777 2686 3821 ut
2709 3781 3002 3821 commune
3058 3766 3301 3834 ipsorum
3375 3782 3485 3820 non

1926 3861 2090 3916 modo
2123 3860 2332 3915 nullum
2367 3858 2615 3912 Romano
2669 3857 2901 3925 imperio
2954 3855 3344 3910 detrimentum
3391 3855 3490 3909 da-

1926 3965 2185 4006 mnumve
2223 3949 2481 4018 importet
2509 3947 2572 4011 (si
2604 3947 2806 4000 nullam
2849 3945 2978 4000 belli
3011 3945 3357 3999 occasionem
3397 3945 3494 3998 de-

1928 4043 2111 4107 derit),
2139 4040 2233 4094 sed
2263 4039 2449 4109 siquis
2478 4039 2642 4093 etiam
2675 4040 2922 4107 privatus
2957 4038 3264 4091 Romanum
3302 4051 3495 4105 quem-

1930 4133 2072 4202 piam
2103 4131 2343 4194 laaserit,‘
2363 4139 2423 4185 ut
2447 4129 2514 4184 de
2540 4129 2980 4198 possessionibus
3000 4137 3096 4182 aut
3140 4128 3496 4184 facultatibus

1929 4223 2049 4292 ejus
2102 4224 2349 4276 Romano
2417 4221 2584 4276 multa
2636 4221 2898 4275 solvatur.
2961 4219 3052 4274 Sin
3103 4221 3330 4286 imperio
3385 4221 3498 4274 Ro-

1929 4328 2093 4369 mano
2139 4313 2565 4367 detrimentosus
2598 4311 2890 4372 exstiterit,
2941 4319 3035 4362 aut
3092 4309 3350 4373 insulam,
3403 4318 3497 4363 aut

1931 4401 2256 4459 maritimam
2291 4399 2506 4463 urbem,
2541 4407 2635 4452 aut
2661 4397 2807 4451 aliud
2837 4396 3125 4465 diripiens.
3178 4408 3238 4450 ut
3305 4397 3496 4450 eadem

280 4493 566 4558 Ῥωμαίων
618 4492 860 4560 βασιλεία
918 4491 1194 4557 πρόφασιν
1235 4487 1473 4555 πολέμου
1503 4487 1563 4556 οῦ
1596 4503 1827 4555 παρεχο-
1860 4503 1943 4558 οι

1860 4503 1906 4558 ο
1932 4492 2142 4546 ratione
2170 4489 2236 4544 de
2262 4504 2452 4544 eorum
2486 4486 2949 4558 possessionibus,
2998 4496 3092 4540 aut
3123 4486 3493 4556 facultatibus.

271 4587 433 4654 μένῃ,
477 4581 610 4632 ἀλλά
640 4583 732 4633 καὶ
760 4581 854 4632 ἐάν
887 4596 968 4641 τις
1003 4578 1217 4646 ἰδιώτης
1268 4577 1537 4644 Ῥωμαῖον
1570 4574 1826 4644 ἀδικήσῃ,

267 4676 377 4725 ἀπὸ
408 4672 857 4740 τῶν’προσόντων
891 4668 1040 4738 αὐτῷ
1099 4669 1392 4737 κτημάτων
1419 4667 1452 4735 ἢ
1488 4666 1832 4734 πραγμάτων

268 4766 369 4831 τὴν
397 4763 596 4830 ζημίαν
629 4761 1034 4829 ἀπολαμϐάνειν
1063 4760 1153 4811 τὸν
1195 4759 1487 4826 Ῥωμαῖον.
1531 4758 1625 4806 “Av
1660 4756 1716 4808 δὲ
1740 4755 1832 4808 καὶ

267 4859 339 4923 τῇ
373 4853 620 4923 βασιλείᾳ
660 4851 945 4919 Ῥωμαίων
999 4851 1098 4918 τὴν
1132 4849 1334 4917 ζημίαν
1380 4846 1635 4916 προξενῇ,
1675 4846 1708 4911 ἢ
1739 4845 1835 4914 ν’ἧ-

271 4960 367 4995 σον
393 4942 730 5010 διαρπάζων,
763 4940 795 5008 ἢ
824 4940 978 4992 πόλιν
1009 4940 1129 4991 τινὰ
1175 4937 1498 5006 παράλιονή
1534 4951 1585 4988 τι
1626 4935 1831 5001 ἓτερον,

269 5035 365 5087 τὸν
407 5035 516 5085 ἴσον
554 5032 754 5102 τρόπον
784 5031 890 5082 ἀπὸ
945 5030 1052 5080 τῶν
1116 5028 1337 5079 ἐκείνων
1391 5025 1689 5092 κτημάτων
1738 5021 1834 5074 καὶ

272 5125 636 5192 πραγμάτων,
685 5123 733 5174 εί
765 5121 947 5173 πολλοὶ
998 5117 1104 5171 είεν
1136 5119 1167 5187 ἢ
1221 5115 1322 5180 εἷς,
1349 5117 1447 5187 τὴν
1476 5117 1678 5185 ζημίαν
1708 5118 1835 5168 ἁπο-

270 5214 550 5267 τίννυσθαι
584 5213 813 5278 βασιλεῖ,
839 5213 1001 5264 αὐτὸν
1029 5212 1084 5264 δὲ
1107 5209 1439 5279 ψηφίζεσθαι
1475 5210 1734 5275 πολέμιον
1758 5206 1834 5276 τῷ

269 5310 429 5375 δήμῳ
465 5306 558 5358 καὶ
588 5309 652 5375 τῇ
690 5305 869 5374 βουλῇ,
904 5306 998 5357 καὶ
1052 5303 1367 5375 στρατεύειν
1407 5301 1492 5352 ἐπ’
1525 5301 1730 5352 ἐκεῖνον
1760 5301 1834 5360 ὼς

271 5398 502 5449 ἄπιστον
526 5395 620 5447 καὶ
649 5393 915 5463 προδότην
961 5390 1053 5444 τοῦ
1097 5389 1299 5444 κοινοῦ.
1346 5383 1419 5441 Ob
1453 5390 1517 5457 δὴ
1546 5389 1706 5439 ἓνεκα
1741 5387 1833 5440 καὶ

275 5485 502 5555 βασιλέα
563 5483 862 5551 πρεσϐείαν
911 5483 1046 5552 πρὸς
1097 5482 1362 5534 Γέννουαν
1406 5479 1832 5542 ἀπεσταλκέναι,

273 5576 417 5628 ὥστε
473 5574 544 5642 μὴ
604 5576 764 5642 μόνον
815 5573 883 5647 τά
919 5574 1175 5642 κτήματα
1205 5572 1358 5638 ὑμῶν
1387 5571 1496 5622 τῶν
1533 5571 1832 5638 χρημάτων

273 5669 441 5722 ἓνεκα
469 5661 543 5720 ὧν
569 5666 810 5719 ἀνάλωσε
849 5665 1098 5730 πολεμῶν
1139 5665 1264 5732 ὑμῖν
1306 5661 1664 5732 παραλαϐεῖν,
1701 5661 1834 5713 ἀλλά

277 5759 375 5810 καί
405 5758 652 5828 τριήρεις
683 5754 940 5809 καλεῦσαι
976 5753 1188 5824 πέμψαι
1235 5751 1357 5806 καθ’
1392 5751 1549 5823 ὑμῶν
1590 5751 1729 5805 κατά
1768 5751 1834 5804 τά

1933 4599 2029 4638 seu
2060 4583 2270 4652 plures,
2327 4597 2422 4635 seu
2455 4595 2597 4634 unus
2633 4580 2895 4634 duntaxat
2949 4578 3133 4645 fuerit,
3180 4578 3494 4648 imperatori

1932 4673 2183 4737 satisﬁat,
2247 4673 2472 4741 ipseque
2524 4687 2553 4725 a
2596 4681 2789 4725 senatu
2846 4670 3156 4739 populoque
3219 4669 3498 4727 Genuensi

1933 4762 2105 4816 hostis
2131 4761 2426 4832 judicetur,
2491 4768 2546 4834 e_t
2570 4774 2720 4813 arma
2753 4759 2809 4812 in
2844 4759 2995 4813 illum
3030 4767 3088 4811 ut
3121 4757 3391 4826 perﬁdum
3435 4771 3500 4813 ao

1933 4854 2247 4922 reipublicae
2270 4852 2604 4922 proditorem
2624 4852 2929 4920 capiantur.
2951 4851 3121 4921 Cujus
3144 4851 3223 4904 rei
3253 4852 3423 4919 gratia
3443 4860 3500 4906 et

1934 4945 2311 5012 imperatorem
2327 4943 2390 4996 ad
2405 4941 2719 4996 Genuenses
2733 4941 3054 5010 legationem
3078 4941 3286 4994 misisse
3306 4942 3498 5005 nostis,

1934 5046 2040 5086 non
2059 5033 2235 5085 solum
2261 5040 2316 5084 ut
2341 5031 2535 5084 fundos
2563 5039 2617 5083 et
2639 5031 2792 5084 villas
2825 5040 3033 5084 vestras
3057 5031 3126 5083 ad
3166 5029 3500 5084 reﬁciendos

1933 5129 2203 5191 sumptus,
2218 5121 2346 5176 dum
2362 5122 2640 5175 vobiscum
2658 5120 2959 5189 belligerat,
2979 5120 3231 5174 toleratos
3247 5120 3499 5186 recipiat,

1935 5213 2030 5268 sed
2056 5227 2151 5267 eos
2180 5213 2401 5281 insuper
2429 5212 2495 5266 ad
2526 5203 2777 5266 triremes
2801 5212 3100 5266 secundum
3141 5222 3409 5265 conventa
3441 5219 3500 5264 et

1929 5301 2236 5381 iuramenta
2271 5311 2458 5354 contra
2507 5315 2605 5355 vos
2636 5300 2929 5354 mittendas
2965 5300 3265 5370 impulisse.
3301 5298 3501 5365 Quam-

1933 5393 2128 5446 obrem
2192 5405 2302 5445 non
2358 5391 2666 5446 subsidium
2722 5389 2944 5456 Genua,
3027 5392 3122 5445 sed
3175 5391 3377 5444 bellum
3417 5396 3500 5446 ,ει

1936 5483 2150 5538 hostilis
2195 5484 2539 5553 adnavigatio
2593 5484 2764 5554 magis
2809 5483 3170 5552 exSpectanda
3205 5483 3359 5536 vobis
3390 5490 3498 5538 est.

1937 5574 2109 5627 Porro
2142 5583 2197 5627 et
2233 5575 2407 5629 victus
2436 5575 2618 5643 inopia
2646 5589 2746 5628 vos
2774 5574 3048 5638 laborare,
3076 5573 3346 5642 pauloque
3373 5577 3496 5640 post

1936 5661 2081 5728 quod
2118 5662 2384 5716 hscsitetis
2435 5678 2543 5717 non
2578 5664 2880 5728 habituros,
2921 5680 2985 5718 cx
3017 5679 3076 5716 re
3106 5662 3220 5729 ipsa
3250 5661 3374 5715 duci
3404 5677 3494 5714 ar-

1942 5763 2258 5823 gumentum
2309 5755 2674 5819 certissimum
2717 5766 2917 5826 potest;
2960 5755 3107 5824 Quos
3149 5755 3295 5810 enim
3353 5734 3490 5810 urbe
