4212 6444
272 404 378 468 617

1421 404 1968 469 HISTORIARUM
2007 405 2247 467 LIBER
2292 408 2369 469 Il.

3396 419 3498 485 618

273 530 436 568 ποντο
470 514 606 582 μετά
636 513 733 583 τῆς
758 513 925 582 ἀλληης
969 513 1245 583 στρατιᾶς.
1291 506 1441 565 Ἐπεὶ
1475 515 1530 566 δὲ
1563 515 1701 581 μετά
1730 512 1869 581 “rth

1963 510 2075 563 nim
2105 511 2214 571 illis
2243 511 2426 581 nefas)
2455 512 2557 567 nisi
2589 528 2618 567 e
2654 515 2919 583 barbaris,
2954 520 3045 587 qui
3072 518 3276 576 Christi
3302 522 3499 579 Serva-

272 608 503 658 ἐκείνων
534 604 883 674 ἀναχώρησιν
913 604 1250 675 προσῆλθον,
1286 604 1476 657 ἔλυσεν
1512 607 1540 657 ό
1585 605 1836 673 βασιλεὺς

272 696 494 765 πέμψας
543 697 700 760 ὅσους
749 678 991 766 μάλιστα
1031 696 1179 765 ἐνῆν.
1216 696 1354 757 Τοὺς
1406 695 1624 756 πλείους
1666 693 1721 746 δὲ
1757 695 1835 756 είς

271 788 349 839 ἔω
384 789 590 856 ἧγαγον
627 789 719 840 ἐπὶ
739 788 969 856 δουλείᾳ.
1006 787 1263 855 Ῥωμαῖοι
1292 784 1349 838 δὲ
1380 784 1698 854 ἀνθρώπους
1735 782 1834 850 μὲν

269 882 372 932 οὐκ
407 878 942 948 ἐξηνδραποδίζοντο.
987 877 1121 931 Οὑδέ
1173 876 1284 947 γὰρ
1323 873 1535 940 ἔξεστιν
1575 875 1753 934 αὐτοῖς
1785 874 1833 925 εί

274 971 352 1035 μὴ
381 968 489 1019 ἀπὸ
543 966 832 1036 βαρϐάρων
870 965 979 1019 εἶεν
1011 967 1121 1018 τῶν
1169 969 1234 1036 τῇ
1293 966 1546 1034 Σωτῆρος
1594 962 1833 1029 Χριστοῦ

271 1058 415 1128 ὑπὲρ
463 1057 619 1126 ήμῶν
660 1058 942 1127 οἰκονομίᾳ
997 1058 1070 1126 μὴ
1111 1056 1576 1109 πεπιστευκότων.
1629 1054 1836 1122 Βοσκη-

272 1150 465 1218 μάτων
492 1151 548 1203 δὲ
573 1150 879 1221 ἐκράτησαν
905 1150 1086 1220 σχεδὸν
1108 1149 1339 1220 ἀριθμὸν
1371 1149 1469 1199 ὑπε
1480 1147 1828 1217 ρϐαινόντων,

271 1242 521 1293 ἐπίπλων
560 1258 618 1293 τε
653 1241 748 1294 καὶ
798 1241 975 1293 ἀλλων
1036 1241 1201 1293 τινῶν
1238 1239 1537 1310 χρημάτων
1578 1239 1677 1290 οὐκ
1718 1237 1833 1288 ὀλίο

270 1349 406 1400 γων.
452 1332 701 1399 Ἐλέγετο
752 1332 831 1397 δὲ,
886 1332 981 1384 καὶ
1016 1326 1085 1403 ἦν
1133 1331 1347 1401 ἀληθὲς,
1400 1327 1735 1398 ῶς-ὓστερον
1771 1330 1831 1395 ἐξ

270 1423 454 1477 αὐτῶν
479 1425 587 1475 τῶν
632 1424 816 1495 κακῶς
843 1423 1124 1477 παθόντων
1170 1420 1381 1491 βασιλεῖ
1424 1423 1833 1494 προσελθόντων

272 1514 417 1585 μετά
441 1513 539 1584 τὴν
574 1514 861 1583 συμφορὰν
888 1514 1107 1584 ἐκείνην
1133 1514 1232 1584 τὴν
1266 1515 1510 1585 μεγάλην
1533 1514 1831 1586 ἀριθμούν-

268 1623 381 1659 των
412 1606 480 1658 τά
507 1606 687 1659 αὐτῶν
715 1604 938 1672 ἐγένετο
969 1607 1289 1674 καταφανὲς,
1310 1604 1385 1668 ὡς
1416 1606 1755 1677 κρατήσειαν
1782 1608 1830 1657 oi

277 1701 543 1767 Ῥωμαῖοι
577 1699 720 1751 κατά
749 1697 848 1767 τὴν
888 1696 1039 1749 λείαν
1090 1697 1229 1765 βοῶν
1276 1696 1375 1767 μὲν
1408 1697 1701 1765 τριάκοντα
1735 1711 1833 1762 μυ-

1938 600 2074 653 toris
2128 603 2487 655 oeconomiam
2539 620 2645 658 non
2703 608 2937 663 credunt
2972 610 3105 678 (52).
3145 613 3364 667 Pecoris
3398 632 3500 670 au-

1939 697 2046 740 tem
2102 706 2333 745 numero
2370 695 2608 762 quodam
2666 697 2900 763 inﬁnito,
2945 711 3204 768 pra-terea
3269 707 3504 773 supelle-

1935 780 2082 844 ctile,
2108 781 2341 851 aliisque
2370 786 2534 839 rebus
2562 788 2813 855 plurimis
2834 791 2990 858 potiti
3023 803 3169 845 sunt.
3201 794 3501 849 Ferebatur

1934 886 2122 939 porro,
2144 889 2243 929 nec
2266 891 2426 931 secus
2452 888 2591 943 erat,
2618 882 2962 948 postmodum
2985 900 3047 937 ex
3078 884 3211 953 ipsis
3234 888 3499 955 spoliatis.

1938 962 2029 1029 qui
2075 977 2134 1016 se
2163 964 2479 1034 imperatori
2526 967 2884 1033 dedidissent,
2911 981 3105 1039 etpost
3137 975 3499 1031 calamitatem

1936 1047 2083 1101 illam
2136 1065 2386 1120 magnam
2442 1069 2539 1107 sua
2592 1060 3020 1124 recensuissent,
3046 1063 3322 1130 cognitum
3354 1079 3498 1122 esse.

1936 1136 2215 1193 Romanos
2266 1142 2320 1195 in
2354 1146 2535 1212 praeda
2575 1146 2802 1214 adeptos
2831 1149 2996 1203 boum
3032 1161 3294 1212 trecenta.
3327 1170 3500 1222 equo-

1939 1245 2059 1291 rum
2086 1232 2351 1300 quinque,
2386 1236 2571 1289 ovium
2607 1238 2765 1308 303
2798 1241 3093 1296 duodecies
3120 1254 3347 1299 centena
3378 1248 3502 1301 mil-

1933 1318 2031 1374 lia.
2065 1321 2197 1375 Tam
2260 1325 2557 1382 immensos
2605 1345 2796 1398 greges
2841 1346 3000 1401 agere
3058 1337 3333 1390 exercitus
3392 1353 3501 1391 non

1936 1421 2184 1481 poterat:
2212 1415 2304 1469 sed
2338 1418 2591 1473 dominos
2623 1430 2831 1475 tantum
2854 1425 3210 1494 abripientes,
3267 1429 3382 1483 sine
3412 1447 3505 1498 pa-

1937 1502 2177 1560 storibus
2201 1522 2298 1561 eos
2345 1510 2525 1579 vagari
2577 1512 2847 1567 sinebant.
2880 1516 2951 1569 At
2979 1517 3143 1572 urbes
3171 1521 3239 1574 ab
3277 1520 3504 1575 Albanis

1936 1591 2158 1659 indigna
2194 1612 2467 1666 perpessa!
2522 1614 2896 1670 accurrentes,
2938 1623 3278 1679 unaquaeque
3326 1628 3500 1681 quan-

1933 1689 2048 1735 tum
2069 1685 2293 1749 libebat.
2311 1692 2529 1745 nemine
2547 1694 2821 1759 obstante,
2841 1697 3141 1753 auferebat.
3162 1700 3268 1770 Ipsi
3288 1718 3504 1770 posscs-

271 1792 495 1863 ριὰδων,
530 1788 981 1859 πεντακισχιλίων
1007 1789 1063 1843 δὲ
1094 1788 1297 1851 ἵππων,
1327 1787 1611 1856 προϐάτων
1642 1786 1695 1839 δέ
1727 1804 1831 1855 μυ-
1862 1865 1869 1871 Ι

1964 1788 2105 1839 ores,
2142 1793 2264 1831 cum
2297 1778 2364 1833 de
2396 1793 2594 1835 caetero
2625 1786 3022 1855 subjectionem
3057 1794 3504 1871 spopondissem.

270 1885 472 1954 ριάδων
504 1884 678 1936 είκοσι
709 1884 802 1935 καὶ
828 1880 1040 1933 ἑκατόν.
1074 1878 1323 1934 Τοσαῦτα
1354 1878 1409 1931 δὲ
1434 1879 1563 1931 ὄντα
1596 1878 1655 1930 τὸ
1690 1878 1830 1940 πλῆ-
1862 1865 1869 1919 l

1959 1880 2042 1917 ion
2073 1881 2261 1934 parum
2318 1886 2735 1955 recuperarunt,
2772 1894 2869 1947 per
2913 1881 3078 1935 silvas
3112 1893 3169 1937 et
3217 1892 3385 1941 valles
3419 1891 3506 1942 di-

277 1977 395 2039 θος,
430 1977 584 2044 ἄγειν
616 1976 715 2044 μὲν
747 1976 847 2028 οὐκ
881 1973 1108 2044 ἠδύνατο
1144 1975 1178 2043 ή
1220 1972 1471 2041 στρατιὰ,
1525 1970 1656 2023 ἀλλά
1708 1969 1834 2031 τοὺς

262 2054 505 2136 ’ἔχοντας
566 2067 725 2135 μόνον
776 2062 1166 2125 ἀπελάσαντες,
1226 2059 1521 2113 κατέλιπον
1576 2058 1835 2128 φέρεσθαι

269 2156 549 2224 ἁνόμευτα
594 2153 670 2215 ῶς
701 2137 934 2220 ἔτυχεν.’
964 2150 1036 2203 Αἵ
1079 2166 1137 2201 τε
1191 2148 1374 2211 πόλεις
1417 2148 1541 2201 ὅσαι
1573 2147 1837 2217 πρότερον

269 2246 461 2307 κακῶς
492 2245 803 2314 πάσχουσαι
834 2238 976 2313 ἦσαν
1007 2242 1111 2294 ὑπὸ
1153 2240 1452 2300 ’Δλϐανῶν,
1486 2239 1837 2308 ἐξερχόμενοι

266 2322 410 2402 ἦγον
434 2331 533 2383 δσα
559 2329 789 2390 ἕκαστος
813 2327 1065 2380 ἐϐούλετο
1094 2327 1396 2389 κωλύοντος
1423 2326 1654 2391 οὐδενὸς,
1684 2325 1838 2377 αὐτοί

269 2440 336 2475 τε
376 2424 426 2475 oi
473 2411 885 2492 Exov'rsc,pet&
936 2422 997 2471 τὸ
1025 2419 1130 2471 ὑπὸ
1177 2417 1400 2488 βασιλέα
1450 2417 1700 2485 γενέσθαι
1745 2418 1839 2469 καὶ

272 2515 710 2584 ἐπαγγείλασθαι
736 2507 1011 2576 δουλείαν,
1041 2504 1251 2564 πολλῶν
1269 2512 1519 2579 ἐγένοντο
1556 2508 1710 2573 αὖθις
1736 2509 1837 2563 κύ-

266 2608 409 2678 ριοι,
430 2606 570 2660 κατά
590 2605 767 2667 νάπας
801 2605 891 2657 καλ⁵
910 2606 1007 2667 τὰς
1040 2604 1328 2673 φάραγγας
1356 2602 1606 2672 εὑρόντες
1635 2603 1842 2654 διεσκε-

270 2705 545 2774 δασμένα,
582 2701 859 2771 ὠνήσαντό
889 2717 947 2752 τε
974 2698 1067 2753 καὶ
1096 2699 1204 2752 ἀπὸ
1228 2698 1326 2766 τῆς
1350 2700 1608 2768 στρατιᾶς
1646 2698 1836 2749 πολλά·

273 2796 422 2867 ὑπὲρ
453 2792 828 2849 πεντακοσίων
856 2793 953 2846 Eva.
994 2792 1321 2863 παρέχοντες
1372 2790 1605 2862 χρυσοῦν
1638 2791 1844 2860 προϐά-

270 2902 409 2950 των,
441 2887 579 2956 ὑπέρ
608 2882 746 2954 βοῶν
774 2881 849 2946 δέ,
891 2882 1103 2934 ἑκατόν.
1143 2882 1333 2943 Ἐθους
1367 2882 1420 2935 δὲ
1451 2883 1600 2944 δντος
1645 2882 1841 2952 πρότε-

274 2996 375 3052 ρον
399 2979 465 3048 τῇ
494 2975 743 3047 στρατιᾷ,
773 2973 992 3028 ἐπειδάν
1029 2990 1171 3037 τινος
1227 2975 1543 3044 κρατήσωσι
1592 2974 1762 3035 λείας,
1807 2973 1840 3042 ἢ

273 3070 524 3133 πλείονος
552 3069 584 3140 ἢ
610 3068 916 3134 ἐλάσσονος,
942 3066 1039 3134 τὴν
1066 3068 1327 3136 πέμπτην
1366 3070 1561 3137 μοῖραν
1584 3068 1842 3137 παρέχειν

272 3166 555 3234 ἀριστεῖον
591 3161 828 3230 βασιλεῖ,
858 3160 952 3213 καὶ
988 3160 1106 3229 μετ’
1139 3160 1344 3212 ἐκεῖνον
1374 3160 1449 3228 τῷ
1505 3160 1724 3229 μεγάλῳ
1762 3160 1845 3212 δο-

276 3258 529 3327 μεστὶκῳ
559 3257 682 3322 ῐσην
709 3247 796 3305 οἶα
819 3251 881 3318 δὴ
910 3251 1009 3319 τῆς
1034 3253 1333 3335 ’συμπάσης
1364 3246 1650 3321 ἡγουμένῳ
1682 3266 1844 3317 στρα-

272 3352 424 3412 τιᾶς,
458 3348 577 3401 τότε
616 3347 768 3399 οὐδὲν
816 3346 1035 3398 ἐποίουν
1086 3343 1193 3396 τῶν
1245 3342 1534 3397 εἰωθότων.
1590 3343 1724 3393 Οὑδέ
1758 3358 1842 3402 τις

273 3441 511 3513 ῂνώχλει
548 3440 732 3501 αὐτοῖς
772 3436 903 3506 περὶ
931 3436 1027 3504 τῆς
1057 3435 1333 3502 πέμπτης.
1380 3432 1518 3489 Ἀλλ’
1553 3433 1742 3500 ῶσπερ
1783 3430 1845 3494 ἐξ

273 3535 523 3591 ἁεννάων
570 3529 832 3599 ποταμῶν
867 3530 995 3599 ἐξῆν
1043 3529 1259 3596 ἑκάστῳ
1304 3526 1458 3578 ὅσων.
1483 3526 1549 3578 ἂν
1601 3526 1843 3593 βούλοιτο

275 3626 472 3695 κύριος
528 3622 807 3689 γενέσθαι.
845 3620 1082 3674 Τοιαῦτα
1132 3620 1229 3689 μὲν
1285 3619 1531 3672 Ἀλϐανοὶ
1579 3619 1843 3688 πρότερον

272 3720 405 3781 τοὺς
440 3718 729 3787 ἑσπερίους
755 3713 975 3771 ἠδίκουν
998 3731 1010 3742 ·
1048 3714 1307 3777 τοιαύτην
1334 3713 1389 3765 δὲ
1418 3712 1607 3787 ἔδοσαν
1638 3712 1733 3782 τὴν
1764 3711 1844 3762 δί-

273 3830 385 3881 κην
416 3812 555 3878 ὑπὲρ
585 3806 658 3863 ὧν
687 3810 905 3879 ἠδίκουν
939 3808 1183 3877 ὕστερον.
1232 3806 1418 3867 Πόλεις
1462 3805 1517 3857 δὲ
1558 3805 1614 3857 αἱ
1648 3805 1842 3869 πρότε-

276 3919 379 3973 ρον
411 3902 716 3971 πάσχουσαι
739 3900 924 3961 κακῶς
940 3898 1133 3965 διπλῆς
1158 3896 1477 3966 ἀπήλαυσαν
1500 3896 1838 3965 εὐεργεσίαςο

273 3994 549 4065 ἐπηρείας
582 4009 641 4044 τε
681 3993 777 4060 τῆς
809 3993 961 4068 παρά
1003 3989 1274 4043 Ἀλϐανῶν
1303 3989 1719 4058 ἀπηλλαγμένοι
1749 3990 1844 4042 καὶ

271 4086 383 4153 τῆς
418 4083 682 4153 βασιλέως
705 4082 1110 4153 ἀπολαύσαντες
1134 4082 1426 4149 ἐπιδημίας
1451 4083 1540 4134 καὶ
1561 4082 1840 4153 προνοίας.

279 4145 352 4228 ’ό
367 4145 559 4243 μείζω
582 4145 676 4227 καί
708 4145 1093 4245 λαμπροτέραν
1113 4145 1409 4241 αὑτοῖς-τὴν
1431 4145 1627 4242 ἡδονὴν
1647 4173 1843 4237 ἐποίει,

272 4270 380 4321 καὶ
410 4267 603 4336 ἐορτὴν
632 4262 764 4335 ἦγον
790 4265 888 4333 τὴν
916 4265 1107 4316 πασῶν
1146 4266 1527 4333 χαριεστάτην.
1579 4264 1710 4317 Ἀπὸ
1739 4266 1846 4334 γὰρ

270 4359 389 4413 τῶν
420 4358 702 4428 Κομνηνοῦ
735 4356 827 4409 τοῦ
858 4355 1113 4419 Μανουὴλ
1146 4354 1409 4423 βασιλέως
1456 4355 1661 4425 χρόνων
1688 4358 1845 4425 ἄχρις

286 4452 636 4521 ’Δνδρονίκου
655 4449 761 4501 τῶν
786 4447 1164 4515 Παλαιολόγων
1185 4446 1278 4499 τοῦ
1297 4449 1550 4515 δευτέρου
1579 4448 1846 4523 βασιλέως

1941 1972 2129 2025 spersa
2153 1959 2517 2035 invenientes,
2574 1968 2721 2022 etab
2768 1972 3007 2026 exercitu
3062 1990 3279 2045 quoque
3334 1981 3503 2033 multa

1940 2052 2189 2115 mercati,
2223 2068 2322 2121 pro
2350 2056 2667 2126 quingentis
2701 2062 2897 2115 ovibus
2924 2080 3113 2127 unum,
3155 2082 3252 2136 pro
3281 2072 3505 2126 totidem

1937 2155 2068 2194 vero
2102 2142 2275 2197 bobus
2308 2157 2527 2200 centum
2550 2165 2746 2205 aureos
2779 2168 3227 2212 numeraverunt.
3259 2161 3508 2217 Consue-

1939 2242 2091 2285 verat
2121 2243 2278 2288 antea
2331 2240 2607 2294 exercitus
2656 2242 2835 2312 aliqua
2871 2251 3049 2314 praeda
3080 2260 3237 2317 capta
3275 2265 3509 2321 quanta-

1939 2337 2156 2393 cunque
2182 2326 2343 2391 foret,
2374 2330 2619 2397 quintam
2669 2344 2876 2401 partem
2909 2336 3220 2406 imperatori
3275 2345 3326 2397 in
3357 2343 3509 2398 forti-

1941 2414 2146 2470 tudinis
2210 2418 2493 2487 prasmium
2559 2438 2655 2477 seu
2716 2425 3071 2483 honorarium
3126 2431 3369 2499 oilerre,
3444 2451 3510 2489 ac

1940 2508 2242 2576 secundum
2282 2511 2433 2566 illum
2465 2529 2620 2583 asque
2678 2525 2886 2571 tantum
2938 2536 3133 2590 magno
3175 2521 3499 2589 domestico.

1942 2598 2092 2654 velut
2116 2600 2243 2654 duci
2273 2618 2486 2657 summo
2515 2607 2679 2662 totius
2697 2611 2991 2666 exercitus.
3022 2613 3170 2669 lianc
3200 2628 3499 2674 consuetu-

1942 2692 2125 2745 dinem
2150 2702 2277 2773 tunc
2299 2683 2519 2763 penitus
2540 2699 2754 2765 omisit;
2783 2716 2957 2771 neque
2983 2705 3191 2774 fuitqui
3220 2707 3288 2761 de
3309 2711 3502 2777 quinta

1943 2794 2095 2851 parte
2122 2800 2228 2838 non
2265 2787 2474 2841 reddita
2524 2780 2975 2860 conquereretur,
3027 2798 3121 2850 sed
3156 2801 3311 2866 quasi
3345 2817 3374 2854 e
3416 2819 3509 2870 pe-

1944 2879 2205 2932 rennibus
2252 2879 2430 2936 ﬂuviis
2463 2883 2638 2938 cuivis
2670 2876 2933 2954 quantum
2978 2891 3081 2944 sibi
3136 2908 3233 2961 pro
3298 2898 3510 2963 peculio

1944 2967 2129 3032 vellet,
2162 2969 2355 3024 tollere
2384 2971 2659 3041 integrum
2687 2986 2825 3029 erat.
2860 2977 2966 3032 llas
2992 2981 3214 3038 Albanis
3257 2989 3513 3042 occiden-

1946 3059 2149 3136 talibqs
2181 3060 2410 3131 injurias
2465 3065 2795 3135 irrogarunt,
2818 3054 2874 3122 et
2908 3070 3112 3128 hancce
3145 3088 3329 3144 postea
3364 3095 3510 3134 mer-

1947 3150 2133 3204 cedem
2168 3168 2267 3220 pro
2296 3154 2619 3209 malefactis
2650 3159 2972 3215 retulerunt.
3005 3161 3173 3218 Urbes
3208 3182 3336 3222 vero
3359 3170 3512 3238 pritts

1949 3240 2195 3317 direptae,
2228 3242 2503 3312 duplicem
2537 3250 2776 3300 truc-tuin
2812 3264 3198 3320 perceperunt,
3222 3266 3277 3310 et
3308 3261 3513 3327 rapinis

1948 3333 2283 3388 Albanorum
2316 3337 2664 3417 liberataet
2693 3342 2838 3409 quod
2874 3342 2978 3397 illis
3008 3345 3318 3402 uberiorem
3352 3351 3514 3422 liqui-

1951 3424 2267 3495 dioremque
2299 3429 2636 3498 voluptatem
2690 3433 2972 3498 allerebat,
3017 3437 3363 3506 imperatoris
3418 3446 3514 3498 ad-

1951 3528 2115 3572 ventu
2168 3522 2659 3591 procurationeque
2720 3526 3017 3591 perfruita'.
3056 3532 3319 3594 Quocirca
3346 3543 3401 3588 et
3434 3537 3515 3590 fe-

1954 3619 2095 3661 stum
2119 3609 2268 3664 diem
2296 3614 2541 3666 omnium
2573 3616 2627 3668 in
2653 3616 2759 3669 vita
2780 3603 3239 3685 iucundissimum
3258 3630 3511 3695 agebant.

1952 3700 2085 3755 Nam
2116 3719 2147 3757 a
2173 3706 2511 3775 temporibus
2566 3707 2828 3763 Manuelis
2856 3710 3125 3768 Comneni
3167 3717 3513 3789 imperatoris

1954 3810 2126 3863 usque
2154 3796 2219 3847 ad
2250 3797 2395 3851 hunc
2439 3798 2812 3857 Andronicum
2844 3802 3266 3874 Palatologorutn
3313 3826 3514 3867 secun-

1954 3889 2106 3951 dum.
2142 3890 2281 3943 alius
2308 3890 2373 3943 ad
2399 3906 2493 3945 eos
2522 3891 2817 3959 imperator
2845 3910 2951 3948 non
2984 3901 3150 3963 venit,
3195 3917 3369 3971 neque
3404 3916 3512 3960 tam

1954 3982 2184 4037 sollicite
2216 3983 2324 4036 illis
2350 3983 2645 4052 prOSpexit.
2667 3983 2821 4039 Unde
2853 3988 3015 4041 etiam
3049 4005 3155 4043 non
3180 4007 3211 4046 θ
3234 3997 3396 4049 terris
3417 4000 3518 4050 ali-

1954 4089 2116 4150 quem
2150 4075 2457 4137 mortalem,
2494 4074 2589 4128 sed
2620 4084 2876 4145 tanquam
2918 4078 3106 4134 divum
3144 4087 3453 4154 quempiam
3484 4104 3515 4143 e

1956 4167 2110 4222 caelis
2141 4168 2206 4220 ad
2258 4181 2315 4219 se
2350 4167 2567 4222 venisse
2592 4168 3115 4236 interpretatisunt.
3147 4176 3335 4232 Persas
3362 4196 3515 4234 com-

1955 4259 2158 4333 pressis
2190 4258 2417 4312 Albanis
2466 4259 2759 4327 imperator
2798 4261 3007 4317 dimisit
3040 4280 3054 4316 :
3084 4267 3179 4335 qui
3221 4284 3317 4337 per
3343 4271 3516 4327 Thes-

1957 4350 2143 4405 saliam
2202 4349 2524 4423 etBotizeam
2559 4348 2996 4407 Thessalonicam
3029 4356 3401 4424 devenientes,
3429 4365 3516 4417 in-

1959 4445 2025 4496 de
2048 4443 2278 4497 navibus
2306 4442 2357 4495 in
2411 4440 2616 4495 Ioniam
2648 4446 3086 4500 transmiserunt.
3121 4449 3301 4518 Ipsum
3330 4466 3514 4521 autem
3600 4501 3615 4512 .

273 4543 469 4609 ἔτερος
516 4539 761 4607 βασιλεὺς
798 4538 899 4589 οὐκ
941 4537 1287 4607 ἐπεδήμησεν
1323 4538 1528 4601 αὐτοῖς,
1563 4536 1678 4590 οὐδὲ
1713 4554 1847 4606 προ-

1959 4548 2088 4586 cura
2118 4533 2185 4587 de
2216 4532 2520 4601 irruptione
2569 4532 2623 4585 in
2669 4531 3029 4588 Acarnaniam
3080 4543 3332 4596 versabat
3366 4563 3377 4596 :
3408 4563 3518 4613 qtto

275 4634 434 4690 νοίας
465 4631 664 4698 ἠξίωσε
695 4626 984 4697 τοσαύτης.
1007 4628 1097 4680 Διὸ
1124 4630 1215 4681 καὶ
1239 4629 1335 4698 τὴν
1362 4628 1659 4697 ἐπιδημίαν
1681 4629 1848 4682 αὐτοῦ

274 4726 385 4791 οὐχ
416 4722 487 4785 ὡς
520 4723 627 4774 τῶν
654 4721 910 4787 ἐπιγείων
939 4720 1105 4782 τινὸς,
1132 4710 1240 4773 τῶν
1265 4720 1591 4788 κρειττόνων
1616 4720 1673 4787 δέ
1694 4716 1849 4789 ἦγον.

277 4816 427 4876 Τοὺς
484 4814 583 4883 μὲν
640 4810 733 4867 οὖν
786 4814 1000 4883 Πέρσας
1052 4813 1189 4880 μετὰ
1231 4813 1292 4865 τὸ
1338 4812 1853 4865 καταδουλώσασθαι

290 4906 590 4967 Ἀλϐανοὺς
623 4906 957 4974 ἀπέπεμπεν
997 4908 1024 4958 ὁ
1058 4903 1313 4973 βασιλεὺς
1363 4905 1440 4964 εἰς
1474 4904 1573 4972 τὴν
1622 4902 1850 4955 οἰκείαν.

275 5001 349 5054 Οἶ
387 4999 480 5052 καὶ
514 4999 601 5052 διά
628 5000 925 5061 Θετταλίας
972 5000 1065 5052 καὶ
1098 4996 1383 5058 Βοττιαίας
1414 4997 1491 5058 είς
1529 4994 1855 5047 Θεσσαλονί-

277 5109 392 5161 κην
423 5070 857 5160 καταντήσαντες
890 5091 1100 5161 ἐκεῖθεν
1128 5091 1245 5150 ταῖς
1286 5088 1476 5143 ναυσὶν
1505 5089 1855 5159 ἐπεραιώθη-

1950 4625 2130 4680 adhuc
2146 4624 2288 4694 apud
2312 4623 2574 4693 Balagrita
2591 4636 2863 4692 morante,
2878 4627 2944 4682 de
2974 4628 3168 4684 infesto
3188 4633 3521 4701 ejusadven-

1956 4726 2012 4769 tu
2038 4715 2177 4769 fama
2199 4717 2306 4785 jam
2328 4715 2603 4800 divulgata
2624 4718 2828 4772 multus
2847 4724 2993 4773 inter
3006 4724 3322 4779 Acarnanas
3337 4743 3517 4781 sermo

1951 4809 2072 4862 fuit.
2104 4808 2269 4861 Erant
2296 4808 2476 4875 igitur.
2501 4808 2592 4876 qui
2614 4808 2793 4878 neque
2816 4810 2872 4864 in
2895 4812 3056 4867 urbes
3075 4815 3472 4871 admittendum
3500 4862 3514 4884 ,

1954 4914 2133 4967 neque
2173 4914 2200 4950 a
2238 4906 2450 4951 vetusta
2476 4913 2601 4967 erga
2636 4900 2894 4969 Angelos,
2937 4904 3030 4971 qui
3074 4905 3237 4975 longo
3263 4908 3373 4977 jam
3401 4925 3518 4966 avo

1948 4992 2088 5060 ipsis
2143 4989 2571 5057 impcritassent,
2634 4990 3019 5049 benevolentia
3071 4997 3516 5068 desciscendum,

1951 5096 2116 5155 atque
2163 5083 2478 5151 imperatori
2532 5086 2792 5155 deinceps
2823 5088 3147 5157 parendum,
3184 5094 3279 5149 sed
3326 5097 3518 5165 potius

1013 5249 1017 5253 .
1521 5206 1733 5267 Jacobi
1770 5204 2032 5269 Pontani
2068 5211 2252 5263 notas.

358 5314 472 5385 (52)
494 5312 695 5386 θίασοι
726 5301 883 5375 mihi,
929 5309 1079 5386 quod
1108 5310 1230 5379 lego
1259 5310 1702 5386 apud_.l_ac9bum
1742 5309 1852 5363 Bil-
1951 5309 2442 5386 inhttmartntionent
2476 5324 2494 5362 :
2525 5319 2859 5386 quanti-cete
2894 5314 2945 5367 id
2982 5314 3199 5379 faciant.
3236 5318 3339 5386 ipsi
3369 5316 3523 5375 vide-3

276 5380 753 5445 Iiu'tn.'0bs¢ruat.
784 5396 992 5434 sacrar.
1022 5380 1122 5433 lib.
1158 5394 1199 5442 ι,
1233 5396 1355 5449 cap.
1395 5381 1463 5434 40
1519 5380 1656 5434 Cum
1693 5382 1856 5433 innu—

276 5455 458 5511 meris
494 5453 634 5506 locis
680 5450 851 5507 (ἐταξοί
889 5451 1077 5503 Patres
1120 5451 1430 5517 οἰκονομίαν
1464 5452 1584 5502 ἀντὶ
1628 5449 1726 5516 τῆς
1773 5453 1857 5499 ἐν-

278 5522 697 5592 ανθρωπήσεως
728 5536 819 5571 του
854 5518 1404 5592 chtoﬁaccipiant,
1438 5519 1852 5592 eamqneetianl

280 5597 364 5650 ita
398 5589 783 5646 Theudoretus
816 5599 1055 5657 exponat
1095 5590 1147 5641 in
1180 5590 1561 5657 Polymorphn,
1603 5589 1695 5656 qui
1739 5598 1852 5641 tunt
1894 5644 1908 5652 ,

280 5662 755 5734 dispensationem,
786 5660 870 5712 vel
912 5660 1420 5737 administrationem
1472 5670 1683 5737 vertere
1734 5674 1853 5737 ma-

281 5730 433 5790 lunt.
460 5747 621 5798 quam
662 5730 1100 5807 incarnatipuem,
1136 5730 1217 5781 vel
1250 5739 1579 5807 quampiam
1610 5730 1855 5807 immani?

283 5814 479 5859 tatem.
513 5801 598 5853 vel
630 5799 754 5868 (nisi
795 5798 939 5865 quod
992 5801 1092 5851 hoc
1130 5799 1453 5851 vocabulum
1503 5798 1699 5850 durius
1749 5802 1850 5867 est)

541 5899 810 5955 Ριτιιυῑ..
850 5897 964 5953 (in.
1013 5893 1215 5953 CLIII.

1957 5380 2102 5458 rint;
2140 5378 2270 5458 mihi
2315 5380 2535 5457 quidem
2592 5380 2743 5458 nihil
2791 5383 2977 5437 dicere
3011 5378 3331 5458 _videntu'r,.
3372 5394 3519 5458 quod

1956 5449 2132 5525 lector
2177 5446 2351 5525 (irasci
2406 5452 2676 5503 sermonis
2732 5452 2953 5525 ignarus
3010 5446 3309 5525 intelligat:
3356 5446 3527 5517 σωροί

1961 5518 2127 5572 etiam
2201 5517 2433 5596 Budzens
2498 5517 2909 5596 commentariis
2978 5517 3218 5594 linguae-
3268 5529 3522 5596 Graecae,

1961 5591 2277 5670 οἰκονομίαν
2310 5589 2492 5665 valere
2526 5589 3123 5670 €V1‘Ieptbﬁq3t‘ltlﬂior
3148 5599 3257 5670 vita
3291 5589 3521 5665 Christi;

1959 5667 2013 5727 et
2046 5657 2165 5725 ejus
2200 5657 2446 5727 thcurgia
2481 5667 2615 5717 tota.
2651 5657 2704 5711 et
2739 5657 3018 5727 provincia
3051 5666 3127 5719 illi
3158 5684 3187 5722 a
3210 5657 3335 5723 'Deu
3370 5657 3527 5724 Patre

1959 5725 2463 5796 injuncta,‘Gra‘cis
2499 5725 2750 5782 Patribus
2776 5731 3061 5803 οίκονομία
3085 5739 3308 5791 dicitur.

3134 5903 3287 5964 20-
