4212 6444
690 442 794 503 619

1887 440 2214 501 JOANNIS
2253 440 2776 502 CANIYECUZENI

3837 439 3943 502 6Ξο

691 552 894 623 regina:
916 551 1107 618 Annae,
1133 550 1347 623 conjugi
1373 550 1599 607 Joannis
1620 551 1882 623 despotm,
1929 553 2050 608 tiliae
2081 564 2266 623 proto-

2378 571 2472 606 σαν
2510 556 2647 623 προς
2687 555 2916 606 Ἰωνίαν.
2938 552 3107 616 Αὐτὸς
3130 553 3185 606 δὲ
3205 553 3460 606 διενοεῖτο
3480 554 3556 617 ὡς
3578 553 3657 619 είς
3675 553 3945 623 Ἀκαρνα·

691 645 942 700 vestiarii
980 650 1165 714 (quem
1196 652 1535 714 postremum
1585 646 1728 699 inter
1761 647 2119 715 imperatores
2146 645 2262 699 bel-

692 740 806 792 lum
835 737 1179 807 potissimum
1228 736 1498 790 excitasse
1530 737 1843 804 docuimus)
1873 746 1928 790 et
1952 736 2266 805 Niceplioro

687 833 808 900 ejus
838 829 949 882 tilio
981 836 1298 883 constanter
1338 828 1498 882 [idem
1552 830 1876 883 servandam
1920 844 2042 884 esse
2074 843 2264 882 cense-

690 921 842 974 bant.
878 917 1044 989 305
1084 919 1190 973 Alii
1244 929 1459 983 contra,
1495 920 1881 989 imperatorem
1915 920 2140 974 omnino
2179 933 2265 973 re-

691 1011 822 1080 cipi,
856 1025 921 1065 ac
949 1009 1076 1065 belli
1112 1019 1413 1065 sementem
1451 1011 1568 1065 tolli
1611 1012 1890 1067 volebant.
1924 1011 2024 1067 Cui
2048 1012 2091 1066 si
2118 1026 2264 1065 nunc

688 1118 747 1156 se
782 1101 1163 1163 tradidissent,
1218 1109 1274 1155 et
1303 1103 1608 1171 regionem,
1651 1111 1707 1158 et
1742 1104 2070 1175 semetipsos
2104 1104 2264 1159 belli—

689 1188 1256 1243 carumrniseriarum
1304 1189 1581 1244 immunes
1630 1200 2073 1255 eonservaturos,
2124 1190 2265 1260 regi-

689 1294 884 1349 nzeque
931 1294 995 1335 ac
1046 1280 1355 1350 Niceplioro
1409 1284 1528 1350 ejus
1570 1292 1735 1352 gnato
1798 1284 2163 1337 conducibilia
2195 1283 2265 1337 ab

689 1373 1021 1441 imperatore
1063 1373 1370 1441 petituros;
1403 1373 1487 1427 sin
1524 1374 1592 1427 ad
1627 1389 1777 1428 arma
1832 1376 2107 1435 veniatur,
2152 1376 2267 1444 pri-

691 1479 838 1516 mum
870 1462 1096 1532 quidem
1133 1463 1214 1518 illi
1252 1464 1516 1519 resistere
1586 1480 1697 1519 non
1749 1482 1911 1536 posse
1967 1483 2075 1520 non
2104 1468 2267 1522 modo

688 1553 817 1622 quia
839 1554 1145 1608 exercitum
1181 1556 1533 1623 frequentem
1566 1554 1827 1618 adducat,
1882 1571 2071 1610 verum
2099 1557 2264 1611 etiam

688 1643 951 1713 quoniam
985 1644 1075 1713 qui
1107 1645 1183 1698 illi
1227 1659 1353 1699 cum
1378 1645 1554 1713 copiis
1588 1656 1864 1708 occurrat,
1891 1647 2095 1716 quique
2135 1662 2266 1700 con-

689 1742 770 1787 tra
825 1742 929 1790 stet
978 1748 1139 1787 nemo
1168 1734 1261 1793 sit.
1305 1734 1619 1803 Nicephoro
1646 1735 1885 1805 despotic
1922 1738 2031 1790 lilio
2063 1752 2266 1791 annum

688 1823 987 1890 septimum
1025 1822 1272 1877 nomium
1314 1830 1461 1876 nato.
1487 1822 1643 1889 Quod
1675 1825 1720 1877 si
1752 1825 1919 1878 etiam
1949 1826 2265 1893 aliquandiu

2367 644 2485 695 νίαν
2519 643 2795 712 ἐμϐαλών.
2833 643 2956 696 Ἔτι
2997 643 3053 696 δὲ
3102 643 3244 697 κατὰ
3292 642 3360 696 τὰ
3395 642 3710 714 Βαλάγριτα
3739 642 3945 713 διατρί-

2367 733 2514 786 ὁοντι
2565 734 2725 801 λόγος
2772 735 3073 804 Ἀκαρνᾶσι
3118 735 3285 796 πολὺς
3333 734 3546 801 ἑγίνετο
3584 734 3713 804 περὶ
3750 734 3943 787 αὑτοῦ.

2365 827 2526 896 Φήμη
2562 826 2673 895 γὰρ
2726 825 2865 895 διῄει
2906 826 2978 887 ὡς
3011 826 3195 887 αὐτοῖς
3229 824 3673 895 ἑπιστρατεύσει.
3729 824 3795 876 Οἱ
3847 824 3946 890 μὲν

2368 919 2461 972 οὖν
2514 919 2589 989 μὴ
2643 918 2896 988 δέχεσθαι
2952 921 3072 979 ταῖς
3120 919 3339 971 πόλεσιν
3393 916 3801 987 ἠξίουν,,μηδὲ
3845 917 3947 982 τῆς

2368 1010 2610 1071 παλαιᾶς
2637 1009 2850 1070 εὐνοίας
2881 1009 2978 1078 τῆς
3009 1009 3144 1079 πρὸς
3177 1009 3306 1070 τοῦς
3349 1008 3647 1076 Ἀγγέλους
3672 1009 3950 1061 ἀποσταν-

2366 1120 2487 1166 τας,
2521 1104 2686 1156 πολὺν
2722 1104 2821 1175 ἤδη
2847 1104 3037 1173 χρόνον
3064 1101 3334 1172 ἄρξαντας
3364 1102 3565 1166 αὐτῶν,
3600 1097 3705 1153 ὑπὸ
3737 1101 3952 1170 βασιλεῖ

2369 1195 2719 1267 ὑποχειρίους
2776 1196 3048 1261 γίνεσθαι,
3103 1195 3237 1247 ἀλλὰ
3269 1198 3334 1263 τῇ
3383 1194 3646 1248 δεσπότου
3699 1193 3949 1245 Ἰωάννου

2369 1286 2591 1351 γυναικὶ
2645 1288 2709 1353 τῇ
2765 1284 3054 1354 βασιλίσσῃ
3118 1286 3308 1355 ’Λνημ
3361 1284 3395 1354 ἣ
3444 1284 3950 1352 πρωτοόεστιαρίου

2370 1376 2621 1445 Θυγάτηρ
2650 1372 2718 1446 ἦν
2765 1377 3105 1446 Ἀνδρονίκου
3138 1377 3231 1429 τοῦ
3272 1376 3659 1441 ῐΙαλαιολόγου,
3701 1375 3760 1427 ὃν
3808 1376 3954 1428 icto-

2372 1465 2624 1533 ρήκαμεν
2653 1465 2746 1516 τοῦ
2795 1467 2929 1532 πρὸς
2981 1464 3247 1535 ἀλλήλους
3278 1464 3592 1523 τελευταίου
3642 1463 3751 1516 τῶν
3790 1463 3952 1532 βασι-

2368 1556 2507 1607 λέων
2541 1558 2782 1625 πολὲμου
2822 1558 3056 1628 μάλιστα
3079 1559 3404 1611 αἰτιώτατον
3435 1557 3826 1627 γεγενημένον,
3858 1558 3953 1609 καὶ

2374 1648 2675 1718 Νικηφόρῳ
2721 1642 2800 1711 τῷ
2838 1650 3049 1702 ἐκείνου
3099 1649 3254 1703 παιδὶ
3293 1650 3391 1718 τὴν
3428 1650 3610 1703 πίστιν
3642 1651 3833 1719 τηρεῖν
3864 1648 3951 1714 βε-

2370 1739 2642 1793 61ίαν.οἰ
2681 1742 2735 1792 δὲ
2786 1743 3110 1811 ἀντέλεγον·
3161 1746 3257 1795 καὶ
3312 1744 3421 1797 δεῖν
3482 1743 3836 1795 ἐϐουλεύοντο
3865 1742 3952 1793 δέ·

2371 1829 2559 1897 χεσθαι
2593 1830 2839 1897 βασιλέα,
2879 1833 2970 1883 καὶ
3003 1833 3077 1902 μὴ
3110 1832 3346 1901 πόλεμον
3378 1834 3571 1886 κινεῖν.
3612 1833 3952 1902 Προσλωρή-

688 1929 745 1967 se
764 1923 970 1983 queant
1002 1913 1318 1973 defendere.
1354 1913 1528 1969 nihilo
1563 1915 1682 1983 plus
1704 1914 2071 1984 profecturos,
2100 1932 2264 1987 quam

2374 1938 2574 1983 σανταῖ
2606 1922 2714 1991 “έ’⁵’ρ
2754 1923 2947 1992 νῦντῷ
2980 1923 3214 1992 βασιλεῖι
3247 1928 3346 1995 τήν
3381 1943 3436 1976 τε
3471 1927 3660 1996 Χώραν
3686 1910 3955 1994 διατηριῆο

692 2015 750 2059 ut
778 2007 999 2077 regione
1030 2008 1329 2070 devastata,
1350 2009 1646 2062 etconeiso
1672 2009 1938 2071 exercitu,
1962 2010 2180 2065 tandem
2212 2021 2269 2066 et

688 2102 815 2169 ipsi,
842 2114 949 2153 non
986 2099 1181 2153 iisdem
1223 2101 1427 2169 quibus
1458 2118 1634 2163 nunc.
1683 2102 1778 2157 sed
1824 2103 1984 2171 longe
2011 2105 2269 2159 intolera-

688 2193 979 2248 biiioribus
1029 2193 1462 2256 conditionibus,
1501 2195 1852 2264 imperatore,
1889 2196 2017 2265 quia
2060 2196 2265 2252 bellum

693 2285 1010 2351 maluerint,
1037 2285 1339 2341 iratissimo
1370 2287 1713 2342 deditionem
1750 2290 1933 2345 facere
1973 2302 2262 2361 cogantur.

692 2379 817 2435 Haec
867 2381 975 2436 illis
1004 2397 1127 2451 qum
1182 2382 1449 2446 dicerent,
1483 2395 1868 2449 occurrerunt,
1918 2387 2268 2455 Sperantibus

693 2489 801 2527 non
834 2474 937 2529 sibi
969 2470 1146 2529 solum
1207 2483 1264 2529 et
1297 2474 1440 2540 aliis,
1484 2474 1576 2529 sed
1604 2484 1659 2529 et
1686 2474 2030 2544 imperatoris
2059 2477 2268 2532 studio-

692 2569 768 2621 sis
799 2567 886 2637 (ad
909 2581 1045 2637 quos
1099 2566 1424 2621 clanculum
1456 2582 1686 2620 arcanas
1713 2566 1922 2623 litteras
1948 2569 2266 2634 missitarat,

692 2674 804 2729 quo
836 2670 1083 2728 tempore
1113 2657 1339 2712 Albanis
1369 2657 1779 2726 populationem
1843 2660 2275 2730 vastitatemqne.

697 2748 985 2818 inferebat)
1039 2746 1333 2802 consilium
1367 2762 1628 2818 prospere
1657 2744 2001 2803 eventurum.
2028 2747 2166 2805 Cum
2189 2752 2268 2805 sic

700 2842 883 2895 studia
932 2840 986 2893 in
1025 2838 1301 2893 contraria
1344 2838 1753 2901 scinderentur,
1785 2838 1991 2909 placuit
2022 2840 2089 2894 ad
2127 2841 2271 2912 regi-

697 2946 821 2985 nam
854 2945 1073 2999 quoque
1121 2928 1353 2990 referre,
1399 2937 1459 2982 ut
1482 2943 1594 2998 quo
1640 2930 1757 2999 ipsa
1782 2930 2169 3000 propenderet,
2201 2946 2268 2986 eo

696 3039 885 3079 omnes
908 3030 1291 3092 sequerentur.
1311 3020 1441 3087 Qum
1458 3022 1696 3091 primum
1723 3024 1915 3092 gratiis
1937 3025 2093 3090 actis,
2122 3026 2266 3094 quod

696 3133 804 3170 non
838 3117 1059 3171 sibimet
1081 3114 1369 3176 duntaxat,
1394 3114 1488 3168 sed
1523 3113 1626 3183 ipsi
1654 3130 1876 3183 quoque
1935 3126 1991 3170 et
2013 3117 2133 3187 ejus
2158 3118 2268 3171 lilio

2376 2029 2511 2076 σειν,
2544 2016 2637 2067 καὶ
2673 2016 2815 2082 σφᾶς
2842 2016 3048 2079 αὐτοὺς
3075 2016 3183 2069 τῶν
3213 2018 3278 2071 ἑκ
3304 2017 3398 2072 τοῦ
3433 2018 3673 2087 πολέμου
3709 2020 3953 2087 ἀπειρά-

2371 2124 2493 2168 τους
2514 2108 2720 2169 κακῶν,
2742 2109 2836 2161 καὶ
2856 2108 3167 2181 βασιλίσσῃ,
3195 2111 3287 2164 καὶ
3307 2110 3607 2182 Νικηφόρῳ
3634 2110 3708 2182 τῷ
3728 2111 3952 2181 ἐκείνης

2375 2198 2528 2252 παιδὶ
2561 2198 2708 2269 παρὰ
2742 2199 3010 2269 βασιλέως
3036 2201 3113 2258 τὸ.
3136 2202 3487 2273 συμφέροντα
3518 2184 3783 2272 αἰτήσειν.
3821 2202 3952 2255 Ἐὰν

2371 2290 2427 2344 δὲ
2465 2292 2782 2346 καταστῶσι
2833 2293 2970 2360 πρὸς
3019 2292 3111 2345 τὸν
3164 2295 3442 2362 πόλεμον,
3483 2294 3700 2366 πρῶτον
3748 2295 3849 2364 μὲν
3881 2294 3947 2347 οὗ

2370 2382 2696 2453 δυνήσεσθαι
2749 2384 2886 2453 προς
2941 2382 3169 2453 βασιλέα
3223 2387 3609 2455 ἀντισχήσειν,
3664 2388 3726 2440 οὑ
3781 2389 3950 2456 μόνον

2372 2474 2458 2527 διὰ
2497 2476 2557 2529 τὸ
2590 2475 2795 2546 πολλὴν
2841 2478 2997 2544 ἄγειν
3032 2478 3319 2548 στρατιὰν,
3373 2477 3489 2531 ἀλλ’
3541 2480 3624 2532 ὅτι
3668 2480 3765 2532 καὶ
3792 2479 3822 2531 ό
3849 2482 3947 2532 ἁν-

2370 2569 2829 2640 τιστρατηγὴσων
2863 2569 3012 2637 αὐτῴ
3047 2569 3138 2623 καὶ
3194 2568 3330 2639 πρὸς
3381 2569 3473 2622 τὸν
3526 2570 3766 2641 πόλεμον
3798 2571 3949 2624 ἀνττ.

2372 2651 2852 2730 καταστησόμενος
2885 2660 2984 2713 οὐκ
3024 2660 3165 2725 ἔστι,
3203 2660 3521 2732 Νικηφόρον
3550 2661 3645 2715 τοῦ
3681 2663 3946 2716 δεσπότου

2372 2751 2561 2814 παιδὸς
2592 2748 2745 2804 οὔπω
2777 2751 2873 2821 ἑτη
2905 2753 3048 2807 ἑπτὰ
3099 2754 3499 2823 γεγενημένου.
3535 2754 3596 2806 Ei
3632 2754 3687 2807 δὲ
3722 2756 3817 2808 καὶ
3849 2757 3941 2809 ἀν-

2372 2841 2623 2910 τιστῆναι
2644 2844 2968 2911 δυνήσονται
2993 2844 3129 2913 πρὸς
3148 2844 3357 2916 χρόνον,
3378 2844 3529 2899 οὐδὲν
3562 2845 3942 2916 λυσιτελήσειν

2372 2930 2559 2995 πλέον,
2593 2931 2625 3000 ἢ
2661 2932 2788 2984 ὅσον
2810 2933 2909 3002 τῆς
2950 2949 3009 2985 τε
3043 2935 3229 3005 χώρας
3271 2935 3578 2990 ἀναστάτου
3625 2937 3940 3004 γινομένης,

2372 3025 2467 3077 καὶ
2496 3024 2596 3093 τῆς
2623 3026 2884 3093 στρατιᾶς
2916 3024 3351 3097 διεφθαρμένης.
3378 3029 3693 3082 τελευταῖον
3731 3028 3892 3098 βασι).
3925 3032 3946 3081 ῖ

2373 3119 2467 3172 καὶ
2498 3118 2696 3180 αὐτοὺς
2735 3118 2828 3171 ὑπ’
2861 3119 3109 3195 ἀνάγκης
3141 3123 3520 3191 προσχωρεῖν,
3551 3122 3650 3173 οὒκ
3700 3122 3797 3174 ἐπὶ
3832 3126 3947 3184 τοῖς

698 3206 1076 3277 providerent,
1108 3219 1257 3258 arma
1277 3203 1556 3269 dissuasit,
1579 3205 1778 3273 quibus
1794 3221 1902 3259 non
1922 3216 2108 3261 essent
2127 3208 2267 3262 bene

2373 3210 2554 3271 αὐτοῖς
2582 3206 2770 3278 ὥσπερ
2796 3207 2911 3272 νῦν,
2953 3208 3090 3263 ἀλλὰ
3118 3212 3329 3279 χείροσι
3380 3211 3579 3281 πολλῷ,
3610 3213 3748 3284 ὀργῇ
3786 3230 3950 3284 φερο-

693 3296 1043 3353 del'uneturi:
1078 3296 1296 3365 quando
1324 3297 1437 3366 ipsa
1458 3295 1530 3350 sit
1545 3297 1761 3363 mulier,
1796 3297 1938 3351 [ilius
1959 3298 2159 3363 infans,
2189 3301 2266 3354 illi

696 3399 918 3459 propter
954 3390 1325 3457 interregnum
1359 3387 1697 3443 factionibus
1719 3388 1965 3443 distracti
2020 3406 2085 3445 ac
2124 3394 2268 3460 peri-

697 3484 830 3535 turi.
867 3482 1069 3536 Verum
1110 3481 1179 3534 de
1231 3480 1364 3548 ipsis
1391 3479 1875 3549 prudentissimos,
1909 3470 2267 3553 gerendzequ‘e

697 3574 1011 3644 reipublica:
1040 3573 1437 3628 scientissimos
1487 3573 1824 3643 deligendos.
1868 3575 1961 3642 qui
1992 3575 2059 3628 ad
2097 3576 2271 3645 impc-

697 3675 937 3721 ratorem
969 3663 1153 3732 legati,
1186 3670 1413 3731 petant:
1447 3664 1713 3732 primum,
1770 3673 1829 3717 ut
1863 3665 2042 3735 magni
2082 3667 2270 3722 dome-

696 3757 818 3812 stici
852 3756 1019 3809 ftliam
1049 3754 1358 3822 Niceplioro
1395 3753 1505 3807 filio
1533 3740 2028 3822 suo'despondeat;
2061 3766 2202 3827 post,
2223 3759 2268 3812 si

699 3849 815 3903 ﬁeri
869 3856 1055 3917 queat,
1108 3856 1165 3901 ut
1204 3861 1303 3901 eos
1353 3846 1467 3901 suis
1511 3847 1758 3901 viventes
1796 3849 2011 3918 legibus
2042 3866 2269 3921 regnum

695 3940 1079 3995 administrare
1116 3940 1214 4007 pro
1241 3937 1471 3990 arbitrio
1512 3939 1766 4005 patiatur.
1792 3938 1990 4009 Copias
2031 3957 2272 4011 prasen-

698 4042 780 4085 tes
812 4031 1129 4098 tradituros,
1163 4030 1365 4098 quibus
1392 4043 1501 4097 quo
1530 4029 1694 4083 vellet
1726 4039 1977 4086 uteretur
2014 4052 2025 4087 :
2065 4044 2120 4088 et
2153 4035 2270 4104 ipse

699 4125 939 4178 vicissim
980 4125 1024 4175 si
1063 4122 1141 4176 illi
1198 4130 1447 4192 egerent,
1484 4122 1748 4175 auxilium
1779 4124 2176 4193 suppeditaret.
2211 4124 2269 4182 Si

698 4216 786 4269 bis
814 4214 1223 4269 conditionibus
1252 4215 1471 4283 spretis,
1508 4228 1736 4282 regnum
1782 4216 1888 4270 sibi
1939 4217 2272 4274 omnimodis

701 4309 974 4378 subjicere
999 4307 1378 4373 contenderet,
1405 4307 1591 4374 petitis
1619 4323 1740 4377 qua:
1772 4307 1826 4362 in
1859 4324 2036 4374 suam,
2063 4319 2119 4365 et
2149 4310 2268 4377 ﬁlii,

699 4409 756 4454 et
794 4399 1011 4453 illorum
1045 4414 1159 4452 rem
1198 4398 1328 4462 sint,
1362 4400 1411 4451 ei
1441 4394 1747 4465 cedendum
1776 4417 1790 4466 ;
1829 4415 1898 4454 ne
1929 4414 2027 4470 per
2048 4410 2273 4457 conten-

706 4493 905 4545 tionem
956 4498 1013 4544 et
1046 4504 1124 4553 se,
1166 4500 1222 4544 et
1261 4490 1541 4558 regionem
1576 4491 1912 4561 gravissimis
1959 4493 2085 4548 belli
2125 4497 2271 4549 cala-

705 4581 989 4635 mitatibus
1029 4581 1327 4648 involvam.
2206 4568 2213 4577 ί

2379 3301 2542 3368 μένου
2608 3300 2876 3370 βασιλέως
2926 3301 3065 3371 πρὸς
3123 3302 3320 3365 αὐτοὺς
3378 3303 3468 3358 διὰ
3528 3308 3618 3358 τὸν
3677 3306 3944 3377 πόλεμον.

2376 3392 2610 3445 Τοιαῦτα
2634 3392 2690 3445 δὲ
2716 3391 2903 3453 αὐτοῖς
2930 3391 3090 3463 ἑπῄει
3117 3392 3319 3462 λέγειν,
3352 3395 3413 3448 οὑ
3464 3396 3625 3466 μόνον
3672 3400 3947 3470 οἰομένοις

2377 3486 2591 3546 ἑαυτοῖς
2636 3501 2694 3537 τε
2730 3484 2956 3548 καὶτοῖς
2985 3485 3168 3550 ἄλλοις
3213 3486 3311 3557 τὴν
3371 3487 3567 3559 βουλὴν
3618 3489 3943 3558 λυσιτελεῖν,

2377 3576 2513 3631 ἀλλὰ
2540 3577 2634 3628 καὶ
2681 3576 2746 3630 τὰ
2799 3575 3063 3647 βασιλέως
3091 3581 3429 3647 πράττουσιν
3473 3580 3695 3649 ἀφανῶς
3732 3583 3947 3652 (κρύφα

2375 3672 2464 3724 διὰ
2497 3671 2845 3740 γραμμάτων
2879 3671 3015 3742 πρὸς
3036 3673 3230 3736 αὐτοὺς
3263 3672 3640 3743 διειλεγμένου
3677 3675 3798 3726 καθ’
3825 3677 3949 3727 ὅσα

2377 3764 2570 3834 χρόνον
2617 3763 2865 3836 ἑλῃίζετο
2907 3766 2998 3816 καὶ
3042 3764 3266 3834 ἐπόρθει
3328 3764 3662 3832 Ἀλϐανούς).
3695 3763 3856 3818 Οὕτω
3905 3766 3950 3819 δ’

2378 3854 2661 3923 ἑκατέροις
2711 3855 2891 3914 αὐτοῖς
2945 3853 3355 3923 βουλευομένοις
3406 3854 3659 3922 ἀλλήλοις
3700 3856 3947 3917 ἐναντία,

2378 3945 2549 3999 ἑδόκει
2579 3946 2690 3999 δεῖν
2724 3945 2819 3999 καὶ
2851 3946 3136 4017 βασιλίσσῃ
3165 3946 3265 4017 τὴν
3292 3946 3489 4016 βουλὴν
3532 3948 3843 4001 ἀνατιθέναι
3877 3950 3950 4008 ὡς

2378 4039 2512 4093 ἄττα
2540 4037 2605 4092 ἂν
2635 4037 2811 4091 ἑλοιτο
2838 4039 2997 4107 αὐτὴ.
3030 4039 3487 4109 διαπραξομὲνων
3524 4040 3620 4093 καὶ
3650 4041 3837 4094 αὐτῶν
3862 4058 3876 4070 ·
3919 4043 3950 4109 η

2378 4130 2434 4182 δὲ
2470 4129 2663 4198 πρῶτα
2700 4128 2801 4198 μὲν
2829 4128 3099 4197 ὡμολόγει
3127 4130 3358 4199 χάριτας
3397 4130 3582 4191 αὐτοῖς
3622 4130 3841 4196 πολλὰς,
3877 4131 3952 4189 ὡς

2379 4222 2477 4292 οὐχ
2515 4222 2656 4288 ὑπὲρ
2707 4219 2921 4273 ἑαυτῶν
2980 4220 3166 4290 μόνον,
3200 4220 3340 4274 ἀλλὰ
3391 4222 3484 4274 καὶ
3521 4222 3690 4288 αὐτῆς
3728 4226 3819 4276 καὶ
3858 4224 3949 4275 τοι)

2379 4312 2568 4374 παιδὸς
2623 4312 2881 4381 πρόνοιαν
2914 4313 3287 4382 ποιουμένοις.
3342 4313 3703 4368 Συνεόούλευέ
3759 4332 3818 4367 τε
3878 4314 3953 4383 μὴ

2381 4406 2516 4476 πρὸς
2545 4404 2769 4473 βασιλέα
2807 4403 3049 4473 πόλεμον
3079 4407 3251 4457 κινεῖν
3279 4406 3355 4467 ὡς
3382 4406 3481 4457 οὐκ
3535 4406 3949 4468 ἁπαλλάξοντας

2383 4494 2590 4556 καλῶς,
2619 4489 2709 4547 οἷα
2746 4493 2811 4563 δὴ
2840 4495 3010 4563 αὐτῆς
3040 4495 3140 4565 μὲν
3169 4494 3338 4563 οὔσης
3368 4496 3644 4563 γυναικὸς,
3680 4494 3774 4549 τοῦ
3823 4512 3952 4547 παι-

2301 4579 2356 4640 Ῑ)
2381 4588 2467 4648 δὸς
2501 4586 2559 4639 δὲ
2590 4586 2805 4654 νηπίου,
2854 4586 3036 4639 αὐτῶν
3063 4586 3119 4639 δὲ
3154 4586 3245 4639 διὰ
3290 4587 3388 4656 τὴν
3428 4590 3694 4657 ἀναρχίαν
3730 4604 3953 4640 στασια-

706 4676 907 4726 σόντων
942 4673 1081 4745 πρὸς
1109 4673 1375 4744 ἀλλήλους
1436 4675 1527 4727 καὶ
1588 4658 2130 4747 διαφθαρησομὲνωνς
2165 4680 2301 4735 ἀλλὰ
2342 4679 2638 4750 πρεσϐείαν
2682 4681 2819 4751 πρὸς
2880 4680 3106 4749 βασιλέα
3154 4681 3417 4751 πέμπειν,
3468 4682 3593 4746 τοὺς
3647 4681 3949 4734 συνετωτά-

701 4781 827 4829 τους
865 4765 1075 4819 ἑαυτῶν
1102 4766 1193 4819 καὶ
1226 4764 1697 4834 μάλισταιείδότας
1724 4767 2011 4837 πράγμασι
2036 4770 2267 4838 χρῆσθαι
2307 4769 2767 4839 ἁπολεξαμένους·
2834 4771 2928 4822 καὶ
2999 4769 3193 4839 πρῶτα
3221 4771 3322 4837 μὲν
3355 4771 3527 4824 αἰτεῖν
3558 4771 3657 4841 τὴν
3710 4772 3951 4838 μεγάλου

703 4859 1025 4929 δομεστίκου
1073 4859 1348 4929 ουγατὲρα
1409 4859 1705 4930 Νικηφόρῳ
1748 4859 1826 4929 τῷ
1900 4859 2117 4930 ἑκείνης
2188 4861 2339 4919 παιδὶ
2376 4863 2707 4930 κατεγγυᾷν,
2745 4862 3000 4923 Ἔπειτα,
3036 4864 3084 4914 εί
3122 4862 3221 4929 μὲν
3269 4858 3380 4917 οἷόν
3428 4879 3485 4914 τε
3516 4857 3570 4934 ᾖ.
3616 4864 3951 4933 αὐτονόμους

702 4955 820 5024 ἑᾷν,
853 4953 951 5017 τὴν
1002 4951 1140 5007 ίδίαν
1188 4953 1365 5023 ἀρχὴν
1399 4947 1758 5025 βούλωνται
1807 4951 2029 5005 διοικεῖν
2085 4953 2259 5006 αὐτοί.
2301 4954 2571 5022 Στρατιὰν
2616 4952 2672 5006 δὲ
2746 4953 3010 5023 παρέχειν
3059 4952 3160 5024 ὅση
3239 4953 3504 5024 πρόσεστι
3558 4954 3956 5023 πολεμησείον-

707 5065 807 5101 σαν
852 5042 931 5111 οἷς
958 5046 1026 5101 ἂν
1055 5043 1269 5101 κελεύοι
1310 5044 1586 5116 βασιλεύς.
1625 5043 1735 5097 Καὶ
1762 5043 1925 5095 αὑτὸν
1968 5046 2173 5112 ὁμοίως
2234 5043 2299 5099 ἄν
2336 5062 2419 5109 τις
2487 5046 2670 5107 αὐτοῖς
2726 5042 2876 5116 ἑπίῃ,
2936 5045 3262 5114 συμμαχίαν
3317 5046 3579 5114 πέμπειν.
3636 5045 3733 5097 "Av
3790 5045 3845 5096 δὲ
3881 5047 3955 5112 pr;

706 5137 949 5207 βούλοιτο
981 5138 1073 5191 ἑπὶ
1103 5136 1311 5211 τούτοςς
1379 5133 1654 5206 βασιλεὺς,
1685 5133 1800 5187 ἀλλ’
1832 5131 1923 5199 ὑφ’
1985 5131 2167 5201 ἑαυτῷ
2238 5131 2551 5185 παντάπασι
2595 5133 3306 5204 τὴιηὴμετέρανητοιεῖσθαι
3375 5135 3549 5206 ἀρχὴν
3586 5135 3952 5206 φιλονεικοίη.

704 5231 914 5298 ὅσαπερ
944 5230 1009 5282 ἂν
1038 5229 1222 5298 δοκοίη
1246 5230 1367 5298 ἑμοῖ
1401 5245 1460 5281 τε
1494 5227 1586 5279 καὶ
1621 5226 1719 5294 υἱῷ
1753 5226 1848 5277 καὶ
1885 5225 2013 5293 ὑμῖν
2084 5224 2384 5276 λυσιτελεῖν
2412 5225 2834 5296 αἰτησαμένους,
2897 5226 2995 5297 τῆς
3061 5227 3234 5296 ἀρχῆς
3285 5227 3511 5281 καὶτῶν
3535 5226 3749 5281 πόλεων
3778 5247 3956 5296 πιρπι-

702 5328 923 5395 χωρεῖν,
956 5325 1048 5377 καὶ
1079 5324 1154 5396 μὴ
1186 5324 1274 5376 διὰ
1303 5320 1640 5377 φιλονεικίαν
1669 5317 1891 5380 ἑαυτούς
1930 5334 1985 5369 τε
2035 5317 2130 5369 καὶ
2164 5318 2275 5385 τὴν
2300 5315 2485 5385 χώραν
2548 5321 2660 5381 τοῖς
2693 5320 2756 5372 ἑκ
2833 5318 2929 5371 τοῦ
2973 5319 3215 5389 πολέμου
3257 5320 3449 5382 κακοῖς
3491 5320 3749 5389 ἐσχάτοις
3790 5336 3956 5393 περι-

630 5444 631 5447 ‘
698 5430 937 5484 ϐάλλειν.
