4212 6444
275 398 380 456 62:)

277 598 412 672 ἧκεν
440 605 960 674 είἊδριανούπολιν,
987 609 1103 660 ἐκεῖ
1127 610 1255 672 τοὺς
1283 611 1493 679 γάμους
1515 613 1841 667 ἐκτελέσων.

309 691 418 745 Ηκε
461 695 513 748 οὲ
563 699 655 748 καὶ
711 699 740 748 ὁ
793 699 901 750 τῶν
953 699 1158 754 Μυσῶν
1209 701 1464 769 βασιλεὺς
1501 703 1846 775 Ἀλέξανδρος

279 786 432 848 ἄγω-ι
460 791 554 842 καὶ
581 787 672 840 τὸν
703 789 816 842 υίδν
835 791 1064 860 Ἀσάνην
1106 795 1346 864 Μιχαὴλ,
1379 795 1604 865 βασιλέα
1635 799 1730 852 καὶ
1753 798 1850 851 αὐ-

276 877 366 926 τῐν
403 884 920 952 κεχειροτονημένον
956 884 1047 937 ὑπ’
1095 888 1282 951 αὐτοῦ,
1335 891 1430 944 καὶ
1455 889 1694 958 εὐλογίαι
1746 891 1846 959 μὲν

277 971 370 1016 iui
401 969 500 1021 ὅσα
534 973 694 1042 ίερῶς
714 961 1023 1044 νενόμισται
1064 980 1154 1030 ἐπὶ
1189 983 1296 1042 τοῖς
1328 981 1524 1049 γάμοις
1558 981 1706 1034 ἔνδον
1731 985 1850 1036 ἐτε-

277 1059 464 1111 λοῦντο
495 1063 593 1132 τῆς
638 1065 846 1130 πόλεως
889 1068 1188 1140 Ἀδριανοῦ.
1223 1073 1461 1143 Εὑωχίαι
1485 1075 1540 1127 δὲ
1570 1075 1664 1128 καὶ
1693 1076 1846 1128 πότοι

279 1153 374 1202 ναι
413 1154 511 1206 ὅσα
551 1159 688 1225 πρὸς
743 1160 938 1230 τέρψιν
976 1163 1266 1235 ἐξεύρηντο
1301 1169 1400 1237 τῆς
1441 1169 1653 1238 ἑορτῆς»
1696 1172 1848 1241 ’νεαρὰ

275 1244 404 1304 τοὺς
457 1246 554 1314 τῆς
593 1249 892 1321 Κομνηνῆς
941 1259 1524 1328 προσαγορευομένους
1575 1261 1846 1330 λειμῶνας

275 1333 336 1384 οὗ
388 1337 524 1390 πολὺ
555 1339 658 1409 τῆς
701 1341 910 1408 πόλεως
953 1347 1304 1419 διεστηκότας
1341 1353 1491 1421 παρὰ
1539 1351 1638 1421 τὴν
1675 1354 1846 1407 Τοῦνυ

275 1425 410 1517 τζαν
451 1428 844 1502 ὠνομασμένον
919 1443 1202 1509 ποταμόν.
1271 1443 1443 1496 Ὀκτὼ
1503 1447 1560 1498 δὲ
1610 1447 1844 1517 ἡμέραις

286 1514 572 1588 Ῥωμαίων
592 1537 651 1575 τε
677 1527 771 1580 καὶ
795 1528 998 1583 Μυσῶν
1013 1533 1259 1594 τοὺςτῶν
1283 1535 1562 1604 σφετέρων
1581 1514 1846 1606 βασιλέων

276 1609 490 1678 γάμους
517 1623 1008 1688 συνεορτασάντων,
1032 1627 1096 1695 τῇ
1125 1626 1320 1698 ὲννάτῃ
1340 1627 1456 1696 ἅμα
1475 1628 1569 1698 ἕῳ,
1593 1628 1848 1699 βασιλεὺς

303 1699 634 1775 Αλέξανδρος
655 1711 749 1762 καὶ
779 1711 961 1764 Μυσοὶ
1007 1716 1104 1786 τὴν
1131 1716 1392 1785 βασιλέως
1423 1719 1717 1792 θυγατέρα,
1754 1721 1848 1790 βα-

277 1795 455 1848 σιλίδα
489 1798 546 1850 δὲ
577 1799 756 1853 αὐτῶν
805 1804 1026 1874 Μαρίαν
1054 1806 1152 1879 τὴν
1200 1810 1624 1880 Παλαιολογὶναν
1661 1831 1844 1884 παραο

275 1881 536 1947 λαϐόντες
583 1888 940 1960 ἀνεχώρησαν
985 1895 1064 1956 είς
1107 1896 1208 1966 τὴν
1253 1898 1490 1954 Μυσίαν·
1541 1881 1759 1956 εἵποντο
1787 1902 1842 1956 δὲ

275 1974 416 2044 αὐτῇ
453 1978 545 2029 καὶ
579 1978 867 2050 Ῥωμαίων
897 1985 961 2038 ὲκ
1013 1988 1122 2042 τῶν
1156 1991 1436 2058 ἐπιφανῶν
1483 1992 1670 2047 πολλοὶ
1715 1993 1846 2065 ἄχρι

276 2067 563 2160 Τρινόϐου.
625 2075 769 2129 Ἐκεῖ
808 2077 864 2130 δὲ
901 2080 1376 2153 ὑπολελειμμένων
1417 2087 1526 2140 τῶν
1569 2088 1721 2159 παρὰ
1751 2091 1848 2160 βα-

275 2159 470 2223 σιλέως
500 2167 848 2233 τεταγμένων
877 2169 963 2223 ἀεὶ
988 2175 1056 2242 τῇ
1090 2173 1325 2246 θυγατρὶ
1355 2183 1618 2243 συνεῖναι,
1659 2184 1708 2234 oi
1735 2159 1845 2234 λοι-

275 2257 376 2304 ποὶ
415 2255 768 2326 ἀνεχώρησαν
806 2261 892 2316 ἐπ’
926 2265 1093 2324 οίκου.
1129 2268 1285 2322 Μετὰ
1313 2271 1368 2322 δὲ
1395 2273 1587 2340 χρόνον
1616 2275 1714 2327 οὐκ
1741 2275 1850 2328 ὀλί-

277 2361 396 2408 γον,
452 2347 500 2398 oi
555 2349 707 2420 παρὰ
753 2350 1044 2425 ’Δκαρνάσι
1095 2361 1172 2432 μὴ
1226 2361 1539 2434 βουλόμενοι
1577 2367 1850 2422 δουλεύειν

279 2437 514 2506 βασιλεῖ,
546 2443 684 2498 ἀλλὰ
715 2449 806 2500 καὶ
835 2451 962 2514 τοὺς
1007 2453 1204 2518 ἄλλους
1258 2457 1526 2530 πρότερον
1563 2461 1844 2534 ἐξορμῶν-

279 2547 376 2630 τες
408 2535 544 2630 πρρς
570 2537 659 2591 τὸν
687 2541 942 2612 πόλεμον,
978 2549 1168 2616 καιρὸν
1194 2550 1406 2616 ἑαυτοῖς
1429 2554 1566 2625 πρὸς
1593 2573 1822 2630 νεωτερι

279 2625 420 2718 sub)
451 2621 586 2680 εἶναι
614 2631 714 2699 τὴν
750 2632 1016 2702 βασιλέως
1059 2640 1378 2713 ἀποδημίαν
1422 2621 1718 2718 οἰτιθέντες,
1752 2621 1848 2708 καὶ

275 2715 501 2813 ἑτέρους
545 2729 1093 2800 προσεταιρισάμενοι
1121 2734 1372 2803 πολλοὺς,
1407 2715 1616 2811 ’Δρταν
1665 2715 1764 2812 μεν
1812 2744 1847 2813 ἢ

399 2808 754 2907 ’.ιξκαρνανῑας
769 2818 844 2882 ὡς
869 2823 1016 2890 παρὰ
1039 2826 1334 2895 κεφάλαιον
1347 2831 1454 2884 τῶν
1477 2808 1685 2888 πόλεών
1707 2808 1846 2904 tam,

277 2899 547 3000 inutilem;
599 2909 1000 3000 d-Baetlfrtqc
1053 2918 1318 2990 κατέσχεν
1349 2922 1465 2991 ἅμα
1504 2899 1847 2995 Καϐασίλαςς

277 2995 600 3062 ἀποστήσας
632 2997 918 3068 βασιλέως·
951 3009 1164 3062 καὶτὸν
1201 3017 1664 3086 πρωτοστράτορα
1687 3019 1849 3072 αὐτό-

358 3085 702 3184 διατρίϐοντα
725 3095 806 3155 είς
830 3095 1201 3168 δεσμωτήριον
1231 3104 1440 3174 ἤγαγον
1473 3109 1576 3162 ὑπὸ
1599 3083 1842 3184 -ςῲουρᾷ,

1425 403 1976 464 HISTORIARUM
2017 403 2254 464 LIBER
2300 405 2378 464 ll.

281 514 457 564 relata
513 527 1006 584 παρεσκευασμένα
1057 511 1157 586 ἦν,
1211 517 1350 586 ἄρας
1397 521 1460 572 ἐκ
1514 519 1836 584 Βυζαντίου,
1876 521 1920 577 Α

1949 516 2153 571 nobum
2185 519 2646 586 prosequentibus
2695 535 2706 570 :

3409 403 3516 464 630

2755 519 2846 573 ubi
2877 517 3285 573 remanentibus
3310 533 3448 586 quos
3467 520 3516 574 ei

1949 623 2103 682 pater
2135 621 2430 680 perpetuos
2464 612 2788 668 honorarios
2820 613 3166 676 attribuerat,
3200 612 3382 666 caeteri
3431 625 3520 664 re-e

1949 711 2256 759 verterunt.
2287 703 2456 758 Multo
2478 713 2601 773 post
2631 705 2684 757 id
2717 715 2950 772 tempus,
2975 705 3070 773 qui
3107 718 3164 758 se
3187 704 3330 770 apud
3354 704 3523 756 Acar-

1949 811 2120 851 nanas
2162 797 2480 866 imperatori
2516 797 2776 852 nolebant
2825 797 3119 868 subjicere,
3178 807 3232 852 et
3292 809 3522 851 caeteros

1949 904 2169 960 quoque
2218 891 2286 945 ad
2329 905 2480 946 arma
2529 889 2909 954 stimulabant,
2951 891 3069 960 ejus
3102 891 3404 945 absentiam
3453 889 3519 943 ad

1952 995 2040 1034 res
2059 983 2338 1036 novandas
2364 990 2731 1051 opportunam
2757 989 3086 1046 statuentes,
3122 982 3436 1051 complures
3466 982 3519 1034 in

1949 1073 2266 1128 sodalitium
2307 1089 2467 1128 suum
2521 1075 2887 1144 pellexerunt.
2939 1075 3008 1129 Et
3069 1075 3258 1128 Artam
3299 1075 3522 1142 quidem

1951 1166 2168 1220 urbium
2219 1167 2542 1220 Acarnaniae
2603 1168 2752 1222 velut
2807 1175 2990 1236 caput,
3033 1167 3290 1222 Nicolaus
3324 1167 3524 1220 Basili-

1953 1265 2065 1309 tzes
2097 1263 2152 1309 et
2181 1254 2458 1310 Cabasilas
2490 1271 2520 1310 a
2575 1255 2682 1310 ﬁde
2715 1257 3062 1326 imperatoris
3087 1271 3332 1312 aversam
3359 1271 3524 1310 occu-

1951 1356 2240 1417 paverunt,
2275 1363 2340 1403 ac
2369 1357 2818 1416 protostratorem
2843 1348 2953 1403 illic
2982 1347 3274 1418 degentem
3321 1349 3378 1404 in
3405 1365 3524 1403 car-

1951 1455 2156 1502 cerem,
2183 1438 2448 1495 adhibitis
2483 1441 2806 1495 custodibus
2847 1451 3263 1510 compegerunt.
3297 1439 3524 1495 Alexius

1949 1529 2227 1586 Cabasilas
2276 1529 2527 1600 Rhogum
2576 1531 2894 1587 vindicavit.
2927 1531 3300 1602 Quadraginta
3351 1546 3519 1601 porro

1949 1623 2196 1694 ejusdem
2221 1625 2614 1695 conjurationis
2643 1625 2908 1681 satellites
2954 1635 3010 1680 et
3041 1625 3354 1680 administri
3377 1625 3521 1680 Tho-

1949 1723 2282 1770 mocastrum
2301 1715 2370 1770 ad
2410 1731 2560 1770 mare
2587 1715 2751 1786 310
2783 1715 3080 1770 Adrianum
3116 1732 3130 1769 :
3163 1730 3290 1770 cum
3309 1715 3520 1768 nullum

1949 1811 2210 1872 prteterea
2229 1803 2490 1874 oppidum
2514 1804 2796 1870 deficeret,
2817 1805 2912 1860 sed
2940 1804 3144 1860 recenti
3169 1819 3388 1874 semper
3412 1815 3528 1859 stu—

1949 1892 2042 1948 dio
2103 1895 2593 1966 benevolentiaque
2653 1911 2781 1966 erga
2837 1896 3227 1966 imperatorem
3279 1895 3520 1950 ﬂoreret.

1949 1987 2233 2056 Erantque
2281 1988 2478 2057 oppida
2517 1988 2608 2042 illa
2657 2003 2766 2042 non
2813 2002 2988 2057 pauca
3031 2001 3184 2053 sane,
3219 1987 3524 2057 Mesopota-

1951 2094 2124 2146 mum,
2154 2079 2412 2149 Sopotus,
2449 2079 2752 2142 Chimarra,
2801 2080 3274 2148 Argyrocastrum,
3331 2079 3524 2150 Parga,

1952 2169 2186 2228 Sanctus
2217 2171 2480 2235 Donatus,
2521 2171 2994 2240 Angelocastrum,
3045 2170 3336 2226 Joannina.
3393 2171 3522 2226 ltem

1953 2261 2249 2330 Eulochus,
2289 2263 2520 2326 Baltum,
2561 2271 2616 2316 et
2669 2261 2774 2316 alia
2814 2262 3034 2316 castella
3080 2261 3406 2331 compluria.
3457 2265 3526 2318 At

1951 2357 2098 2412 enim
2120 2356 2430 2411 desertores
2457 2354 2532 2408 illi
2554 2369 2650 2422 per
2687 2354 2898 2424 legatos
2927 2370 2957 2409 a
2983 2354 3206 2409 domina
3225 2353 3522 2410 Tarentina

1951 2450 2326 2520 Nicephorum
2355 2448 2600 2518 despotaa
2639 2449 2836 2514 lilium,
2863 2447 2968 2502 sibi
3007 2457 3065 2502 ut
3099 2449 3340 2517 parentis
3394 2449 3526 2520 legi-

1919 2545 2148 2599 ‘timum
2203 2557 2580 2598 successorem
2617 2542 3014 2612 imperaturum
3067 2543 3422 2611 repetebant;
3469 2551 3524 2596 et

1953 2637 2116 2694 simul
2168 2635 2454 2696 auxilium,
2501 2649 2610 2704 quo
2639 2641 2694 2688 et
2723 2632 2858 2687 alias
2883 2632 3071 2697 urbes,
3119 2633 3165 2686 si
3195 2641 3390 2702 sponte
3425 2649 3520 2689 sua

1952 2727 2181 2790 nollent,
2240 2726 2306 2781 ad
2359 2725 2724 2781 defectionem
2794 2738 2990 2794 cogere
3025 2731 3272 2792 possent,
3315 2724 3524 2794 ﬂagita-

1951 2817 2106 2873 bant.
2138 2814 2431 2868 Tarentina
2457 2814 2716 2883 princeps
2745 2811 3114 2881 Nicephorum
3145 2811 3211 2866 ad
3243 2827 3302 2866 se
3331 2813 3524 2867 confu-

1951 2910 2188 2980 gientem
2231 2907 2352 2962 lana
2390 2906 2634 2975 excepit,
2678 2907 2824 2974 quod
2853 2918 2952 2973 per
2979 2904 3158 2974 ipsum
3183 2918 3242 2958 se
3277 2904 3330 2957 in
3360 2906 3524 2956 Acar-

1951 3001 2115 3055 nania
2175 3007 2522 3069 regnaturam
2569 2996 2892 3052 confideret.
2955 2997 3104 3060 Post,
3169 2995 3524 3050 ubiaudivit

1953 3095 2218 3167 quosdam
2253 3097 2320 3150 ab
2351 3096 2680 3164 imperatore
2732 3091 2800 3146 ad
2849 3090 3001 3145 illum
3055 3089 3376 3152 descivisse,
3413 3104 3518 3143 non

291 3177 533 3273 msero;
582 3183 641 3237 δὲ
691 3186 1010 3256 Καϐασίλας
1031 3195 1130 3262 τὴν
1170 3197 1392 3266 Ῥωγώ.
1431 3177 1848 3273 Τεσσαράκοντα
1877 3189 1918 3245 C

1953 3191 2120 3244 invita
2139 3205 2262 3246 cum
2301 3205 2404 3243 una
2438 3187 2672 3241 filiarum
2707 3185 2864 3257 (duas
2887 3184 3032 3240 enim
3063 3183 3320 3250 habebat)
3341 3182 3518 3238 eidem

274 3270 338 3370 es
388 3274 485 3370 τῆς
510 3277 691 3370 *αὐτῆς
739 3285 1063 3349 συνομοσίας
1111 3289 1309 3360 ἕτεροι,
1339 3293 1399 3344 τδ
1444 3270 1848 3370 Θωμόκαστρον

275 3365 686 3437 ὀνομαζόμενον
731 3375 998 3443 παράλιον
1027 3377 1086 3430 ὂν
1131 3382 1271 3434 κατὰ
1299 3383 1396 3453 τὴν
1447 3384 1722 3442 θάλασσαν
1747 3365 1847 3458 τὴν

281 3459 428 3526 πρὸς
489 3461 728 3530 ’Δδρίαψ
776 3467 889 3520 τῶν
931 3469 1110 3546 ἄλλων
1141 3473 1399 3528 ἁπάντων
1441 3477 1538 3530 οὐκ
1577 3481 1849 3536 ἀποστάν-

275 3570 390 3605 των
422 3554 710 3645 ξασιλέως,
732 3560 866 3614 ἀλλὰ
887 3563 984 3633 τὴν
1003 3563 1215 3618 εὔνοιαν
1240 3569 1595 3636 ἀκμάζουσαν
1623 3574 1849 3645 τηρούν-

273 3658 408 3694 των·
437 3639 575 3715 ἦσαν
595 3647 652 3700 δὲ
681 3649 780 3703 οὐκ
805 3651 980 3721 ὀλίγαι
1007 3655 1212 3717 πόλεις.
1249 3659 1320 3712 Τό
1361 3677 1420 3712 τε
1454 3639 1851 3734 Μεσοποταμον

275 3737 711 3805 ὀνομαζόμενον,
771 3745 866 3796 καὶ
907 3749 935 3799 ό
1001 3747 1258 3814 Σοποτὺς,
1303 3754 1397 3804 καὶ
1443 3755 1476 3824 ἡ
1532 3756 1848 3828 Χειμάῤῥα.

281 3831 427 3900 Πρὸς
454 3833 666 3896 τούτοις
695 3853 756 3888 τε
787 3837 848 3890 τὺ
885 3839 1392 3914 Ἀργυρόκαστρον,
1435 3848 1530 3901 καὶ
1559 3850 1593 3920 ἡ
1631 3851 1845 3921 Πάργα,

277 3925 378 3976 καὶ
411 3926 634 3995 ΰἋγιος
661 3932 914 3999 Δονάτος,
935 3935 1530 4008 καὶἈγγελὸκαστρον,
1565 3945 1656 3996 καὶ
1674 3945 1854 3999 Ἰωάν-

280 4036 428 4083 νινα,
464 4022 492 4072 ὅ
521 4039 578 4073 τε
612 4023 840 4092 Εὑλοχὸς
897 4029 989 4080 καὶ
1045 4029 1106 4080 τὸ
1143 4029 1369 4096 Βάλτον,
1407 4036 1499 4089 καὶ
1525 4035 1667 4105 ἕτερ’
1716 4037 1852 4092 ἄττα

279 4113 522 4184 φρούρια
550 4115 648 4168 οὐκ
679 4117 856 4184 ὀλίγα.
877 4119 1102 4173 Ἐκεῖνοι
1148 4123 1210 4174 δὲ
1237 4124 1286 4175 οἱ
1330 4125 1662 4192 ἀποστάντες
1698 4131 1844 4199 βασι-

279 4206 421 4268 λέως
453 4207 753 4276 πρεσϐείαν
801 4211 940 4279 πρὸς
994 4213 1397 4281 πριγκίπισσαν
1429 4217 1527 4286 τὴν
1573 4217 1850 4288 Τάραντος

275 4299 536 4352 δεσπότιν
571 4301 904 4370 πέμψαντες,
933 4303 1246 4375 Νικηφόρον
1270 4325 1328 4360 τε
1357 4308 1448 4362 τὸν
1473 4311 1636 4364 παῖδα
1661 4313 1852 4383 ῄτοῦν-

278 4403 343 4438 το
381 4386 646 4440 δεσπότου
681 4388 755 4450 ὡς
796 4391 947 4458 σφῶν
977 4391 1206 4459 ἄρξοντα
1260 4397 1400 4448 κατὰ
1431 4397 1686 4467 πατρῷον
1716 4400 1851 4469 κλῆ-

280 4496 376 4549 ρον
402 4481 496 4578 καὶ
533 4481 854 4550 συμμαχίαν
905 4485 1022 4552 μεθ’
1049 4480 1116 4553 ἦς
1151 4487 1246 4538 καὶ
1275 4491 1373 4550 τὰς
1403 4489 1572 4551 ἄλλας
1597 4493 1850 4561 δυνήσον-
1885 4521 1925 4578 D

275 4585 368 4620 ται
393 4569 576 4631 πόλεις
615 4571 924 4638 ἀποστῆσαι
957 4572 1294 4644 βασι).ἐως,ἣ
1333 4578 1562 4640 ἑκούσας
1597 4597 1848 4651 προσχω-

281 4662 552 4730 ρτιτασας,
600 4661 633 4730 ἢ
695 4661 1012 4731 βιασάμενοι
1063 4668 1175 4726 τοῖς
1230 4669 1852 4740 ὄπ).οις.[1ριγκίπισσα

278 4753 336 4806 δὲ
371 4753 544 4822 ἡδέως
576 4771 634 4806 τε
677 4754 898 4819 ἐδέξατο
939 4757 1254 4828 Νικηφόρον
1301 4762 1546 4829 φυγόντα
1587 4766 1722 4834 πρὸς
1756 4768 1856 4819 αὺ-

277 4845 383 4910 τήν
403 4860 418 4873 ο
461 4845 656 4912 ἤλπισε
684 4845 790 4914 γὰρ
839 4847 1200 4916 Ἀκαρνανίας
1233 4859 1526 4921 κρατήσειν
1553 4855 1620 4906 δι’
1643 4857 1806 4908 αὑτοῦ
1840 4877 1848 4884 υ

279 4937 378 4988 καὶ
403 4936 563 4990 πάλιν
591 4941 714 4990 ἐπεὶ
753 4939 985 4993 ἐπύθετό
1019 4959 1168 5004 τινας
1209 4942 1475 5010 βασιλέως
1505 4948 1846 5012 ἀποστάντας

281 5030 378 5080 καὶ
431 5028 932 5098 προσχωρήσαντας
981 5031 1149 5099 αὐτῷ,
1201 5033 1473 5100 ἒξέπεμπε
1527 5035 1844 5104 προθύμως,

282 5123 382 5172 καὶ
419 5121 544 5188 μίαν
568 5121 760 5187 ἐκείνῳ
789 5121 896 5174 τῶν
917 5123 1236 5192 Θυγατέρων
1273 5126 1386 5192 (δὺο
1433 5126 1488 5178 δὲ
1522 5123 1658 5196 ἦσαν
1691 5131 1852 5200 αὐτῇ)

281 5213 694 5281 κπτε·ι’·ιύήσαςι
737 5215 1056 5281 συμμαχίαν
1097 5233 1155 5268 τε
1192 5221 1581 5288 παρασχομένη
1625 5221 1724 5289 ὅση
1759 5222 1851 5272 τυ.

281 5306 442 5372 νατή.
487 5305 548 5357 Ἦ
593 5307 700 5374 γὰρ
735 5307 1101 5374 πριγκίπισσα
1145 5307 1282 5379 αὕτη
1310 5309 1373 5378 δὴ
1427 5310 1692 5378 ἀπόγονος
1719 5312 1854 5364 οὖσα

285 5397 720 5465 Βαλδουῒνου,ὂς
775 5399 1070 5464 Βυζαντίου
1121 5400 1470 5454 ἐϐασίλευσεν
1511 5405 1602 5454 ἐπὶ
1661 5407 1854 5474 καιρὸν

283 5491 412 5545 καθ’
434 5491 492 5543 ὃν
517 5490 620 5543 ὑπὸ
656 5493 910 5554 Λατίνοις
942 5492 1086 5546 ἑάλω
1130 5494 1342 5562 χρόνον,
1382 5495 1471 5548 τόν
1496 5511 1551 5546 τε
1589 5496 1855 5564 πρόγονον

1951 3281 2239 3351 desponsa,
2285 3289 2344 3335 et
2380 3279 2630 3334 subsidio
2668 3287 2874 3348 quanto
2915 3275 3094 3346 potuit
3132 3275 3361 3330 dimisit.
3395 3269 3528 3328 Erat

1949 3375 2066 3428 haec
2090 3373 2289 3429 femina
2327 3387 2358 3425 e
2381 3371 2706 3436 minoribus,
2736 3386 2832 3424 seu
2863 3368 3099 3439 posteris
3129 3367 3404 3432 Balduini,
3426 3370 3520 3438 qui

1951 3465 2214 3536 Byzantio
2245 3463 2504 3520 aLatinis
2536 3472 2714 3532 capto,
2744 3461 3062 3530 aliquandiu
3105 3460 3306 3514 ibidem
3343 3459 3523 3530 impe-

1951 3560 2090 3612 ravit
2128 3557 2280 3628 (60'):
2317 3568 2374 3612 et
2407 3557 2560 3611 illum
2605 3555 2825 3612 familiae
2865 3571 2976 3610 suae
3007 3565 3286 3610 auctorem
3319 3552 3524 3608 Roma-

1951 3665 2082 3704 num
2117 3654 2526 3720 imperatorem,
2544 3664 2710 3718 seque
2724 3647 3126 3718 imperatricem
3146 3648 3520 3702 Romanorum

1953 3742 2178 3814 (quippe
2213 3741 2360 3796 illius
2393 3743 2634 3810 neptem)
2665 3741 2840 3808 palam
2873 3738 3220 3810 pradicabat.
3255 3737 3394 3794 Hinc
3415 3742 3520 3794 ela-

1949 3837 2204 3898 borabat,
2243 3843 2301 3888 ut
2351 3834 2404 3888 in
2457 3843 2610 3902 parte
2653 3833 2844 3887 saltem
2904 3831 3134 3886 Romani
3181 3833 3522 3902 principatus

1955 3933 2224 4000 imperare
2251 3935 2456 3997 posset.
2499 3925 2671 3990 Quam
2705 3925 2776 3978 ob
2805 3937 3026 3978 causam
3053 3923 3219 3978 etiam
3247 3922 3523 3992 Nicepho'

1953 4036 2074 4077 rum
2123 4020 2320 4089 cupiiie
2359 4032 2484 4072 cum
2527 4015 2704 4070 navali
2737 4016 2890 4084 copia
2931 4014 3164 4082 dimisit,
3221 4015 3516 4077 arbitrans,

1954 4116 1998 4170 si
2024 4115 2068 4168 is
2102 4113 2224 4166 tiliae
2259 4125 2372 4164 suae
2403 4109 2654 4166 maritus.
2685 4106 3006 4162 Acarnaniae
3049 4106 3308 4160 dominus
3353 4117 3518 4164 esset,

1953 4207 2260 4260 habituram
2305 4217 2364 4257 se
2413 4201 2560 4270 quod
2591 4199 2997 4269 concupivisset
3031 4217 3043 4252 :
3074 4200 3168 4267 qui
3195 4207 3250 4252 ct
3279 4198 3518 4252 Thomo-

1953 4297 2278 4354 castriurhe
2319 4293 2591 4347 maritima
2613 4292 2862 4361 degebat.
2903 4291 3209 4359 imperator
3239 4299 3383 4344 statu
3429 4307 3516 4343 re-

1957 4410 2074 4448 rum
2119 4390 2580 4446 Acarnancnsium
2622 4398 2900 4456 percepto,
2943 4388 3160 4442 sibimet
3183 4385 3236 4437 in
3255 4397 3514 4452 prmsens,

1955 4493 2274 4542 senescente
2321 4484 2428 4552 jam
2464 4489 2746 4542 autumno,
2776 4493 2900 4532 cum
2933 4479 3178 4533 exercitu
3205 4493 3272 4532 eo
3301 4479 3519 4545 prolici-

1951 4576 2216 4634 scendum
2243 4589 2348 4627 non
2393 4571 2918 4641 putavit;Joannem
2953 4579 3135 4624 autem
3195 4569 3518 4638 pincernam

1951 4679 2006 4724 ct.
2043 4666 2456 4722 Monomachum
2481 4663 2610 4716 illuc
2633 4675 2759 4716 cum
2791 4662 2965 4730 cepiis
2985 4662 3516 4732 contenderejussit,

1953 4761 2136 4828 ibique
2177 4757 2489 4820 hibernare,
2544 4764 2600 4808 et
2650 4753 2812 4808 simul
2853 4752 3083 4808 urbibus
3127 4753 3310 4808 adhuc
3355 4753 3514 4807 fidem

1953 4849 2336 4918 puestantiims
2401 4861 2558 4915 opem
2593 4860 2656 4898 ac
2693 4843 3006 4913 praesidium
3081 4855 3136 4899 et
3187 4845 3402 4910 iisdem,
3451 4861 3518 4899 nc

1953 4943 2186 4996 aliarum
2223 4942 2473 5008 exemplo
2513 4937 2835 5000 deficerent,
2866 4937 3118 4991 timorem
3151 4936 3350 4990 atl'erre
3391 4954 3403 4989 :
3446 4938 3518 4990 si-

1957 5033 2068 5087 mul
2108 5032 2454 5092 desertriccs,
2481 5030 2524 5082 si
2547 5045 2654 5084 non
2685 5029 2914 5084 omnino
2939 5027 3214 5094 obsidere,
3246 5038 3300 5082 at
3327 5028 3519 5084 saltem

1959 5125 2398 5196 pepulationibns
2447 5124 2745 5193 exagitare,
2805 5131 2865 5175 ut
2921 5136 3048 5176 vere
3107 5121 3428 5189 incipiente,
3465 5131 3520 5174 et

1956 5223 2282 5288 imperatore
2310 5215 2501 5270 eodem
2529 5229 2655 5268 cum
2685 5213 2932 5269 exercitu
2961 5214 3236 5279 veniente,
3271 5229 3367 5283 per
3399 5213 3520 5266 hie-

1955 5325 2096 5364 mem
2141 5307 2293 5377 prius
2337 5306 2598 5360 aerumnis
2625 5305 2974 5368 conflictata,
3013 5305 3304 5374 multisque
3331 5305 3398 5358 ab
3421 5304 3490 5358 ho

1954 5401 2132 5456 stibus
2167 5398 2456 5453 cumulat-.13
2513 5396 2770 5463 miseriis,
2819 5395 3035 5452 facilius
3079 5397 3520 5466 subjugarentur.

1956 5491 2221 5545 Pincerna
2253 5486 2506 5540 mandata
2541 5485 2837 5548 facesseris.
2868 5487 2923 5540 in
2952 5487 3263 5540 Acarnania
3293 5488 3522 5544 hiemat.

1536 5639 1750 5700 lar-ulli
1789 5639 2048 5700 l’ontani
2094 5645 2279 5696 notas.

361 5763 470 5827 (κο,
513 5763 582 5816 De
630 5764 1052 5832 imperatoribus
1080 5767 1702 5834 Constantinnpnlitanis
1751 5767 1850 5820 Lat--

288 5835 418 5888 huis
447 5835 691 5888 diu-mus
725 5837 860 5889 infra
893 5839 956 5890 ad
983 5853 1098 5905 cap.
1132 5837 1198 5890 56
1223 5839 1315 5906 qui
1354 5838 1579 5903 fuerint,
1607 5840 1845 5905 quandi”

1957 5765 2156 5884 singuli
2207 5761 2546 5830 tmpernrint.
2597 5760 2752 5817 Dabit
2787 5759 2932 5815 enim
2971 5759 3130 5816 nobis
3179 5763 3522 5816 occasionem

1987 5839 2195 5884 lautam:
2217 5849 2364 5884 ’μυη-

1987 5839 2195 5888 lautam:
2217 5849 2364 5884 ’μυη-
