4212 6444
651 336 756 398 63‘3
1833 330 2162 393 JOANNIS
2206 330 2752 394 CANTACUZENI
3823 327 3940 388 6m

648 449 977 516 Quanquam
1021 444 1066 499 si
1126 442 1363 498 maxime
1399 441 1612 499 liceret.
1649 441 1811 496 nobis
1854 441 2041 510 aliquo
2075 438 2294 498 modoA

2388 457 2440 492 εν
2472 441 2535 492 οὑ
2578 441 2764 512 ῥᾴδιόν
2816 442 2967 495 ἐστιν
3027 441 3286 496 ἰάσασθαι
3318 441 3418 510 τὴν
3469 441 3701 506 ἔνδειαν,
3745 444 3929 495 καίτοι

649 537 943 592 obsidione
984 534 1231 604 depulsis
1285 547 1481 587 secure
1521 532 1727 595 vivere,
1767 546 1838 585 ne
1869 531 1941 586 ita
1989 530 2240 600 quidem",

2388 532 2494 598 ίγε
2530 532 2768 602 μάλιστα
2804 534 2935 603 ἐνῆν
2989 534 3178 604 τρόπῳ
3235 534 3300 604 δή
3359 551 3468 587 τινι
3507 535 3930 602 ἀναστήσαντας

653 634 725 686 ob
780 639 1003 699 accepta
1057 629 1256 681 damna
1307 626 1586 688 videlicet,
1648 626 1807 679 vobis
1868 625 2000 695 ipsis
2033 625 2244 678 utiliter

2388 626 2494 692 μᾶς
2518 625 2585 677 ἐκ
2609 624 2710 693 τῆς
2744 625 3063 695 πολιορκίας
3113 627 3324 692 διάγειν
3351 628 3407 677 ἐν
3441 626 3616 697 ἀδείᾳ,
3648 627 3759 679 οὐδ’
3787 627 3933 678 οὑτω

653 723 1028 785 consuluisse,
1070 737 1100 775 a
1133 721 1482 790 sapientibus
1519 717 1866 771 videremini.
1922 717 2087 785 Atqui
2118 731 2245 784 gra-

2388 715 2778 779 υσιτελούντως
2819 718 3005 785 σφίσιν
3041 717 3227 779 αὑτοῖς
3254 716 3321 768 ἂν
3364 717 3596 770 ἐδοκεῖτε
3647 717 3936 787 βεϐουλεῦ-

655 816 807 869 viora
865 814 1151 884 prioribus
1207 813 1260 866 iu
1311 821 1595 881 posterum
1654 809 2028 878 exspectanda
2091 818 2241 862 sunt.

655 909 776 963 Kou
812 908 958 962 enim
996 916 1104 970 est,
1170 921 1278 959 non
1311 914 1416 963 est.
1449 906 1698 972 inquam,
1734 902 1839 956 nisi
1880 902 2013 971 quid
2047 911 2248 972 preter

658 999 975 1068 opinionem
1008 999 1076 1053 de
1106 998 1247 1052 caelo
1297 997 1363 1051 ad
1393 998 1626 1053 salutem
1670 1007 1910 1050 vestram
1951 997 2248 1064 expedien-

660 1091 786 1144 dam
824 1091 1152 1161 impetretis,
1192 1090 1341 1160 quod
1380 1106 1484 1145 nos
1536 1093 1605 1145 ab
1651 1090 2058 1160 oppugnatione
2095 1103 2250 1142 revo-

661 1183 870 1234 caverit
904 1199 915 1233 :
953 1189 1013 1234 ut
1050 1195 1150 1235 vos
1177 1195 1302 1234 cum
1326 1196 1456 1245 agro
1482 1179 1673 1232 urbem
1703 1193 1925 1247 quoque
1950 1177 2253 1231 amissuros

666 1273 964 1328 verisimile
1020 1273 1131 1327 ﬁat.
1192 1273 1360 1326 Miror
1409 1285 1592 1326 autem
1650 1269 1822 1340 quod,
1869 1285 1995 1322 cum
2033 1269 2250 1334 iisdem,

667 1366 751 1416 vel
786 1367 1131 1433 gravioribus
1163 1367 1329 1418 etiam
1383 1363 1544 1416 malis
1571 1376 1736 1430 quam
1764 1360 1964 1429 Rhogii
1994 1373 2256 1414 exercea-

670 1457 825 1510 mini.
860 1467 915 1508 et
966 1457 1149 1510 velitis
1196 1456 1383 1510 nolitis
1427 1455 1750 1525 propediem
1797 1455 1852 1506 in
1904 1453 2258 1521 imperatoris

667 1553 753 1623 j-is
782 1566 844 1602 ac.
876 1559 1201 1618 potestatem
1259 1549 1476 1604 venturi
1510 1547 1654 1607 sitis,
1687 1562 1794 1599 non
1822 1552 1998 1599 solum
2030 1561 2127 1599 eos
2165 1546 2261 1615 (ut

671 1643 764 1711 qui
801 1643 916 1695 suis
947 1643 1254 1696 ratiOnibus
1281 1641 1417 1692 ben-.-
1478 1638 1818 1704 honesteque
1848 1640 2256 1706 prospexerint,

675 1736 806 1789 dum
834 1742 1126 1802 antequam
1173 1734 1226 1786 in
1269 1741 1580 1785 extremum
1636 1729 2029 1783 delaberentur
2070 1728 2263 1782 discri-

675 1844 823 1886 men.
868 1826 1100 1881 salutcm
1159 1834 1214 1879 et
1274 1822 1624 1877 commodum
1681 1822 1896 1874 consilii
1955 1821 2260 1873 mutatione
2294 1792 2338 1847 Β

677 1920 782 1974 sibi
836 1919 1217 1988 quaesierunt)
1271 1932 1379 1969 non
1424 1913 1848 1977 commendetis,
1906 1912 2002 1967 sed
2062 1910 2262 1964 multas

679 2012 862 2082 potius
893 2010 1256 2066 contumelias
1304 2009 1355 2062 in
1386 2010 1535 2078 ipsos
1563 2007 1895 2072 elTuderitis,
1925 2006 2054 2074 quia
2091 2015 2260 2059 teme-

682 2105 864 2158 ritatis
899 2118 961 2157 ac
992 2101 1237 2156 stultitia:
1271 2113 1468 2155 vesti-te
1506 2101 1639 2154 socii
1676 2114 1800 2153 esse
1829 2098 2147 2151 noluerunt.
2198 2096 2264 2150 At

682 2201 828 2253 enim
883 2196 1174 2252 intuemini
1228 2197 1528 2264 pauliSpi-r,
1581 2210 1744 2264 quam
1823 2192 2020 2262 iniqui,
2100 2206 2265 2260 quam

685 2289 936 2346 damnosi
963 2299 1018 2344 et
1051 2287 1324 2343 vobismet
1358 2285 1510 2356 ipsis.
1537 2298 1586 2342 cl
1614 2286 1842 2354 reliquis
1888 2283 2270 2339 Acarnanibus

688 2384 829 2447 sitis,
863 2383 992 2438 dum
1021 2383 1073 2435 in
1104 2383 1206 2435 hac
1229 2381 1560 2452 cogitatione
1587 2379 1902 2448 persistitis.
1935 2378 2040 2448 lpsi
2065 2377 2269 2447 quippe

688 2476 836 2531 bello
875 2475 1190 2542 consumpti
1241 2474 1508 2543 periistis,
1559 2483 1613 2524 ct
1657 2473 1783 2526 aliis
1835 2471 2075 2541 oppidis,
2129 2481 2268 2525 tam—

691 2571 795 2625 etsi
848 2567 1173 2624 dcfectionis
1224 2576 1420 2620 vestrm
1470 2566 1615 2618 haud
1666 2565 2048 2635 participibus,
2097 2579 2272 2618 nocu-

694 2673 875 2718 menta
904 2679 1010 2716 non
1046 2660 1286 2730 vulgaria
1319 2659 1620 2712 invexistis.
1651 2657 1939 2712 Exercitus
1968 2656 2272 2726 cuim(63),

697 2771 760 2811 ac
800 2756 1105 2825 priesertiui
1161 2763 1364 2815 tantus,
1414 2754 1468 2805 in
1527 2762 1714 2805 extera
1767 2751 1991 2820 regione
2042 2751 2276 2818 haereus,

700 2850 943 2904 hostium
968 2863 1129 2919 agros
1153 2847 1516 2901 inclementer
1550 2847 1934 2916 depopulatur.
1975 2846 2069 2901 Sin
2095 2857 2279 2902 autem

704 2942 1034 2996 csociorum
1085 2955 1293 3008 suaque
1355 2939 1638 3008 provincia
1707 2939 2022 2992 alimoniam
2079 2940 2280 3009 capiat,

709 3035 1050 3104 repentinam
1077 3033 1153 3086 illi
1203 3032 1403 3086 famem
1466 3031 1698 3085 inducit.
1762 3031 1937 3102 Agitis
1983 3047 2148 3102 porro
2181 3034 2284 3087 iiii-

2349 812 2476 864 σθαι
2505 811 2656 881 παρά
2688 811 3029 882 σωφρονοῦσι
3049 813 3138 865 διά
3167 815 3267 882 τὴν
3290 814 3664 882 γεγενημένην
3686 813 3892 882 βλάϐην
3914 827 3933 841 ·

2351 905 2470 959 νυνὶ
2513 905 2570 957 δέ
2629 906 2926 975 συμϐαίνει
2957 906 3236 977 δεινότερα
3273 907 3563 960 πείσεσθαι
3618 906 3932 976 προσδοκᾷν

2351 997 2731 1068 ὑπαρξάντων.
2768 999 2844 1050 Οὐ
2885 999 2993 1067 γάρ
3024 1001 3194 1064 ἐστιν,
3230 999 3330 1052 οὑκ
3359 999 3513 1051 ἐστιν
3564 998 3739 1063 οὐδὲν,
3771 999 3819 1048 εἰ
3859 998 3933 1065 μή

2351 1108 2406 1144 τι
2432 1091 2746 1160 παράλογον
2788 1089 2850 1155 ἐξ
2877 1090 3109 1160 οὖρανοῦ
3145 1092 3281 1160 πρὸς
3312 1092 3593 1159 σωτηρίαν
3634 1091 3768 1159 ὑμῖν
3798 1105 3936 1158 πρα-

2357 1183 2539 1251 χθείη,
2567 1183 2597 1234 δ
2631 1181 2727 1234 τοῦ
2773 1183 3094 1252 πολιορκεῖν
3140 1184 3290 1253 ἡμᾶς
3322 1184 3503 1236 πείσει
3555 1181 3897 1250 ἀποσχέσθαι
3922 1199 3936 1212 ·

2356 1274 2497 1327 ὥστε
2529 1276 2676 1336 εἰκὸς
2714 1275 2852 1338 πρὸς
2881 1279 2946 1345 τῇ
2982 1274 3137 1346 χώρᾳ
3167 1276 3260 1328 καὶ
3276 1275 3373 1346 τὴν
3410 1276 3560 1327 πόλιν
3590 1275 3732 1343 ὑμᾶς
3762 1290 3936 1342 προσ-

2358 1369 2604 1422 απολεῖν.
2669 1369 2950 1438 Θαυμάζω
3001 1370 3058 1421 δὲ
3108 1369 3264 1440 ὑμῶν
3322 1371 3370 1420 εί
3401 1372 3513 1432 τοῖς
3552 1369 3732 1429 αὐτοῖς
3788 1369 3822 1436 ἠ
3851 1368 3942 1420 καὶ

2363 1464 2576 1532 μείζοσι
2612 1466 2804 1527 κακοῖς
2849 1462 3164 1533 ἐνεχόμενοι
3203 1461 3473 1530 Ῥωγίοις,
3509 1463 3603 1515 καὶ
3656 1461 3944 1530 μέλλοντες

2363 1554 2459 1604 ὑπ’
2491 1553 2741 1622 ἀνάγκης
2761 1555 2884 1606 ὅσον
2913 1554 3131 1606 οὐδέπω
3180 1550 3393 1621 βασιλεῖ
3421 1553 3769 1624 προσχωρεῖν
3794 1549 3950 1602 αὐτοὶ

2361 1648 2423 1699 οὑ
2461 1646 2620 1716 μόνον
2657 1648 2756 1699 οὑκ
2808 1648 3086 1699 ἐπαινεῖτε
3147 1645 3224 1708 ὡς
3254 1645 3436 1708 καλῶς
3509 1645 3604 1696 καὶ
3641 1643 3948 1712 συμφερόν-

2363 1758 2472 1797 τως
2503 1741 2720 1803 ἑαυτοῖς
2781 1739 3273 1809 βεὸουλευμένους,
3307 1739 3390 1792 ὅτι
3431 1739 3567 1807 πρὶν
3595 1739 3675 1800 εἰς
3721 1736 3950 1803 ἔσχατον

2373 1832 2622 1885 κινδύνου
2647 1833 2828 1903 ἣκειν,
2869 1833 3148 1902 σωτηρίαν
3188 1834 3284 1884 καὶ
3327 1830 3598 1898 ὠφέλειαν
3624 1830 3952 1897 ἐπορίσαντο

2372 1927 2590 1988 ἑαυτοῖς
2647 1927 2710 1976 ἐκ
2739 1924 2837 1993 τῆς
2871 1923 3200 1993 μεταϐολῆς,
3234 1923 3373 1976 ἀλλά
3423 1923 3523 1976 καὶ
3560 1920 3744 1988 ὓσρεις
3782 1935 3950 1971 κατα·

2372 2020 2526 2090 χέετε
2565 2018 2744 2070 αὑτῶν
2796 2016 3022 2083 πολλὰς,
3056 2017 3138 2070 ὅτι
3172 2017 3235 2070 οὑ
3264 2017 3364 2085 τῆς
3394 2016 3561 2086 αὐτῆς
3620 2015 3750 2084 ὑμῖν
3785 2013 3953 2066 ἀδου-

2373 2113 2491 2174 λίας
2544 2111 2754 2165 armato
2792 2105 2933 2164 εἶναι
2995 2110 3286 2164 κοινωνοίο
3323 2110 3502 2164 καίτοι
3558 2106 3830 2177 σκέιςνασθε
3882 2106 3958 2167 ὡς

2375 2203 2501 2257 οὑτε
2535 2204 2721 2257 δίκαια
2771 2201 2899 2256 οὔτε
2956 2203 3313 2272 συμιρέροντα
3372 2201 3484 2255 οὗθ’
3539 2201 3778 2262 ἑαυτοῖς,
3835 2197 3956 2250 οὔτε

2378 2299 2490 2358 τοῖς
2525 2296 2707 2359 ἀλλοις
2722 2296 3056 2366 Ἀκαρνᾶσιν
3085 2296 3243 2348 αὑτοὶ
3276 2297 3479 2348 ποιεῖτε
3514 2294 3613 2361 τῆς
3640 2293 3814 2360 αὖτῖις
3844 2291 3961 2360 ἐκέ·

2383 2407 2536 2460 μενοι
2578 2389 2811 2451 ἐννοίας.
2840 2390 3004 2441 Δὺτοί
3039 2406 3098 2442 τε
3134 2387 3242 2458 γὰρ
3273 2387 3592 2441 ἀπολώλατε
3622 2384 3958 2453 διαςιθαρέν-

2379 2498 2471 2544 τες
2501 2481 2609 2534 ὑπὸ
2641 2479 2735 2533 τοῦ
2764 2480 3033 2550 πολέμου,
3075 2481 3167 2534 καὶ
3199 2481 3324 2542 ταῖς
3353 2479 3541 2540 ἀλλαις
3577 2477 3767 2528 πόλεσι
3833 2475 3961 2544 βλά-

2382 2576 2487 2642 ϐης
2543 2575 2606 2627 οὑ
2645 2575 2872 2646 μετρίας
2920 2573 3087 2626 αἴτιοι
3144 2573 3477 2642 κατέστητε,
3537 2574 3782 2636 καίτοιγε
3839 2569 3962 2635 ὑμῖν

2385 2667 2655 2736 βασιλέως
2683 2668 2745 2719 οὑ
2780 2667 3244 2730 συναποστάσαις.
3275 2665 3516 2734 Στρατιὰ
3546 2665 3655 2732 γὰρ
3687 2663 3779 2714 ἐπὶ
3812 2660 3963 2727 ξένης

2385 2761 2746 2833 διατρίϐουσα
2772 2761 2868 2813 καὶ
2899 2759 3135 2829 μάλιστα
3165 2759 3426 2830 τοσαύτη,
3454 2757 3553 2828 τὴν
3576 2757 3674 2828 μὲν
3700 2756 3968 2824 πολεμίαν

2388 2857 2567 2924 κείρει
2597 2855 2839 2923 ἀφειδῶς
2863 2869 2881 2886 ο
2911 2856 2972 2907 ἑν
3010 2854 3068 2914 δὲ
3103 2856 3201 2925 τῆς
3233 2853 3577 2924 συμμαχίδος
3633 2854 3731 2906 καὶ
3757 2851 3968 2912 οἰκείας

2388 2947 2730 3018 τρεφομένη,
2762 2945 2924 3016 λιμὸν
2974 2947 3113 3017 αὑτῇ
3158 2945 3427 3014 αίφνίδιον
3457 2943 3653 3010 ἐπάγει
3680 2958 3693 2971 ⁸
3735 2942 3972 2995 ἀδικεῖτε

2390 3041 2448 3094 δέ
2476 3040 2543 3092 τὰ
2575 3040 2802 3109 ἔσχατα,
2838 3040 2961 3092 ἀντὶ
2986 3039 3089 3108 τῆς
3121 3037 3414 3108 Ῥωμαίων
3446 3035 3748 3107 βασιλείας,
3781 3036 3816 3104 ἡ
3850 3049 3973 3103 σχε-

709 3129 1000 3196 quissime,
1047 3125 1140 3194 qui
1189 3140 1288 3194 pro
1339 3124 1712 3178 Romanorum
1767 3123 2018 3193 imperio,
2063 3123 2208 3192 quod
2252 3138 2281 3176 a

2393 3133 2482 3185 δὸν
2509 3132 2692 3193 αὑτοῖς
2726 3133 2790 3183 ἐκ
2820 3130 2929 3183 τῶν
2981 3130 3262 3199 Καίσαρος
3311 3128 3518 3198 χρόνων
3557 3125 3790 3196 πάτριός
3837 3127 3975 3185 ἐστι,

712 3220 840 3277 Julii
900 3221 1132 3276 Cwsaris
1210 3219 1381 3272 ferme
1445 3217 1788 3285 temporibus
1849 3218 1984 3284 ipsis
2051 3217 2284 3285 patrium

715 3326 796 3369 cst
815 3314 950 3382 ((31),
967 3313 1410 3372 Tarentinorum,
1432 3311 1712 3364 hominum
1736 3311 2093 3365 barbarorum
2117 3309 2292 3364 domi-

719 3409 996 3462 nationem
1062 3403 1435 3458 introducitis.
1511 3402 1853 3471 Nicephorus
1917 3405 2084 3468 enim,
2138 3405 2295 3472 cujus

722 3499 1066 3570 putissimnm
1099 3512 1260 3550 causa
1293 3497 1394 3549 hoc
1426 3495 1628 3549 bellum
1668 3512 1764 3549 vos
1806 3496 2041 3550 militare
2075 3495 2298 3566 proﬁte-

725 3590 962 3651 iniui,ad
998 3590 1303 3642 libertatem
1339 3588 1504 3658 316
1533 3605 1710 3658 neque
1741 3589 1918 3651 vobis,
1949 3606 2129 3660 neque
2165 3589 2299 3644 sibi-

733 3694 845 3745 met
887 3681 1216 3750 pariundam
1245 3681 1378 3734 satis
1407 3681 1568 3735 habet
1597 3682 1795 3734 virium
1830 3697 1845 3732 :
1882 3697 2066 3736 verum
2093 3682 2158 3736 ad
2192 3682 2299 3736 Ta-

728 3776 974 3830 rentinos
1023 3789 1145 3827 cum
1200 3776 1519 3844 perfugerit,
1585 3775 1715 3826 inde
1761 3776 1984 3844 adjutus
2027 3792 2091 3829 ex
2129 3777 2299 3830 Acar-

729 3874 890 3928 nania
925 3872 1310 3942 imperatorem
1364 3887 1422 3924 se
1479 3872 1835 3940 expulsurum
1868 3871 2144 3939 opinatur.
2192 3869 2304 3926 lloc

728 3977 910 4035 autem
942 3981 999 4019 se
1037 3981 1217 4034 posse.
1269 3982 1369 4018 nec
1417 3965 1538 4018 illus
1587 3964 1666 4016 fas
1703 3971 1785 4017 est
1834 3965 2049 4032 opinari
2084 3979 2207 4029 nec,
2256 3966 2302 4019 si

729 4069 1009 4129 poterunt,
1080 4061 1197 4113 siue
1273 4057 1483 4126 magnis
1550 4055 1857 4117 laboribus,
1937 4054 2308 4124 periculisque

732 4156 1010 4217 poterunt.
1035 4147 1138 4212 Qui
1173 4147 1338 4216 igitur
1366 4145 1470 4198 tale
1506 4144 1706 4198 bellum
1730 4160 1830 4212 pro
1861 4143 2012 4197 vobis
2039 4144 2309 4198 adversus

733 4242 1118 4309 imperatorem
1168 4237 1469 4308 gerendum
1527 4236 1851 4304 sust-ipient.
1910 4236 1954 4289 si
1998 4237 2312 4304 Superiores

732 4333 966 4388 evadere
1033 4331 1336 4400 quiverint,
1393 4343 1576 4382 nonne
1652 4328 1996 4396 provinciam
2049 4338 2311 4396 vestram,

737 4435 993 4493 tmqnam
1027 4423 1272 4486 virtutis,
1310 4421 1791 4485 certaminumque
1839 4421 2136 4473 multorum
2179 4438 2315 4491 prae~

740 4517 910 4570 mium
951 4513 1241 4567 habituros
1272 4511 1659 4565 arbitramini?
1687 4511 1804 4565 Non
1837 4521 1984 4566 recte
2016 4513 2232 4580 sapitis,
2269 4515 2312 4568 si
2349 4499 2392 4554 ι)

741 4608 842 4660 hoc
879 4620 986 4658 non
1017 4602 1261 4656 creditis.
1297 4601 1408 4669 Ego
1455 4615 1605 4664 \ero,
1637 4599 1849 4653 etiamsi
1884 4614 1982 4668 per
2026 4615 2124 4654 vos
2163 4599 2322 4654 Nice-

741 4702 920 4770 phoro
950 4695 1268 4750 Acarnania:
1326 4692 1692 4762 principatum
1745 4693 2031 4760 acqu‘rere
2060 4693 2318 4760 possetis,

747 4794 799 4846 in
829 4792 1217 4860 imperatorem
1249 4785 1706 4855 injuriosissimos
1730 4799 1851 4838 esse
1879 4785 2320 4854 pronuntiarem.

749 4881 940 4949 Attgcli
984 4879 1131 4932 enim
1188 4890 1298 4928 non
1350 4890 1379 4927 a
1432 4874 1690 4928 Barbaris
1735 4875 2042 4929 Acarnania
2097 4885 2326 4939 asserta,

2394 3227 2497 3292 τὴν
2525 3225 2880 3295 Ταραντίνων
2928 3225 3111 3284 αὑτοῖς
3144 3222 3452 3293 ἀνθρώπων
3489 3218 3787 3290 βαρσαρων
3849 3217 3978 3267 ἐπα-

2397 3333 2584 3384 γοντες
2623 3318 2825 3386 ἀρχήν.
2888 3316 3208 3386 Νικηφόρος
3243 3314 3374 3382 γὰρ,
3439 3313 3579 3381 ὑπὲρ
3632 3305 3694 3362 οὗ
3745 3307 3980 3378 μάλιστα

2398 3411 2556 3465 αὑτοὶ
2587 3409 2771 3462 οἴεσθε
2803 3416 2899 3462 τὸν
2931 3411 3168 3476 πόλεμον
3213 3405 3514 3475 αἱρεῖσθαι,
3564 3400 3676 3455 οὗθ’
3706 3403 3839 3469 ὑμῖν
3870 3398 3982 3450 οὔθ’

2401 3503 2584 3572 ἑαυτῷ
2612 3498 2722 3565 οἷός
2753 3503 2813 3554 τέ
2843 3504 2994 3554 ἐστιν
3018 3501 3274 3572 ἐξαρκεῖν
3311 3497 3448 3567 πρὸς
3479 3496 3578 3564 τὴν
3622 3490 3941 3558 ἐλευθερίαν
3968 3506 3980 3516 ·

2401 3596 2537 3651 ἀλλὰ
2574 3595 2930 3665 Ταραντίνοις
2983 3591 3343 3663 προσφυγὼν,
3394 3592 3460 3658 τῇ
3536 3584 3748 3638 ἐκεῖθεν
3814 3581 3984 3632 οἴεται

2402 3689 2635 3757 δυνάμει
2675 3687 3035 3757 Ἀκαρνανίας
3087 3683 3317 3754 βασιλέα
3369 3679 3666 3743 ἐξελάσει-ι.
3723 3672 3895 3727 Τοῦτο
3929 3671 3985 3720 δὲ

2405 3779 2530 3834 οὔτε
2561 3779 2890 3848 δυνήσεσθαι
2916 3777 3127 3830 οἴεσθαι
3166 3775 3331 3827 αὑτὸν
3373 3772 3548 3834 είκδς,
3599 3766 3713 3820 οὔτ’
3743 3765 3793 3818 εί
3827 3762 3988 3829 δυνή-

2410 3891 2564 3926 σεται
2597 3876 2724 3927 ἄνευ
2758 3873 2936 3924 πόνων
2975 3869 3232 3937 μεγάλων
3270 3867 3362 3920 καὶ
3391 3865 3677 3918 κινδύνων.
3715 3858 3857 3920 Τοὺς
3896 3855 3990 3912 οὖν

2411 3967 2651 4036 πόλεμον
2677 3965 2922 4017 τοιοῦτον
2945 3963 3087 4032 ὑπὲρ
3120 3960 3274 4030 ὑμῶν
3305 3960 3442 4028 πρδς
3479 3956 3700 4026 βασιλέα
3725 3953 3992 4016 ἀναδεξαο

2414 4061 2637 4130 μένους,
2697 4058 2744 4109 εἰ
2812 4055 3094 4126 κρείττους
3143 4052 3470 4120 δυνήσονται
3532 4045 3814 4115 γενέσθαι,
3884 4043 3988 4095 οὑκ

2413 4149 2599 4205 οίεσεε
2631 4148 2775 4216 ὑμᾶς
2835 4147 2933 4215 τῆς
2974 4144 3175 4214 ἀρετῆς
3229 4139 3395 4196 ἆθλον
3453 4141 3548 4193 καὶ
3603 4137 3712 4191 τῶν
3767 4137 3996 4203 ἀγώνων

2417 4243 2644 4312 σχήσειν
2678 4240 2788 4292 τῶν
2829 4237 3085 4300 πολλῶν;
3123 4237 3225 4288 οὐκ
3275 4236 3386 4304 ἄρα
3415 4234 3596 4300 δόξετε
3656 4231 3833 4302 ὀρθῶς
3865 4246 3998 4298 φρο-

2416 4336 2546 4386 νεῖν.
2581 4332 2726 4400 Ἐγὼ
2751 4332 2806 4384 δὲ
2835 4333 2882 4384 εἰ
2908 4331 3003 4384 καὶ
3023 4331 3145 4382 καθ’
3171 4329 3399 4391 ἑαυτοὺς
3430 4328 3590 4396 ὑμεῖς
3629 4323 3995 4395 ’Δκαρνανίας

2416 4428 2519 4498 τὴν
2553 4427 2727 4497 ἀρχὴν
2751 4427 3052 4495 Νικηφὸρῳ
3087 4423 3355 4493 ἠδύνασθε
3382 4423 3712 4491 περιποιεῖν,
3748 4417 3999 4472 ἀδικοῦν-

2420 4537 2518 4583 τας
2551 4520 2616 4573 ἂν
2641 4519 2710 4572 τὰ
2735 4519 2968 4589 μέγιστα
3002 4516 3225 4587 βασιλέα
3245 4517 3502 4582 ἀπέφηνα
3527 4515 3692 4582 ὑμᾶς.
3712 4511 4002 4577 Ἀγγέλους

2421 4613 2530 4681 γὰρ
2559 4611 2660 4663 οὑκ
2690 4612 2800 4664 ἀπὸ
2825 4610 3120 4682 βαρὸάρων
3139 4607 3501 4676 Ἀκαρνανίαν
3525 4602 4005 4670 ἐλευθερώσαντας

2426 4702 2741 4772 κτήσασθαι
2796 4702 2999 4770 συνέϐη
3054 4701 3152 4769 τὴν
3209 4700 3427 4769 ἀρχήν·
3483 4695 3599 4749 ἀλλ’
3655 4696 4006 4763 ὑποχειρίους

2427 4795 2899 4864 ινταςῬωμαίων
2925 4792 3231 4863 βασιλεῦσι,
3263 4793 3354 4843 καὶ
3384 4789 3514 4857 παρ’
3538 4786 3764 4840 ἐκείνων
3795 4790 4010 4853 ἐτήσιον

2431 4887 2610 4956 ἀρχὴν
2648 4887 2746 4955 τῆς
2771 4886 2956 4955 χώρας
2990 4883 3520 4952 ὲπιτετραμμὲνους,
3583 4876 4012 4948 σφετερίσασθαι

750 4973 1119 5044 principatum
1177 4968 1457 5022 consecuti
1508 4975 1656 5027 sunt,
1714 4967 1809 5022 sed
1830 4968 1940 5037 jam
1990 4977 2100 5021 tum
2147 4967 2330 5038 subje-

752 5081 897 5125 ctam
933 5069 1304 5121 Romanorum
1361 5063 1812 5133 imperatoribus,
1841 5079 1966 5116 cum
2020 5063 2088 5117 ab
2133 5063 2214 5116 eis
2240 5078 2338 5116 an-

757 5179 921 5216 nuam
948 5165 1065 5232 ejus
1088 5160 1526 5229 procurationem
1554 5158 1844 5220 haberent,
1868 5167 2089 5225 propter
2114 5155 2340 5220 bellum,

759 5257 907 5326 quod
955 5256 1130 5309 Latini
1163 5253 1428 5307 Romanis
1463 5250 1794 5312 intulerunt,
1829 5264 1949 5302 eam
1996 5248 2099 5301 sibi
2129 5257 2186 5302 ut
2218 5264 2344 5318 pro-

763 5349 937 5421 priam
970 5346 1342 5401 vindicarunt.
1395 5342 1628 5409 Quibus,
1665 5341 1876 5395 Latinis
1921 5341 2168 5409 inquam,
2217 5356 2348 5395 con-

2434 4977 2534 5045 τὴν
2567 4975 2743 5046 ἀρχὴν
2777 4975 2865 5028 διὰ
2890 4977 2981 5027 τὸν
3013 4973 3375 5042 ἐπενεχθέντα
3406 4963 3524 5023 τότε
3570 4970 3724 5038 παρὰ
3769 4970 4016 5020 Λατίνων

2458 5065 2756 5137 Ῥωμαίοις
2782 5067 3036 5132 πόλεμον·
3071 5061 3148 5119 ῶν
3178 5066 3242 5134 δὴ
3272 5065 3366 5116 τοῦ
3391 5063 3703 5132 κρείττονος
3729 5059 4019 5128 συγχωρή-

2441 5177 2524 5213 σει
2570 5158 2866 5224 Βυζαντίου
2923 5158 3321 5228 κρατησάντων
3361 5157 3457 5208 καὶ
3511 5153 3736 5222 Θρᾴκης
3779 5152 4018 5217 ἀπάσης,

2445 5250 2672 5304 καὶτῶν
2700 5252 2842 5303 κατά
2888 5249 3230 5303 Μακεδονίαν
3260 5247 3470 5300 πόλεων
3523 5244 3758 5307 πολλῶν,
3801 5241 4023 5311 βασιλέα

2453 5342 2552 5414 μὲν
2605 5343 2638 5411 ἡ
2678 5341 2970 5411 Ῥωμαίων
3027 5339 3263 5407 ὑπέθορε
3327 5339 3462 5407 πρὸς
3515 5336 3622 5388 ἓωο
3665 5331 4025 5404 Ἀκαρνανίας

2035 5465 2247 5525 Jacobi
2286 5465 2552 5527 Pontani
2589 5473 2756 5527 notua

839 5593 951 5657 (63)
985 5587 1370 5642 Demosthenis
1408 5587 1676 5640 sententia
1727 5589 1907 5657 estin
1964 5586 2334 5657 Olynthiacis.
2449 5587 2578 5640 rint.

773 5651 977 5731 quibus
1005 5658 1352 5731 orationibus
1382 5657 1746 5731 Athenienses
1777 5656 1843 5708 ad
1875 5651 2138 5731 auxilium
2173 5656 2343 5726 Olvn-
2472 5727 2482 5731 _
2531 5657 2642 5726 (61)
2686 5657 2816 5731 Inde
2872 5673 3043 5728 usque
3087 5675 3115 5712 a
3156 5656 3298 5712 Julio
3329 5655 3539 5710 (Jan-are
3579 5651 3811 5708 Romani
3850 5658 4030 5703 tem-nt

783 5727 915 5786 thiis
931 5741 1120 5783 contra
1161 5729 1471 5798 Philippum
1505 5727 1790 5798 feretulum
1820 5727 2162 5798 cohortatur,
2195 5744 2259 5779 ne
2293 5732 2343 5779 iu
2459 5727 2838 5782 Acarnaniam.

779 5822 875 5857 sua
932 5801 1147 5870 regione
1208 5799 1422 5854 hostem
1489 5797 1748 5856 habeant,
1801 5798 1844 5848 si
1909 5797 2029 5850 illm
2091 5797 2344 5850 deserni:—
