  <div class='ocr_page' id='page_1' title='image "/cluster/home/n/w/nwhite01/storage/ocr_20150623/153/nnc1.0046981039/332.png"; bbox 0 0 4212 6444; ppageno 0'>
   <div class='ocr_carea' id='block_1_1' title="bbox 253 387 352 447">
    <p class='ocr_par' dir='ltr' id='par_1_1' title="bbox 253 387 352 447">
     <span class='ocr_line' id='line_1_1' title="bbox 253 387 352 447; baseline 0 0"><span class='ocrx_word' id='word_1_1' title='bbox 253 387 352 447; x_wconf 73' lang='lat' dir='ltr'><strong>Gil</strong></span> 
     </span>
    </p>
   </div>
   <div class='ocr_carea' id='block_1_2' title="bbox 1425 384 2368 444">
    <p class='ocr_par' dir='ltr' id='par_1_2' title="bbox 1425 384 2368 444">
     <span class='ocr_line' id='line_1_2' title="bbox 1425 384 2368 444; baseline -0.006 0"><span class='ocrx_word' id='word_1_2' title='bbox 1425 384 1970 444; x_wconf 73' lang='lat' dir='ltr'><strong>HlS&#39;l‘ORlARUM</strong></span> <span class='ocrx_word' id='word_1_3' title='bbox 2017 385 2244 444; x_wconf 73' lang='lat' dir='ltr'><strong>LIBER</strong></span> <span class='ocrx_word' id='word_1_4' title='bbox 2293 385 2368 440; x_wconf 64' lang='lat' dir='ltr'><strong>ll.</strong></span> 
     </span>
    </p>
   </div>
   <div class='ocr_carea' id='block_1_3' title="bbox 3395 379 3504 442">
    <p class='ocr_par' dir='ltr' id='par_1_3' title="bbox 3395 379 3504 442">
     <span class='ocr_line' id='line_1_3' title="bbox 3395 379 3504 442; baseline -0.018 0"><span class='ocrx_word' id='word_1_5' title='bbox 3395 379 3504 442; x_wconf 68' lang='grc' dir='ltr'><strong>6ίὲ</strong></span> 
     </span>
    </p>
   </div>
   <div class='ocr_carea' id='block_1_4' title="bbox 253 497 1916 568">
    <p class='ocr_par' dir='ltr' id='par_1_4' title="bbox 253 501 1905 568">
     <span class='ocr_line' id='line_1_4' title="bbox 253 501 1905 568; baseline 0.001 -18"><span class='ocrx_word' id='word_1_6' title='bbox 253 501 312 550; x_wconf 82' lang='grc' dir='ltr'>δὲ</span> <span class='ocrx_word' id='word_1_7' title='bbox 347 501 396 550; x_wconf 70' lang='grc' dir='ltr'><strong>τί</strong></span> <span class='ocrx_word' id='word_1_8' title='bbox 419 519 443 548; x_wconf 91' lang='grc' dir='ltr'><strong>ν</strong></span> <span class='ocrx_word' id='word_1_9' title='bbox 475 501 645 568; x_wconf 66' lang='grc' dir='ltr'>ἀρχὴν</span> <span class='ocrx_word' id='word_1_10' title='bbox 713 503 936 568; x_wconf 63' lang='grc' dir='ltr'>Αγίεωι</span> <span class='ocrx_word' id='word_1_11' title='bbox 991 501 1454 568; x_wconf 73' lang='grc' dir='ltr'>προσεποιήσαντο</span> <span class='ocrx_word' id='word_1_12' title='bbox 1493 503 1703 563; x_wconf 73' lang='grc' dir='ltr'>ἑαυτοῖς</span> <span class='ocrx_word' id='word_1_13' title='bbox 1739 504 1832 556; x_wconf 75' lang='grc' dir='ltr'>καὶ</span> <span class='ocrx_word' id='word_1_14' title='bbox 1859 505 1905 562; x_wconf 71' lang='grc' dir='ltr'><strong>Α</strong></span> 
     </span>
    </p>
   </div>
   <div class='ocr_carea' id='block_1_5' title="bbox 1808 497 3471 568">
    <p class='ocr_par' dir='ltr' id='par_1_5' title="bbox 1808 497 3471 567">
     <span class='ocr_line' id='line_1_5' title="bbox 1808 497 3471 567; baseline -0.001 -15"><span class='ocrx_word' id='word_1_15' title='bbox 1808 504 1832 552; x_wconf 76' lang='lat' dir='ltr'><strong>.l.</strong></span> <span class='ocrx_word' id='word_1_16' title='bbox 1859 505 1905 562; x_wconf 71' lang='grc' dir='ltr'><strong>Α</strong></span> <span class='ocrx_word' id='word_1_17' title='bbox 1939 517 2094 555; x_wconf 81' lang='lat' dir='ltr'><strong>cesso</strong></span> <span class='ocrx_word' id='word_1_18' title='bbox 2151 502 2400 556; x_wconf 76' lang='lat' dir='ltr'><strong>Numinis</strong></span> <span class='ocrx_word' id='word_1_19' title='bbox 2459 501 2632 567; x_wconf 65' lang='grc' dir='ltr'>Ιῖςιιειιι</span> <span class='ocrx_word' id='word_1_20' title='bbox 2669 517 2734 558; x_wconf 84' lang='lat' dir='ltr'><strong>.o.</strong></span> <span class='ocrx_word' id='word_1_21' title='bbox 2770 498 3024 552; x_wconf 74' lang='lat' dir='ltr'><strong>universa</strong></span> <span class='ocrx_word' id='word_1_22' title='bbox 3073 497 3324 558; x_wconf 74' lang='lat' dir='ltr'><strong>Tltrat-ia.</strong></span> <span class='ocrx_word' id='word_1_23' title='bbox 3363 499 3471 551; x_wconf 80' lang='lat' dir='ltr'><strong>Inul</strong></span> 
     </span>
    </p>
   </div>
   <div class='ocr_carea' id='block_1_6' title="bbox 255 584 1827 660">
    <p class='ocr_par' dir='ltr' id='par_1_6' title="bbox 255 584 1827 660">
     <span class='ocr_line' id='line_1_6' title="bbox 255 584 1827 660; baseline 0.001 -20"><span class='ocrx_word' id='word_1_24' title='bbox 255 588 408 644; x_wconf 74' lang='grc' dir='ltr'>ἄλλοι</span> <span class='ocrx_word' id='word_1_25' title='bbox 443 588 608 648; x_wconf 76' lang='grc' dir='ltr'>ἄλλας</span> <span class='ocrx_word' id='word_1_26' title='bbox 669 589 776 642; x_wconf 78' lang='grc' dir='ltr'>τῶν</span> <span class='ocrx_word' id='word_1_27' title='bbox 832 589 1102 658; x_wconf 59' lang='grc' dir='ltr'>ἐσπερίων</span> <span class='ocrx_word' id='word_1_28' title='bbox 1157 589 1440 660; x_wconf 69' lang='grc' dir='ltr'>ἐπαρχιῶν</span> <span class='ocrx_word' id='word_1_29' title='bbox 1496 584 1570 642; x_wconf 76' lang='grc' dir='ltr'>ὧν</span> <span class='ocrx_word' id='word_1_30' title='bbox 1605 593 1827 644; x_wconf 70' lang='grc' dir='ltr'>ἔκαστοι</span> 
     </span>
    </p>
   </div>
   <div class='ocr_carea' id='block_1_7' title="bbox 259 679 1828 748">
    <p class='ocr_par' dir='ltr' id='par_1_7' title="bbox 259 679 1828 748">
     <span class='ocr_line' id='line_1_7' title="bbox 259 679 1828 748; baseline 0.001 -16"><span class='ocrx_word' id='word_1_31' title='bbox 259 680 452 748; x_wconf 76' lang='grc' dir='ltr'>ἔτυχον</span> <span class='ocrx_word' id='word_1_32' title='bbox 514 679 989 747; x_wconf 79' lang='grc' dir='ltr'><strong>ἐπιτροπεύοντες,</strong></span> <span class='ocrx_word' id='word_1_33' title='bbox 1021 680 1106 733; x_wconf 70' lang='grc' dir='ltr'><strong>διὰ</strong></span> <span class='ocrx_word' id='word_1_34' title='bbox 1143 681 1204 732; x_wconf 62' lang='grc' dir='ltr'>τὴ</span> <span class='ocrx_word' id='word_1_35' title='bbox 1233 680 1511 748; x_wconf 74' lang='grc' dir='ltr'>βασιλεῦσι</span> <span class='ocrx_word' id='word_1_36' title='bbox 1543 682 1828 746; x_wconf 83' lang='grc' dir='ltr'>Ῥωμαίων</span> 
     </span>
    </p>
   </div>
   <div class='ocr_carea' id='block_1_8' title="bbox 257 767 1830 844">
    <p class='ocr_par' dir='ltr' id='par_1_8' title="bbox 257 767 1830 844">
     <span class='ocr_line' id='line_1_8' title="bbox 257 767 1830 844; baseline -0.001 -20"><span class='ocrx_word' id='word_1_37' title='bbox 257 771 426 824; x_wconf 78' lang='grc' dir='ltr'>δίοδον</span> <span class='ocrx_word' id='word_1_38' title='bbox 460 771 561 824; x_wconf 83' lang='grc' dir='ltr'><strong>ούκ</strong></span> <span class='ocrx_word' id='word_1_39' title='bbox 595 767 735 824; x_wconf 74' lang='grc' dir='ltr'>εἶναι</span> <span class='ocrx_word' id='word_1_40' title='bbox 767 775 903 840; x_wconf 74' lang='grc' dir='ltr'>πρὸς</span> <span class='ocrx_word' id='word_1_41' title='bbox 935 774 1134 837; x_wconf 71' lang='grc' dir='ltr'>αὐτοὺς</span> <span class='ocrx_word' id='word_1_42' title='bbox 1167 775 1252 826; x_wconf 79' lang='grc' dir='ltr'><strong>διὰ</strong></span> <span class='ocrx_word' id='word_1_43' title='bbox 1281 774 1498 844; x_wconf 57' lang='grc' dir='ltr'>Θρᾴκης</span> <span class='ocrx_word' id='word_1_44' title='bbox 1533 775 1622 825; x_wconf 73' lang='grc' dir='ltr'>καὶ</span> <span class='ocrx_word' id='word_1_45' title='bbox 1646 775 1830 826; x_wconf 84' lang='grc' dir='ltr'>Μακε-</span> 
     </span>
    </p>
   </div>
   <div class='ocr_carea' id='block_1_9' title="bbox 257 861 1830 932">
    <p class='ocr_par' dir='ltr' id='par_1_9' title="bbox 257 861 1830 932">
     <span class='ocr_line' id='line_1_9' title="bbox 257 861 1830 932; baseline -0.001 -20"><span class='ocrx_word' id='word_1_46' title='bbox 257 862 437 924; x_wconf 83' lang='grc' dir='ltr'>δονίας</span> <span class='ocrx_word' id='word_1_47' title='bbox 465 861 640 914; x_wconf 80' lang='grc' dir='ltr'><strong>οὐσῶν</strong></span> <span class='ocrx_word' id='word_1_48' title='bbox 671 862 774 914; x_wconf 77' lang='grc' dir='ltr'><strong>ὑπὸ</strong></span> <span class='ocrx_word' id='word_1_49' title='bbox 824 863 1100 924; x_wconf 81' lang='grc' dir='ltr'>Λατίνοις.</span> <span class='ocrx_word' id='word_1_50' title='bbox 1126 862 1393 932; x_wconf 77' lang='grc' dir='ltr'><strong>’Ὕστερον</strong></span> <span class='ocrx_word' id='word_1_51' title='bbox 1418 863 1474 914; x_wconf 85' lang='grc' dir='ltr'>δὲ</span> <span class='ocrx_word' id='word_1_52' title='bbox 1508 864 1653 914; x_wconf 71' lang='grc' dir='ltr'>ἔτεσι</span> <span class='ocrx_word' id='word_1_53' title='bbox 1702 862 1830 914; x_wconf 69' lang='grc' dir='ltr'>πολ·</span> 
     </span>
    </p>
   </div>
   <div class='ocr_carea' id='block_1_10' title="bbox 259 951 1832 1022">
    <p class='ocr_par' dir='ltr' id='par_1_10' title="bbox 259 951 1832 1022">
     <span class='ocr_line' id='line_1_10' title="bbox 259 951 1832 1022; baseline -0.001 -19"><span class='ocrx_word' id='word_1_54' title='bbox 259 953 372 1014; x_wconf 63' lang='grc' dir='ltr'>κοῖς</span> <span class='ocrx_word' id='word_1_55' title='bbox 396 953 501 1006; x_wconf 85' lang='grc' dir='ltr'><strong>ὑπὸ</strong></span> <span class='ocrx_word' id='word_1_56' title='bbox 529 951 637 1004; x_wconf 82' lang='grc' dir='ltr'><strong>τῶν</strong></span> <span class='ocrx_word' id='word_1_57' title='bbox 663 953 1040 1020; x_wconf 75' lang='grc' dir='ltr'>Παλαιολόγων</span> <span class='ocrx_word' id='word_1_58' title='bbox 1080 953 1398 1022; x_wconf 80' lang='grc' dir='ltr'>ἰθυνομένης</span> <span class='ocrx_word' id='word_1_59' title='bbox 1425 954 1832 1022; x_wconf 74' lang='grc' dir='ltr'>τῆςΊ-’ωμαξων</span> 
     </span>
    </p>
   </div>
   <div class='ocr_carea' id='block_1_11' title="bbox 261 1027 1832 1116">
    <p class='ocr_par' dir='ltr' id='par_1_11' title="bbox 261 1043 1832 1116">
     <span class='ocr_line' id='line_1_11' title="bbox 261 1043 1832 1116; baseline -0.002 -19"><span class='ocrx_word' id='word_1_60' title='bbox 261 1043 564 1114; x_wconf 79' lang='grc' dir='ltr'>βασιλείας,</span> <span class='ocrx_word' id='word_1_61' title='bbox 599 1047 858 1108; x_wconf 78' lang='grc' dir='ltr'><strong>Λατίνους</strong></span> <span class='ocrx_word' id='word_1_62' title='bbox 890 1047 986 1114; x_wconf 78' lang='grc' dir='ltr'>μὲν</span> <span class='ocrx_word' id='word_1_63' title='bbox 1017 1044 1171 1108; x_wconf 76' lang='grc' dir='ltr'>αὖθις</span> <span class='ocrx_word' id='word_1_64' title='bbox 1201 1045 1292 1098; x_wconf 81' lang='grc' dir='ltr'><strong>τοῦ</strong></span> <span class='ocrx_word' id='word_1_65' title='bbox 1345 1044 1478 1116; x_wconf 67' lang='grc' dir='ltr'>Θεοῦ</span> <span class='ocrx_word' id='word_1_66' title='bbox 1508 1044 1832 1111; x_wconf 68' lang='grc' dir='ltr'>συναιρομέ-</span> 
     </span>
    </p>
   </div>
   <div class='ocr_carea' id='block_1_12' title="bbox 259 1137 1832 1210">
    <p class='ocr_par' dir='ltr' id='par_1_12' title="bbox 259 1137 1832 1210">
     <span class='ocr_line' id='line_1_12' title="bbox 259 1137 1832 1210; baseline 0 -22"><span class='ocrx_word' id='word_1_67' title='bbox 259 1155 376 1203; x_wconf 70' lang='lat' dir='ltr'><strong>you,</strong></span> <span class='ocrx_word' id='word_1_68' title='bbox 415 1138 516 1203; x_wconf 68' lang='grc' dir='ltr'>τῆς</span> <span class='ocrx_word' id='word_1_69' title='bbox 555 1139 842 1210; x_wconf 84' lang='grc' dir='ltr'>Ῥωμαίων</span> <span class='ocrx_word' id='word_1_70' title='bbox 867 1139 1136 1209; x_wconf 77' lang='grc' dir='ltr'>ἐξήλασαν</span> <span class='ocrx_word' id='word_1_71' title='bbox 1165 1138 1481 1208; x_wconf 83' lang='grc' dir='ltr'><strong>ἡγεμονίας·</strong></span> <span class='ocrx_word' id='word_1_72' title='bbox 1523 1139 1614 1188; x_wconf 79' lang='grc' dir='ltr'>καὶ</span> <span class='ocrx_word' id='word_1_73' title='bbox 1651 1137 1832 1188; x_wconf 63' lang='grc' dir='ltr'><strong>’Δίκα-,³</strong></span> 
     </span>
    </p>
   </div>
   <div class='ocr_carea' id='block_1_13' title="bbox 262 1225 1832 1300">
    <p class='ocr_par' dir='ltr' id='par_1_13' title="bbox 262 1225 1832 1300">
     <span class='ocr_line' id='line_1_13' title="bbox 262 1225 1832 1300; baseline -0.001 -20"><span class='ocrx_word' id='word_1_74' title='bbox 262 1231 356 1280; x_wconf 83' lang='grc' dir='ltr'>καί</span> <span class='ocrx_word' id='word_1_75' title='bbox 391 1229 660 1300; x_wconf 77' lang='grc' dir='ltr'><strong>Εὐρώπην</strong></span> <span class='ocrx_word' id='word_1_76' title='bbox 695 1231 824 1300; x_wconf 76' lang='grc' dir='ltr'>ὅσης</span> <span class='ocrx_word' id='word_1_77' title='bbox 882 1225 1054 1300; x_wconf 75' lang='grc' dir='ltr'>ἦρχον</span> <span class='ocrx_word' id='word_1_78' title='bbox 1087 1231 1165 1294; x_wconf 82' lang='grc' dir='ltr'>εἰς</span> <span class='ocrx_word' id='word_1_79' title='bbox 1195 1229 1254 1282; x_wconf 82' lang='grc' dir='ltr'>ἓν</span> <span class='ocrx_word' id='word_1_80' title='bbox 1297 1229 1542 1297; x_wconf 65' lang='grc' dir='ltr'>συνῆψαν</span> <span class='ocrx_word' id='word_1_81' title='bbox 1565 1243 1578 1256; x_wconf 90' lang='grc'>·</span> <span class='ocrx_word' id='word_1_82' title='bbox 1633 1228 1832 1297; x_wconf 77' lang='grc' dir='ltr'>Ἀκαρ-</span> 
     </span>
    </p>
   </div>
   <div class='ocr_carea' id='block_1_14' title="bbox 261 1319 1834 1389">
    <p class='ocr_par' dir='ltr' id='par_1_14' title="bbox 261 1319 1834 1389">
     <span class='ocr_line' id='line_1_14' title="bbox 261 1319 1834 1389; baseline 0 -17"><span class='ocrx_word' id='word_1_83' title='bbox 261 1322 454 1374; x_wconf 73' lang='grc' dir='ltr'>νανίαν</span> <span class='ocrx_word' id='word_1_84' title='bbox 506 1321 563 1374; x_wconf 79' lang='grc' dir='ltr'>δὲ</span> <span class='ocrx_word' id='word_1_85' title='bbox 607 1323 896 1389; x_wconf 83' lang='grc' dir='ltr'>Ἀγγέλους</span> <span class='ocrx_word' id='word_1_86' title='bbox 956 1320 1336 1386; x_wconf 74' lang='grc' dir='ltr'>ἀπαιτοῦντες,</span> <span class='ocrx_word' id='word_1_87' title='bbox 1415 1321 1515 1372; x_wconf 70' lang='grc' dir='ltr'>οὐκ</span> <span class='ocrx_word' id='word_1_88' title='bbox 1576 1319 1834 1388; x_wconf 74' lang='grc' dir='ltr'>ἠδύναντο</span> 
     </span>
    </p>
   </div>
   <div class='ocr_carea' id='block_1_15' title="bbox 265 1413 1838 1484">
    <p class='ocr_par' dir='ltr' id='par_1_15' title="bbox 265 1413 1838 1484">
     <span class='ocr_line' id='line_1_15' title="bbox 265 1413 1838 1484; baseline -0.004 -16"><span class='ocrx_word' id='word_1_89' title='bbox 265 1415 558 1468; x_wconf 88' lang='grc' dir='ltr'>ἀπολαϐεῖν</span> <span class='ocrx_word' id='word_1_90' title='bbox 581 1429 595 1446; x_wconf 89' lang='grc'><strong>·</strong></span> <span class='ocrx_word' id='word_1_91' title='bbox 624 1415 740 1468; x_wconf 76' lang='grc' dir='ltr'>ἀλλ’</span> <span class='ocrx_word' id='word_1_92' title='bbox 772 1415 933 1468; x_wconf 84' lang='grc' dir='ltr'>ἄδικα</span> <span class='ocrx_word' id='word_1_93' title='bbox 961 1415 1056 1468; x_wconf 83' lang='grc' dir='ltr'>καὶ</span> <span class='ocrx_word' id='word_1_94' title='bbox 1089 1413 1241 1484; x_wconf 84' lang='grc' dir='ltr'>βίαια</span> <span class='ocrx_word' id='word_1_95' title='bbox 1271 1413 1572 1475; x_wconf 81' lang='grc' dir='ltr'>ποιοῦντες.</span> <span class='ocrx_word' id='word_1_96' title='bbox 1605 1413 1838 1464; x_wconf 74' lang='grc' dir='ltr'>ἀπεστέ-</span> 
     </span>
    </p>
   </div>
   <div class='ocr_carea' id='block_1_16' title="bbox 273 1504 1834 1576">
    <p class='ocr_par' dir='ltr' id='par_1_16' title="bbox 273 1504 1834 1576">
     <span class='ocr_line' id='line_1_16' title="bbox 273 1504 1834 1576; baseline -0.003 -18"><span class='ocrx_word' id='word_1_97' title='bbox 273 1523 402 1576; x_wconf 76' lang='grc' dir='ltr'>ρουν</span> <span class='ocrx_word' id='word_1_98' title='bbox 429 1525 440 1539; x_wconf 94' lang='grc'><strong>·</strong></span> <span class='ocrx_word' id='word_1_99' title='bbox 475 1506 571 1560; x_wconf 74' lang='grc' dir='ltr'>καὶ</span> <span class='ocrx_word' id='word_1_100' title='bbox 614 1506 876 1575; x_wconf 81' lang='grc' dir='ltr'>στρατιὰν</span> <span class='ocrx_word' id='word_1_101' title='bbox 915 1504 1176 1568; x_wconf 77' lang='grc' dir='ltr'><strong>πολλάκις</strong></span> <span class='ocrx_word' id='word_1_102' title='bbox 1209 1505 1297 1558; x_wconf 79' lang='grc' dir='ltr'><strong>ἐπ’</strong></span> <span class='ocrx_word' id='word_1_103' title='bbox 1326 1505 1569 1568; x_wconf 81' lang='grc' dir='ltr'><strong>ἐκείνους</strong></span> <span class='ocrx_word' id='word_1_104' title='bbox 1613 1505 1834 1573; x_wconf 68' lang='grc' dir='ltr'>πέμψα-</span> 
     </span>
    </p>
   </div>
   <div class='ocr_carea' id='block_1_17' title="bbox 267 1595 1836 1666">
    <p class='ocr_par' dir='ltr' id='par_1_17' title="bbox 267 1595 1836 1666">
     <span class='ocr_line' id='line_1_17' title="bbox 267 1595 1836 1666; baseline -0.001 -18"><span class='ocrx_word' id='word_1_105' title='bbox 267 1614 376 1660; x_wconf 85' lang='grc' dir='ltr'><strong>σιν,</strong></span> <span class='ocrx_word' id='word_1_106' title='bbox 402 1597 542 1649; x_wconf 85' lang='grc' dir='ltr'>ὃπλα</span> <span class='ocrx_word' id='word_1_107' title='bbox 564 1595 880 1666; x_wconf 78' lang='grc' dir='ltr'>ἀντῂροντο,</span> <span class='ocrx_word' id='word_1_108' title='bbox 909 1599 1004 1650; x_wconf 80' lang='grc' dir='ltr'>καὶ</span> <span class='ocrx_word' id='word_1_109' title='bbox 1025 1597 1151 1659; x_wconf 80' lang='grc' dir='ltr'>τοὺς</span> <span class='ocrx_word' id='word_1_110' title='bbox 1179 1596 1489 1665; x_wconf 82' lang='grc' dir='ltr'>περιοίκους</span> <span class='ocrx_word' id='word_1_111' title='bbox 1516 1597 1836 1665; x_wconf 69' lang='grc' dir='ltr'>συμμάχους</span> 
     </span>
    </p>
   </div>
   <div class='ocr_carea' id='block_1_18' title="bbox 266 1686 1837 1757">
    <p class='ocr_par' dir='ltr' id='par_1_18' title="bbox 266 1686 1837 1757">
     <span class='ocr_line' id='line_1_18' title="bbox 266 1686 1837 1757; baseline 0 -19"><span class='ocrx_word' id='word_1_112' title='bbox 266 1689 537 1756; x_wconf 76' lang='grc' dir='ltr'>ἐπήγοντο</span> <span class='ocrx_word' id='word_1_113' title='bbox 573 1686 904 1757; x_wconf 80' lang='grc' dir='ltr'>βαρϐάρους.</span> <span class='ocrx_word' id='word_1_114' title='bbox 946 1687 1053 1741; x_wconf 81' lang='grc' dir='ltr'>Τδν</span> <span class='ocrx_word' id='word_1_115' title='bbox 1089 1687 1446 1756; x_wconf 85' lang='grc' dir='ltr'>βασιλεύοντα</span> <span class='ocrx_word' id='word_1_116' title='bbox 1475 1687 1532 1740; x_wconf 81' lang='grc' dir='ltr'>δὲ</span> <span class='ocrx_word' id='word_1_117' title='bbox 1571 1689 1686 1738; x_wconf 73' lang='grc' dir='ltr'>νυνὶ</span> <span class='ocrx_word' id='word_1_118' title='bbox 1719 1689 1837 1738; x_wconf 84' lang='grc' dir='ltr'>ἐπι-</span> 
     </span>
    </p>
   </div>
   <div class='ocr_carea' id='block_1_19' title="bbox 268 1774 1836 1846">
    <p class='ocr_par' dir='ltr' id='par_1_19' title="bbox 268 1774 1836 1846">
     <span class='ocr_line' id='line_1_19' title="bbox 268 1774 1836 1846; baseline 0.003 -22"><span class='ocrx_word' id='word_1_119' title='bbox 268 1774 642 1842; x_wconf 68' lang='grc' dir='ltr'>στρατεύοντα</span> <span class='ocrx_word' id='word_1_120' title='bbox 673 1775 824 1844; x_wconf 81' lang='grc' dir='ltr'>ὐμῖν,</span> <span class='ocrx_word' id='word_1_121' title='bbox 860 1779 954 1828; x_wconf 59' lang='grc' dir='ltr'><strong>καὶ⁵</strong></span> <span class='ocrx_word' id='word_1_122' title='bbox 983 1779 1048 1845; x_wconf 67' lang='grc' dir='ltr'><strong>τῇ</strong></span> <span class='ocrx_word' id='word_1_123' title='bbox 1074 1775 1283 1829; x_wconf 75' lang='grc' dir='ltr'>ἄνωθεν</span> <span class='ocrx_word' id='word_1_124' title='bbox 1313 1778 1604 1846; x_wconf 61' lang='grc' dir='ltr'>ἐπικουρία</span> <span class='ocrx_word' id='word_1_125' title='bbox 1637 1776 1836 1828; x_wconf 84' lang='grc' dir='ltr'>δουλω-</span> 
     </span>
    </p>
   </div>
   <div class='ocr_carea' id='block_1_20' title="bbox 268 1852 1908 1938">
    <p class='ocr_par' dir='ltr' id='par_1_20' title="bbox 268 1852 1908 1938">
     <span class='ocr_line' id='line_1_20' title="bbox 268 1852 1908 1938; baseline 0.003 -22"><span class='ocrx_word' id='word_1_126' title='bbox 268 1866 522 1934; x_wconf 81' lang='grc' dir='ltr'>σάμενον,</span> <span class='ocrx_word' id='word_1_127' title='bbox 560 1867 658 1918; x_wconf 85' lang='grc' dir='ltr'>οὑκ</span> <span class='ocrx_word' id='word_1_128' title='bbox 689 1868 894 1920; x_wconf 81' lang='grc' dir='ltr'>ἀδικεῖν</span> <span class='ocrx_word' id='word_1_129' title='bbox 938 1867 1004 1920; x_wconf 80' lang='grc' dir='ltr'>ἄν</span> <span class='ocrx_word' id='word_1_130' title='bbox 1051 1886 1134 1930; x_wconf 86' lang='grc' dir='ltr'><strong>τις</strong></span> <span class='ocrx_word' id='word_1_131' title='bbox 1162 1868 1298 1936; x_wconf 88' lang='grc' dir='ltr'>φαίη</span> <span class='ocrx_word' id='word_1_132' title='bbox 1327 1867 1423 1934; x_wconf 78' lang='grc' dir='ltr'>τὴν</span> <span class='ocrx_word' id='word_1_133' title='bbox 1451 1867 1656 1938; x_wconf 79' lang='grc' dir='ltr'>ἑτέρων</span> <span class='ocrx_word' id='word_1_134' title='bbox 1691 1884 1834 1935; x_wconf 83' lang='grc' dir='ltr'>παρ·</span> <span class='ocrx_word' id='word_1_135' title='bbox 1869 1852 1908 1906; x_wconf 75' lang='grc' dir='ltr'><strong><em>Β</em></strong></span> 
     </span>
    </p>
   </div>
   <div class='ocr_carea' id='block_1_21' title="bbox 266 1959 1837 2028">
    <p class='ocr_par' dir='ltr' id='par_1_21' title="bbox 266 1959 1837 2028">
     <span class='ocr_line' id='line_1_21' title="bbox 266 1959 1837 2028; baseline -0.001 -18"><span class='ocrx_word' id='word_1_136' title='bbox 266 1959 596 2028; x_wconf 87' lang='grc' dir='ltr'>αιρούμενον</span> <span class='ocrx_word' id='word_1_137' title='bbox 659 1961 834 2028; x_wconf 83' lang='grc' dir='ltr'>ἀρχήν</span> <span class='ocrx_word' id='word_1_138' title='bbox 861 1975 874 1988; x_wconf 91' lang='grc'><strong>·</strong></span> <span class='ocrx_word' id='word_1_139' title='bbox 902 1959 1038 2012; x_wconf 83' lang='grc' dir='ltr'>ἀλλὰ</span> <span class='ocrx_word' id='word_1_140' title='bbox 1067 1960 1302 2028; x_wconf 76' lang='grc' dir='ltr'>μάλιστα</span> <span class='ocrx_word' id='word_1_141' title='bbox 1332 1961 1401 2012; x_wconf 73' lang='grc' dir='ltr'>τὰ</span> <span class='ocrx_word' id='word_1_142' title='bbox 1445 1959 1628 2012; x_wconf 88' lang='grc' dir='ltr'>δίκαια</span> <span class='ocrx_word' id='word_1_143' title='bbox 1665 1961 1837 2012; x_wconf 81' lang='grc' dir='ltr'>ποιεῖν</span> 
     </span>
    </p>
   </div>
   <div class='ocr_carea' id='block_1_22' title="bbox 264 2047 1840 2122">
    <p class='ocr_par' dir='ltr' id='par_1_22' title="bbox 264 2047 1840 2122">
     <span class='ocr_line' id='line_1_22' title="bbox 264 2047 1840 2122; baseline 0 -21"><span class='ocrx_word' id='word_1_144' title='bbox 264 2047 724 2117; x_wconf 77' lang='grc' dir='ltr'>ἀπολαμϐάνοντα</span> <span class='ocrx_word' id='word_1_145' title='bbox 778 2048 875 2120; x_wconf 76' lang='grc' dir='ltr'>τὴν</span> <span class='ocrx_word' id='word_1_146' title='bbox 937 2049 1223 2122; x_wconf 82' lang='grc' dir='ltr'>πατρῴαν.</span> <span class='ocrx_word' id='word_1_147' title='bbox 1289 2051 1348 2102; x_wconf 77' lang='grc' dir='ltr'><strong>Εἰ</strong></span> <span class='ocrx_word' id='word_1_148' title='bbox 1381 2049 1488 2120; x_wconf 82' lang='grc' dir='ltr'><strong>γὰρ</strong></span> <span class='ocrx_word' id='word_1_149' title='bbox 1541 2049 1840 2120; x_wconf 82' lang='grc' dir='ltr'>Νικηφόρῳ</span> 
     </span>
    </p>
   </div>
   <div class='ocr_carea' id='block_1_23' title="bbox 265 2139 1839 2212">
    <p class='ocr_par' dir='ltr' id='par_1_23' title="bbox 265 2139 1839 2212">
     <span class='ocr_line' id='line_1_23' title="bbox 265 2139 1839 2212; baseline 0.001 -20"><span class='ocrx_word' id='word_1_150' title='bbox 265 2139 479 2194; x_wconf 81' lang='grc' dir='ltr'>δίκαιον</span> <span class='ocrx_word' id='word_1_151' title='bbox 499 2144 560 2194; x_wconf 84' lang='grc' dir='ltr'>τὸ</span> <span class='ocrx_word' id='word_1_152' title='bbox 583 2144 648 2195; x_wconf 77' lang='grc' dir='ltr'><strong>ἐκ</strong></span> <span class='ocrx_word' id='word_1_153' title='bbox 678 2146 963 2212; x_wconf 89' lang='grc' dir='ltr'>προγόνων</span> <span class='ocrx_word' id='word_1_154' title='bbox 997 2144 1056 2197; x_wconf 81' lang='grc' dir='ltr'>οὐ</span> <span class='ocrx_word' id='word_1_155' title='bbox 1089 2143 1299 2196; x_wconf 83' lang='grc' dir='ltr'>πολλῶν</span> <span class='ocrx_word' id='word_1_156' title='bbox 1334 2143 1505 2196; x_wconf 81' lang='grc' dir='ltr'>ὄντων</span> <span class='ocrx_word' id='word_1_157' title='bbox 1529 2144 1630 2208; x_wconf 84' lang='grc' dir='ltr'>τὴν</span> <span class='ocrx_word' id='word_1_158' title='bbox 1664 2141 1839 2212; x_wconf 79' lang='grc' dir='ltr'>ἀρχὴν</span> 
     </span>
    </p>
   </div>
   <div class='ocr_carea' id='block_1_24' title="bbox 269 2234 1840 2306">
    <p class='ocr_par' dir='ltr' id='par_1_24' title="bbox 269 2234 1840 2306">
     <span class='ocr_line' id='line_1_24' title="bbox 269 2234 1840 2306; baseline 0.001 -19"><span class='ocrx_word' id='word_1_159' title='bbox 269 2234 631 2300; x_wconf 73' lang='grc' dir='ltr'>κατάγεσθαι,</span> <span class='ocrx_word' id='word_1_160' title='bbox 682 2236 864 2306; x_wconf 81' lang='grc' dir='ltr'>πολλῷ</span> <span class='ocrx_word' id='word_1_161' title='bbox 897 2235 1101 2306; x_wconf 77' lang='grc' dir='ltr'>μᾶλλον</span> <span class='ocrx_word' id='word_1_162' title='bbox 1155 2235 1368 2306; x_wconf 82' lang='grc' dir='ltr'>βασιλεῖ</span> <span class='ocrx_word' id='word_1_163' title='bbox 1416 2235 1521 2288; x_wconf 83' lang='grc' dir='ltr'><strong>τῶν</strong></span> <span class='ocrx_word' id='word_1_164' title='bbox 1571 2235 1632 2299; x_wconf 81' lang='grc' dir='ltr'>ἐξ</span> <span class='ocrx_word' id='word_1_165' title='bbox 1667 2235 1840 2305; x_wconf 84' lang='grc' dir='ltr'>ἀρχῆς</span> 
     </span>
    </p>
   </div>
   <div class='ocr_carea' id='block_1_25' title="bbox 267 2323 1841 2398">
    <p class='ocr_par' dir='ltr' id='par_1_25' title="bbox 267 2323 1841 2398">
     <span class='ocr_line' id='line_1_25' title="bbox 267 2323 1841 2398; baseline 0.003 -22"><span class='ocrx_word' id='word_1_166' title='bbox 267 2323 707 2394; x_wconf 80' lang='grc' dir='ltr'>βασιλευσάντων</span> <span class='ocrx_word' id='word_1_167' title='bbox 752 2326 1038 2398; x_wconf 77' lang='grc' dir='ltr'>Ῥωμαίων</span> <span class='ocrx_word' id='word_1_168' title='bbox 1073 2327 1187 2380; x_wconf 78' lang='grc' dir='ltr'>ὄντι</span> <span class='ocrx_word' id='word_1_169' title='bbox 1241 2328 1488 2396; x_wconf 78' lang='grc' dir='ltr'>ἀπογόνῳ</span> <span class='ocrx_word' id='word_1_170' title='bbox 1551 2327 1694 2382; x_wconf 84' lang='grc' dir='ltr'>κατὰ</span> <span class='ocrx_word' id='word_1_171' title='bbox 1748 2326 1841 2380; x_wconf 75' lang='grc' dir='ltr'>τὸν</span> 
     </span>
    </p>
   </div>
   <div class='ocr_carea' id='block_1_26' title="bbox 267 2416 1842 2491">
    <p class='ocr_par' dir='ltr' id='par_1_26' title="bbox 267 2416 1842 2491">
     <span class='ocr_line' id='line_1_26' title="bbox 267 2416 1842 2491; baseline 0.004 -25"><span class='ocrx_word' id='word_1_172' title='bbox 267 2416 427 2484; x_wconf 86' lang='grc' dir='ltr'>λόγον</span> <span class='ocrx_word' id='word_1_173' title='bbox 477 2418 576 2486; x_wconf 83' lang='grc' dir='ltr'>τῆς</span> <span class='ocrx_word' id='word_1_174' title='bbox 625 2419 898 2490; x_wconf 79' lang='grc' dir='ltr'>διαδοχῆς.</span> <span class='ocrx_word' id='word_1_175' title='bbox 949 2421 1011 2472; x_wconf 86' lang='lat' dir='ltr'><strong>Et</strong></span> <span class='ocrx_word' id='word_1_176' title='bbox 1063 2420 1120 2474; x_wconf 83' lang='grc' dir='ltr'>δὲ</span> <span class='ocrx_word' id='word_1_177' title='bbox 1153 2421 1212 2474; x_wconf 85' lang='grc' dir='ltr'>τὸ</span> <span class='ocrx_word' id='word_1_178' title='bbox 1267 2420 1361 2474; x_wconf 89' lang='grc' dir='ltr'><strong>τοῦ</strong></span> <span class='ocrx_word' id='word_1_179' title='bbox 1418 2421 1610 2491; x_wconf 86' lang='grc' dir='ltr'>χρόνου</span> <span class='ocrx_word' id='word_1_180' title='bbox 1668 2420 1842 2489; x_wconf 86' lang='grc' dir='ltr'>μῆκος</span> 
     </span>
    </p>
   </div>
   <div class='ocr_carea' id='block_1_27' title="bbox 267 2507 1844 2582">
    <p class='ocr_par' dir='ltr' id='par_1_27' title="bbox 267 2507 1844 2582">
     <span class='ocr_line' id='line_1_27' title="bbox 267 2507 1844 2582; baseline 0.003 -24"><span class='ocrx_word' id='word_1_181' title='bbox 267 2507 572 2576; x_wconf 81' lang='grc' dir='ltr'>ἀξιόχρεων</span> <span class='ocrx_word' id='word_1_182' title='bbox 602 2509 751 2562; x_wconf 81' lang='grc' dir='ltr'>δοκεῖ</span> <span class='ocrx_word' id='word_1_183' title='bbox 788 2511 923 2581; x_wconf 82' lang='grc' dir='ltr'>πρὸς</span> <span class='ocrx_word' id='word_1_184' title='bbox 955 2510 1238 2564; x_wconf 84' lang='grc' dir='ltr'>δικαίωσιν</span> <span class='ocrx_word' id='word_1_185' title='bbox 1292 2513 1444 2582; x_wconf 86' lang='grc' dir='ltr'>ὑμῖν,</span> <span class='ocrx_word' id='word_1_186' title='bbox 1481 2511 1594 2564; x_wconf 79' lang='grc' dir='ltr'>ἴστε</span> <span class='ocrx_word' id='word_1_187' title='bbox 1649 2513 1844 2566; x_wconf 81' lang='grc' dir='ltr'>τάναν-</span> 
     </span>
    </p>
   </div>
   <div class='ocr_carea' id='block_1_28' title="bbox 270 2593 1844 2672">
    <p class='ocr_par' dir='ltr' id='par_1_28' title="bbox 270 2593 1844 2672">
     <span class='ocr_line' id='line_1_28' title="bbox 270 2593 1844 2672; baseline 0.006 -28"><span class='ocrx_word' id='word_1_188' title='bbox 270 2593 364 2644; x_wconf 87' lang='grc' dir='ltr'><strong>τία</strong></span> <span class='ocrx_word' id='word_1_189' title='bbox 418 2595 762 2664; x_wconf 79' lang='grc' dir='ltr'>λογιζόμενοι</span> <span class='ocrx_word' id='word_1_190' title='bbox 813 2600 921 2650; x_wconf 79' lang='grc' dir='ltr'>τῶν</span> <span class='ocrx_word' id='word_1_191' title='bbox 947 2599 1115 2653; x_wconf 75' lang='grc' dir='ltr'>ὄντων</span> <span class='ocrx_word' id='word_1_192' title='bbox 1140 2616 1155 2630; x_wconf 87' lang='grc'><strong>·</strong></span> <span class='ocrx_word' id='word_1_193' title='bbox 1193 2600 1394 2670; x_wconf 82' lang='grc' dir='ltr'>μᾶλλον</span> <span class='ocrx_word' id='word_1_194' title='bbox 1427 2601 1536 2672; x_wconf 86' lang='grc' dir='ltr'>γὰρ</span> <span class='ocrx_word' id='word_1_195' title='bbox 1564 2602 1652 2654; x_wconf 84' lang='grc' dir='ltr'>διὰ</span> <span class='ocrx_word' id='word_1_196' title='bbox 1681 2600 1844 2654; x_wconf 86' lang='grc' dir='ltr'>τοῦτο</span> 
     </span>
    </p>
   </div>
   <div class='ocr_carea' id='block_1_29' title="bbox 268 2684 1843 2760">
    <p class='ocr_par' dir='ltr' id='par_1_29' title="bbox 268 2684 1843 2760">
     <span class='ocr_line' id='line_1_29' title="bbox 268 2684 1843 2760; baseline 0.006 -23"><span class='ocrx_word' id='word_1_197' title='bbox 268 2684 430 2755; x_wconf 81' lang='grc' dir='ltr'>δίκης</span> <span class='ocrx_word' id='word_1_198' title='bbox 462 2685 621 2751; x_wconf 79' lang='grc' dir='ltr'>ἄξιοι,</span> <span class='ocrx_word' id='word_1_199' title='bbox 667 2689 748 2740; x_wconf 76' lang='grc' dir='ltr'><strong>δτι</strong></span> <span class='ocrx_word' id='word_1_200' title='bbox 803 2689 1057 2744; x_wconf 86' lang='grc' dir='ltr'>τοσοῦτον</span> <span class='ocrx_word' id='word_1_201' title='bbox 1092 2692 1285 2760; x_wconf 84' lang='grc' dir='ltr'>χρόνον</span> <span class='ocrx_word' id='word_1_202' title='bbox 1335 2692 1594 2760; x_wconf 69' lang='grc' dir='ltr'>ἠδικεῖτε.</span> <span class='ocrx_word' id='word_1_203' title='bbox 1650 2694 1714 2748; x_wconf 85' lang='grc' dir='ltr'>Εἰ</span> <span class='ocrx_word' id='word_1_204' title='bbox 1750 2688 1843 2746; x_wconf 86' lang='grc' dir='ltr'><strong>οῦν</strong></span> 
     </span>
    </p>
   </div>
   <div class='ocr_carea' id='block_1_30' title="bbox 273 2781 1840 2853">
    <p class='ocr_par' dir='ltr' id='par_1_30' title="bbox 273 2781 1840 2853">
     <span class='ocr_line' id='line_1_30' title="bbox 273 2781 1840 2853; baseline 0.005 -25"><span class='ocrx_word' id='word_1_205' title='bbox 273 2781 493 2848; x_wconf 80' lang='grc' dir='ltr'>μηχανῇ</span> <span class='ocrx_word' id='word_1_206' title='bbox 529 2796 586 2831; x_wconf 86' lang='grc' dir='ltr'><strong>τε</strong></span> <span class='ocrx_word' id='word_1_207' title='bbox 611 2781 833 2850; x_wconf 82' lang='grc' dir='ltr'>οὐδεμιᾷ</span> <span class='ocrx_word' id='word_1_208' title='bbox 865 2781 927 2834; x_wconf 84' lang='grc' dir='ltr'>τὸ</span> <span class='ocrx_word' id='word_1_209' title='bbox 956 2783 1162 2836; x_wconf 83' lang='grc' dir='ltr'>ἁλῶναι</span> <span class='ocrx_word' id='word_1_210' title='bbox 1191 2784 1252 2836; x_wconf 81' lang='grc' dir='ltr'>οὐ</span> <span class='ocrx_word' id='word_1_211' title='bbox 1281 2785 1512 2838; x_wconf 77' lang='grc' dir='ltr'>δύνασθε</span> <span class='ocrx_word' id='word_1_212' title='bbox 1539 2785 1840 2853; x_wconf 81' lang='grc' dir='ltr'>διαφυγεῖν,</span> 
     </span>
    </p>
   </div>
   <div class='ocr_carea' id='block_1_31' title="bbox 271 2868 1843 2946">
    <p class='ocr_par' dir='ltr' id='par_1_31' title="bbox 271 2868 1843 2946">
     <span class='ocr_line' id='line_1_31' title="bbox 271 2868 1843 2946; baseline 0.006 -26"><span class='ocrx_word' id='word_1_213' title='bbox 271 2868 406 2921; x_wconf 80' lang='grc' dir='ltr'>εῐτε</span> <span class='ocrx_word' id='word_1_214' title='bbox 440 2871 535 2922; x_wconf 75' lang='grc' dir='ltr'>καὶ</span> <span class='ocrx_word' id='word_1_215' title='bbox 584 2870 818 2940; x_wconf 85' lang='grc' dir='ltr'>δύναμις</span> <span class='ocrx_word' id='word_1_216' title='bbox 846 2873 972 2942; x_wconf 81' lang='grc' dir='ltr'>ὑμῖν</span> <span class='ocrx_word' id='word_1_217' title='bbox 996 2875 1180 2945; x_wconf 85' lang='grc' dir='ltr'>παρῆν</span> <span class='ocrx_word' id='word_1_218' title='bbox 1219 2876 1576 2946; x_wconf 70' lang='grc' dir='ltr'>Ἀκαρνανίας</span> <span class='ocrx_word' id='word_1_219' title='bbox 1617 2876 1843 2946; x_wconf 83' lang='grc' dir='ltr'>βασιλέα</span> 
     </span>
    </p>
   </div>
   <div class='ocr_carea' id='block_1_32' title="bbox 275 2959 1846 3037">
    <p class='ocr_par' dir='ltr' id='par_1_32' title="bbox 275 2959 1846 3037">
     <span class='ocr_line' id='line_1_32' title="bbox 275 2959 1846 3037; baseline 0.01 -27"><span class='ocrx_word' id='word_1_220' title='bbox 275 2959 610 3026; x_wconf 79' lang='grc' dir='ltr'>ἐξελαύνειν,</span> <span class='ocrx_word' id='word_1_221' title='bbox 663 2962 724 3014; x_wconf 78' lang='grc' dir='ltr'>τὸ</span> <span class='ocrx_word' id='word_1_222' title='bbox 783 2963 989 3017; x_wconf 80' lang='grc' dir='ltr'>ἀδικεῖν</span> <span class='ocrx_word' id='word_1_223' title='bbox 1021 2966 1122 3018; x_wconf 86' lang='grc' dir='ltr'>οὐκ</span> <span class='ocrx_word' id='word_1_224' title='bbox 1145 2965 1212 3018; x_wconf 81' lang='grc' dir='ltr'>ἂν</span> <span class='ocrx_word' id='word_1_225' title='bbox 1237 2962 1305 3037; x_wconf 81' lang='grc' dir='ltr'>ἦν</span> <span class='ocrx_word' id='word_1_226' title='bbox 1339 2968 1650 3036; x_wconf 83' lang='grc' dir='ltr'>διαφυγεῖν,</span> <span class='ocrx_word' id='word_1_227' title='bbox 1679 2970 1730 3023; x_wconf 84' lang='grc' dir='ltr'><strong>τί</strong></span> <span class='ocrx_word' id='word_1_228' title='bbox 1766 2972 1846 3025; x_wconf 86' lang='grc' dir='ltr'><strong>δεῖ</strong></span> 
     </span>
    </p>
   </div>
   <div class='ocr_carea' id='block_1_33' title="bbox 273 3051 1845 3128">
    <p class='ocr_par' dir='ltr' id='par_1_33' title="bbox 273 3051 1845 3128">
     <span class='ocr_line' id='line_1_33' title="bbox 273 3051 1845 3128; baseline 0.006 -23"><span class='ocrx_word' id='word_1_229' title='bbox 273 3051 520 3122; x_wconf 79' lang='grc' dir='ltr'>ἀνήνυτα</span> <span class='ocrx_word' id='word_1_230' title='bbox 573 3051 870 3118; x_wconf 83' lang='grc' dir='ltr'>πονοῦντας</span> <span class='ocrx_word' id='word_1_231' title='bbox 941 3056 1040 3127; x_wconf 82' lang='grc' dir='ltr'>τὴν</span> <span class='ocrx_word' id='word_1_232' title='bbox 1101 3059 1482 3128; x_wconf 84' lang='grc' dir='ltr'>κακοπραγίαν</span> <span class='ocrx_word' id='word_1_233' title='bbox 1547 3062 1845 3115; x_wconf 75' lang='grc' dir='ltr'>ἐπιτείνειν</span> 
     </span>
    </p>
   </div>
   <div class='ocr_carea' id='block_1_34' title="bbox 1935 589 3501 662">
    <p class='ocr_par' dir='ltr' id='par_1_34' title="bbox 1935 589 3501 662">
     <span class='ocr_line' id='line_1_34' title="bbox 1935 589 3501 662; baseline -0.003 -15"><span class='ocrx_word' id='word_1_234' title='bbox 1935 595 2112 662; x_wconf 75' lang='lat' dir='ltr'><strong>lisque</strong></span> <span class='ocrx_word' id='word_1_235' title='bbox 2185 594 2413 645; x_wconf 79' lang='lat' dir='ltr'><strong>urbibus</strong></span> <span class='ocrx_word' id='word_1_236' title='bbox 2475 590 2804 642; x_wconf 65' lang='lat' dir='ltr'><strong>Macedoniae</strong></span> <span class='ocrx_word' id='word_1_237' title='bbox 2867 589 3078 658; x_wconf 89' lang='lat' dir='ltr'><strong>potitis,</strong></span> <span class='ocrx_word' id='word_1_238' title='bbox 3135 590 3501 642; x_wconf 69' lang='lat' dir='ltr'><strong>Romanorum</strong></span> 
     </span>
    </p>
   </div>
   <div class='ocr_carea' id='block_1_35' title="bbox 1931 677 3502 751">
    <p class='ocr_par' dir='ltr' id='par_1_35' title="bbox 1931 677 3502 751">
     <span class='ocr_line' id='line_1_35' title="bbox 1931 677 3502 751; baseline -0.004 -15"><span class='ocrx_word' id='word_1_239' title='bbox 1931 683 2152 751; x_wconf 87' lang='lat' dir='ltr'><strong>quidem</strong></span> <span class='ocrx_word' id='word_1_240' title='bbox 2190 683 2478 748; x_wconf 87' lang='lat' dir='ltr'><strong>imperium</strong></span> <span class='ocrx_word' id='word_1_241' title='bbox 2523 681 2575 732; x_wconf 92' lang='lat' dir='ltr'><strong>in</strong></span> <span class='ocrx_word' id='word_1_242' title='bbox 2604 677 2884 731; x_wconf 85' lang='lat' dir='ltr'><strong>Orientem</strong></span> <span class='ocrx_word' id='word_1_243' title='bbox 2911 695 3030 732; x_wconf 85' lang='lat' dir='ltr'><strong>sese</strong></span> <span class='ocrx_word' id='word_1_244' title='bbox 3061 680 3330 731; x_wconf 75' lang='lat' dir='ltr'><strong>contraxit</strong></span> <span class='ocrx_word' id='word_1_245' title='bbox 3363 680 3502 744; x_wconf 60' lang='lat' dir='ltr'><strong>{bii}.</strong></span> 
     </span>
    </p>
   </div>
   <div class='ocr_carea' id='block_1_36' title="bbox 1931 769 3501 838">
    <p class='ocr_par' dir='ltr' id='par_1_36' title="bbox 1931 769 3501 838">
     <span class='ocr_line' id='line_1_36' title="bbox 1931 769 3501 838; baseline -0.004 -10"><span class='ocrx_word' id='word_1_246' title='bbox 1931 773 2291 828; x_wconf 75' lang='lat' dir='ltr'><strong>Acarnaniam</strong></span> <span class='ocrx_word' id='word_1_247' title='bbox 2327 781 2508 825; x_wconf 87' lang='lat' dir='ltr'><strong>autem</strong></span> <span class='ocrx_word' id='word_1_248' title='bbox 2561 769 2774 838; x_wconf 78' lang='lat' dir='ltr'><strong>Angeli,</strong></span> <span class='ocrx_word' id='word_1_249' title='bbox 2824 770 3030 836; x_wconf 79' lang='lat' dir='ltr'><strong>aliique</strong></span> <span class='ocrx_word' id='word_1_250' title='bbox 3079 770 3214 822; x_wconf 83' lang='lat' dir='ltr'><strong>alias</strong></span> <span class='ocrx_word' id='word_1_251' title='bbox 3247 770 3501 822; x_wconf 71' lang='lat' dir='ltr'><strong>occiden-</strong></span> 
     </span>
    </p>
   </div>
   <div class='ocr_carea' id='block_1_37' title="bbox 1935 862 3508 932">
    <p class='ocr_par' dir='ltr' id='par_1_37' title="bbox 1935 862 3508 932">
     <span class='ocr_line' id='line_1_37' title="bbox 1935 862 3508 932; baseline -0.004 -12"><span class='ocrx_word' id='word_1_252' title='bbox 1935 867 2068 920; x_wconf 89' lang='lat' dir='ltr'><strong>tales</strong></span> <span class='ocrx_word' id='word_1_253' title='bbox 2104 864 2438 932; x_wconf 75' lang='lat' dir='ltr'><strong>provincias,</strong></span> <span class='ocrx_word' id='word_1_254' title='bbox 2463 876 2697 928; x_wconf 86' lang='lat' dir='ltr'><strong>quarum</strong></span> <span class='ocrx_word' id='word_1_255' title='bbox 2731 869 2991 928; x_wconf 75' lang='lat' dir='ltr'><strong>prmtorcs</strong></span> <span class='ocrx_word' id='word_1_256' title='bbox 3019 872 3196 922; x_wconf 88' lang='lat' dir='ltr'><strong>crant,</strong></span> <span class='ocrx_word' id='word_1_257' title='bbox 3241 862 3344 914; x_wconf 84' lang='lat' dir='ltr'><strong>sibi</strong></span> <span class='ocrx_word' id='word_1_258' title='bbox 3381 863 3508 914; x_wconf 68' lang='lat' dir='ltr'><strong>sub-</strong></span> 
     </span>
    </p>
   </div>
   <div class='ocr_carea' id='block_1_38' title="bbox 1933 953 3506 1023">
    <p class='ocr_par' dir='ltr' id='par_1_38' title="bbox 1933 953 3506 1023">
     <span class='ocr_line' id='line_1_38' title="bbox 1933 953 3506 1023; baseline -0.003 -13"><span class='ocrx_word' id='word_1_259' title='bbox 1933 957 2191 1010; x_wconf 83' lang='lat' dir='ltr'><strong>diderunt</strong></span> <span class='ocrx_word' id='word_1_260' title='bbox 2222 974 2232 1007; x_wconf 94' lang='lat'>:</span> <span class='ocrx_word' id='word_1_261' title='bbox 2265 965 2555 1023; x_wconf 74' lang='lat' dir='ltr'><strong>propterea</strong></span> <span class='ocrx_word' id='word_1_262' title='bbox 2586 953 2732 1020; x_wconf 83' lang='lat' dir='ltr'><strong>quod</strong></span> <span class='ocrx_word' id='word_1_263' title='bbox 2767 953 3028 1006; x_wconf 80' lang='lat' dir='ltr'><strong>Romanis</strong></span> <span class='ocrx_word' id='word_1_264' title='bbox 3061 953 3506 1020; x_wconf 79' lang='lat' dir='ltr'><strong>imperatorilms,</strong></span> 
     </span>
    </p>
   </div>
   <div class='ocr_carea' id='block_1_39' title="bbox 1935 1045 3504 1112">
    <p class='ocr_par' dir='ltr' id='par_1_39' title="bbox 1935 1045 3504 1112">
     <span class='ocr_line' id='line_1_39' title="bbox 1935 1045 3504 1112; baseline -0.003 -10"><span class='ocrx_word' id='word_1_265' title='bbox 1935 1049 2222 1102; x_wconf 81' lang='lat' dir='ltr'><strong>Thraciam</strong></span> <span class='ocrx_word' id='word_1_266' title='bbox 2257 1057 2310 1100; x_wconf 89' lang='lat' dir='ltr'><strong>et</strong></span> <span class='ocrx_word' id='word_1_267' title='bbox 2339 1047 2710 1100; x_wconf 80' lang='lat' dir='ltr'><strong>Macedoniam</strong></span> <span class='ocrx_word' id='word_1_268' title='bbox 2775 1045 2985 1100; x_wconf 79' lang='lat' dir='ltr'><strong>Latinis</strong></span> <span class='ocrx_word' id='word_1_269' title='bbox 3018 1047 3334 1100; x_wconf 84' lang='lat' dir='ltr'><strong>tenentibus</strong></span> <span class='ocrx_word' id='word_1_270' title='bbox 3373 1047 3504 1112; x_wconf 70' lang='lat'><strong>(66),</strong></span> 
     </span>
    </p>
   </div>
   <div class='ocr_carea' id='block_1_40' title="bbox 1935 1139 3510 1206">
    <p class='ocr_par' dir='ltr' id='par_1_40' title="bbox 1935 1139 3510 1206">
     <span class='ocr_line' id='line_1_40' title="bbox 1935 1139 3510 1206; baseline -0.004 -10"><span class='ocrx_word' id='word_1_271' title='bbox 1935 1142 2000 1196; x_wconf 87' lang='lat' dir='ltr'><strong>ad</strong></span> <span class='ocrx_word' id='word_1_272' title='bbox 2033 1141 2153 1196; x_wconf 88' lang='lat' dir='ltr'><strong>illas</strong></span> <span class='ocrx_word' id='word_1_273' title='bbox 2186 1139 2450 1194; x_wconf 88' lang='lat' dir='ltr'><strong>transitus</strong></span> <span class='ocrx_word' id='word_1_274' title='bbox 2484 1155 2592 1193; x_wconf 88' lang='lat' dir='ltr'><strong>non</strong></span> <span class='ocrx_word' id='word_1_275' title='bbox 2625 1141 2864 1206; x_wconf 81' lang='lat' dir='ltr'><strong>patebat.</strong></span> <span class='ocrx_word' id='word_1_276' title='bbox 2902 1139 3146 1192; x_wconf 86' lang='lat' dir='ltr'><strong>Tandem</strong></span> <span class='ocrx_word' id='word_1_277' title='bbox 3187 1148 3310 1206; x_wconf 81' lang='lat' dir='ltr'><strong>post</strong></span> <span class='ocrx_word' id='word_1_278' title='bbox 3335 1155 3510 1192; x_wconf 76' lang='lat' dir='ltr'><strong>annos</strong></span> 
     </span>
    </p>
   </div>
   <div class='ocr_carea' id='block_1_41' title="bbox 1936 1229 3504 1300">
    <p class='ocr_par' dir='ltr' id='par_1_41' title="bbox 1936 1229 3504 1300">
     <span class='ocr_line' id='line_1_41' title="bbox 1936 1229 3504 1300; baseline 0 -18"><span class='ocrx_word' id='word_1_279' title='bbox 1936 1232 2222 1300; x_wconf 87' lang='lat' dir='ltr'><strong>plurimos,</strong></span> <span class='ocrx_word' id='word_1_280' title='bbox 2273 1245 2400 1282; x_wconf 84' lang='lat' dir='ltr'><strong>cum</strong></span> <span class='ocrx_word' id='word_1_281' title='bbox 2451 1230 2742 1297; x_wconf 84' lang='lat' dir='ltr'><strong>imperium</strong></span> <span class='ocrx_word' id='word_1_282' title='bbox 2799 1229 3171 1282; x_wconf 83' lang='lat' dir='ltr'><strong>Romanorum</strong></span> <span class='ocrx_word' id='word_1_283' title='bbox 3231 1246 3259 1282; x_wconf 89' lang='lat' dir='ltr'><strong>a</strong></span> <span class='ocrx_word' id='word_1_284' title='bbox 3299 1231 3504 1284; x_wconf 63' lang='lat' dir='ltr'><strong>Puta-o-</strong></span> 
     </span>
    </p>
   </div>
   <div class='ocr_carea' id='block_1_42' title="bbox 1935 1321 3506 1392">
    <p class='ocr_par' dir='ltr' id='par_1_42' title="bbox 1935 1321 3506 1392">
     <span class='ocr_line' id='line_1_42' title="bbox 1935 1321 3506 1392; baseline -0.001 -16"><span class='ocrx_word' id='word_1_285' title='bbox 1935 1323 2074 1392; x_wconf 79' lang='lat' dir='ltr'><strong>logis</strong></span> <span class='ocrx_word' id='word_1_286' title='bbox 2110 1333 2410 1392; x_wconf 81' lang='lat' dir='ltr'><strong>regeretur.</strong></span> <span class='ocrx_word' id='word_1_287' title='bbox 2445 1321 2670 1374; x_wconf 85' lang='lat' dir='ltr'><strong>Latinos</strong></span> <span class='ocrx_word' id='word_1_288' title='bbox 2703 1323 2810 1376; x_wconf 83' lang='lat' dir='ltr'><strong>Deo</strong></span> <span class='ocrx_word' id='word_1_289' title='bbox 2851 1322 3160 1390; x_wconf 89' lang='lat' dir='ltr'><strong>opitulante</strong></span> <span class='ocrx_word' id='word_1_290' title='bbox 3195 1323 3506 1391; x_wconf 74' lang='lat' dir='ltr'><strong>principatu</strong></span> 
     </span>
    </p>
   </div>
   <div class='ocr_carea' id='block_1_43' title="bbox 1937 1414 3510 1484">
    <p class='ocr_par' dir='ltr' id='par_1_43' title="bbox 1937 1414 3510 1484">
     <span class='ocr_line' id='line_1_43' title="bbox 1937 1414 3510 1484; baseline 0 -16"><span class='ocrx_word' id='word_1_291' title='bbox 1937 1416 2268 1484; x_wconf 89' lang='lat' dir='ltr'><strong>depulerunt</strong></span> <span class='ocrx_word' id='word_1_292' title='bbox 2343 1425 2399 1468; x_wconf 87' lang='lat' dir='ltr'><strong>et</strong></span> <span class='ocrx_word' id='word_1_293' title='bbox 2449 1415 2629 1467; x_wconf 77' lang='lat' dir='ltr'><strong>Asiam</strong></span> <span class='ocrx_word' id='word_1_294' title='bbox 2673 1423 2838 1482; x_wconf 85' lang='lat' dir='ltr'><strong>atque</strong></span> <span class='ocrx_word' id='word_1_295' title='bbox 2899 1414 3172 1482; x_wconf 82' lang='lat' dir='ltr'><strong>Eumpam</strong></span> <span class='ocrx_word' id='word_1_296' title='bbox 3223 1431 3510 1482; x_wconf 76' lang='lat' dir='ltr'><strong>quousque</strong></span> 
     </span>
    </p>
   </div>
   <div class='ocr_carea' id='block_1_44' title="bbox 1939 1507 3507 1576">
    <p class='ocr_par' dir='ltr' id='par_1_44' title="bbox 1939 1507 3507 1576">
     <span class='ocr_line' id='line_1_44' title="bbox 1939 1507 3507 1576; baseline -0.001 -16"><span class='ocrx_word' id='word_1_297' title='bbox 1939 1508 2302 1576; x_wconf 83' lang='lat' dir='ltr'><strong>imperabant,</strong></span> <span class='ocrx_word' id='word_1_298' title='bbox 2353 1507 2548 1559; x_wconf 81' lang='lat' dir='ltr'><strong>iterum</strong></span> <span class='ocrx_word' id='word_1_299' title='bbox 2607 1507 3018 1573; x_wconf 80' lang='lat' dir='ltr'><strong>conjunxerunt</strong></span> <span class='ocrx_word' id='word_1_300' title='bbox 3081 1523 3094 1557; x_wconf 86' lang='lat'><strong>:</strong></span> <span class='ocrx_word' id='word_1_301' title='bbox 3145 1507 3507 1560; x_wconf 74' lang='lat' dir='ltr'><strong>Acarnaniam</strong></span> 
     </span>
    </p>
   </div>
   <div class='ocr_carea' id='block_1_45' title="bbox 1936 1594 3510 1665">
    <p class='ocr_par' dir='ltr' id='par_1_45' title="bbox 1936 1594 3510 1665">
     <span class='ocr_line' id='line_1_45' title="bbox 1936 1594 3510 1665; baseline -0.001 -15"><span class='ocrx_word' id='word_1_302' title='bbox 1936 1596 2006 1651; x_wconf 86' lang='lat' dir='ltr'><strong>ab</strong></span> <span class='ocrx_word' id='word_1_303' title='bbox 2037 1596 2257 1665; x_wconf 79' lang='lat' dir='ltr'><strong>Angelis</strong></span> <span class='ocrx_word' id='word_1_304' title='bbox 2306 1595 2508 1648; x_wconf 74' lang='lat' dir='ltr'><strong>frustra</strong></span> <span class='ocrx_word' id='word_1_305' title='bbox 2561 1594 2955 1662; x_wconf 88' lang='lat' dir='ltr'><strong>repetiverunt,</strong></span> <span class='ocrx_word' id='word_1_306' title='bbox 3007 1595 3103 1662; x_wconf 91' lang='lat' dir='ltr'><strong>qui</strong></span> <span class='ocrx_word' id='word_1_307' title='bbox 3157 1611 3249 1662; x_wconf 68' lang='lat' dir='ltr'><strong>[er</strong></span> <span class='ocrx_word' id='word_1_308' title='bbox 3286 1597 3390 1648; x_wconf 76' lang='lat' dir='ltr'><strong>\im</strong></span> <span class='ocrx_word' id='word_1_309' title='bbox 3455 1607 3510 1649; x_wconf 89' lang='lat' dir='ltr'><strong>et</strong></span> 
     </span>
    </p>
   </div>
   <div class='ocr_carea' id='block_1_46' title="bbox 1937 1687 3512 1754">
    <p class='ocr_par' dir='ltr' id='par_1_46' title="bbox 1937 1687 3512 1754">
     <span class='ocr_line' id='line_1_46' title="bbox 1937 1687 3512 1754; baseline -0.001 -11"><span class='ocrx_word' id='word_1_310' title='bbox 1937 1690 2118 1744; x_wconf 84' lang='lat' dir='ltr'><strong>scelus</strong></span> <span class='ocrx_word' id='word_1_311' title='bbox 2179 1701 2299 1742; x_wconf 89' lang='lat' dir='ltr'><strong>eam</strong></span> <span class='ocrx_word' id='word_1_312' title='bbox 2357 1690 2678 1748; x_wconf 87' lang='lat' dir='ltr'><strong>retinentes,</strong></span> <span class='ocrx_word' id='word_1_313' title='bbox 2733 1687 2932 1754; x_wconf 73' lang='lat' dir='ltr'><strong>saepius</strong></span> <span class='ocrx_word' id='word_1_314' title='bbox 2989 1697 3180 1742; x_wconf 81' lang='lat' dir='ltr'><strong>contra</strong></span> <span class='ocrx_word' id='word_1_315' title='bbox 3225 1703 3282 1740; x_wconf 82' lang='lat' dir='ltr'><strong>se</strong></span> <span class='ocrx_word' id='word_1_316' title='bbox 3331 1689 3512 1742; x_wconf 78' lang='lat' dir='ltr'><strong>missis</strong></span> 
     </span>
    </p>
   </div>
   <div class='ocr_carea' id='block_1_47' title="bbox 1937 1779 3511 1840">
    <p class='ocr_par' dir='ltr' id='par_1_47' title="bbox 1937 1779 3511 1840">
     <span class='ocr_line' id='line_1_47' title="bbox 1937 1779 3511 1840; baseline -0.003 -4"><span class='ocrx_word' id='word_1_317' title='bbox 1937 1781 2290 1840; x_wconf 82' lang='lat' dir='ltr'><strong>exercitibus.</strong></span> <span class='ocrx_word' id='word_1_318' title='bbox 2320 1797 2444 1834; x_wconf 86' lang='lat' dir='ltr'><strong>cuni</strong></span> <span class='ocrx_word' id='word_1_319' title='bbox 2481 1779 2673 1830; x_wconf 78' lang='lat' dir='ltr'><strong>vicinis</strong></span> <span class='ocrx_word' id='word_1_320' title='bbox 2711 1779 2970 1832; x_wconf 87' lang='lat' dir='ltr'><strong>barbaris</strong></span> <span class='ocrx_word' id='word_1_321' title='bbox 3013 1780 3076 1831; x_wconf 87' lang='lat' dir='ltr'><strong>ad</strong></span> <span class='ocrx_word' id='word_1_322' title='bbox 3131 1781 3390 1832; x_wconf 70' lang='lat' dir='ltr'><strong>auxilium</strong></span> <span class='ocrx_word' id='word_1_323' title='bbox 3425 1783 3511 1834; x_wconf 85' lang='lat' dir='ltr'><strong>in-</strong></span> 
     </span>
    </p>
   </div>
   <div class='ocr_carea' id='block_1_48' title="bbox 1940 1869 3512 1939">
    <p class='ocr_par' dir='ltr' id='par_1_48' title="bbox 1940 1869 3512 1939">
     <span class='ocr_line' id='line_1_48' title="bbox 1940 1869 3512 1939; baseline -0.001 -15"><span class='ocrx_word' id='word_1_324' title='bbox 1940 1873 2145 1928; x_wconf 77' lang='lat' dir='ltr'><strong>vocatis</strong></span> <span class='ocrx_word' id='word_1_325' title='bbox 2196 1872 2541 1926; x_wconf 82' lang='lat' dir='ltr'><strong>restiterunt.</strong></span> <span class='ocrx_word' id='word_1_326' title='bbox 2587 1869 2982 1936; x_wconf 85' lang='lat' dir='ltr'><strong>Imperatorem</strong></span> <span class='ocrx_word' id='word_1_327' title='bbox 3017 1885 3184 1936; x_wconf 90' lang='lat' dir='ltr'><strong>porro</strong></span> <span class='ocrx_word' id='word_1_328' title='bbox 3217 1871 3384 1932; x_wconf 89' lang='lat' dir='ltr'><strong>hunc,</strong></span> <span class='ocrx_word' id='word_1_329' title='bbox 3419 1872 3512 1939; x_wconf 88' lang='lat' dir='ltr'><strong>qui</strong></span> 
     </span>
    </p>
   </div>
   <div class='ocr_carea' id='block_1_49' title="bbox 1941 1961 3512 2030">
    <p class='ocr_par' dir='ltr' id='par_1_49' title="bbox 1941 1961 3512 2030">
     <span class='ocr_line' id='line_1_49' title="bbox 1941 1961 3512 2030; baseline -0.004 -12"><span class='ocrx_word' id='word_1_330' title='bbox 1941 1980 2086 2018; x_wconf 89' lang='lat' dir='ltr'><strong>nttnc</strong></span> <span class='ocrx_word' id='word_1_331' title='bbox 2119 1979 2214 2017; x_wconf 86' lang='lat' dir='ltr'><strong>vos</strong></span> <span class='ocrx_word' id='word_1_332' title='bbox 2241 1963 2448 2016; x_wconf 73' lang='lat' dir='ltr'><strong>cmlcsti</strong></span> <span class='ocrx_word' id='word_1_333' title='bbox 2501 1961 2668 2016; x_wconf 73' lang='lat' dir='ltr'><strong>fultus</strong></span> <span class='ocrx_word' id='word_1_334' title='bbox 2717 1973 2819 2027; x_wconf 87' lang='lat' dir='ltr'><strong>ope</strong></span> <span class='ocrx_word' id='word_1_335' title='bbox 2867 1962 3034 2014; x_wconf 85' lang='lat' dir='ltr'><strong>armis</strong></span> <span class='ocrx_word' id='word_1_336' title='bbox 3075 1961 3310 2030; x_wconf 71' lang='lat' dir='ltr'><strong>subegit,</strong></span> <span class='ocrx_word' id='word_1_337' title='bbox 3353 1979 3512 2016; x_wconf 80' lang='lat' dir='ltr'><strong>nemo</strong></span> 
     </span>
    </p>
   </div>
   <div class='ocr_carea' id='block_1_50' title="bbox 1941 2052 3510 2126">
    <p class='ocr_par' dir='ltr' id='par_1_50' title="bbox 1941 2052 3510 2126">
     <span class='ocr_line' id='line_1_50' title="bbox 1941 2052 3510 2126; baseline -0.003 -15"><span class='ocrx_word' id='word_1_338' title='bbox 1941 2057 2200 2126; x_wconf 83' lang='lat' dir='ltr'><strong>injustum</strong></span> <span class='ocrx_word' id='word_1_339' title='bbox 2241 2070 2360 2108; x_wconf 81' lang='lat' dir='ltr'><strong>esse</strong></span> <span class='ocrx_word' id='word_1_340' title='bbox 2415 2053 2640 2111; x_wconf 80' lang='lat' dir='ltr'><strong>dixerit.</strong></span> <span class='ocrx_word' id='word_1_341' title='bbox 2689 2053 2819 2104; x_wconf 91' lang='lat' dir='ltr'><strong>dum</strong></span> <span class='ocrx_word' id='word_1_342' title='bbox 2879 2052 3020 2106; x_wconf 88' lang='lat' dir='ltr'><strong>alios</strong></span> <span class='ocrx_word' id='word_1_343' title='bbox 3069 2054 3340 2121; x_wconf 87' lang='lat' dir='ltr'><strong>imperare</strong></span> <span class='ocrx_word' id='word_1_344' title='bbox 3401 2071 3510 2108; x_wconf 89' lang='lat' dir='ltr'><strong>non</strong></span> 
     </span>
    </p>
   </div>
   <div class='ocr_carea' id='block_1_51' title="bbox 1943 2144 3516 2216">
    <p class='ocr_par' dir='ltr' id='par_1_51' title="bbox 1943 2144 3516 2216">
     <span class='ocr_line' id='line_1_51' title="bbox 1943 2144 3516 2216; baseline -0.001 -16"><span class='ocrx_word' id='word_1_345' title='bbox 1943 2151 2174 2214; x_wconf 84' lang='lat' dir='ltr'><strong>patitur,</strong></span> <span class='ocrx_word' id='word_1_346' title='bbox 2251 2147 2344 2201; x_wconf 87' lang='lat' dir='ltr'><strong>sed</strong></span> <span class='ocrx_word' id='word_1_347' title='bbox 2372 2147 2763 2216; x_wconf 86' lang='lat' dir='ltr'><strong>justissimum,</strong></span> <span class='ocrx_word' id='word_1_348' title='bbox 2789 2145 2882 2211; x_wconf 86' lang='lat' dir='ltr'><strong>qui</strong></span> <span class='ocrx_word' id='word_1_349' title='bbox 2915 2153 3194 2214; x_wconf 85' lang='lat' dir='ltr'><strong>paternam</strong></span> <span class='ocrx_word' id='word_1_350' title='bbox 3226 2144 3516 2199; x_wconf 68' lang='lat' dir='ltr'><strong>litercdita-</strong></span> 
     </span>
    </p>
   </div>
   <div class='ocr_carea' id='block_1_52' title="bbox 1943 2236 3511 2308">
    <p class='ocr_par' dir='ltr' id='par_1_52' title="bbox 1943 2236 3511 2308">
     <span class='ocr_line' id='line_1_52' title="bbox 1943 2236 3511 2308; baseline -0.003 -14"><span class='ocrx_word' id='word_1_351' title='bbox 1943 2250 2052 2296; x_wconf 90' lang='lat' dir='ltr'><strong>tem</strong></span> <span class='ocrx_word' id='word_1_352' title='bbox 2081 2249 2347 2308; x_wconf 78' lang='lat' dir='ltr'><strong>reposcat.</strong></span> <span class='ocrx_word' id='word_1_353' title='bbox 2393 2239 2448 2293; x_wconf 86' lang='lat' dir='ltr'><strong>Si</strong></span> <span class='ocrx_word' id='word_1_354' title='bbox 2491 2241 2640 2292; x_wconf 89' lang='lat' dir='ltr'><strong>enim</strong></span> <span class='ocrx_word' id='word_1_355' title='bbox 2681 2255 2899 2307; x_wconf 66' lang='lat' dir='ltr'><strong>azquum</strong></span> <span class='ocrx_word' id='word_1_356' title='bbox 2929 2247 3033 2298; x_wconf 83' lang='lat' dir='ltr'><strong>est,</strong></span> <span class='ocrx_word' id='word_1_357' title='bbox 3073 2236 3440 2305; x_wconf 76' lang='lat' dir='ltr'><strong>Nicephorum</strong></span> <span class='ocrx_word' id='word_1_358' title='bbox 3482 2253 3511 2289; x_wconf 92' lang='lat' dir='ltr'><strong>a</strong></span> 
     </span>
    </p>
   </div>
   <div class='ocr_carea' id='block_1_53' title="bbox 1939 2323 3513 2400">
    <p class='ocr_par' dir='ltr' id='par_1_53' title="bbox 1939 2323 3513 2400">
     <span class='ocr_line' id='line_1_53' title="bbox 1939 2323 3513 2400; baseline -0.006 -17"><span class='ocrx_word' id='word_1_359' title='bbox 1939 2328 2244 2400; x_wconf 82' lang='lat' dir='ltr'><strong>majoribus</strong></span> <span class='ocrx_word' id='word_1_360' title='bbox 2293 2327 2436 2380; x_wconf 83' lang='lat' dir='ltr'><strong>haud</strong></span> <span class='ocrx_word' id='word_1_361' title='bbox 2491 2327 2564 2380; x_wconf 86' lang='lat' dir='ltr'><strong>ita</strong></span> <span class='ocrx_word' id='word_1_362' title='bbox 2599 2324 3178 2394; x_wconf 79' lang='lat' dir='ltr'><strong>multisprint&#39;ipatum</strong></span> <span class='ocrx_word' id='word_1_363' title='bbox 3217 2323 3513 2385; x_wconf 80' lang='lat' dir='ltr'><strong>deducere,</strong></span> 
     </span>
    </p>
   </div>
   <div class='ocr_carea' id='block_1_54' title="bbox 1941 2415 3516 2490">
    <p class='ocr_par' dir='ltr' id='par_1_54' title="bbox 1941 2415 3516 2490">
     <span class='ocr_line' id='line_1_54' title="bbox 1941 2415 3516 2490; baseline -0.005 -16"><span class='ocrx_word' id='word_1_364' title='bbox 1941 2431 2150 2490; x_wconf 88' lang='lat' dir='ltr'><strong>quanto</strong></span> <span class='ocrx_word' id='word_1_365' title='bbox 2198 2419 2410 2488; x_wconf 72' lang='lat' dir='ltr'><strong>aequius</strong></span> <span class='ocrx_word' id='word_1_366' title='bbox 2443 2420 2856 2488; x_wconf 84' lang='lat' dir='ltr'><strong>imperatorem,</strong></span> <span class='ocrx_word' id='word_1_367' title='bbox 2888 2417 3278 2484; x_wconf 88' lang='lat' dir='ltr'><strong>imperatorum</strong></span> <span class='ocrx_word' id='word_1_368' title='bbox 3314 2415 3405 2483; x_wconf 87' lang='lat' dir='ltr'><strong>qui</strong></span> <span class='ocrx_word' id='word_1_369' title='bbox 3447 2415 3516 2467; x_wconf 85' lang='lat' dir='ltr'><strong>ab</strong></span> 
     </span>
    </p>
   </div>
   <div class='ocr_carea' id='block_1_55' title="bbox 1943 2511 3518 2577">
    <p class='ocr_par' dir='ltr' id='par_1_55' title="bbox 1943 2511 3518 2577">
     <span class='ocr_line' id='line_1_55' title="bbox 1943 2511 3518 2577; baseline -0.008 -11"><span class='ocrx_word' id='word_1_370' title='bbox 1943 2512 2100 2566; x_wconf 82' lang='lat' dir='ltr'><strong>initio</strong></span> <span class='ocrx_word' id='word_1_371' title='bbox 2133 2511 2490 2566; x_wconf 86' lang='lat' dir='ltr'><strong>Acarnaniam</strong></span> <span class='ocrx_word' id='word_1_372' title='bbox 2526 2517 2824 2564; x_wconf 86' lang='lat' dir='ltr'><strong>tenuerunt</strong></span> <span class='ocrx_word' id='word_1_373' title='bbox 2885 2515 3142 2577; x_wconf 79' lang='lat' dir='ltr'><strong>nepotem</strong></span> <span class='ocrx_word' id='word_1_374' title='bbox 3222 2521 3518 2558; x_wconf 76' lang='lat' dir='ltr'><strong>successo-</strong></span> 
     </span>
    </p>
   </div>
   <div class='ocr_carea' id='block_1_56' title="bbox 1945 2597 3518 2674">
    <p class='ocr_par' dir='ltr' id='par_1_56' title="bbox 1945 2597 3518 2674">
     <span class='ocr_line' id='line_1_56' title="bbox 1945 2597 3518 2674; baseline -0.008 -16"><span class='ocrx_word' id='word_1_375' title='bbox 1945 2620 2171 2674; x_wconf 82' lang='lat' dir='ltr'><strong>remque</strong></span> <span class='ocrx_word' id='word_1_376' title='bbox 2201 2605 2500 2674; x_wconf 76' lang='lat' dir='ltr'><strong>legitimun&#39;</strong></span> <span class='ocrx_word' id='word_1_377' title='bbox 2531 2601 2552 2620; x_wconf 83' lang='lat'><strong><em>&quot;</em></strong></span> <span class='ocrx_word' id='word_1_378' title='bbox 2587 2601 2739 2667; x_wconf 69' lang='lat' dir='ltr'><strong>Quod</strong></span> <span class='ocrx_word' id='word_1_379' title='bbox 2780 2601 2836 2666; x_wconf 75' lang='lat' dir='ltr'><strong>si</strong></span> <span class='ocrx_word' id='word_1_380' title='bbox 2879 2597 3338 2669; x_wconf 79' lang='lat' dir='ltr'><strong>longinquitatem</strong></span> <span class='ocrx_word' id='word_1_381' title='bbox 3381 2606 3518 2649; x_wconf 86' lang='lat' dir='ltr'><strong>tetu-</strong></span> 
     </span>
    </p>
   </div>
   <div class='ocr_carea' id='block_1_57' title="bbox 1944 2688 3517 2767">
    <p class='ocr_par' dir='ltr' id='par_1_57' title="bbox 1944 2688 3517 2767">
     <span class='ocr_line' id='line_1_57' title="bbox 1944 2688 3517 2767; baseline -0.01 -14"><span class='ocrx_word' id='word_1_382' title='bbox 1944 2698 2094 2767; x_wconf 88' lang='lat' dir='ltr'><strong>poris</strong></span> <span class='ocrx_word' id='word_1_383' title='bbox 2151 2712 2332 2752; x_wconf 63' lang='lat' dir='ltr'><strong>causa:</strong></span> <span class='ocrx_word' id='word_1_384' title='bbox 2397 2707 2594 2750; x_wconf 66' lang='grc' dir='ltr'>νοθῑιιε</span> <span class='ocrx_word' id='word_1_385' title='bbox 2657 2694 2790 2746; x_wconf 87' lang='lat' dir='ltr'><strong>satis</strong></span> <span class='ocrx_word' id='word_1_386' title='bbox 2857 2691 3186 2760; x_wconf 69' lang='lat' dir='ltr'><strong>patrocini:an</strong></span> <span class='ocrx_word' id='word_1_387' title='bbox 3251 2688 3517 2750; x_wconf 69' lang='lat' dir='ltr'><strong>censetis,</strong></span> 
     </span>
    </p>
   </div>
   <div class='ocr_carea' id='block_1_58' title="bbox 1945 2779 3522 2851">
    <p class='ocr_par' dir='ltr' id='par_1_58' title="bbox 1945 2779 3522 2851">
     <span class='ocr_line' id='line_1_58' title="bbox 1945 2779 3522 2851; baseline -0.009 -7"><span class='ocrx_word' id='word_1_388' title='bbox 1945 2789 2140 2844; x_wconf 79' lang='lat' dir='ltr'><strong>scitote</strong></span> <span class='ocrx_word' id='word_1_389' title='bbox 2169 2803 2266 2843; x_wconf 88' lang='lat' dir='ltr'><strong>vos</strong></span> <span class='ocrx_word' id='word_1_390' title='bbox 2297 2785 2494 2842; x_wconf 79' lang='lat' dir='ltr'><strong>falsum</strong></span> <span class='ocrx_word' id='word_1_391' title='bbox 2525 2784 2844 2839; x_wconf 89' lang='lat' dir='ltr'><strong>ratiocinari</strong></span> <span class='ocrx_word' id='word_1_392' title='bbox 2877 2783 3024 2851; x_wconf 83' lang='lat' dir='ltr'><strong>(ti&#39;l);</strong></span> <span class='ocrx_word' id='word_1_393' title='bbox 3055 2796 3178 2834; x_wconf 86' lang='lat' dir='ltr'><strong>nam</strong></span> <span class='ocrx_word' id='word_1_394' title='bbox 3215 2780 3284 2832; x_wconf 84' lang='lat' dir='ltr'><strong>ob</strong></span> <span class='ocrx_word' id='word_1_395' title='bbox 3317 2779 3368 2832; x_wconf 91' lang='lat' dir='ltr'><strong>id</strong></span> <span class='ocrx_word' id='word_1_396' title='bbox 3407 2793 3522 2830; x_wconf 86' lang='lat' dir='ltr'><strong>ma-</strong></span> 
     </span>
    </p>
   </div>
   <div class='ocr_carea' id='block_1_59' title="bbox 1944 2871 3520 2954">
    <p class='ocr_par' dir='ltr' id='par_1_59' title="bbox 1944 2871 3520 2954">
     <span class='ocr_line' id='line_1_59' title="bbox 1944 2871 3520 2954; baseline -0.006 -19"><span class='ocrx_word' id='word_1_397' title='bbox 1944 2883 2028 2954; x_wconf 71' lang='lat' dir='ltr'><strong>gis</strong></span> <span class='ocrx_word' id='word_1_398' title='bbox 2061 2881 2334 2950; x_wconf 84' lang='lat' dir='ltr'><strong>supplicio</strong></span> <span class='ocrx_word' id='word_1_399' title='bbox 2383 2879 2532 2949; x_wconf 78' lang='lat' dir='ltr'><strong>digiti</strong></span> <span class='ocrx_word' id='word_1_400' title='bbox 2579 2873 2736 2940; x_wconf 85' lang='lat' dir='ltr'><strong>estis,</strong></span> <span class='ocrx_word' id='word_1_401' title='bbox 2785 2877 2879 2945; x_wconf 90' lang='lat' dir='ltr'><strong>qui</strong></span> <span class='ocrx_word' id='word_1_402' title='bbox 2935 2875 3122 2930; x_wconf 80' lang='lat' dir='ltr'><strong>taudiu</strong></span> <span class='ocrx_word' id='word_1_403' title='bbox 3181 2875 3234 2926; x_wconf 86' lang='lat' dir='ltr'><strong>in</strong></span> <span class='ocrx_word' id='word_1_404' title='bbox 3273 2871 3520 2926; x_wconf 73' lang='lat' dir='ltr'><strong>facienda</strong></span> 
     </span>
    </p>
   </div>
   <div class='ocr_carea' id='block_1_60' title="bbox 1948 2963 3524 3046">
    <p class='ocr_par' dir='ltr' id='par_1_60' title="bbox 1948 2963 3524 3046">
     <span class='ocr_line' id='line_1_60' title="bbox 1948 2963 3524 3046; baseline -0.011 -17"><span class='ocrx_word' id='word_1_405' title='bbox 1948 2975 2151 3046; x_wconf 88' lang='lat' dir='ltr'><strong>injuria</strong></span> <span class='ocrx_word' id='word_1_406' title='bbox 2185 2970 2700 3043; x_wconf 84' lang='lat' dir='ltr'><strong>perseveraveritis.</strong></span> <span class='ocrx_word' id='word_1_407' title='bbox 2735 2968 2876 3038; x_wconf 79' lang='lat' dir='ltr'><strong>Ergo</strong></span> <span class='ocrx_word' id='word_1_408' title='bbox 2905 2967 2951 3022; x_wconf 91' lang='lat' dir='ltr'><strong>si</strong></span> <span class='ocrx_word' id='word_1_409' title='bbox 2987 2966 3132 3019; x_wconf 87' lang='lat' dir='ltr'><strong>nulla</strong></span> <span class='ocrx_word' id='word_1_410' title='bbox 3165 2963 3360 3018; x_wconf 83' lang='lat' dir='ltr'><strong>fraude</strong></span> <span class='ocrx_word' id='word_1_411' title='bbox 3395 2979 3524 3016; x_wconf 70' lang='lat' dir='ltr'><strong>eva—</strong></span> 
     </span>
    </p>
   </div>
   <div class='ocr_carea' id='block_1_61' title="bbox 1947 3057 3524 3136">
    <p class='ocr_par' dir='ltr' id='par_1_61' title="bbox 1947 3057 3524 3136">
     <span class='ocr_line' id='line_1_61' title="bbox 1947 3057 3524 3136; baseline -0.011 -12"><span class='ocrx_word' id='word_1_412' title='bbox 1947 3069 2080 3124; x_wconf 86' lang='lat' dir='ltr'><strong>dere</strong></span> <span class='ocrx_word' id='word_1_413' title='bbox 2107 3067 2358 3136; x_wconf 87' lang='lat' dir='ltr'><strong>potestis,</strong></span> <span class='ocrx_word' id='word_1_414' title='bbox 2391 3065 2524 3134; x_wconf 90' lang='lat' dir='ltr'><strong>quin</strong></span> <span class='ocrx_word' id='word_1_415' title='bbox 2559 3059 2993 3122; x_wconf 84' lang='lat' dir='ltr'><strong>convincamini,</strong></span> <span class='ocrx_word' id='word_1_416' title='bbox 3039 3058 3198 3127; x_wconf 83' lang='lat'><strong>317</strong></span> <span class='ocrx_word' id='word_1_417' title='bbox 3231 3068 3286 3108; x_wconf 88' lang='lat' dir='ltr'><strong>et</strong></span> <span class='ocrx_word' id='word_1_418' title='bbox 3317 3057 3358 3109; x_wconf 87' lang='lat' dir='ltr'><strong>si</strong></span> <span class='ocrx_word' id='word_1_419' title='bbox 3394 3057 3524 3108; x_wconf 62' lang='grc' dir='ltr'>τίνι-</span> 
     </span>
    </p>
   </div>
   <div class='ocr_carea' id='block_1_62' title="bbox 275 3143 1938 3244">
    <p class='ocr_par' dir='ltr' id='par_1_62' title="bbox 275 3143 1917 3244">
     <span class='ocr_line' id='line_1_62' title="bbox 275 3143 1917 3244; baseline 0.006 -48"><span class='ocrx_word' id='word_1_420' title='bbox 275 3143 516 3244; x_wconf 54' lang='grc' dir='ltr'>Ξαυτοῖς,</span> <span class='ocrx_word' id='word_1_421' title='bbox 549 3145 640 3196; x_wconf 69' lang='grc' dir='ltr'>καὶ</span> <span class='ocrx_word' id='word_1_422' title='bbox 673 3145 748 3244; x_wconf 65' lang='grc' dir='ltr'><strong>μη</strong></span> <span class='ocrx_word' id='word_1_423' title='bbox 785 3145 1142 3244; x_wconf 74' lang='grc' dir='ltr'>πειθομένους</span> <span class='ocrx_word' id='word_1_424' title='bbox 1197 3151 1320 3219; x_wconf 80' lang='grc' dir='ltr'>ἐμοὶ</span> <span class='ocrx_word' id='word_1_425' title='bbox 1377 3151 1446 3204; x_wconf 72' lang='grc' dir='ltr'><strong>τὰ</strong></span> <span class='ocrx_word' id='word_1_426' title='bbox 1478 3151 1672 3220; x_wconf 76' lang='grc' dir='ltr'>βελτίω</span> <span class='ocrx_word' id='word_1_427' title='bbox 1701 3171 1843 3224; x_wconf 84' lang='grc' dir='ltr'>συμ-</span> <span class='ocrx_word' id='word_1_428' title='bbox 1875 3187 1917 3244; x_wconf 77' lang='lat' dir='ltr'>c</span> 
     </span>
    </p>
   </div>
   <div class='ocr_carea' id='block_1_63' title="bbox 1860 3143 3523 3244">
    <p class='ocr_par' dir='ltr' id='par_1_63' title="bbox 1875 3149 3523 3244">
     <span class='ocr_line' id='line_1_63' title="bbox 1875 3149 3523 3244; baseline -0.009 -28"><span class='ocrx_word' id='word_1_429' title='bbox 1875 3187 1917 3244; x_wconf 67' lang='grc' dir='ltr'>ο</span> <span class='ocrx_word' id='word_1_430' title='bbox 1949 3161 2054 3215; x_wconf 85' lang='lat' dir='ltr'><strong>bus</strong></span> <span class='ocrx_word' id='word_1_431' title='bbox 2081 3158 2148 3212; x_wconf 84' lang='lat' dir='ltr'><strong>ad</strong></span> <span class='ocrx_word' id='word_1_432' title='bbox 2179 3159 2564 3226; x_wconf 80' lang='lat' dir='ltr'><strong>imperatorem</strong></span> <span class='ocrx_word' id='word_1_433' title='bbox 2591 3153 2901 3208; x_wconf 81' lang='lat' dir='ltr'><strong>Acarnania</strong></span> <span class='ocrx_word' id='word_1_434' title='bbox 2943 3149 3272 3220; x_wconf 83' lang='lat' dir='ltr'><strong>ejiciendum</strong></span> <span class='ocrx_word' id='word_1_435' title='bbox 3318 3151 3523 3201; x_wconf 71' lang='lat' dir='ltr'><strong>valete-</strong></span> 
     </span>
    </p>
   </div>
   <div class='ocr_carea' id='block_1_64' title="bbox 271 3233 1846 3314">
    <p class='ocr_par' dir='ltr' id='par_1_64' title="bbox 271 3233 1846 3314">
     <span class='ocr_line' id='line_1_64' title="bbox 271 3233 1846 3314; baseline 0.009 -29"><span class='ocrx_word' id='word_1_436' title='bbox 271 3233 608 3300; x_wconf 87' lang='grc' dir='ltr'>ϐουλεύοντι,</span> <span class='ocrx_word' id='word_1_437' title='bbox 642 3238 794 3306; x_wconf 80' lang='grc' dir='ltr'>σφίσι</span> <span class='ocrx_word' id='word_1_438' title='bbox 815 3238 913 3308; x_wconf 85' lang='grc' dir='ltr'>μὲν</span> <span class='ocrx_word' id='word_1_439' title='bbox 942 3239 1125 3304; x_wconf 86' lang='grc' dir='ltr'>αὐτοῖς</span> <span class='ocrx_word' id='word_1_440' title='bbox 1153 3242 1364 3304; x_wconf 73' lang='grc' dir='ltr'>αἰτίους</span> <span class='ocrx_word' id='word_1_441' title='bbox 1393 3244 1647 3312; x_wconf 82' lang='grc' dir='ltr'>γενέσθαι</span> <span class='ocrx_word' id='word_1_442' title='bbox 1674 3247 1846 3314; x_wconf 87' lang='grc' dir='ltr'>μεγά-</span> 
     </span>
    </p>
   </div>
   <div class='ocr_carea' id='block_1_65' title="bbox 271 3327 1849 3401">
    <p class='ocr_par' dir='ltr' id='par_1_65' title="bbox 271 3327 1849 3401">
     <span class='ocr_line' id='line_1_65' title="bbox 271 3327 1849 3401; baseline 0.008 -23"><span class='ocrx_word' id='word_1_443' title='bbox 271 3327 388 3380; x_wconf 88' lang='grc' dir='ltr'><strong>λων</strong></span> <span class='ocrx_word' id='word_1_444' title='bbox 427 3327 668 3395; x_wconf 82' lang='grc' dir='ltr'>ἀγαθῶν,</span> <span class='ocrx_word' id='word_1_445' title='bbox 707 3331 854 3400; x_wconf 76' lang='grc' dir='ltr'>ἡμᾶς</span> <span class='ocrx_word' id='word_1_446' title='bbox 897 3331 955 3384; x_wconf 81' lang='grc' dir='ltr'>δὲ</span> <span class='ocrx_word' id='word_1_447' title='bbox 1004 3333 1184 3401; x_wconf 85' lang='grc' dir='ltr'>ὀλίγου</span> <span class='ocrx_word' id='word_1_448' title='bbox 1217 3335 1382 3388; x_wconf 73' lang='grc' dir='ltr'>πόνου</span> <span class='ocrx_word' id='word_1_449' title='bbox 1437 3337 1744 3401; x_wconf 79' lang='grc' dir='ltr'>ἀπαλλάξαι</span> <span class='ocrx_word' id='word_1_450' title='bbox 1789 3338 1849 3390; x_wconf 86' lang='grc' dir='ltr'>ὃν</span> 
     </span>
    </p>
   </div>
   <div class='ocr_carea' id='block_1_66' title="bbox 275 3421 1848 3500">
    <p class='ocr_par' dir='ltr' id='par_1_66' title="bbox 275 3421 1848 3500">
     <span class='ocr_line' id='line_1_66' title="bbox 275 3421 1848 3500; baseline 0.006 -28"><span class='ocrx_word' id='word_1_451' title='bbox 275 3421 667 3491; x_wconf 79' lang='grc' dir='ltr'>ὑπομενοῦμεν</span> <span class='ocrx_word' id='word_1_452' title='bbox 694 3423 836 3491; x_wconf 80' lang='grc' dir='ltr'>ὑμᾶς</span> <span class='ocrx_word' id='word_1_453' title='bbox 868 3427 1372 3496; x_wconf 77' lang='grc' dir='ltr'>καταστρεφόμενοι</span> <span class='ocrx_word' id='word_1_454' title='bbox 1404 3447 1418 3492; x_wconf 89' lang='grc'>;</span> <span class='ocrx_word' id='word_1_455' title='bbox 1447 3429 1566 3482; x_wconf 87' lang='grc' dir='ltr'>Ὅτι</span> <span class='ocrx_word' id='word_1_456' title='bbox 1589 3429 1646 3482; x_wconf 80' lang='grc' dir='ltr'>δὲ</span> <span class='ocrx_word' id='word_1_457' title='bbox 1678 3432 1710 3500; x_wconf 87' lang='grc' dir='ltr'><strong>ἡ</strong></span> <span class='ocrx_word' id='word_1_458' title='bbox 1742 3431 1848 3500; x_wconf 78' lang='grc' dir='ltr'>ἐμὴ</span> 
     </span>
    </p>
   </div>
   <div class='ocr_carea' id='block_1_67' title="bbox 275 3514 1851 3592">
    <p class='ocr_par' dir='ltr' id='par_1_67' title="bbox 275 3514 1851 3592">
     <span class='ocr_line' id='line_1_67' title="bbox 275 3514 1851 3592; baseline 0.008 -28"><span class='ocrx_word' id='word_1_459' title='bbox 275 3514 610 3580; x_wconf 80' lang='grc' dir='ltr'>παραίνεσις</span> <span class='ocrx_word' id='word_1_460' title='bbox 667 3516 1026 3585; x_wconf 80' lang='grc' dir='ltr'>συμφέρουσα</span> <span class='ocrx_word' id='word_1_461' title='bbox 1097 3519 1246 3588; x_wconf 83' lang='grc' dir='ltr'>ὑμῖν,</span> <span class='ocrx_word' id='word_1_462' title='bbox 1309 3519 1486 3586; x_wconf 74' lang='grc' dir='ltr'>ἔξεστι</span> <span class='ocrx_word' id='word_1_463' title='bbox 1541 3523 1851 3592; x_wconf 84' lang='grc' dir='ltr'>χρήσασθαι</span> 
     </span>
    </p>
   </div>
   <div class='ocr_carea' id='block_1_68' title="bbox 277 3603 1848 3681">
    <p class='ocr_par' dir='ltr' id='par_1_68' title="bbox 277 3603 1848 3681">
     <span class='ocr_line' id='line_1_68' title="bbox 277 3603 1848 3681; baseline 0.004 -25"><span class='ocrx_word' id='word_1_464' title='bbox 277 3603 614 3674; x_wconf 77' lang='grc' dir='ltr'>συμϐούλοις</span> <span class='ocrx_word' id='word_1_465' title='bbox 645 3609 756 3670; x_wconf 89' lang='grc' dir='ltr'>τοῖς</span> <span class='ocrx_word' id='word_1_466' title='bbox 793 3610 1080 3676; x_wconf 81' lang='grc' dir='ltr'>συγγενέσι</span> <span class='ocrx_word' id='word_1_467' title='bbox 1111 3611 1204 3664; x_wconf 80' lang='grc' dir='ltr'><strong>καὶ</strong></span> <span class='ocrx_word' id='word_1_468' title='bbox 1243 3611 1481 3681; x_wconf 80' lang='grc' dir='ltr'>ἑταίροις</span> <span class='ocrx_word' id='word_1_469' title='bbox 1514 3613 1666 3679; x_wconf 85' lang='grc' dir='ltr'>ὑμῶν</span> <span class='ocrx_word' id='word_1_470' title='bbox 1712 3611 1848 3664; x_wconf 78' lang='grc' dir='ltr'><strong>Ψω-</strong></span> 
     </span>
    </p>
   </div>
   <div class='ocr_carea' id='block_1_69' title="bbox 277 3701 1846 3772">
    <p class='ocr_par' dir='ltr' id='par_1_69' title="bbox 277 3701 1846 3772">
     <span class='ocr_line' id='line_1_69' title="bbox 277 3701 1846 3772; baseline 0.006 -22"><span class='ocrx_word' id='word_1_471' title='bbox 277 3701 447 3766; x_wconf 78' lang='grc' dir='ltr'>γίοις,</span> <span class='ocrx_word' id='word_1_472' title='bbox 508 3701 557 3751; x_wconf 79' lang='grc' dir='ltr'>οἳ</span> <span class='ocrx_word' id='word_1_473' title='bbox 594 3701 717 3768; x_wconf 70' lang='grc' dir='ltr'>ἐμοὶ</span> <span class='ocrx_word' id='word_1_474' title='bbox 751 3702 928 3755; x_wconf 81' lang='grc' dir='ltr'>πάντα</span> <span class='ocrx_word' id='word_1_475' title='bbox 983 3702 1308 3772; x_wconf 81' lang='grc' dir='ltr'>ἀναθέμενοι</span> <span class='ocrx_word' id='word_1_476' title='bbox 1341 3705 1408 3757; x_wconf 73' lang='grc' dir='ltr'><strong>τὰ</strong></span> <span class='ocrx_word' id='word_1_477' title='bbox 1445 3706 1566 3756; x_wconf 89' lang='grc' dir='ltr'>κατ’</span> <span class='ocrx_word' id='word_1_478' title='bbox 1622 3707 1846 3770; x_wconf 77' lang='grc' dir='ltr'>αὐτοὺς,</span> 
     </span>
    </p>
   </div>
   <div class='ocr_carea' id='block_1_70' title="bbox 277 3792 1852 3868">
    <p class='ocr_par' dir='ltr' id='par_1_70' title="bbox 277 3792 1852 3868">
     <span class='ocr_line' id='line_1_70' title="bbox 277 3792 1852 3868; baseline 0.004 -24"><span class='ocrx_word' id='word_1_479' title='bbox 277 3793 416 3856; x_wconf 80' lang='grc' dir='ltr'>ὅσης</span> <span class='ocrx_word' id='word_1_480' title='bbox 455 3792 778 3862; x_wconf 83' lang='grc' dir='ltr'>ἀπήλαυσαν</span> <span class='ocrx_word' id='word_1_481' title='bbox 829 3793 1040 3858; x_wconf 84' lang='grc' dir='ltr'>εὐνοίας</span> <span class='ocrx_word' id='word_1_482' title='bbox 1098 3799 1190 3849; x_wconf 78' lang='grc' dir='ltr'>καὶ</span> <span class='ocrx_word' id='word_1_483' title='bbox 1244 3798 1502 3866; x_wconf 83' lang='grc' dir='ltr'>προνοίας</span> <span class='ocrx_word' id='word_1_484' title='bbox 1563 3798 1662 3868; x_wconf 84' lang='grc' dir='ltr'>τῆς</span> <span class='ocrx_word' id='word_1_485' title='bbox 1716 3799 1852 3866; x_wconf 69' lang='grc' dir='ltr'>πρὸς</span> 
     </span>
    </p>
   </div>
   <div class='ocr_carea' id='block_1_71' title="bbox 282 3881 1853 3958">
    <p class='ocr_par' dir='ltr' id='par_1_71' title="bbox 282 3881 1853 3958">
     <span class='ocr_line' id='line_1_71' title="bbox 282 3881 1853 3958; baseline 0.004 -23"><span class='ocrx_word' id='word_1_486' title='bbox 282 3881 574 3950; x_wconf 65' lang='grc' dir='ltr'>βασιλέως,</span> <span class='ocrx_word' id='word_1_487' title='bbox 615 3885 1056 3954; x_wconf 83' lang='grc' dir='ltr'>μαρτυρήσουσιν</span> <span class='ocrx_word' id='word_1_488' title='bbox 1091 3889 1272 3942; x_wconf 84' lang='grc' dir='ltr'>αὐτοί.</span> <span class='ocrx_word' id='word_1_489' title='bbox 1337 3889 1400 3940; x_wconf 75' lang='lat' dir='ltr'><strong>Et</strong></span> <span class='ocrx_word' id='word_1_490' title='bbox 1425 3886 1520 3941; x_wconf 82' lang='grc' dir='ltr'>οὖν</span> <span class='ocrx_word' id='word_1_491' title='bbox 1551 3891 1646 3942; x_wconf 79' lang='grc' dir='ltr'>καὶ</span> <span class='ocrx_word' id='word_1_492' title='bbox 1696 3890 1853 3958; x_wconf 82' lang='grc' dir='ltr'>ὑμεῖς</span> 
     </span>
    </p>
   </div>
   <div class='ocr_carea' id='block_1_72' title="bbox 283 3974 1852 4048">
    <p class='ocr_par' dir='ltr' id='par_1_72' title="bbox 283 3974 1852 4048">
     <span class='ocr_line' id='line_1_72' title="bbox 283 3974 1852 4048; baseline 0.005 -23"><span class='ocrx_word' id='word_1_493' title='bbox 283 3977 353 4026; x_wconf 73' lang='grc' dir='ltr'>τὰ</span> <span class='ocrx_word' id='word_1_494' title='bbox 391 3974 630 4044; x_wconf 73' lang='grc' dir='ltr'>ὑμέτερα</span> <span class='ocrx_word' id='word_1_495' title='bbox 669 3975 938 4044; x_wconf 80' lang='grc' dir='ltr'>ἀναθησθε</span> <span class='ocrx_word' id='word_1_496' title='bbox 970 3978 1112 4046; x_wconf 70' lang='grc' dir='ltr'>ἐμοὶ,</span> <span class='ocrx_word' id='word_1_497' title='bbox 1145 3979 1359 4033; x_wconf 79' lang='grc' dir='ltr'>εἴσεσθε</span> <span class='ocrx_word' id='word_1_498' title='bbox 1395 3980 1573 4042; x_wconf 73' lang='grc' dir='ltr'>καλῶς</span> <span class='ocrx_word' id='word_1_499' title='bbox 1621 3981 1695 4042; x_wconf 87' lang='grc' dir='ltr'>ὼς</span> <span class='ocrx_word' id='word_1_500' title='bbox 1719 3982 1852 4048; x_wconf 87' lang='grc' dir='ltr'>ἀλη-</span> 
     </span>
    </p>
   </div>
   <div class='ocr_carea' id='block_1_73' title="bbox 288 4063 1854 4138">
    <p class='ocr_par' dir='ltr' id='par_1_73' title="bbox 288 4063 1854 4138">
     <span class='ocr_line' id='line_1_73' title="bbox 288 4063 1854 4138; baseline 0.006 -23"><span class='ocrx_word' id='word_1_501' title='bbox 288 4063 376 4115; x_wconf 77' lang='grc' dir='ltr'>θὲῖ</span> <span class='ocrx_word' id='word_1_502' title='bbox 399 4064 493 4116; x_wconf 80' lang='grc' dir='ltr'>καὶ</span> <span class='ocrx_word' id='word_1_503' title='bbox 523 4065 716 4133; x_wconf 84' lang='grc' dir='ltr'>δικαίῳ</span> <span class='ocrx_word' id='word_1_504' title='bbox 753 4067 846 4118; x_wconf 79' lang='grc' dir='ltr'>καὶ</span> <span class='ocrx_word' id='word_1_505' title='bbox 875 4067 1156 4138; x_wconf 82' lang='grc' dir='ltr'>δυναμένῳ</span> <span class='ocrx_word' id='word_1_506' title='bbox 1185 4068 1246 4122; x_wconf 76' lang='grc' dir='ltr'>εὖ</span> <span class='ocrx_word' id='word_1_507' title='bbox 1277 4073 1449 4124; x_wconf 83' lang='grc' dir='ltr'>ποιεῖν</span> <span class='ocrx_word' id='word_1_508' title='bbox 1496 4070 1854 4124; x_wconf 86' lang='grc' dir='ltr'>ἐπιστεύσατε</span> 
     </span>
    </p>
   </div>
   <div class='ocr_carea' id='block_1_74' title="bbox 283 4157 1856 4233">
    <p class='ocr_par' dir='ltr' id='par_1_74' title="bbox 283 4157 1856 4233">
     <span class='ocr_line' id='line_1_74' title="bbox 283 4157 1856 4233; baseline 0.004 -23"><span class='ocrx_word' id='word_1_509' title='bbox 283 4157 464 4227; x_wconf 76' lang='grc' dir='ltr'>ἀνδρί.</span> <span class='ocrx_word' id='word_1_510' title='bbox 539 4159 860 4226; x_wconf 82' lang='grc' dir='ltr'>Ἀπολογίαν</span> <span class='ocrx_word' id='word_1_511' title='bbox 926 4161 1026 4230; x_wconf 90' lang='grc' dir='ltr'>μὲν</span> <span class='ocrx_word' id='word_1_512' title='bbox 1087 4157 1182 4214; x_wconf 78' lang='grc' dir='ltr'><strong>οὖν</strong></span> <span class='ocrx_word' id='word_1_513' title='bbox 1234 4165 1326 4215; x_wconf 80' lang='grc' dir='ltr'>ἐπὶ</span> <span class='ocrx_word' id='word_1_514' title='bbox 1382 4165 1494 4225; x_wconf 86' lang='grc' dir='ltr'>τοῖς</span> <span class='ocrx_word' id='word_1_515' title='bbox 1547 4163 1856 4233; x_wconf 80' lang='grc' dir='ltr'>εἰρημένοις</span> 
     </span>
    </p>
   </div>
   <div class='ocr_carea' id='block_1_75' title="bbox 281 4251 1852 4320">
    <p class='ocr_par' dir='ltr' id='par_1_75' title="bbox 281 4251 1852 4320">
     <span class='ocr_line' id='line_1_75' title="bbox 281 4251 1852 4320; baseline 0.002 -17"><span class='ocrx_word' id='word_1_516' title='bbox 281 4251 540 4303; x_wconf 76' lang='grc' dir='ltr'>ἀπαιτεῖν</span> <span class='ocrx_word' id='word_1_517' title='bbox 569 4251 630 4303; x_wconf 80' lang='grc' dir='ltr'>οὐ</span> <span class='ocrx_word' id='word_1_518' title='bbox 662 4251 872 4304; x_wconf 86' lang='grc' dir='ltr'>δίκαιον</span> <span class='ocrx_word' id='word_1_519' title='bbox 898 4254 1036 4317; x_wconf 84' lang='grc' dir='ltr'>νυνὶ,</span> <span class='ocrx_word' id='word_1_520' title='bbox 1064 4254 1175 4307; x_wconf 85' lang='grc' dir='ltr'>τῶν</span> <span class='ocrx_word' id='word_1_521' title='bbox 1205 4254 1464 4309; x_wconf 79' lang='grc' dir='ltr'>πλειόνων</span> <span class='ocrx_word' id='word_1_522' title='bbox 1495 4273 1552 4308; x_wconf 85' lang='grc' dir='ltr'><strong>τε</strong></span> <span class='ocrx_word' id='word_1_523' title='bbox 1585 4258 1852 4320; x_wconf 80' lang='grc' dir='ltr'>ἀπόντων,</span> 
     </span>
    </p>
   </div>
   <div class='ocr_carea' id='block_1_76' title="bbox 281 4341 1859 4415">
    <p class='ocr_par' dir='ltr' id='par_1_76' title="bbox 281 4341 1859 4415">
     <span class='ocr_line' id='line_1_76' title="bbox 281 4341 1859 4415; baseline 0.005 -21"><span class='ocrx_word' id='word_1_524' title='bbox 281 4341 382 4395; x_wconf 76' lang='grc' dir='ltr'>καὶ</span> <span class='ocrx_word' id='word_1_525' title='bbox 414 4342 568 4410; x_wconf 82' lang='grc' dir='ltr'>ὑμῶν</span> <span class='ocrx_word' id='word_1_526' title='bbox 596 4343 946 4414; x_wconf 79' lang='grc' dir='ltr'>ἀμελετήτων</span> <span class='ocrx_word' id='word_1_527' title='bbox 1005 4346 1141 4414; x_wconf 76' lang='grc' dir='ltr'>πρὸς</span> <span class='ocrx_word' id='word_1_528' title='bbox 1168 4347 1293 4408; x_wconf 70' lang='grc' dir='ltr'>τοὺς</span> <span class='ocrx_word' id='word_1_529' title='bbox 1323 4348 1514 4415; x_wconf 78' lang='grc' dir='ltr'>λόγους</span> <span class='ocrx_word' id='word_1_530' title='bbox 1537 4349 1704 4402; x_wconf 80' lang='grc' dir='ltr'>ὄντων</span> <span class='ocrx_word' id='word_1_531' title='bbox 1723 4366 1734 4378; x_wconf 79' lang='grc'><strong>”</strong></span> <span class='ocrx_word' id='word_1_532' title='bbox 1769 4351 1859 4402; x_wconf 83' lang='grc' dir='ltr'>ἐκ-</span> 
     </span>
    </p>
   </div>
   <div class='ocr_carea' id='block_1_77' title="bbox 281 4435 1858 4511">
    <p class='ocr_par' dir='ltr' id='par_1_77' title="bbox 281 4435 1858 4511">
     <span class='ocr_line' id='line_1_77' title="bbox 281 4435 1858 4511; baseline 0.006 -25"><span class='ocrx_word' id='word_1_533' title='bbox 281 4435 522 4502; x_wconf 71' lang='grc' dir='ltr'>κλησίαν</span> <span class='ocrx_word' id='word_1_534' title='bbox 552 4435 610 4486; x_wconf 81' lang='grc' dir='ltr'><strong>δέ</strong></span> <span class='ocrx_word' id='word_1_535' title='bbox 635 4437 990 4506; x_wconf 85' lang='grc' dir='ltr'>ἀθροίσαντες</span> <span class='ocrx_word' id='word_1_536' title='bbox 1023 4439 1116 4490; x_wconf 74' lang='grc' dir='ltr'>καὶ</span> <span class='ocrx_word' id='word_1_537' title='bbox 1143 4439 1571 4509; x_wconf 78' lang='grc' dir='ltr'>βουλευσάμενοι</span> <span class='ocrx_word' id='word_1_538' title='bbox 1603 4444 1728 4511; x_wconf 68' lang='grc' dir='ltr'>περὶ</span> <span class='ocrx_word' id='word_1_539' title='bbox 1751 4443 1858 4495; x_wconf 84' lang='grc' dir='ltr'>τῶν</span> 
     </span>
    </p>
   </div>
   <div class='ocr_carea' id='block_1_78' title="bbox 1952 3243 3520 3319">
    <p class='ocr_par' dir='ltr' id='par_1_78' title="bbox 1952 3243 3520 3319">
     <span class='ocr_line' id='line_1_78' title="bbox 1952 3243 3520 3319; baseline -0.009 -13"><span class='ocrx_word' id='word_1_540' title='bbox 1952 3251 2040 3314; x_wconf 87' lang='lat' dir='ltr'><strong>tis,</strong></span> <span class='ocrx_word' id='word_1_541' title='bbox 2060 3265 2170 3304; x_wconf 90' lang='lat' dir='ltr'><strong>non</strong></span> <span class='ocrx_word' id='word_1_542' title='bbox 2197 3249 2430 3319; x_wconf 87' lang='lat' dir='ltr'><strong>possetis</strong></span> <span class='ocrx_word' id='word_1_543' title='bbox 2463 3257 2642 3300; x_wconf 84' lang='lat' dir='ltr'><strong>tamen</strong></span> <span class='ocrx_word' id='word_1_544' title='bbox 2672 3245 2886 3316; x_wconf 64' lang='lat' dir='ltr'><strong>injuriae</strong></span> <span class='ocrx_word' id='word_1_545' title='bbox 2911 3243 3226 3313; x_wconf 79' lang='lat' dir='ltr'><strong>opinionem</strong></span> <span class='ocrx_word' id='word_1_546' title='bbox 3259 3244 3520 3308; x_wconf 71' lang='lat' dir='ltr'><strong>ellltgt&#39;l&#39;t‘,</strong></span> 
     </span>
    </p>
   </div>
   <div class='ocr_carea' id='block_1_79' title="bbox 1949 3333 3524 3412">
    <p class='ocr_par' dir='ltr' id='par_1_79' title="bbox 1949 3333 3524 3412">
     <span class='ocr_line' id='line_1_79' title="bbox 1949 3333 3524 3412; baseline -0.008 -16"><span class='ocrx_word' id='word_1_547' title='bbox 1949 3341 2104 3412; x_wconf 84' lang='lat' dir='ltr'><strong>quid.</strong></span> <span class='ocrx_word' id='word_1_548' title='bbox 2153 3355 2360 3410; x_wconf 68' lang='lat' dir='ltr'><strong>quaeso,</strong></span> <span class='ocrx_word' id='word_1_549' title='bbox 2397 3338 2637 3392; x_wconf 84' lang='lat' dir='ltr'><strong>inaniter</strong></span> <span class='ocrx_word' id='word_1_550' title='bbox 2685 3337 3020 3396; x_wconf 85' lang='lat' dir='ltr'><strong>laborantes,</strong></span> <span class='ocrx_word' id='word_1_551' title='bbox 3060 3333 3335 3386; x_wconf 84' lang='lat' dir='ltr'><strong>miseriam</strong></span> <span class='ocrx_word' id='word_1_552' title='bbox 3367 3333 3524 3384; x_wconf 74' lang='lat' dir='ltr'><strong>vobis</strong></span> 
     </span>
    </p>
   </div>
   <div class='ocr_carea' id='block_1_80' title="bbox 1949 3423 3522 3504">
    <p class='ocr_par' dir='ltr' id='par_1_80' title="bbox 1949 3423 3522 3504">
     <span class='ocr_line' id='line_1_80' title="bbox 1949 3423 3522 3504; baseline -0.011 -15"><span class='ocrx_word' id='word_1_553' title='bbox 1949 3434 2294 3504; x_wconf 85' lang='lat' dir='ltr'><strong>producitis?</strong></span> <span class='ocrx_word' id='word_1_554' title='bbox 2344 3431 2488 3496; x_wconf 76' lang='lat' dir='ltr'><strong>Quin</strong></span> <span class='ocrx_word' id='word_1_555' title='bbox 2549 3429 2682 3482; x_wconf 90' lang='lat' dir='ltr'><strong>mihi</strong></span> <span class='ocrx_word' id='word_1_556' title='bbox 2738 3427 3000 3482; x_wconf 83' lang='lat' dir='ltr'><strong>salut-aria</strong></span> <span class='ocrx_word' id='word_1_557' title='bbox 3059 3427 3302 3478; x_wconf 89' lang='lat' dir='ltr'><strong>monenti</strong></span> <span class='ocrx_word' id='word_1_558' title='bbox 3363 3423 3522 3474; x_wconf 62' lang='lat' dir='ltr'><strong>obse-</strong></span> 
     </span>
    </p>
   </div>
   <div class='ocr_carea' id='block_1_81' title="bbox 1951 3513 3518 3595">
    <p class='ocr_par' dir='ltr' id='par_1_81' title="bbox 1951 3513 3518 3595">
     <span class='ocr_line' id='line_1_81' title="bbox 1951 3513 3518 3595; baseline -0.01 -16"><span class='ocrx_word' id='word_1_559' title='bbox 1951 3537 2204 3595; x_wconf 70' lang='lat' dir='ltr'><strong>quentes,</strong></span> <span class='ocrx_word' id='word_1_560' title='bbox 2225 3523 2454 3579; x_wconf 85' lang='lat' dir='ltr'><strong>etvobis</strong></span> <span class='ocrx_word' id='word_1_561' title='bbox 2482 3521 2822 3576; x_wconf 87' lang='lat' dir='ltr'><strong>uberrimum</strong></span> <span class='ocrx_word' id='word_1_562' title='bbox 2849 3516 3084 3570; x_wconf 77' lang='lat' dir='ltr'><strong>fructum</strong></span> <span class='ocrx_word' id='word_1_563' title='bbox 3115 3513 3482 3582; x_wconf 85' lang='lat' dir='ltr'><strong>adipiscimiui</strong></span> <span class='ocrx_word' id='word_1_564' title='bbox 3506 3531 3518 3572; x_wconf 86' lang='lat'><strong>;</strong></span> 
     </span>
    </p>
   </div>
   <div class='ocr_carea' id='block_1_82' title="bbox 1951 3601 3525 3676">
    <p class='ocr_par' dir='ltr' id='par_1_82' title="bbox 1951 3601 3525 3676">
     <span class='ocr_line' id='line_1_82' title="bbox 1951 3601 3525 3676; baseline -0.01 -9"><span class='ocrx_word' id='word_1_565' title='bbox 1951 3623 2008 3668; x_wconf 86' lang='lat' dir='ltr'><strong>et</strong></span> <span class='ocrx_word' id='word_1_566' title='bbox 2033 3627 2134 3666; x_wconf 88' lang='lat' dir='ltr'><strong>nos</strong></span> <span class='ocrx_word' id='word_1_567' title='bbox 2184 3626 2211 3664; x_wconf 89' lang='lat' dir='ltr'><strong>a</strong></span> <span class='ocrx_word' id='word_1_568' title='bbox 2269 3611 2487 3664; x_wconf 87' lang='lat' dir='ltr'><strong>tantillo</strong></span> <span class='ocrx_word' id='word_1_569' title='bbox 2523 3609 2732 3670; x_wconf 87' lang='lat' dir='ltr'><strong>labore.</strong></span> <span class='ocrx_word' id='word_1_570' title='bbox 2769 3620 2930 3676; x_wconf 87' lang='lat' dir='ltr'><strong>quem</strong></span> <span class='ocrx_word' id='word_1_571' title='bbox 2991 3603 3146 3656; x_wconf 86' lang='lat' dir='ltr'><strong>vobis</strong></span> <span class='ocrx_word' id='word_1_572' title='bbox 3199 3601 3525 3656; x_wconf 71' lang='lat' dir='ltr'><strong>edomandis</strong></span> 
     </span>
    </p>
   </div>
   <div class='ocr_carea' id='block_1_83' title="bbox 1953 3693 3524 3766">
    <p class='ocr_par' dir='ltr' id='par_1_83' title="bbox 1953 3693 3524 3766">
     <span class='ocr_line' id='line_1_83' title="bbox 1953 3693 3524 3766; baseline -0.01 -7"><span class='ocrx_word' id='word_1_573' title='bbox 1953 3701 2370 3766; x_wconf 89' lang='lat' dir='ltr'><strong>sustinebimus,</strong></span> <span class='ocrx_word' id='word_1_574' title='bbox 2397 3701 2602 3755; x_wconf 89' lang='lat' dir='ltr'><strong>liberos</strong></span> <span class='ocrx_word' id='word_1_575' title='bbox 2631 3713 2754 3753; x_wconf 85' lang='lat' dir='ltr'><strong>esse</strong></span> <span class='ocrx_word' id='word_1_576' title='bbox 2779 3696 2996 3752; x_wconf 78' lang='lat' dir='ltr'><strong>sinitis?</strong></span> <span class='ocrx_word' id='word_1_577' title='bbox 3029 3693 3300 3752; x_wconf 65' lang='lat' dir='ltr'><strong>Castorum</strong></span> <span class='ocrx_word' id='word_1_578' title='bbox 3327 3693 3524 3750; x_wconf 66' lang='lat' dir='ltr'><strong>uoltur-</strong></span> 
     </span>
    </p>
   </div>
   <div class='ocr_carea' id='block_1_84' title="bbox 1953 3790 3520 3851">
    <p class='ocr_par' dir='ltr' id='par_1_84' title="bbox 1953 3790 3520 3851">
     <span class='ocr_line' id='line_1_84' title="bbox 1953 3790 3520 3851; baseline -0.008 -1"><span class='ocrx_word' id='word_1_579' title='bbox 1953 3797 2218 3851; x_wconf 87' lang='lat' dir='ltr'><strong>tationem</strong></span> <span class='ocrx_word' id='word_1_580' title='bbox 2269 3807 2446 3847; x_wconf 85' lang='lat' dir='ltr'><strong>meam</strong></span> <span class='ocrx_word' id='word_1_581' title='bbox 2505 3801 2564 3845; x_wconf 86' lang='grc' dir='ltr'><strong>ιιι</strong></span> <span class='ocrx_word' id='word_1_582' title='bbox 2623 3807 2730 3845; x_wconf 89' lang='lat' dir='ltr'><strong>non</strong></span> <span class='ocrx_word' id='word_1_583' title='bbox 2789 3791 3038 3845; x_wconf 86' lang='lat' dir='ltr'><strong>inutilem</strong></span> <span class='ocrx_word' id='word_1_584' title='bbox 3101 3790 3265 3843; x_wconf 86' lang='lat' dir='ltr'><strong>rebus</strong></span> <span class='ocrx_word' id='word_1_585' title='bbox 3306 3791 3520 3844; x_wconf 68' lang='lat' dir='ltr'><strong>vestris.</strong></span> 
     </span>
    </p>
   </div>
   <div class='ocr_carea' id='block_1_85' title="bbox 1957 3883 3524 3957">
    <p class='ocr_par' dir='ltr' id='par_1_85' title="bbox 1957 3883 3524 3957">
     <span class='ocr_line' id='line_1_85' title="bbox 1957 3883 3524 3957; baseline -0.007 -14"><span class='ocrx_word' id='word_1_586' title='bbox 1957 3889 2153 3957; x_wconf 78' lang='lat' dir='ltr'><strong>Rhogii</strong></span> <span class='ocrx_word' id='word_1_587' title='bbox 2198 3888 2414 3957; x_wconf 80' lang='lat' dir='ltr'><strong>cognati</strong></span> <span class='ocrx_word' id='word_1_588' title='bbox 2475 3901 2538 3940; x_wconf 88' lang='lat' dir='ltr'><strong>ac</strong></span> <span class='ocrx_word' id='word_1_589' title='bbox 2577 3887 2709 3940; x_wconf 91' lang='lat' dir='ltr'><strong>socii</strong></span> <span class='ocrx_word' id='word_1_590' title='bbox 2753 3886 2918 3938; x_wconf 80' lang='lat' dir='ltr'><strong>vcstri</strong></span> <span class='ocrx_word' id='word_1_591' title='bbox 2954 3883 3322 3940; x_wconf 80' lang='lat' dir='ltr'><strong>tcstabuntur.</strong></span> <span class='ocrx_word' id='word_1_592' title='bbox 3357 3885 3398 3933; x_wconf 91' lang='lat' dir='ltr'><strong>si</strong></span> <span class='ocrx_word' id='word_1_593' title='bbox 3429 3897 3524 3934; x_wconf 71' lang='lat' dir='ltr'><strong>eos</strong></span> 
     </span>
    </p>
   </div>
   <div class='ocr_carea' id='block_1_86' title="bbox 1955 3975 3524 4044">
    <p class='ocr_par' dir='ltr' id='par_1_86' title="bbox 1955 3975 3524 4044">
     <span class='ocr_line' id='line_1_86' title="bbox 1955 3975 3524 4044; baseline -0.007 -9"><span class='ocrx_word' id='word_1_594' title='bbox 1955 3982 2220 4036; x_wconf 88' lang='lat' dir='ltr'><strong>adhibere</strong></span> <span class='ocrx_word' id='word_1_595' title='bbox 2273 3979 2622 4034; x_wconf 87' lang='lat' dir='ltr'><strong>consiliarios</strong></span> <span class='ocrx_word' id='word_1_596' title='bbox 2673 3977 2964 4032; x_wconf 77' lang='lat' dir='ltr'><strong>volueritis</strong></span> <span class='ocrx_word' id='word_1_597' title='bbox 3001 3993 3012 4025; x_wconf 91' lang='lat'><strong>:</strong></span> <span class='ocrx_word' id='word_1_598' title='bbox 3045 3977 3138 4044; x_wconf 90' lang='lat' dir='ltr'><strong>qui</strong></span> <span class='ocrx_word' id='word_1_599' title='bbox 3187 3991 3320 4036; x_wconf 71' lang='lat' dir='ltr'><strong>cum</strong></span> <span class='ocrx_word' id='word_1_600' title='bbox 3347 3975 3398 4026; x_wconf 89' lang='lat' dir='ltr'><strong>in</strong></span> <span class='ocrx_word' id='word_1_601' title='bbox 3440 3991 3524 4024; x_wconf 84' lang='lat' dir='ltr'><strong>ar-</strong></span> 
     </span>
    </p>
   </div>
   <div class='ocr_carea' id='block_1_87' title="bbox 1957 4066 3524 4138">
    <p class='ocr_par' dir='ltr' id='par_1_87' title="bbox 1957 4066 3524 4138">
     <span class='ocr_line' id='line_1_87' title="bbox 1957 4066 3524 4138; baseline -0.01 -11"><span class='ocrx_word' id='word_1_602' title='bbox 1957 4073 2124 4127; x_wconf 86' lang='lat' dir='ltr'><strong>bitrio</strong></span> <span class='ocrx_word' id='word_1_603' title='bbox 2165 4087 2298 4125; x_wconf 89' lang='lat' dir='ltr'><strong>meo.</strong></span> <span class='ocrx_word' id='word_1_604' title='bbox 2329 4087 2426 4125; x_wconf 89' lang='lat' dir='ltr'><strong>sua</strong></span> <span class='ocrx_word' id='word_1_605' title='bbox 2475 4071 2808 4138; x_wconf 87' lang='lat' dir='ltr'><strong>posuissent,</strong></span> <span class='ocrx_word' id='word_1_606' title='bbox 2851 4077 3058 4136; x_wconf 90' lang='lat' dir='ltr'><strong>quanta</strong></span> <span class='ocrx_word' id='word_1_607' title='bbox 3107 4081 3236 4120; x_wconf 89' lang='lat' dir='ltr'><strong>cura</strong></span> <span class='ocrx_word' id='word_1_608' title='bbox 3294 4066 3524 4118; x_wconf 76' lang='lat' dir='ltr'><strong>benem-</strong></span> 
     </span>
    </p>
   </div>
   <div class='ocr_carea' id='block_1_88' title="bbox 1955 4160 3527 4233">
    <p class='ocr_par' dir='ltr' id='par_1_88' title="bbox 1955 4160 3527 4233">
     <span class='ocr_line' id='line_1_88' title="bbox 1955 4160 3527 4233; baseline -0.008 -13"><span class='ocrx_word' id='word_1_609' title='bbox 1955 4165 2234 4233; x_wconf 89' lang='lat' dir='ltr'><strong>lentiaque</strong></span> <span class='ocrx_word' id='word_1_610' title='bbox 2282 4163 2348 4217; x_wconf 86' lang='lat' dir='ltr'><strong>ab</strong></span> <span class='ocrx_word' id='word_1_611' title='bbox 2381 4163 2714 4230; x_wconf 87' lang='lat' dir='ltr'><strong>imperatore</strong></span> <span class='ocrx_word' id='word_1_612' title='bbox 2747 4160 2950 4228; x_wconf 78' lang='lat' dir='ltr'><strong>dignati</strong></span> <span class='ocrx_word' id='word_1_613' title='bbox 2989 4161 3119 4220; x_wconf 87' lang='lat' dir='ltr'><strong>sint,</strong></span> <span class='ocrx_word' id='word_1_614' title='bbox 3155 4160 3254 4226; x_wconf 87' lang='lat' dir='ltr'><strong>ipsi</strong></span> <span class='ocrx_word' id='word_1_615' title='bbox 3297 4160 3527 4224; x_wconf 82' lang='lat' dir='ltr'><strong>loquen-</strong></span> 
     </span>
    </p>
   </div>
   <div class='ocr_carea' id='block_1_89' title="bbox 1959 4251 3524 4320">
    <p class='ocr_par' dir='ltr' id='par_1_89' title="bbox 1959 4251 3524 4320">
     <span class='ocr_line' id='line_1_89' title="bbox 1959 4251 3524 4320; baseline -0.008 -7"><span class='ocrx_word' id='word_1_616' title='bbox 1959 4267 2068 4313; x_wconf 85' lang='lat' dir='ltr'><strong>tur.</strong></span> <span class='ocrx_word' id='word_1_617' title='bbox 2102 4257 2156 4312; x_wconf 91' lang='lat' dir='ltr'><strong>Si</strong></span> <span class='ocrx_word' id='word_1_618' title='bbox 2208 4259 2336 4310; x_wconf 88' lang='lat' dir='ltr'><strong>item</strong></span> <span class='ocrx_word' id='word_1_619' title='bbox 2364 4271 2466 4308; x_wconf 90' lang='lat' dir='ltr'><strong>vos</strong></span> <span class='ocrx_word' id='word_1_620' title='bbox 2493 4265 2675 4309; x_wconf 83' lang='lat' dir='ltr'><strong>vestra</strong></span> <span class='ocrx_word' id='word_1_621' title='bbox 2709 4254 2840 4306; x_wconf 89' lang='lat' dir='ltr'><strong>mihi</strong></span> <span class='ocrx_word' id='word_1_622' title='bbox 2875 4253 3259 4320; x_wconf 84' lang='lat' dir='ltr'><strong>permiscritis.</strong></span> <span class='ocrx_word' id='word_1_623' title='bbox 3294 4251 3524 4304; x_wconf 75' lang='lat' dir='ltr'><strong>etliciam</strong></span> 
     </span>
    </p>
   </div>
   <div class='ocr_carea' id='block_1_90' title="bbox 1958 4341 3526 4413">
    <p class='ocr_par' dir='ltr' id='par_1_90' title="bbox 1958 4341 3526 4413">
     <span class='ocr_line' id='line_1_90' title="bbox 1958 4341 3526 4413; baseline -0.004 -10"><span class='ocrx_word' id='word_1_624' title='bbox 1958 4359 2019 4404; x_wconf 91' lang='lat' dir='ltr'><strong>ut</strong></span> <span class='ocrx_word' id='word_1_625' title='bbox 2069 4364 2132 4402; x_wconf 87' lang='lat' dir='ltr'><strong>ea</strong></span> <span class='ocrx_word' id='word_1_626' title='bbox 2182 4348 2391 4401; x_wconf 90' lang='lat' dir='ltr'><strong>homini</strong></span> <span class='ocrx_word' id='word_1_627' title='bbox 2447 4345 2626 4399; x_wconf 83' lang='lat' dir='ltr'><strong>veraci</strong></span> <span class='ocrx_word' id='word_1_628' title='bbox 2668 4355 2721 4397; x_wconf 84' lang='lat' dir='ltr'><strong>et</strong></span> <span class='ocrx_word' id='word_1_629' title='bbox 2765 4345 2934 4413; x_wconf 87' lang='lat' dir='ltr'><strong>justo,</strong></span> <span class='ocrx_word' id='word_1_630' title='bbox 2987 4353 3042 4396; x_wconf 87' lang='lat' dir='ltr'><strong>et</strong></span> <span class='ocrx_word' id='word_1_631' title='bbox 3077 4341 3170 4411; x_wconf 89' lang='lat' dir='ltr'><strong>qui</strong></span> <span class='ocrx_word' id='word_1_632' title='bbox 3203 4342 3526 4396; x_wconf 77' lang='lat' dir='ltr'><strong>benefacere</strong></span> 
     </span>
    </p>
   </div>
   <div class='ocr_carea' id='block_1_91' title="bbox 1959 4433 3524 4512">
    <p class='ocr_par' dir='ltr' id='par_1_91' title="bbox 1959 4433 3524 4512">
     <span class='ocr_line' id='line_1_91' title="bbox 1959 4433 3524 4512; baseline -0.008 -16"><span class='ocrx_word' id='word_1_633' title='bbox 1959 4443 2152 4512; x_wconf 85' lang='lat' dir='ltr'><strong>possit,</strong></span> <span class='ocrx_word' id='word_1_634' title='bbox 2211 4439 2532 4508; x_wconf 86' lang='lat' dir='ltr'><strong>permisisse</strong></span> <span class='ocrx_word' id='word_1_635' title='bbox 2585 4437 2844 4506; x_wconf 67' lang='lat' dir='ltr'><strong>praiclare</strong></span> <span class='ocrx_word' id='word_1_636' title='bbox 2895 4435 3232 4504; x_wconf 72' lang='lat' dir='ltr'><strong>itttelligatis.</strong></span> <span class='ocrx_word' id='word_1_637' title='bbox 3276 4433 3524 4499; x_wconf 78' lang='lat' dir='ltr'><strong>Respon-</strong></span> 
     </span>
    </p>
   </div>
   <div class='ocr_carea' id='block_1_92' title="bbox 276 4526 1939 4601">
    <p class='ocr_par' dir='ltr' id='par_1_92' title="bbox 276 4527 1934 4598">
     <span class='ocr_line' id='line_1_92' title="bbox 276 4527 1934 4598; baseline 0.004 -20"><span class='ocrx_word' id='word_1_638' title='bbox 276 4527 538 4588; x_wconf 76' lang='grc' dir='ltr'>δεόντων,</span> <span class='ocrx_word' id='word_1_639' title='bbox 573 4529 631 4588; x_wconf 83' lang='grc' dir='ltr'>ἐς</span> <span class='ocrx_word' id='word_1_640' title='bbox 682 4530 780 4597; x_wconf 83' lang='grc' dir='ltr'>τὴν</span> <span class='ocrx_word' id='word_1_641' title='bbox 831 4529 1152 4598; x_wconf 82' lang='grc' dir='ltr'>ὑστεραίαν,</span> <span class='ocrx_word' id='word_1_642' title='bbox 1207 4533 1256 4584; x_wconf 82' lang='grc' dir='ltr'>ει</span> <span class='ocrx_word' id='word_1_643' title='bbox 1285 4533 1450 4594; x_wconf 85' lang='grc' dir='ltr'>δοκεῖ,</span> <span class='ocrx_word' id='word_1_644' title='bbox 1511 4534 1734 4586; x_wconf 85' lang='grc' dir='ltr'>ἀπόδοτε</span> <span class='ocrx_word' id='word_1_645' title='bbox 1765 4536 1856 4588; x_wconf 83' lang='grc' dir='ltr'>τὸν</span> <span class='ocrx_word' id='word_1_646' title='bbox 1891 4530 1934 4584; x_wconf 84' lang='lat' dir='ltr'><strong>D</strong></span> 
     </span>
    </p>
   </div>
   <div class='ocr_carea' id='block_1_93' title="bbox 1861 4526 3524 4601">
    <p class='ocr_par' dir='ltr' id='par_1_93' title="bbox 1891 4526 3524 4601">
     <span class='ocr_line' id='line_1_93' title="bbox 1891 4526 3524 4601; baseline -0.005 -17"><span class='ocrx_word' id='word_1_647' title='bbox 1891 4530 1934 4584; x_wconf 85' lang='lat' dir='ltr'><strong>D</strong></span> <span class='ocrx_word' id='word_1_648' title='bbox 1960 4535 2170 4590; x_wconf 90' lang='lat' dir='ltr'><strong>sionem</strong></span> <span class='ocrx_word' id='word_1_649' title='bbox 2201 4532 2254 4585; x_wconf 88' lang='lat' dir='ltr'><strong>in</strong></span> <span class='ocrx_word' id='word_1_650' title='bbox 2285 4545 2524 4601; x_wconf 59' lang='lat' dir='ltr'><strong>prasens</strong></span> <span class='ocrx_word' id='word_1_651' title='bbox 2553 4543 2662 4583; x_wconf 91' lang='lat' dir='ltr'><strong>non</strong></span> <span class='ocrx_word' id='word_1_652' title='bbox 2691 4529 2930 4597; x_wconf 86' lang='lat' dir='ltr'><strong>postulo,</strong></span> <span class='ocrx_word' id='word_1_653' title='bbox 2959 4527 3175 4596; x_wconf 87' lang='lat' dir='ltr'><strong>quando</strong></span> <span class='ocrx_word' id='word_1_654' title='bbox 3203 4526 3372 4594; x_wconf 81' lang='lat' dir='ltr'><strong>major</strong></span> <span class='ocrx_word' id='word_1_655' title='bbox 3405 4540 3524 4593; x_wconf 64' lang='lat' dir='ltr'><strong>pars.</strong></span> 
     </span>
    </p>
   </div>
   <div class='ocr_carea' id='block_1_94' title="bbox 279 4615 1854 4693">
    <p class='ocr_par' dir='ltr' id='par_1_94' title="bbox 279 4615 1854 4693">
     <span class='ocr_line' id='line_1_94' title="bbox 279 4615 1854 4693; baseline 0.006 -25"><span class='ocrx_word' id='word_1_656' title='bbox 279 4617 472 4684; x_wconf 87' lang='grc' dir='ltr'>λόγον.</span> <span class='ocrx_word' id='word_1_657' title='bbox 515 4617 572 4670; x_wconf 85' lang='grc'><strong>’0</strong></span> <span class='ocrx_word' id='word_1_658' title='bbox 608 4619 706 4686; x_wconf 88' lang='grc' dir='ltr'>μὲν</span> <span class='ocrx_word' id='word_1_659' title='bbox 733 4615 824 4671; x_wconf 82' lang='grc' dir='ltr'><strong>οῦν</strong></span> <span class='ocrx_word' id='word_1_660' title='bbox 872 4620 1044 4673; x_wconf 84' lang='grc' dir='ltr'>εἰπὼν</span> <span class='ocrx_word' id='word_1_661' title='bbox 1074 4622 1298 4674; x_wconf 89' lang='grc' dir='ltr'>τοιαῦτα</span> <span class='ocrx_word' id='word_1_662' title='bbox 1355 4623 1490 4692; x_wconf 76' lang='grc' dir='ltr'>πρὸς</span> <span class='ocrx_word' id='word_1_663' title='bbox 1551 4624 1854 4693; x_wconf 84' lang='grc' dir='ltr'>Ἀρταίους,</span> 
     </span>
    </p>
   </div>
   <div class='ocr_carea' id='block_1_95' title="bbox 279 4709 1854 4782">
    <p class='ocr_par' dir='ltr' id='par_1_95' title="bbox 279 4709 1854 4782">
     <span class='ocr_line' id='line_1_95' title="bbox 279 4709 1854 4782; baseline 0.004 -20"><span class='ocrx_word' id='word_1_664' title='bbox 279 4709 638 4780; x_wconf 72' lang='grc' dir='ltr'>ἀνεχώρησεν</span> <span class='ocrx_word' id='word_1_665' title='bbox 686 4713 767 4774; x_wconf 90' lang='grc' dir='ltr'><strong>εἰς</strong></span> <span class='ocrx_word' id='word_1_666' title='bbox 809 4713 870 4764; x_wconf 76' lang='grc' dir='ltr'><strong>τὸ</strong></span> <span class='ocrx_word' id='word_1_667' title='bbox 933 4715 1316 4782; x_wconf 83' lang='grc' dir='ltr'>στρατόπεδον,</span> <span class='ocrx_word' id='word_1_668' title='bbox 1383 4715 1704 4769; x_wconf 86' lang='grc' dir='ltr'>Καϐασίλαν</span> <span class='ocrx_word' id='word_1_669' title='bbox 1759 4719 1854 4768; x_wconf 76' lang='grc' dir='ltr'><strong>καὶ</strong></span> 
     </span>
    </p>
   </div>
   <div class='ocr_carea' id='block_1_96' title="bbox 276 4801 1850 4874">
    <p class='ocr_par' dir='ltr' id='par_1_96' title="bbox 276 4801 1850 4874">
     <span class='ocr_line' id='line_1_96' title="bbox 276 4801 1850 4874; baseline 0.004 -21"><span class='ocrx_word' id='word_1_670' title='bbox 276 4801 413 4862; x_wconf 63' lang='grc' dir='ltr'>τοὺς</span> <span class='ocrx_word' id='word_1_671' title='bbox 430 4801 622 4864; x_wconf 82' lang='grc' dir='ltr'>ἄλλους</span> <span class='ocrx_word' id='word_1_672' title='bbox 640 4801 899 4868; x_wconf 81' lang='grc' dir='ltr'>Ῥωγίους</span> <span class='ocrx_word' id='word_1_673' title='bbox 929 4805 1270 4874; x_wconf 81' lang='grc' dir='ltr'>διαλέγεσθαι</span> <span class='ocrx_word' id='word_1_674' title='bbox 1304 4808 1490 4868; x_wconf 73' lang='grc' dir='ltr'>αὐτοῖς</span> <span class='ocrx_word' id='word_1_675' title='bbox 1513 4806 1850 4872; x_wconf 86' lang='grc' dir='ltr'>καταλιπὼν,</span> 
     </span>
    </p>
   </div>
   <div class='ocr_carea' id='block_1_97' title="bbox 1961 4615 3528 4690">
    <p class='ocr_par' dir='ltr' id='par_1_97' title="bbox 1961 4615 3528 4690">
     <span class='ocr_line' id='line_1_97' title="bbox 1961 4615 3528 4690; baseline -0.008 -12"><span class='ocrx_word' id='word_1_676' title='bbox 1961 4627 2151 4688; x_wconf 88' lang='lat' dir='ltr'><strong>abest;</strong></span> <span class='ocrx_word' id='word_1_677' title='bbox 2182 4635 2236 4678; x_wconf 89' lang='lat' dir='ltr'><strong>et</strong></span> <span class='ocrx_word' id='word_1_678' title='bbox 2271 4639 2366 4678; x_wconf 89' lang='lat' dir='ltr'><strong>vos</strong></span> <span class='ocrx_word' id='word_1_679' title='bbox 2412 4623 2477 4676; x_wconf 87' lang='lat' dir='ltr'><strong>ad</strong></span> <span class='ocrx_word' id='word_1_680' title='bbox 2531 4619 2972 4690; x_wconf 85' lang='lat' dir='ltr'><strong>respondendum</strong></span> <span class='ocrx_word' id='word_1_681' title='bbox 3029 4633 3138 4671; x_wconf 87' lang='lat' dir='ltr'><strong>non</strong></span> <span class='ocrx_word' id='word_1_682' title='bbox 3177 4615 3312 4670; x_wconf 83' lang='lat' dir='ltr'><strong>estis</strong></span> <span class='ocrx_word' id='word_1_683' title='bbox 3359 4617 3528 4668; x_wconf 79' lang='lat' dir='ltr'><strong>medi-</strong></span> 
     </span>
    </p>
   </div>
   <div class='ocr_carea' id='block_1_98' title="bbox 1963 4707 3526 4774">
    <p class='ocr_par' dir='ltr' id='par_1_98' title="bbox 1963 4707 3526 4774">
     <span class='ocr_line' id='line_1_98' title="bbox 1963 4707 3526 4774; baseline -0.008 -4"><span class='ocrx_word' id='word_1_684' title='bbox 1963 4719 2080 4772; x_wconf 84' lang='lat' dir='ltr'><strong>tati.</strong></span> <span class='ocrx_word' id='word_1_685' title='bbox 2119 4715 2222 4770; x_wconf 90' lang='lat' dir='ltr'><strong>Ubi</strong></span> <span class='ocrx_word' id='word_1_686' title='bbox 2253 4723 2379 4774; x_wconf 83' lang='lat' dir='ltr'><strong>acto</strong></span> <span class='ocrx_word' id='word_1_687' title='bbox 2419 4723 2692 4768; x_wconf 87' lang='lat' dir='ltr'><strong>conventu</strong></span> <span class='ocrx_word' id='word_1_688' title='bbox 2739 4712 2806 4766; x_wconf 90' lang='lat' dir='ltr'><strong>de</strong></span> <span class='ocrx_word' id='word_1_689' title='bbox 2855 4725 3066 4765; x_wconf 89' lang='lat' dir='ltr'><strong>summa</strong></span> <span class='ocrx_word' id='word_1_690' title='bbox 3101 4725 3282 4763; x_wconf 81' lang='lat' dir='ltr'><strong>rerum</strong></span> <span class='ocrx_word' id='word_1_691' title='bbox 3317 4707 3526 4762; x_wconf 77' lang='lat' dir='ltr'><strong>delibe-</strong></span> 
     </span>
    </p>
   </div>
   <div class='ocr_carea' id='block_1_99' title="bbox 1963 4799 3526 4872">
    <p class='ocr_par' dir='ltr' id='par_1_99' title="bbox 1963 4799 3526 4872">
     <span class='ocr_line' id='line_1_99' title="bbox 1963 4799 3526 4872; baseline -0.004 -12"><span class='ocrx_word' id='word_1_692' title='bbox 1963 4809 2238 4872; x_wconf 86' lang='lat' dir='ltr'><strong>raveritis,</strong></span> <span class='ocrx_word' id='word_1_693' title='bbox 2283 4806 2528 4860; x_wconf 87' lang='lat' dir='ltr'><strong>crastino</strong></span> <span class='ocrx_word' id='word_1_694' title='bbox 2557 4805 2670 4866; x_wconf 73' lang='lat' dir='ltr'><strong>die,</strong></span> <span class='ocrx_word' id='word_1_695' title='bbox 2715 4806 2758 4858; x_wconf 87' lang='lat' dir='ltr'><strong>si</strong></span> <span class='ocrx_word' id='word_1_696' title='bbox 2796 4805 3006 4867; x_wconf 84' lang='lat' dir='ltr'><strong>libebit,</strong></span> <span class='ocrx_word' id='word_1_697' title='bbox 3035 4803 3378 4870; x_wconf 84' lang='lat' dir='ltr'><strong>respondete.</strong></span> <span class='ocrx_word' id='word_1_698' title='bbox 3435 4799 3526 4854; x_wconf 90' lang='lat' dir='ltr'><strong>llis</strong></span> 
     </span>
    </p>
   </div>
   <div class='ocr_carea' id='block_1_100' title="bbox 1554 4922 2294 4984">
    <p class='ocr_par' dir='ltr' id='par_1_100' title="bbox 1554 4922 2294 4984">
     <span class='ocr_line' id='line_1_100' title="bbox 1554 4922 2294 4984; baseline 0.003 -2"><span class='ocrx_word' id='word_1_699' title='bbox 1554 4922 1766 4983; x_wconf 76' lang='lat' dir='ltr'><strong>Jacobi</strong></span> <span class='ocrx_word' id='word_1_700' title='bbox 1807 4923 2068 4982; x_wconf 85' lang='lat' dir='ltr'><strong>Pontani</strong></span> <span class='ocrx_word' id='word_1_701' title='bbox 2105 4933 2294 4984; x_wconf 59' lang='lat' dir='ltr'><strong>nota).</strong></span> 
     </span>
    </p>
   </div>
   <div class='ocr_carea' id='block_1_101' title="bbox 363 5043 1857 5118">
    <p class='ocr_par' dir='ltr' id='par_1_101' title="bbox 363 5043 1857 5118">
     <span class='ocr_line' id='line_1_101' title="bbox 363 5043 1857 5118; baseline 0 -18"><span class='ocrx_word' id='word_1_702' title='bbox 363 5043 835 5118; x_wconf 63' lang='lat' dir='ltr'><strong>(65l__Tbeodgro_</strong></span> <span class='ocrx_word' id='word_1_703' title='bbox 896 5044 1115 5098; x_wconf 79' lang='lat' dir='ltr'><strong>Lascari</strong></span> <span class='ocrx_word' id='word_1_704' title='bbox 1182 5045 1514 5116; x_wconf 85' lang='lat' dir='ltr'><strong>imperatore</strong></span> <span class='ocrx_word' id='word_1_705' title='bbox 1575 5046 1857 5118; x_wconf 59' lang='lat' dir='ltr'><strong>deﬂgnato</strong></span> 
     </span>
    </p>
   </div>
   <div class='ocr_carea' id='block_1_102' title="bbox 279 5113 1022 5184">
    <p class='ocr_par' dir='ltr' id='par_1_102' title="bbox 279 5113 1022 5184">
     <span class='ocr_line' id='line_1_102' title="bbox 279 5113 1022 5184; baseline -0.008 -10"><span class='ocrx_word' id='word_1_706' title='bbox 279 5113 442 5174; x_wconf 78' lang='lat' dir='ltr'><strong>circa</strong></span> <span class='ocrx_word' id='word_1_707' title='bbox 470 5115 702 5169; x_wconf 61' lang='lat' dir='ltr'><strong>Nicaam</strong></span> <span class='ocrx_word' id='word_1_708' title='bbox 735 5113 1022 5184; x_wconf 67' lang='lat' dir='ltr'><strong>Btthyniar.</strong></span> 
     </span>
    </p>
   </div>
   <div class='ocr_carea' id='block_1_103' title="bbox 365 5184 1855 5254">
    <p class='ocr_par' dir='ltr' id='par_1_103' title="bbox 365 5184 1855 5254">
     <span class='ocr_line' id='line_1_103' title="bbox 365 5184 1855 5254; baseline 0.001 -16"><span class='ocrx_word' id='word_1_709' title='bbox 365 5185 478 5254; x_wconf 85' lang='lat'><strong>(66)</strong></span> <span class='ocrx_word' id='word_1_710' title='bbox 523 5184 624 5238; x_wconf 85' lang='lat' dir='ltr'><strong>Per</strong></span> <span class='ocrx_word' id='word_1_711' title='bbox 668 5199 843 5254; x_wconf 85' lang='lat' dir='ltr'><strong>annos</strong></span> <span class='ocrx_word' id='word_1_712' title='bbox 876 5185 1002 5254; x_wconf 62' lang='lat' dir='ltr'><strong>fere</strong></span> <span class='ocrx_word' id='word_1_713' title='bbox 1035 5185 1124 5238; x_wconf 82' lang='lat'><strong>65.</strong></span> <span class='ocrx_word' id='word_1_714' title='bbox 1175 5184 1384 5240; x_wconf 86' lang='lat' dir='ltr'><strong>[nterea</strong></span> <span class='ocrx_word' id='word_1_715' title='bbox 1427 5185 1758 5242; x_wconf 70' lang='lat' dir='ltr'><strong>Nicomedizc</strong></span> <span class='ocrx_word' id='word_1_716' title='bbox 1801 5186 1855 5240; x_wconf 89' lang='lat' dir='ltr'><strong>in</strong></span> 
     </span>
    </p>
   </div>
   <div class='ocr_carea' id='block_1_104' title="bbox 283 5253 1861 5324">
    <p class='ocr_par' dir='ltr' id='par_1_104' title="bbox 283 5253 1861 5324">
     <span class='ocr_line' id='line_1_104' title="bbox 283 5253 1861 5324; baseline 0.001 -15"><span class='ocrx_word' id='word_1_717' title='bbox 283 5253 552 5324; x_wconf 78' lang='lat' dir='ltr'><strong>Bithynia</strong></span> <span class='ocrx_word' id='word_1_718' title='bbox 585 5253 767 5324; x_wconf 81' lang='lat' dir='ltr'><strong>sedem</strong></span> <span class='ocrx_word' id='word_1_719' title='bbox 801 5253 1110 5308; x_wconf 87' lang='lat' dir='ltr'><strong>habuerunt</strong></span> <span class='ocrx_word' id='word_1_720' title='bbox 1140 5254 1728 5324; x_wconf 62' lang='lat' dir='ltr'><strong>Constantinopolihni</strong></span> <span class='ocrx_word' id='word_1_721' title='bbox 1759 5257 1861 5310; x_wconf 77' lang='lat' dir='ltr'><strong>im—</strong></span> 
     </span>
    </p>
   </div>
   <div class='ocr_carea' id='block_1_105' title="bbox 285 5322 1856 5394">
    <p class='ocr_par' dir='ltr' id='par_1_105' title="bbox 285 5322 1856 5394">
     <span class='ocr_line' id='line_1_105' title="bbox 285 5322 1856 5394; baseline -0.001 -15"><span class='ocrx_word' id='word_1_722' title='bbox 285 5322 604 5394; x_wconf 37' lang='lat' dir='ltr'><strong>pera—tores.</strong></span> <span class='ocrx_word' id='word_1_723' title='bbox 655 5322 873 5394; x_wconf 85' lang='lat' dir='ltr'><strong>Primus</strong></span> <span class='ocrx_word' id='word_1_724' title='bbox 933 5332 1114 5394; x_wconf 79' lang='lat' dir='ltr'><strong>autem</strong></span> <span class='ocrx_word' id='word_1_725' title='bbox 1165 5340 1230 5377; x_wconf 82' lang='lat' dir='ltr'><strong>ex</strong></span> <span class='ocrx_word' id='word_1_726' title='bbox 1311 5322 1518 5380; x_wconf 81' lang='lat' dir='ltr'><strong>Latinis</strong></span> <span class='ocrx_word' id='word_1_727' title='bbox 1567 5325 1856 5394; x_wconf 83' lang='lat' dir='ltr'><strong>imperavit</strong></span> 
     </span>
    </p>
   </div>
   <div class='ocr_carea' id='block_1_106' title="bbox 282 5391 1857 5465">
    <p class='ocr_par' dir='ltr' id='par_1_106' title="bbox 282 5391 1857 5465">
     <span class='ocr_line' id='line_1_106' title="bbox 282 5391 1857 5465; baseline 0.001 -17"><span class='ocrx_word' id='word_1_728' title='bbox 282 5391 806 5465; x_wconf 74' lang='lat' dir='ltr'><strong>Const_antinopoli_,</strong></span> <span class='ocrx_word' id='word_1_729' title='bbox 859 5407 1003 5444; x_wconf 89' lang='lat' dir='ltr'><strong>anno</strong></span> <span class='ocrx_word' id='word_1_730' title='bbox 1055 5391 1282 5465; x_wconf 89' lang='lat' dir='ltr'><strong>_Domini</strong></span> <span class='ocrx_word' id='word_1_731' title='bbox 1349 5395 1506 5456; x_wconf 75' lang='grc'>1200,</span> <span class='ocrx_word' id='word_1_732' title='bbox 1557 5391 1857 5465; x_wconf 63' lang='grc' dir='ltr'><strong>Βαιὶὶυίηυε</strong></span> 
     </span>
    </p>
   </div>
   <div class='ocr_carea' id='block_1_107' title="bbox 285 5461 1859 5532">
    <p class='ocr_par' dir='ltr' id='par_1_107' title="bbox 285 5461 1859 5532">
     <span class='ocr_line' id='line_1_107' title="bbox 285 5461 1859 5532; baseline -0.001 -12"><span class='ocrx_word' id='word_1_733' title='bbox 285 5463 536 5520; x_wconf 84' lang='lat' dir='ltr'><strong>Flander</strong></span> <span class='ocrx_word' id='word_1_734' title='bbox 571 5463 879 5532; x_wconf 39' lang='lat' dir='ltr'><strong>’mensibus</strong></span> <span class='ocrx_word' id='word_1_735' title='bbox 934 5477 988 5515; x_wconf 82' lang='lat' dir='ltr'><strong>tt.</strong></span> <span class='ocrx_word' id='word_1_736' title='bbox 1043 5461 1163 5528; x_wconf 84' lang='lat' dir='ltr'><strong>Quo</strong></span> <span class='ocrx_word' id='word_1_737' title='bbox 1215 5479 1244 5516; x_wconf 91' lang='lat' dir='ltr'><strong>a</strong></span> <span class='ocrx_word' id='word_1_738' title='bbox 1283 5465 1467 5520; x_wconf 60' lang='lat' dir='ltr'><strong>Marsis</strong></span> <span class='ocrx_word' id='word_1_739' title='bbox 1515 5473 1572 5520; x_wconf 87' lang='lat' dir='ltr'><strong>et</strong></span> <span class='ocrx_word' id='word_1_740' title='bbox 1610 5464 1859 5532; x_wconf 80' lang='lat' dir='ltr'><strong>Bulgaris</strong></span> 
     </span>
    </p>
   </div>
   <div class='ocr_carea' id='block_1_108' title="bbox 285 5531 1855 5602">
    <p class='ocr_par' dir='ltr' id='par_1_108' title="bbox 285 5531 1855 5602">
     <span class='ocr_line' id='line_1_108' title="bbox 285 5531 1855 5602; baseline -0.001 -14"><span class='ocrx_word' id='word_1_741' title='bbox 285 5541 462 5600; x_wconf 76' lang='lat' dir='ltr'><strong>capto</strong></span> <span class='ocrx_word' id='word_1_742' title='bbox 483 5541 648 5594; x_wconf 87' lang='lat' dir='ltr'><strong>atque</strong></span> <span class='ocrx_word' id='word_1_743' title='bbox 677 5531 988 5596; x_wconf 79' lang='lat' dir='ltr'><strong>interfecto,</strong></span> <span class='ocrx_word' id='word_1_744' title='bbox 1025 5533 1398 5602; x_wconf 72' lang='lat' dir='ltr'><strong>interregnum</strong></span> <span class='ocrx_word' id='word_1_745' title='bbox 1433 5535 1533 5588; x_wconf 81' lang='lat' dir='ltr'><strong>fuit</strong></span> <span class='ocrx_word' id='word_1_746' title='bbox 1572 5531 1855 5586; x_wconf 77' lang='lat' dir='ltr'><strong>announo</strong></span> 
     </span>
    </p>
   </div>
   <div class='ocr_carea' id='block_1_109' title="bbox 279 5601 1856 5669">
    <p class='ocr_par' dir='ltr' id='par_1_109' title="bbox 279 5601 1856 5669">
     <span class='ocr_line' id='line_1_109' title="bbox 279 5601 1856 5669; baseline -0.001 -12"><span class='ocrx_word' id='word_1_747' title='bbox 279 5611 352 5657; x_wconf 80' lang='lat' dir='ltr'><strong>et</strong></span> <span class='ocrx_word' id='word_1_748' title='bbox 395 5603 677 5654; x_wconf 78' lang='lat' dir='ltr'><strong>mensibus</strong></span> <span class='ocrx_word' id='word_1_749' title='bbox 727 5611 980 5669; x_wconf 87' lang='lat' dir='ltr'><strong>quatuor.</strong></span> <span class='ocrx_word' id='word_1_750' title='bbox 1038 5601 1344 5666; x_wconf 89' lang='lat' dir='ltr'><strong>Secundus,</strong></span> <span class='ocrx_word' id='word_1_751' title='bbox 1399 5603 1688 5664; x_wconf 82' lang='lat' dir='ltr'><strong>Henricus,</strong></span> <span class='ocrx_word' id='word_1_752' title='bbox 1731 5605 1856 5656; x_wconf 59' lang='grc' dir='ltr'>ηδι-</span> 
     </span>
    </p>
   </div>
   <div class='ocr_carea' id='block_1_110' title="bbox 285 5671 1854 5738">
    <p class='ocr_par' dir='ltr' id='par_1_110' title="bbox 285 5671 1854 5738">
     <span class='ocr_line' id='line_1_110' title="bbox 285 5671 1854 5738; baseline 0.001 -12"><span class='ocrx_word' id='word_1_753' title='bbox 285 5671 456 5726; x_wconf 87' lang='lat' dir='ltr'><strong>duini</strong></span> <span class='ocrx_word' id='word_1_754' title='bbox 490 5671 652 5735; x_wconf 83' lang='lat' dir='ltr'><strong>tilius,</strong></span> <span class='ocrx_word' id='word_1_755' title='bbox 688 5672 780 5738; x_wconf 92' lang='lat' dir='ltr'><strong>qui</strong></span> <span class='ocrx_word' id='word_1_756' title='bbox 819 5672 936 5723; x_wconf 77' lang='lat' dir='ltr'><strong>sine</strong></span> <span class='ocrx_word' id='word_1_757' title='bbox 973 5671 1159 5725; x_wconf 90' lang='lat' dir='ltr'><strong>liberis</strong></span> <span class='ocrx_word' id='word_1_758' title='bbox 1181 5674 1336 5726; x_wconf 82' lang='lat' dir='ltr'><strong>obiit.</strong></span> <span class='ocrx_word' id='word_1_759' title='bbox 1363 5675 1606 5736; x_wconf 82' lang='lat' dir='ltr'><strong>Tertius,</strong></span> <span class='ocrx_word' id='word_1_760' title='bbox 1643 5675 1854 5735; x_wconf 78' lang='lat' dir='ltr'><strong>l’etrus,</strong></span> 
     </span>
    </p>
   </div>
   <div class='ocr_carea' id='block_1_111' title="bbox 285 5741 1852 5808">
    <p class='ocr_par' dir='ltr' id='par_1_111' title="bbox 285 5741 1852 5808">
     <span class='ocr_line' id='line_1_111' title="bbox 285 5741 1852 5808; baseline -0.002 -12"><span class='ocrx_word' id='word_1_761' title='bbox 285 5755 484 5796; x_wconf 79' lang='lat' dir='ltr'><strong>comes</strong></span> <span class='ocrx_word' id='word_1_762' title='bbox 531 5741 998 5794; x_wconf 75' lang='lat' dir='ltr'><strong>Altisiodorensis.</strong></span> <span class='ocrx_word' id='word_1_763' title='bbox 1048 5741 1306 5808; x_wconf 87' lang='lat' dir='ltr'><strong>Quartus,</strong></span> <span class='ocrx_word' id='word_1_764' title='bbox 1371 5745 1665 5798; x_wconf 81' lang='lat' dir='ltr'><strong>Robertus.</strong></span> <span class='ocrx_word' id='word_1_765' title='bbox 1711 5743 1852 5796; x_wconf 83' lang='lat' dir='ltr'><strong>Petri</strong></span> 
     </span>
    </p>
   </div>
   <div class='ocr_carea' id='block_1_112' title="bbox 288 5811 1846 5878">
    <p class='ocr_par' dir='ltr' id='par_1_112' title="bbox 288 5811 1846 5878">
     <span class='ocr_line' id='line_1_112' title="bbox 288 5811 1846 5878; baseline -0.003 -13"><span class='ocrx_word' id='word_1_766' title='bbox 288 5812 462 5866; x_wconf 70' lang='lat' dir='ltr'><strong>titius.</strong></span> <span class='ocrx_word' id='word_1_767' title='bbox 495 5811 751 5877; x_wconf 87' lang='lat' dir='ltr'><strong>Quintus.</strong></span> <span class='ocrx_word' id='word_1_768' title='bbox 777 5811 1072 5864; x_wconf 84' lang='lat' dir='ltr'><strong>Balduinus</strong></span> <span class='ocrx_word' id='word_1_769' title='bbox 1113 5819 1402 5878; x_wconf 80' lang='lat' dir='ltr'><strong>secundus,</strong></span> <span class='ocrx_word' id='word_1_770' title='bbox 1440 5815 1658 5867; x_wconf 74' lang='lat' dir='ltr'><strong>lloberli</strong></span> <span class='ocrx_word' id='word_1_771' title='bbox 1690 5815 1846 5866; x_wconf 47' lang='lat' dir='ltr'><strong>lilii».</strong></span> 
     </span>
    </p>
   </div>
   <div class='ocr_carea' id='block_1_113' title="bbox 1964 5041 3532 5117">
    <p class='ocr_par' dir='ltr' id='par_1_113' title="bbox 1964 5041 3532 5117">
     <span class='ocr_line' id='line_1_113' title="bbox 1964 5041 3532 5117; baseline -0.004 -15"><span class='ocrx_word' id='word_1_772' title='bbox 1964 5048 2148 5104; x_wconf 89' lang='lat' dir='ltr'><strong>Donec</strong></span> <span class='ocrx_word' id='word_1_773' title='bbox 2181 5049 2410 5104; x_wconf 78' lang='lat' dir='ltr'><strong>Michael</strong></span> <span class='ocrx_word' id='word_1_774' title='bbox 2449 5049 2784 5117; x_wconf 80' lang='lat' dir='ltr'><strong>Palaeologus</strong></span> <span class='ocrx_word' id='word_1_775' title='bbox 2843 5046 3135 5117; x_wconf 80' lang='lat' dir='ltr'><strong>imperium</strong></span> <span class='ocrx_word' id='word_1_776' title='bbox 3167 5041 3532 5117; x_wconf 30' lang='lat' dir='ltr'><strong>Latinisaere—</strong></span> 
     </span>
    </p>
   </div>
   <div class='ocr_carea' id='block_1_114' title="bbox 1963 5111 3530 5187">
    <p class='ocr_par' dir='ltr' id='par_1_114' title="bbox 1963 5111 3530 5187">
     <span class='ocr_line' id='line_1_114' title="bbox 1963 5111 3530 5187; baseline -0.003 -17"><span class='ocrx_word' id='word_1_777' title='bbox 1963 5127 2116 5187; x_wconf 85' lang='lat' dir='ltr'><strong>ptum</strong></span> <span class='ocrx_word' id='word_1_778' title='bbox 2173 5119 2372 5173; x_wconf 69' lang='lat' dir='ltr'><strong>Graecis</strong></span> <span class='ocrx_word' id='word_1_779' title='bbox 2426 5111 2710 5177; x_wconf 59' lang='lat' dir='ltr'><strong>restituit:</strong></span> <span class='ocrx_word' id='word_1_780' title='bbox 2739 5132 2881 5169; x_wconf 85' lang='lat' dir='ltr'><strong>anno</strong></span> <span class='ocrx_word' id='word_1_781' title='bbox 2923 5111 3138 5187; x_wconf 77' lang='lat' dir='ltr'><strong>Domini</strong></span> <span class='ocrx_word' id='word_1_782' title='bbox 3183 5113 3337 5166; x_wconf 69' lang='lat'><strong>1258.</strong></span> <span class='ocrx_word' id='word_1_783' title='bbox 3381 5111 3530 5187; x_wconf 82' lang='lat' dir='ltr'><strong>Quo-</strong></span> 
     </span>
    </p>
   </div>
   <div class='ocr_carea' id='block_1_115' title="bbox 1967 5183 3526 5257">
    <p class='ocr_par' dir='ltr' id='par_1_115' title="bbox 1967 5183 3526 5257">
     <span class='ocr_line' id='line_1_115' title="bbox 1967 5183 3526 5257; baseline -0.006 -17"><span class='ocrx_word' id='word_1_784' title='bbox 1967 5183 2128 5242; x_wconf 81' lang='lat' dir='ltr'><strong>inodo</strong></span> <span class='ocrx_word' id='word_1_785' title='bbox 2177 5187 2492 5257; x_wconf 75' lang='lat' dir='ltr'><strong>prteclaram</strong></span> <span class='ocrx_word' id='word_1_786' title='bbox 2547 5189 2693 5240; x_wconf 82' lang='lat' dir='ltr'><strong>illam</strong></span> <span class='ocrx_word' id='word_1_787' title='bbox 2731 5187 2924 5239; x_wconf 84' lang='lat' dir='ltr'><strong>urbem</strong></span> <span class='ocrx_word' id='word_1_788' title='bbox 2958 5185 3134 5257; x_wconf 83' lang='lat' dir='ltr'><strong>Latini</strong></span> <span class='ocrx_word' id='word_1_789' title='bbox 3186 5183 3526 5257; x_wconf 80' lang='lat' dir='ltr'><strong>occuparint,</strong></span> 
     </span>
    </p>
   </div>
   <div class='ocr_carea' id='block_1_116' title="bbox 1960 5255 3526 5328">
    <p class='ocr_par' dir='ltr' id='par_1_116' title="bbox 1960 5255 3526 5328">
     <span class='ocr_line' id='line_1_116' title="bbox 1960 5255 3526 5328; baseline -0.004 -19"><span class='ocrx_word' id='word_1_790' title='bbox 1960 5267 2016 5328; x_wconf 87' lang='lat' dir='ltr'><strong>et</strong></span> <span class='ocrx_word' id='word_1_791' title='bbox 2051 5255 2211 5328; x_wconf 82' lang='lat' dir='ltr'><strong>quam</strong></span> <span class='ocrx_word' id='word_1_792' title='bbox 2256 5259 2539 5312; x_wconf 91' lang='lat' dir='ltr'><strong>horribilia</strong></span> <span class='ocrx_word' id='word_1_793' title='bbox 2571 5261 2778 5311; x_wconf 89' lang='lat' dir='ltr'><strong>scelera</strong></span> <span class='ocrx_word' id='word_1_794' title='bbox 2819 5256 3180 5328; x_wconf 67' lang='lat' dir='ltr'><strong>designat-int,</strong></span> <span class='ocrx_word' id='word_1_795' title='bbox 3213 5255 3341 5328; x_wconf 77' lang='lat' dir='ltr'><strong>_fuse</strong></span> <span class='ocrx_word' id='word_1_796' title='bbox 3365 5255 3526 5328; x_wconf 58' lang='lat' dir='ltr'><strong>duiut</strong></span> 
     </span>
    </p>
   </div>
   <div class='ocr_carea' id='block_1_117' title="bbox 1959 5323 3530 5389">
    <p class='ocr_par' dir='ltr' id='par_1_117' title="bbox 1959 5323 3530 5389">
     <span class='ocr_line' id='line_1_117' title="bbox 1959 5323 3530 5389; baseline -0.006 -9"><span class='ocrx_word' id='word_1_797' title='bbox 1959 5323 2176 5382; x_wconf 79' lang='lat' dir='ltr'><strong>Nicétas</strong></span> <span class='ocrx_word' id='word_1_798' title='bbox 2236 5330 2287 5382; x_wconf 93' lang='lat' dir='ltr'><strong>iu</strong></span> <span class='ocrx_word' id='word_1_799' title='bbox 2341 5330 2530 5382; x_wconf 80' lang='lat' dir='ltr'><strong>Alexio</strong></span> <span class='ocrx_word' id='word_1_800' title='bbox 2568 5329 2872 5388; x_wconf 86' lang='lat' dir='ltr'><strong>Conmcno,</strong></span> <span class='ocrx_word' id='word_1_801' title='bbox 2925 5327 3022 5379; x_wconf 92' lang='lat' dir='ltr'><strong>lib.</strong></span> <span class='ocrx_word' id='word_1_802' title='bbox 3071 5340 3152 5386; x_wconf 87' lang='lat' dir='ltr'><strong>in,</strong></span> <span class='ocrx_word' id='word_1_803' title='bbox 3211 5323 3264 5375; x_wconf 91' lang='lat' dir='ltr'><strong>in</strong></span> <span class='ocrx_word' id='word_1_804' title='bbox 3297 5323 3530 5389; x_wconf 75' lang='grc' dir='ltr'>ὶιυριιιίυ</span> 
     </span>
    </p>
   </div>
   <div class='ocr_carea' id='block_1_118' title="bbox 1959 5395 3132 5468">
    <p class='ocr_par' dir='ltr' id='par_1_118' title="bbox 1959 5395 3132 5468">
     <span class='ocr_line' id='line_1_118' title="bbox 1959 5395 3132 5468; baseline -0.002 -18"><span class='ocrx_word' id='word_1_805' title='bbox 1959 5397 2131 5451; x_wconf 79' lang='lat' dir='ltr'><strong>Alcxii</strong></span> <span class='ocrx_word' id='word_1_806' title='bbox 2177 5399 2354 5462; x_wconf 66' lang='lat' dir='ltr'><strong>Ducm,</strong></span> <span class='ocrx_word' id='word_1_807' title='bbox 2391 5407 2756 5468; x_wconf 81' lang='lat' dir='ltr'><strong>cognomento</strong></span> <span class='ocrx_word' id='word_1_808' title='bbox 2783 5395 3132 5468; x_wconf 71' lang='lat' dir='ltr'><strong>Mlll‘lzllpllll.</strong></span> 
     </span>
    </p>
   </div>
   <div class='ocr_carea' id='block_1_119' title="bbox 2032 5466 3528 5536">
    <p class='ocr_par' dir='ltr' id='par_1_119' title="bbox 2032 5466 3528 5536">
     <span class='ocr_line' id='line_1_119' title="bbox 2032 5466 3528 5536; baseline -0.001 -18"><span class='ocrx_word' id='word_1_809' title='bbox 2032 5469 2143 5534; x_wconf 80' lang='lat' dir='ltr'><strong>(b7)</strong></span> <span class='ocrx_word' id='word_1_810' title='bbox 2189 5469 2305 5521; x_wconf 80' lang='lat' dir='ltr'><strong>Non</strong></span> <span class='ocrx_word' id='word_1_811' title='bbox 2353 5466 2476 5521; x_wconf 80' lang='lat' dir='ltr'><strong>vult</strong></span> <span class='ocrx_word' id='word_1_812' title='bbox 2501 5469 2618 5521; x_wconf 89' lang='lat' dir='ltr'><strong>dari</strong></span> <span class='ocrx_word' id='word_1_813' title='bbox 2659 5466 3125 5535; x_wconf 74' lang='lat' dir='ltr'><strong>praescriptionem</strong></span> <span class='ocrx_word' id='word_1_814' title='bbox 3167 5467 3219 5518; x_wconf 90' lang='lat' dir='ltr'><strong>in</strong></span> <span class='ocrx_word' id='word_1_815' title='bbox 3260 5467 3441 5536; x_wconf 75' lang='lat' dir='ltr'><strong>regnis</strong></span> <span class='ocrx_word' id='word_1_816' title='bbox 3476 5473 3528 5536; x_wconf 73' lang='lat' dir='ltr'><strong>et.</strong></span> 
     </span>
    </p>
   </div>
   <div class='ocr_carea' id='block_1_120' title="bbox 1961 5535 3526 5606">
    <p class='ocr_par' dir='ltr' id='par_1_120' title="bbox 1961 5535 3526 5606">
     <span class='ocr_line' id='line_1_120' title="bbox 1961 5535 3526 5606; baseline -0.001 -18"><span class='ocrx_word' id='word_1_817' title='bbox 1961 5539 2257 5605; x_wconf 80' lang='lat' dir='ltr'><strong>provinciis</strong></span> <span class='ocrx_word' id='word_1_818' title='bbox 2304 5557 2316 5591; x_wconf 92' lang='lat'>:</span> <span class='ocrx_word' id='word_1_819' title='bbox 2368 5549 2423 5592; x_wconf 84' lang='lat' dir='ltr'><strong>et</strong></span> <span class='ocrx_word' id='word_1_820' title='bbox 2463 5539 2554 5605; x_wconf 89' lang='lat' dir='ltr'><strong>qui</strong></span> <span class='ocrx_word' id='word_1_821' title='bbox 2613 5538 2698 5589; x_wconf 87' lang='lat' dir='ltr'><strong>vel</strong></span> <span class='ocrx_word' id='word_1_822' title='bbox 2729 5546 2950 5588; x_wconf 76' lang='lat' dir='ltr'><strong>rentum</strong></span> <span class='ocrx_word' id='word_1_823' title='bbox 3001 5538 3162 5590; x_wconf 88' lang='lat' dir='ltr'><strong>annis</strong></span> <span class='ocrx_word' id='word_1_824' title='bbox 3220 5535 3526 5606; x_wconf 75' lang='lat' dir='ltr'><strong>possederit</strong></span> 
     </span>
    </p>
   </div>
   <div class='ocr_carea' id='block_1_121' title="bbox 1963 5606 3530 5676">
    <p class='ocr_par' dir='ltr' id='par_1_121' title="bbox 1963 5606 3530 5676">
     <span class='ocr_line' id='line_1_121' title="bbox 1963 5606 3530 5676; baseline 0 -18"><span class='ocrx_word' id='word_1_825' title='bbox 1963 5623 2188 5674; x_wconf 71' lang='lat' dir='ltr'><strong>regnum</strong></span> <span class='ocrx_word' id='word_1_826' title='bbox 2237 5624 2342 5662; x_wconf 89' lang='lat' dir='ltr'><strong>non</strong></span> <span class='ocrx_word' id='word_1_827' title='bbox 2381 5623 2564 5668; x_wconf 86' lang='lat' dir='ltr'><strong>suum,</strong></span> <span class='ocrx_word' id='word_1_828' title='bbox 2612 5607 2756 5675; x_wconf 86' lang='lat' dir='ltr'><strong>quod</strong></span> <span class='ocrx_word' id='word_1_829' title='bbox 2799 5607 2986 5674; x_wconf 87' lang='lat' dir='ltr'><strong>inique</strong></span> <span class='ocrx_word' id='word_1_830' title='bbox 3033 5610 3337 5676; x_wconf 81' lang='lat' dir='ltr'><strong>occuparit,</strong></span> <span class='ocrx_word' id='word_1_831' title='bbox 3365 5621 3428 5660; x_wconf 88' lang='lat' dir='ltr'><strong>eo</strong></span> <span class='ocrx_word' id='word_1_832' title='bbox 3462 5606 3530 5676; x_wconf 83' lang='lat' dir='ltr'><strong>ab</strong></span> 
     </span>
    </p>
   </div>
   <div class='ocr_carea' id='block_1_122' title="bbox 1962 5675 3532 5797">
    <p class='ocr_par' dir='ltr' id='par_1_122' title="bbox 1962 5675 3532 5797">
     <span class='ocr_line' id='line_1_122' title="bbox 1962 5675 3532 5797; baseline 0.001 -69"><span class='ocrx_word' id='word_1_833' title='bbox 1962 5677 2174 5797; x_wconf 52' lang='lat' dir='ltr'><strong>har-vde</strong></span> <span class='ocrx_word' id='word_1_834' title='bbox 2207 5679 2448 5747; x_wconf 76' lang='lat' dir='ltr'><strong>legitimo</strong></span> <span class='ocrx_word' id='word_1_835' title='bbox 2475 5679 2673 5746; x_wconf 76' lang='lat' dir='ltr'><strong>depelli</strong></span> <span class='ocrx_word' id='word_1_836' title='bbox 2707 5693 2897 5744; x_wconf 80' lang='lat' dir='ltr'><strong>posse;</strong></span> <span class='ocrx_word' id='word_1_837' title='bbox 2936 5678 3002 5730; x_wconf 88' lang='lat' dir='ltr'><strong>de</strong></span> <span class='ocrx_word' id='word_1_838' title='bbox 3034 5693 3140 5746; x_wconf 84' lang='lat' dir='ltr'><strong>quo</strong></span> <span class='ocrx_word' id='word_1_839' title='bbox 3168 5675 3532 5746; x_wconf 83' lang='lat' dir='ltr'><strong>jureconsulti</strong></span> 
     </span>
     <span class='ocr_line' id='line_1_123' title="bbox 1963 5757 2215 5797; baseline 0 0"><span class='ocrx_word' id='word_1_840' title='bbox 1963 5763 2030 5797; x_wconf 76' lang='lat' dir='ltr'><strong>\‘tt</strong></span> <span class='ocrx_word' id='word_1_841' title='bbox 2055 5757 2215 5797; x_wconf 84' lang='lat' dir='ltr'><strong>t&#39;rtttl.</strong></span> 
     </span>
    </p>
   </div>
   <div class='ocr_carea' id='block_1_123' title="bbox 1963 5757 2215 5800">
    <p class='ocr_par' dir='ltr' id='par_1_123' title="bbox 1963 5757 2215 5800">
     <span class='ocr_line' id='line_1_124' title="bbox 1963 5757 2215 5800; baseline 0.012 -3"><span class='ocrx_word' id='word_1_842' title='bbox 1963 5757 2215 5800; x_wconf 72' lang='lat' dir='ltr'><strong>Hdt-rint.</strong></span> 
     </span>
    </p>
   </div>
  </div>
