4212 6444
747 421 854 493 £63

1905 419 2784 480 JOANNIS-CANTACUZENI

3851 419 3982 480 664

749 529 978 584 Romani
1039 529 1254 596 imperii
1283 529 1749 598 {Thessalonicam
1809 529 2067 592 advenit;
2130 526 2316 579 multis

2423 506 2598 593 μαίων
2635 528 2948 595 ἐπεδήμησε
2983 525 3250 593 βασιλέα
3296 524 3507 576 πολλῶν
3561 524 3667 593 γὰρ
3721 528 4005 596 ἐνέπλησε

745 620 892 675 enim
940 622 1260 688 magnisque
1310 621 1676 673 seditionibus
1734 621 2031 675 Ecclesium
2072 628 2314 687 pacatam

745 711 1014 780 implevit.
1039 711 1142 776 Qui
1175 727 1298 767 cum
1341 726 1396 764 se
1425 711 1740 765 Latinorum
1771 711 2018 779 dogmata
2060 707 2312 777 proﬂiga-

745 811 929 855 turum
979 803 1308 865 simulasset,
1352 801 1550 856 libellis
1596 803 1887 856 adversum
1929 801 2050 854 illos
2092 812 2315 866 compo-

742 891 881 954 sitis,
934 892 1287 947 conclusione
1336 893 1610 946 rationum
1660 891 2089 952 demonstrabat,
2119 904 2213 943 eos
2259 888 2312 941 in

742 983 1021 1052 religionis
1051 984 1299 1037 doctrina
1335 985 1658 1038 hallucinari
1721 1000 1784 1039 ac
1829 983 1960 1049 labi,
1997 982 2315 1050 nostrisque

737 1073 1011 1142 gaudebat
1068 1075 1332 1130 institutis
1367 1086 1422 1129 et
1473 1077 1708 1144 legibus,
1736 1085 1791 1130 et
1821 1091 1850 1128 a
1895 1091 1953 1128 se
1997 1073 2312 1127 Latinorum

739 1164 1092 1216 caeremonias
1112 1173 1275 1232 atque
1301 1164 1555 1232 dogmata
1587 1179 1654 1218 ex
1681 1163 1862 1216 animo
1889 1163 2136 1217 damnari
2161 1175 2316 1228 aper-

737 1251 949 1306 tissima
983 1252 1144 1306 dabat
1176 1254 1400 1317 indicia,
1426 1265 1484 1307 ut
1509 1254 1824 1322 apparebat.
1853 1242 1949 1308 Ob
1979 1253 2120 1306 lianc
2152 1253 2314 1322 igitur

737 1355 969 1406 sacram,
1004 1352 1058 1395 et
1089 1344 1234 1396 illam
1279 1345 1441 1397 aliam
1485 1345 1701 1398 civilem
1748 1343 2112 1396 eruditionem
2146 1344 2314 1410 impe-

737 1441 889 1484 rator
936 1433 1143 1486 honore
1182 1445 1236 1486 et
1260 1450 1446 1488 amore
1476 1451 1601 1488 eum
1634 1435 1980 1503 dignabatur,
2009 1442 2064 1486 et
2086 1448 2314 1500 magnus

734 1537 954 1591 quoque
1001 1523 1335 1578 domesticus
1397 1525 1624 1578 curabat
1661 1535 1716 1578 et
1752 1524 2048 1591 diligebat;
2098 1538 2200 1576 nec
2232 1523 2308 1575 illi

735 1612 1036 1681 quidquam
1086 1616 1151 1667 ad
1201 1614 1512 1669 feliditatem
1562 1615 1772 1668 deerat.
1814 1616 1911 1669 Hic
1941 1630 2072 1684 ergo
2103 1615 2314 1668 Barlaa-

736 1715 857 1755 mus
895 1703 1010 1755 sive
1043 1704 1223 1758 statim
1256 1720 1285 1759 a
1326 1706 1595 1774 principio
1629 1707 2004 1773 ea'opinione
2039 1707 2305 1768 imbutus,

2421 619 2515 666 καὶ
2527 617 2795 683 μεγάλων
2839 619 3082 670 στάσεων
3101 616 3326 684 εἰρήνην
3357 615 3599 681 ἀγουσαν
3625 617 3722 680 τὴν
3754 618 4008 684 Ἐκκλη-

2419 705 2560 759 σίαν.
2610 705 3078 774 Ὑποκρινάμενος
3109 707 3216 772 γὰρ
3243 704 3310 756 τὰ
3336 706 3582 758 Λατίνων
3617 707 4003 768 ἀποσείεσθαι,

2419 795 2608 860 λόγους
2644 813 2704 848 τε
2762 796 3132 863 συνεγράφετο
3155 794 3275 847 κατ’
3310 795 3508 856 αὐτῶν,
3547 797 3642 848 καὶ
3667 797 4004 848 ἀπεδείκνυε

2419 886 2655 954 λογικῶς
2709 887 2839 956 περὶ
2900 887 2998 956 τὴν
3029 887 3210 939 πίστιν
3245 887 3668 954 σφαλλομένους,
3723 890 3812 939 καὶ
3867 891 4003 949 τοῖς

2419 981 2708 1049 ἡμετέροις
2763 979 2983 1048 ἔχαιρεν
3009 980 3162 1049 ἤθεσι
3211 982 3304 1033 καὶ
3355 982 3562 1048 νόμοις·
3599 985 3692 1035 καὶ
3718 984 3854 1040 ὅλως
3886 1001 4003 1034 σα-

2416 1074 2536 1139 φεῖς
2568 1073 2746 1126 ἐδόκει
2773 1073 3106 1140 παρέχεσθαι
3137 1074 3234 1134 τὰς
3258 1073 3562 1137 ἀποδείξεις
3590 1073 3681 1124 τοῦ
3707 1091 3999 1138 κατεγνω-

2417 1163 2572 1213 κέναι
2609 1163 2678 1214 τὰ
2717 1163 2963 1215 Λατίνων
2991 1163 3230 1230 ἀληθῶς.
3270 1163 3367 1215 Διά
3411 1163 3586 1215 ταῦτά
3644 1181 3700 1215 τε
3745 1162 3837 1215 οὖν
3891 1165 3999 1215 καὶ

2416 1253 2514 1322 τὴν
2538 1253 2704 1322 ἀλλην
2735 1255 2928 1321 σοφίαν
2959 1254 3059 1321 τῆς
3089 1272 3147 1305 τε
3187 1255 3336 1320 παρά
3358 1255 3620 1322 βασιλέως
3667 1256 3986 1308 ἀπέλαυνε-θ

2415 1343 2702 1410 εὐμενείας
2759 1344 2853 1394 καὶ
2916 1343 3079 1411 τιμῆς
3112 1381 3128 1404 ,
3180 1344 3275 1394 καὶ
3328 1345 3479 1410 παρά
3531 1344 3771 1410 μεγάλου
3819 1343 3995 1409 δομε-

2417 1435 2600 1486 στίκου
2648 1434 2799 1486 οὐδὲν
2832 1429 2992 1504 ἦττον
3029 1437 3279 1501 ἠγαπᾶτο
3335 1437 3428 1485 καὶ
3478 1436 3732 1502 προνοίας
3786 1435 3991 1502 ἠξιοῦ-

2411 1542 2472 1578 το
2499 1565 2514 1588 ,
2558 1526 2653 1576 καὶ
2696 1525 2849 1576 οὐδὲν
2903 1526 3072 1576 ἐνέδει
3122 1525 3269 1592 αὐτῴ
3305 1525 3399 1576 τοῦ
3435 1527 3506 1591 μὴ
3544 1528 3598 1575 ἐν
3630 1526 3976 1592 εὐπραγίαις

2413 1614 2573 1667 εἶναι.
2609 1609 2776 1675 Οὗτος
2803 1614 2867 1681 δὴ
2913 1617 2940 1665 ὁ
2968 1615 3230 1682 Βαρλαάμ
3264 1615 3374 1664 εἴτε
3416 1615 3510 1665 καὶ
3533 1614 3691 1673 εὐθὺς
3718 1614 3775 1676 ἐξ
3809 1615 3992 1679 ἀρχῆς

2413 1707 2512 1773 τὴν
2546 1705 2738 1772 ὁμοίαν
2770 1704 2994 1773 γνώμην
3033 1705 3192 1773 ἔχων,
3229 1706 3341 1757 εἴτε
3374 1704 3598 1770 ὕστερον
3635 1705 3988 1772 μεταϐαλὼν,

735 1793 849 1847 sive
898 1805 1084 1862 postea
1139 1796 1482 1858 immutatus,
1531 1799 1635 1862 vel,
1680 1808 1736 1850 ut
1791 1792 1966 1851 dic'am
2025 1799 2308 1863 rectius,a

2420 1797 2618 1864 μᾶλλον
2657 1798 2712 1849 δὲ
2745 1797 2850 1849 ὐπὸ
2879 1796 2970 1848 τοῦ
3008 1796 3187 1848 κοινοῦ
3217 1797 3324 1846 τῶν
3367 1797 3711 1863 Χριστιανῶν
3760 1796 3992 1862 πληρώ-

735 1885 1012 1936 ι·οιιιῐῐιυῐιί
1050 1883 1488 1947 Christianorum
1525 1888 1678 1940 hoste
1724 1889 2035 1953 instinctus,
2070 1890 2314 1943 occasio-

737 1985 858 2022 nem
890 1975 1178 2039 quamzlam
1215 1975 1501 2034 aﬂ'ectans.
1537 1992 1642 2044 qua
1679 1987 1864 2031 nostra
1899 1979 2050 2046 quasi
2089 1994 2186 2046 per
2218 1995 2310 2032 co-

735 2059 990 2113 moediam
1033 2063 1360 2129 traduceret,
1404 2075 1458 2119 et
1488 2067 1688 2119 bellum
1734 2067 2020 2121 nobiscum
2064 2080 2312 2137 apertum

733 2161 967 2218 gereret,
999 2155 1146 2208 Velut
1203 2155 1448 2212 discendi
1491 2173 1653 2211 causa
1702 2160 1765 2211 ad
1813 2159 2104 2228 quemdam
2150 2175 2215 2214 ex
2250 2161 2314 2215 iis

739 2245 830 2310 qui
866 2243 1130 2300 dicuntur
1150 2247 1498 2316 quiescentes
1529 2249 1685 2319 [sive
1723 2251 2014 2322 solitarii],
2048 2252 2229 2307 mente
2249 2269 2312 2307 ac

737 2337 949 2389 ratione
995 2337 1154 2406 plane
1210 2353 1468 2404 vacuum,
1509 2342 1840 2412 paulumque
1880 2359 1908 2394 a
1947 2345 2109 2397 bruto
2159 2343 2316 2398 dific-

737 2439 974 2495 rentem,
1005 2447 1180 2501 neque
1225 2433 1408 2488 idiota:
1435 2436 1626 2490 saltem
1660 2437 1832 2490 instar
1861 2438 2188 2507 prudentem
2224 2454 2314 2492 ac-

733 2523 922 2586 cessit,
955 2537 1124 2593 seque
1152 2526 1220 2579 ab
1259 2527 1376 2596 ipso
1412 2526 1648 2590 institui,
1684 2539 1739 2582 et
1777 2530 1997 2583 modum
2031 2530 2153 2584 vitm
2185 2531 2316 2583 soli-
2373 2515 2382 2524 ’

735 2616 906 2683 εει-ἣδε,
939 2629 1004 2668 ac
1041 2626 1310 2686 przecepta
1353 2617 1681 2673 obedientize
1705 2621 1774 2674 ab
1806 2621 1898 2674 illo
1935 2621 2146 2675 discere
2174 2623 2314 2676 velle

733 2703 1035 2758 simulavit.
1075 2705 1246 2770 Quem
1295 2711 1549 2775 precibus
1596 2710 1762 2776 vicit,
1814 2727 2126 2781 paucosque
2169 2715 2314 2784 apud

733 2809 858 2847 cum
889 2795 1004 2850 dies
1029 2798 1254 2851 mansit.
1290 2800 1534 2853 Postlizec
1568 2803 1636 2855 ab
1683 2802 1938 2871 imperito
1969 2805 2058 2858 illo
2089 2815 2318 2858 conten-

730 2889 831 2949 dit,
863 2897 922 2940 ut
946 2903 1003 2942 se
1031 2903 1204 2958 genus
1229 2890 1363 2945 illud
1395 2893 1516 2945 vitae
1541 2892 1786 2957 doceret,
1810 2903 1865 2947 et
1893 2894 2170 2962 quomodo
2197 2896 2312 2963 ipse

732 2997 954 3050 quoque
1006 2983 1089 3035 vel
1117 2983 1238 3051 ipso
1304 2984 1398 3036 illo
1449 2985 1538 3037 die
1594 2984 1734 3037 inter
1788 2985 2064 3039 solitarios
2124 2985 2312 3044 referri

735 3079 937 3138 posset.
965 3071 1068 3138 Qui
1099 3073 1281 3126 dolqu
1311 3074 1453 3127 haud
1486 3074 1770 3138 oliaciens,
1799 3086 1853 3129 et
1891 3075 2058 3130 nimia
2092 3077 2312 3131 levitate

733 3166 931 3230 elatus,
987 3181 1112 3218 cum
1165 3167 1270 3220 alia
1322 3167 1600 3221 hominem
1659 3169 2128 3238 improbissimum
2185 3173 2303 3239 ipse

2414 3175 2494 3228 τὸν
2530 3172 2901 3243 πονηρότατον
2932 3170 2960 3221 ὀ
2993 3169 3216 3238 ἀνόητος
3242 3209 3257 3231 ,

737 3255 938 3310 stultus
973 3255 1183 3321 docuit,
1215 3267 1328 3311 tum
1359 3258 1520 3328 330
1553 3274 1663 3327 quo
1699 3269 1858 3328 pacto
1886 3261 2144 3328 paulatim
2179 3275 2309 3330 pro-

731 3347 982 3402 ﬁcientes
1025 3349 1286 3416 solitarii,
1325 3359 1379 3404 ct
1430 3353 1724 3421 tranquille
1764 3353 2172 3422 precationibus
2223 3353 2308 3406 in-

732 3439 889 3502 tenti,
921 3440 1284 3494 exsultatione
1327 3442 1496 3495 animi
1557 3453 1611 3496 et
1651 3443 1834 3496 divina
1885 3444 2308 3513 quadanLiuex-

731 3529 1088 3600 plicabilique
1129 3531 1408 3601 voluptate
1442 3534 1860 3601 perfunduntur,
1903 3546 1958 3590 et
1986 3538 2162 3592 oculis
2187 3553 2309 3592 cor-

735 3622 917 3688 poreis
942 3621 1126 3683 lumen
1147 3637 1205 3676 se
1228 3624 1652 3693 circuiiifulgens
1675 3627 1963 3694 aspiciant.
1988 3628 2308 3684 Barlaamus

731 3728 785 3768 et
815 3714 1017 3783 alioqui
1058 3715 1332 3768 hominem
1379 3717 1534 3770 valde
1603 3717 1880 3772 indoctum
1921 3707 2337 3793 umentemque‘

725 3807 1000 3873 judicare,
1033 3815 1089 3859 et
1123 3806 1306 3860 lumen
1341 3807 1574 3862 audiens
1609 3811 1759 3864 cerni
1795 3813 1972 3866 oculis
2001 3818 2304 3884 corporeis,

732 3915 840 3952 non
870 3899 970 3954 sibi
1001 3909 1329 3970 temperare,
1363 3902 1495 3982 quin
1520 3905 1887 3958 communiter
1918 3907 2192 3962 solitarios
2229 3910 2309 3962 iii-

733 3995 1066 4048 sectaretur,
1123 3999 1220 4039 eos
1269 3985 1618 4054 impostores,
1677 3989 1985 4049 mendaces,
2036 3990 2310 4049 Massalia-

735 4094 832 4128 nos
890 4077 1000 4146 (75)
1031 4085 1087 4130 et
1113 4075 1618 4148 Omphalopsyclios
1651 4081 1782 4149 (Ἠ),
1813 4097 2307 4154 germanorumque

657 4170 660 4174 ’
732 4166 990 4220 Exlesia:
1019 4165 1332 4235 dogmatum
1365 4179 1734 4237 corruptores,
1761 4181 1815 4224 et
1853 4173 2123 4226 similibus
2149 4191 2309 4228 voca.

729 4257 874 4312 bulis
925 4258 1240 4328 appellans,
1293 4259 1576 4328 palamque
1631 4260 1945 4326 testiﬁcans,
2000 4278 2192 4318 omnes
2239 4267 2308 4320 ab

731 4356 927 4396 eorum
963 4345 1363 4399 consuetudine
1403 4347 1656 4415 refugere
1697 4348 1919 4414 debere,
1957 4353 2048 4419 qui
2081 4353 2306 4409 seduce-

730 4441 854 4486 rent
891 4441 945 4486 ct
975 4433 1414 4488 seducerentur:
1452 4453 1591 4502 quos
1626 4439 1914 4506 oportebat
1953 4442 2151 4496 virtute
2188 4461 2308 4513 per-

2419 1904 2585 1955 ματος
2641 1886 2900 1953 πολεμίου
2961 1886 3308 1952 ὲναγόμενος,
3339 1887 3611 1952 πρόφασίν
3647 1903 3767 1936 τινα
3800 1885 3989 1952 ζητῶν

2415 1983 2473 2048 ἐξ
2490 1979 2556 2055 ἦς
2589 1983 2658 2034 τὰ
2695 1983 2943 2052 ἡμέτερα
2973 1983 3390 2050 διακωμῳδήσει
3437 1983 3529 2033 καὶ
3570 1982 3706 2050 πρθις
3746 1981 3991 2047 πόλεμον

2411 2075 2652 2144 χωρήσει
2697 2073 2945 2140 φανερῶς
3000 2075 3074 2135 ὡς
3115 2075 3177 2142 δὴ
3209 2073 3490 2142 μαθητιῶν
3542 2091 3648 2125 τινι
3707 2071 3988 2141 προσῆλθε

2413 2167 2520 2220 τῶν
2549 2164 2948 2233 ἡσυχαζόντων,
2967 2167 3123 2232 λόγου
3143 2183 3200 2216 τε
3226 2166 3655 2234 ἀπεστερημένῳ
3679 2165 3872 2222 παντε“ι
3894 2165 3988 2227 ἷις,

2415 2257 2509 2311 καὶ
2545 2257 2724 2324 ὀλίγον
2777 2257 3086 2325 διαφέροντι
3116 2256 3322 2321 ἀλόγων
3348 2295 3361 2317 ,
3391 2257 3484 2308 καὶ
3518 2257 3638 2308 οὐδὲ
3665 2257 3990 2324 φρονήσεως

2415 2347 2544 2415 γοῦν
2571 2349 2924 2416 μετεσχηκότι
2962 2348 3277 2415 πρεπούσης
3312 2345 3514 2415 ἰδιώτῃ·
3537 2352 3630 2399 καὶ
3654 2346 3990 2411 ὑπεκρίνετο

2416 2437 2703 2507 βούλεσθαι
2740 2437 3081 2507 μαθητεῦσαι
3114 2439 3242 2507 παρ’
3269 2439 3439 2507 αὐτῷ,
3492 2440 3587 2490 καὶ
3614 2441 3712 2506 τὴν
3736 2439 3855 2491 ὁδὸν
3881 2439 3988 2506 τῆς

2420 2531 2651 2599 ἡσυχίας
2681 2529 3092 2583 ἐκδιδάσκεσθαι
3114 2569 3129 2593 ,
3185 2531 3276 2582 καὶ
3326 2530 3450 2592 τοὺς
3483 2529 3683 2596 νόμους
3714 2528 3813 2594 τῆς
3848 2528 3991 2579 ὑπο-

2417 2622 2615 2689 ταγῆς.
2644 2621 2877 2675 Ἐπεισέ
2905 2637 2961 2672 τε
2991 2621 3228 2687 δεηθεὶς,
3264 2621 3357 2673 καὶ
3389 2619 3630 2688 διέτριψε
3669 2619 3802 2686 παρ’
3833 2616 3986 2684 αὐτῷ

2417 2713 2628 2782 ἡμέρας
2662 2713 2722 2763 οὐ
2776 2711 2997 2773 πολλάς.
3053 2711 3163 2762 Καὶ
3217 2711 3354 2778 μετά
3400 2709 3570 2763 ταῦτα
3604 2709 3696 2761 τοῦ
3735 2708 3987 2776 ἀμαθοῦς

2414 2803 2625 2858 ἐκείνου
2657 2805 2826 2856 ἐδεῖτο
2853 2803 3128 2856 διδάσκειν
3155 2804 3284 2872 περὶ
3315 2804 3572 2872 ἡσυχίαςο
3604 2803 3698 2854 καὶ
3720 2803 3828 2869 ὅτῳ
3858 2802 3988 2868 =96-

2418 2917 2502 2966 πῳ
2533 2899 2628 2948 καὶ
2677 2896 2840 2956 αὐτὸς
2883 2896 2939 2946 ὲν
2971 2896 3317 2962 ἡσυχασταῖς·
3350 2893 3668 2962 αὐθημερῖρν
3710 2893 3986 2944 τελέσειεν

2417 2988 2736 3041 ὑποθέσθαι.
2783 2988 2840 3039 Ὀ
2869 2986 2924 3037 δὲ
2971 2987 3063 3037 τόν
3111 3003 3170 3037 τε
3201 2985 3350 3036 δόλον
3383 2987 3458 3052 μὴ
3487 2984 3736 3047 συνιδὼν,
3778 2984 3883 3034 ὐπό
3924 3001 3983 3034 τε

2414 3083 2513 3145 τῆς
2545 3081 2684 3149 ἄγαν
2729 3079 3063 3146 κουφότητος
3099 3077 3360 3145 ἐπαρθεὶς
3388 3115 3402 3141 ,
3440 3076 3576 3129 ἀλλα
3613 3092 3671 3126 τε
3732 3075 3982 3126 ἐδίδασκε

3303 3169 3398 3220 καὶ
3457 3168 3534 3236 ὡς
3571 3167 3983 3234 προκόπτοντες

2409 3260 2552 3315 κατά
2613 3257 2812 3330 μικρὸν
2863 3257 2913 3310 οί
2965 3257 3352 3327 ἡσυχάζοντες,
3404 3255 3496 3307 καὶ
3548 3253 3982 3323 προσευχόμενοι

2416 3351 2728 3422 ἀθορύϐως,
2773 3349 3098 3418 ἀγαλλίασίν
3128 3349 3188 3401 τέ
3225 3365 3348 3400 τινα
3381 3347 3474 3399 καὶ
3505 3346 3743 3416 ἀρῤητον
3783 3343 3983 3414 ἡδονὴν

2411 3446 2504 3499 καὶ
2533 3445 2688 3497 θείαν
2720 3442 3063 3512 ἐπιδέχονται
3113 3443 3171 3492 ἐν
3217 3443 3285 3508 τῇ
3334 3439 3506 3508 ψυχῇσ
3534 3439 3624 3490 καὶ
3659 3438 3774 3506 φῶς
3805 3436 3982 3506 ὁρῶσι

2407 3539 2521 3598 τοῖς
2555 3536 2886 3604 σωματικοῖς
2919 3533 3220 3601 ὀφθαλμοῖς
3248 3531 3563 3602 ἁστράπτον
3592 3530 3720 3597 περὶ
3759 3528 3980 3589 αὐτούς.

2422 3628 2546 3680 Ἐπὶ
2589 3629 2686 3691 μὲν
2717 3622 2808 3678 οὖν
2869 3628 2980 3685 τοῖς
3035 3625 3238 3686 ἄλλοις,
3277 3623 3480 3689 πολλὴν
3518 3620 3925 3687 κατεγίνωσκεν
3953 3622 3984 3671 ὁ

2410 3719 2674 3788 Βαρλαάμ
2717 3717 2904 3770 ἄνοιαν
2949 3718 3041 3768 τοῦ
3088 3717 3278 3784 ἀνδρός
3325 3715 3421 3767 καὶ
3452 3714 3715 3780 ἀμαθίαν·
3755 3711 3870 3780 φῶς
3922 3712 3982 3763 δὲ

2409 3811 2652 3874 ἀκούσας
2701 3810 2983 3879 ὁρώμενον
3036 3809 3335 3876 ὀφθαλμοῖς
3386 3806 3758 3874 σωματικοῖς,
3792 3803 3982 3853 οὐκέτι

2409 3903 2531 3956 οὐδὲ
2574 3904 2804 3971 ἠρεμεῖν
2858 3901 3138 3969 ἠνέσχετο,
3189 3899 3324 3951 ἀλλὰ
3384 3898 3569 3966 κοινὴν
3600 3897 3837 3948 ἐποιεῖτο
3868 3894 3983 3945 τῶν

2413 3993 2798 4064 ἡσυχαζόντων
2850 3993 3219 4061 καταδρομὴν,
3271 3991 3597 4050 ἀπατεῶνας
3651 3987 3830 4040 καλῶν
3882 3990 3984 4038 καὶ

2409 4085 2771 4154 ψευδομένους
2805 4086 2900 4136 καὶ
2932 4083 3353 4143 Μασσαλιανούς
3371 4081 3465 4133 καὶ
3499 4079 3981 4148 Ὀμφαλοψύχους,

2413 4175 2596 4229 καὶτὰ
2621 4175 2756 4243 ὀρθὰ
2781 4174 2880 4244 τῆς
2917 4173 3244 4242 Ἐκκλησίας
3263 4173 3510 4240 δόγματα
3532 4171 3982 4240 διαστρέφοντας,

2412 4269 2508 4320 καὶ
2538 4266 2592 4319 εἴ
2622 4284 2674 4319 τι
2719 4267 2906 4333 ἕτερον
2954 4263 3216 4316 τοιοῦτον·
3273 4266 3370 4317 καὶ
3417 4262 3808 4330 διεμαρτύρετο
3845 4265 3986 4312 ἁνα-

2411 4357 2605 4426 φανδδν
2635 4357 2707 4419 ὡς
2755 4357 2834 4408 δεῖ
2877 4356 3052 4408 πάντα
3091 4354 3372 4406 ὁντιναιῦν
3439 4352 3739 4422 ἀπέχεσθαι
3793 4351 3987 4404 αὐτῶν

2414 4449 2745 4501 πλανώντων
2803 4447 2984 4500 τεκαὶ
3035 4446 3427 4513 πλανωμένων,
3480 4443 3572 4506 οὓς
3624 4445 3730 4496 ἔδει
3772 4447 3871 4510 τήν
3921 4459 3984 4493 τε

728 4526 900 4580 lectos
963 4535 1020 4580 et
1067 4526 1329 4580 doctrina)
1393 4529 1674 4597 religionis
1725 4531 2087 4600 peritissimos
2160 4507 2303 4601 esse,

2414 4539 2614 4610 ἀρετὴν
2646 4537 2882 4598 τελείους
2914 4532 3074 4601 εἶναι,
3105 4540 3196 4588 κα)⁵
3221 4507 3351 4604 περὶ
3375 4507 3442 4587 τά
3463 4535 3709 4602 δόγματα
3743 4507 3986 4603 μάλιστα

731 4625 921 4686 utpote
951 4618 1151 4686 quibus
1181 4620 1361 4673 caeteri
1400 4621 1679 4684 mortales,
1724 4635 1947 4690 propter
1985 4639 2104 4678 eam
2139 4642 2302 4694 quam

731 4728 844 4780 ιιι-ιε
870 4727 928 4765 se
961 4712 1168 4764 ferrent
1191 4711 1472 4779 pietatem,
1507 4711 1720 4766 animus
1754 4729 1881 4767 suas
1911 4716 2298 4772 credidiSsent.

2410 4628 2695 4698 ἀσφαλεῖς,
2735 4629 2810 4690 ὡς
2839 4626 2946 4679 τῶν
2993 4627 3294 4696 ἀνθρώπων
3328 4626 3424 4689 τάς
3463 4626 3639 4698 ψυχας
3679 4627 3862 4688 αὐτοῖς
3891 4626 3989 4677 διὰ

2408 4722 2505 4791 τὴν
2558 4720 2824 4774 δοκοῦσαν
2868 4718 3156 4772 εὐλάϐειαν
3207 4721 3666 4786 ἑμπιστευόντων.
3693 4716 3882 4771 Ταῦτα
3919 4719 3985 4772 δὲ

1995 4849 2212 4912 Jacobi
2258 4853 2519 4914 Pontani
2562 4859 2750 4916 notua.

803 4974 917 5040 (75)
961 4969 1294 5033 Massaliani,
1340 4985 1434 5024 seu
1470 4970 1772 5026 Messaliani
1821 4972 1922 5027 sub
1954 4972 2162 5028 Valent.
2199 4975 2300 5028 im-

730 5050 1068 5114 peratore_et
1103 5041 1330 5114 Damaso
1377 5042 1635 5114 pontiﬁce
1669 5042 1805 5114 uati.
1839 5043 2062 5114 circiter
2094 5060 2297 5098 annum

729 5110 944 5170 Domini
981 5111 1086 5164 380
1131 5125 1160 5162 a
1191 5110 1524 5177 quibusdam
1576 5110 1706 5165 dicti
1761 5112 2029 5176 Eucliitte,
2080 5114 2133 5166 id
2187 5125 2289 5174 est.

729 5193 969 5245 orantes,
994 5198 1022 5234 a
1074 5180 1353 5233 nonnullis
1402 5181 1792 5245 Enthusiastai,
1827 5183 1878 5236 id
1925 5193 2048 5248 est,
2079 5186 2301 5238 numine

731 5254 916 5312 aﬂlati.
947 5253 1197 5305 daemone
1231 5250 1504 5303 videlicet.
1533 5251 1813 5315 Negabant
1838 5255 2048 5306 animos
2072 5254 2246 5308 breari
2275 5271 2302 5306 a

733 5327 864 5378 Deo.
888 5321 1102 5376 Nullam
1133 5320 1403 5387 baptismo
1436 5325 1694 5373 virtutem
1730 5321 2060 5376 tribuebant.
2093 5323 2302 5376 Eucha-

734 5397 946 5447 ristiam
974 5392 1248 5445 docebant
1271 5405 1372 5442 nec
1403 5391 1662 5458 prodesse
1690 5391 1920 5456 homini,
1952 5407 2054 5446 nec
2084 5394 2297 5447 obesse.

733 5465 998 5518 Laborem
1033 5475 1292 5513 manuum
1330 5471 1387 5512 ut
1423 5461 1625 5512 malum
1659 5463 2072 5520 aversabantur.
2101 5461 2304 5516 Somno

734 5531 1107 5600 indulgebant,
1137 5539 1192 5584 et
1221 5532 1430 5600 somnia
1457 5546 1552 5582 sua
1584 5531 1904 5598 prophetias
1933 5531 2302 5599 appellabant.

733 5604 867 5658 Vide
896 5599 1328 5662 Theodoretum,
1366 5599 1460 5652 lib.
1492 5616 1563 5662 iv,
1600 5616 1720 5667 cap.
1753 5600 1840 5663 ll,
1877 5600 2120 5654 Historia:
2147 5603 2307 5654 eccle-

731 5675 1001 5736 siasticae;
1057 5669 1427 5738 Nicephorum
1480 5670 1576 5725 lib.
1637 5685 1696 5732 ιι,
1755 5685 1874 5738 cap.
1945 5672 2044 5732 l4;
2103 5672 2306 5725 Cedre-

735 5758 889 5806 imm,
932 5742 986 5794 in
1013 5740 1407 5805 Constantino;
1447 5739 1944 5808 Augustinum,lib.
1993 5741 2069 5795 De
2098 5743 2307 5807 Ιιωνεε..

738 5829 856 5888 cap.
890 5812 978 5887 57.

2477 4975 2590 5044 (74)
2631 4975 2919 5029 Existimat
2952 4975 3240 5028 Gretserus
3269 4985 3462 5044 noster
3493 4976 3835 5029 Barlaamum
3873 4993 3984 5030 vo-

2401 5043 2554 5100 cass‘c
2607 5047 2706 5098 hos
2766 5044 3062 5098 monachos
3110 5043 3550 5112 ὀμφαὶοψύχους,
3604 5047 3669 5098 ad
3720 5045 3979 5112 verbum,

2403 5116 2840 5172 umbilicanimos.
2876 5115 3002 5182 quia
3034 5128 3127 5167 eos
3151 5121 3210 5166 ut
3237 5118 3406 5168 ventri
3441 5115 3657 5169 deditos
3690 5124 3880 5169 notare
3911 5135 3984 5174 ac

2403 5187 2774 5254 perstringere
2801 5184 2995 5243 voluit,
3022 5184 3187 5254 quasi
3209 5183 3445 5237 animam
3479 5187 3532 5238 in
3565 5195 3754 5238 ventre
3786 5185 3984 5242 feren-

2405 5253 2508 5314 tes,
2545 5269 2610 5307 eo
2637 5255 2822 5318 modo,
2855 5269 2964 5322 quo
2992 5253 3121 5306 olim
3149 5253 3522 5308 Tertullianus
3557 5257 3620 5307 ad
3658 5256 3978 5310 Montanum

2409 5333 2800 5396 transgressus,
2833 5322 3167 5396 ortliodoxos
3200 5324 3475 5396 appellare
3507 5325 3717 5396 solebat
3747 5327 3976 5394 psychi-

2411 5409 2524 5457 cos,
2570 5393 3298 5465 animales,_voluptu:irios,
3344 5404 3440 5465 etc.
3494 5404 3566 5465 ut_
3595 5393 3979 5465 ὀμφαλὸζιυχοι

2409 5465 2518 5517 sint
2551 5462 2892 5530 gastriinargi
2922 5479 2937 5515 :
2970 5476 3087 5522 seu,
3129 5473 3185 5514 ut
3220 5463 3510 5529 Apostolus
3539 5463 3829 5518 Cretenses
3879 5462 3984 5520 vo-

2408 5544 2510 5592 cat.
2555 5536 2818 5598 γαστέρες
2865 5533 3052 5598 ἀργαὶ,
3089 5548 3291 5584 venires
3330 5535 3483 5601 pigri.
3531 5534 3592 5585 Et
3625 5535 3980 5600 Niccpliorus

2408 5602 2676 5670 Gregoras
2704 5601 2964 5654 Barlaami
2999 5601 3247 5665 partibus
3277 5615 3460 5670 postea
3487 5607 3730 5665 studens,
3763 5605 3814 5656 in
3848 5621 3980 5660 eos-

2409 5673 2532 5723 dem
2563 5671 2883 5734 monachos,
2916 5682 2973 5724 ut
3013 5671 3249 5739 crapula:
3281 5683 3337 5724 et
3385 5672 3696 5725 vinolentia:
3733 5674 3978 5738 deditos,

2411 5742 2606 5864 aemilio
2650 5741 2893 5795 invectus
2930 5751 3032 5806 est,
3066 5749 3124 5794 ut
3156 5739 3296 5794 libro
3325 5752 3521 5811 quarto
3552 5743 3981 5800 Cantacuzenus

2411 5827 2516 5864 εει-ι
2563 5821 2618 5864 ιι.

2410 5821 2618 5865 scribit.
