4212 6444
689 367 786 424 ηδ.

1849 373 2172 434 JOANNIS
2215 372 2746 434 CANTACUZENI

3850 373 3963 434 66$

693 487 844 538 nefas
893 495 1051 543 crati
1101 489 1470 551 discessisset,
1509 505 1747 559 primum
1802 493 2026 559 quidem
2075 491 2170 545 diu
2225 491 2278 544 in

2385 492 2454 545 τά
2513 491 2710 560 βελτίω
2754 487 3189 559 συμϐουλεύουσι
3236 490 3312 558 μὴ
3370 488 3702 551 πείθεσθαι,
3766 490 3968 557 πρῶτα

691 577 1039 629 monasteriis
1069 577 1212 644 apud
1243 579 1383 632 Atho
1415 591 1654 634 montem
1681 583 1816 637 vixit
1842 622 1856 646 ,
1887 583 2085 636 deinde
2114 597 2275 636 cura-

691 669 840 718 tione
861 669 1035 720 morbi
1064 679 1312 736 urgente,
1333 671 1778 726 Thessalonicam
1803 674 1974 728 venit.
1997 674 2096 727 Hic
2141 690 2274 743 ergo

696 756 893 820 aliique
949 757 1197 810 monachi
1249 758 1531 814 Barlaatno
1577 777 1746 814 sacra!
1782 763 1984 830 quietis
2024 763 2275 818 instituto

697 848 1001 907 msnltanti,
1033 849 1326 918 multisque
1349 852 1613 908 conviciis
1653 853 1787 907 illud
1817 855 2120 909 cumulauti
2154 872 2276 910 suc-

696 947 1003 1000 .ensentes,
1047 941 1380 1008 quibusdam
1413 945 1611 999 amicis
1653 946 1721 999 ad
1757 948 1908 1001 illum
1950 964 2050 1017 pro
2082 950 2288 1018 legatis,

734 1031 800 1088 si,
831 1031 1113 1098 rogabant,
1151 1041 1209 1085 ut
1244 1034 1369 1087 talia
1404 1045 1459 1090 et
1488 1038 1716 1104 sentire,
1749 1049 1805 1094 et
1832 1041 1980 1108 loqui
2013 1042 2278 1096 adversus

693 1125 1040 1189 quiescentes
1063 1124 1203 1193 (sive
1231 1127 1534 1197 solitarios)
1559 1129 1860 1194 desineret,
1889 1141 1943 1185 et
1969 1147 2037 1185 ne
2056 1143 2278 1202 propter

696 1215 858 1265 unius
909 1215 1238 1281 imperitiam
1292 1233 1485 1273 omnes
1535 1221 1848 1283 damnaret,
1897 1223 2155 1291 quodque
2210 1225 2277 1277 ad

696 1303 871 1372 Ζρπυιιι
896 1307 1176 1370 attineret,
1205 1324 1463 1377 supremo
1502 1327 1566 1364 ac
1595 1313 1996 1380 perfectis~imo
2034 1315 2155 1385 uitae
2187 1331 2281 1383 ge-

695 1411 825 1446 nere
865 1397 1117 1451 homines
1155 1401 1428 1467 privatum
1461 1401 1584 1461 iret.
1616 1403 1746 1456 dum
1791 1421 1912 1472 qua:
1945 1421 2050 1457 non
2095 1415 2282 1460 essent

697 1489 1048 1548 mentiri-tur,
1099 1499 1154 1542 et
1185 1492 1476 1545 calumniis
1541 1507 1599 1547 ut
1631 1497 1815 1549 nescio
1847 1513 2079 1563 quorum
2116 1499 2284 1551 malo—

700 1596 816 1631 ιιιιιι
849 1583 1116 1649 originem
1151 1597 1512 1653 oppugnaret,
1559 1588 2066 1657 abstinemlmnque
2114 1591 2181 1666 ah
2216 1607 2282 1646 eo

699 1675 1027 1737 persuadere
1065 1686 1380 1730 conaretur.
1429 1677 1533 1730 Sed
1575 1681 1616 1731 si
1668 1682 1800 1748 quid
1843 1685 2088 1736 audisset
2123 1686 2280 1738 inde-

697 1765 932 1816 centius.
993 1767 1222 1818 inscitize
1263 1768 1500 1821 dicentis
1545 1772 1890 1826 ascriberet:
1940 1775 2111 1842 ipsam
2158 1775 2283 1827 vitae

2381 585 2483 652 μὲν
2532 585 2617 651 ἐφ’
2671 583 2859 636 ίκανὸν
2910 585 2968 635 ὲν
3021 584 3135 644 τοῖς
3182 584 3324 635 κατά
3357 583 3448 633 τὸν
3515 582 3666 634 Ἀθω
3717 580 3967 652 διέτριψε

2379 675 2852 745 φροντιστηρίοις.
2897 675 3132 728 Ἔπειτα
3186 674 3284 742 τῆς
3325 675 3455 741 περὶ
3488 673 3549 726 τὸ
3609 674 3772 742 σῶμα
3808 690 3968 726 νοσο-

2380 769 2580 837 κομίας
2613 767 2969 834 ἐπειγούσης,
3013 763 3180 836 ἦλθεν
3211 769 3291 827 είς
3325 766 3754 834 Θεσσαλονίκην.
3793 761 3966 826 Οὗτος

2378 860 2443 928 δὴ
2477 861 2592 930 ἅμα
2623 863 2735 923 τοῖς
2780 861 2963 922 ἄλλοις
2983 860 3044 912 ού
3077 862 3319 929 μετρίως
3337 860 3782 928 δυσχεράναντες
3818 858 3966 912 κατὰ

2379 952 2647 1022 Βαρλαὰμ
2691 952 2760 1004 τὰ
2812 953 2915 1020 τῆς
2949 953 3106 1021 ἱερᾶς
3135 951 3367 1020 ἡσυχίας
3403 951 3823 1019 ὲξορχουμένου,
3864 950 3966 1002 καὶ

2379 1043 2589 1105 πολλὰς
2631 1043 2804 1112 αὐτῆς
2839 1043 3203 1112 καταχέοντος
3232 1045 3331 1104 τὰς
3377 1041 3674 1110 λοιδορίας,
3705 1043 3818 1094 τισὶ
3849 1041 3965 1093 τῶν

2381 1137 2552 1205 φίλων
2575 1138 2714 1208 πρὸς
2748 1137 2914 1189 αὐτὸν
2947 1136 3290 1206 χρησάμενοι
3327 1135 3722 1204 πρεσϐευταῖς,
3749 1135 3967 1187 ἐδέοντο

2383 1230 2650 1284 παύεσθαι
2683 1229 2777 1283 τοῦ
2799 1229 3027 1282 τοιαῦτα
3061 1229 3158 1282 καὶ
3193 1229 3444 1296 φρονεῖν,
3480 1226 3576 1278 καὶ
3607 1227 3790 1293 λέγειν
3818 1229 3964 1279 κατά

2381 1314 2488 1365 τῶν
2519 1313 2929 1384 ἡσυχαζόντων
2961 1313 3058 1366 καὶ
3091 1312 3166 1383 μὴ
3202 1313 3293 1365 διὰ
3316 1312 3414 1381 τὴν
3453 1312 3710 1380 ἀπειρίαν
3750 1312 3869 1372 ἑνὸς
3897 1312 3967 1362 τά

2385 1408 2472 1458 ἴσα
2516 1408 2737 1459 πάντων
2777 1405 3258 1474 καταψηφίζεσθαι
3288 1444 3304 1469 ,
3355 1405 3449 1455 καὶ
3492 1403 3556 1454 τό
3589 1420 3651 1467 γε
3684 1404 3764 1464 είς
3796 1402 3965 1453 aii-tm

2383 1492 2538 1566 ἦκον,
2574 1497 2665 1548 τοῦ
2713 1498 3024 1565 ἀκροτάτου
3060 1496 3176 1564 βίου
3211 1498 3308 1548 καὶ
3355 1496 3454 1564 τῆς
3487 1495 3834 1560 τελεωτάτης
3864 1511 3964 1543 πο-

2384 1588 2593 1650 λιτείας
2644 1591 2768 1650 τοὺς
2823 1587 3148 1657 ἀνθρώπους
3206 1589 3537 1654 ἀποστερεῖν
3583 1585 3651 1637 τὰ
3701 1587 3804 1636 οὐκ
3836 1587 3966 1635 ὄντα

2388 1679 2891 1746 καταῷευδίμενον,
2928 1681 3024 1731 καὶ
3070 1679 3145 1740 ὡς
3178 1678 3366 1730 κακῶν
3399 1678 3578 1729 αἰτίαν
3609 1677 3966 1728 διαϐάλλοντα

2391 1773 2481 1823 καὶ
2510 1773 2768 1825 πείθοντα
2797 1772 3098 1841 ἀπέχεσθαι
3130 1772 3328 1839 αὐτῆς.
3372 1773 3514 1824 Ἀλλ’
3540 1775 3587 1824 εἰ
3637 1773 3736 1838 μέν
3779 1789 3832 1823 τι
3870 1774 3965 1823 καὶ

703 1856 967 1908 ratiruteln
1012 1869 1251 1908 sanctam
1322 1870 1373 1910 et
1402 1861 1641 1914 divinam
1682 1862 1930 1928 duceret,
1965 1876 2020 1919 et
2050 1867 2098 1918 ei
2127 1864 2280 1918 obla-

2393 1865 2541 1932 παρὰ
2567 1866 2628 1916 τὸ
2667 1865 2949 1933 προσῆκον
2987 1864 3256 1933 ἧκουσται
3297 1863 3475 1932 αὐτῷ,
3506 1866 3570 1930 τῇ
3604 1863 3834 1931 ἀπειρία
3867 1861 3963 1913 τοῦ

704 1955 844 1998 Iran-
891 1949 1063 2000 desist
1103 1963 1179 2002 ret
1238 1950 1291 2003 Si
1353 1953 1483 2020 quid
1532 1955 1697 2007 etiam
1733 1958 1996 2010 adversus
2034 1959 2278 2010 eamdrm

701 2039 897 2090 affet-tn
929 2057 1035 2092 non
1060 2049 1199 2094 l-miu
1228 2061 1255 2094 a
1293 2054 1442 2095 recto
1475 2044 1723 2099 detortus
1753 2048 2194 2116 conscripsisset,
2224 2059 2281 2101 nt

701 2132 1010 2200 petditint‘c
1039 2133 1286 2198 dignum,
1318 2137 1551 2189 tlauunis
1577 2136 1840 2189 aboleret.
1860 2138 1970 2191 Nec
1989 2139 2136 2193 enim
2159 2155 2282 2196 esse

705 2230 782 2275 ius
833 2241 930 2278 nec
956 2227 1254 2277 M'Clllltltttll
1284 2227 1571 2292 rationi-ni,
1594 2234 1902 2299 quempiam
1927 2233 2279 2300 geometrica,

704 2314 1090 2376 astrouotnica,
1125 2327 1177 2367 ct
1207 2320 1558 2371 numerorum
1589 2321 1978 2388 proportiones
2003 2323 2276 2376 volentem
2337 2328 2340 2330 ’

704 2405 1016 2472 νινείροτρ,
1075 2407 1277 2460 nedum
1343 2409 1409 2462 ad
1494 2410 1938 2468 indoctissimum
1979 2455 1994 2477 ,
2049 2415 2142 2469 sed
2213 2417 2279 2470 ad

705 2498 1083 2550 doctissimum
1110 2511 1234 2551 vent
1263 2511 1401 2559 tare.
1437 2503 1489 2555 in
1531 2521 1652 2557 \‘era
1691 2515 1872 2559 autem
1936 2509 2282 2577 philos0phia

705 2595 761 2639 ct
807 2591 1116 2657 cognitione
1172 2609 1352 2646 rerum
1395 2596 1695 2650 «mlestinm
1764 2601 2052 2667 profanum
2082 2619 2146 2656 ac
2171 2617 2279 2656 non

709 2679 982 2732 initiatum
1038 2685 1352 2751 magistrum
1407 2687 1691 2743 adhibere.
1763 2690 2089 2760 Oportnisse
2131 2696 2278 2750 enim

710 2771 862 2822 illum
915 2782 972 2825 ut
1012 2775 1422 2842 philosophum,
1461 2790 1510 2832 et
1541 2781 1900 2852 intelligentia
1939 2797 2280 2852 praestantem

710 2865 917 2928 multis,
956 2867 1229 2934 siquidem
1285 2870 1408 2922 talia
1443 2872 1654 2927 discere
1684 2875 1962 2942 cupiebat,
2002 2887 2094 2932 ant
2131 2879 2283 2947 prius

708 2966 970 3023 qutaesisse
1018 2979 1044 3015 a
1085 2965 1193 3017 Deo
1245 2967 1555 3035 hnjusniodi
1601 2971 1773 3039 gratia
1821 2973 2102 3039 «lignatum
2136 2978 2280 3042 (non

708 3056 852 3108 enim
889 3057 1123 3109 humano
1156 3060 1433 3113 intellectu
1491 3064 1741 3116 stndiove
1768 3065 1865 3117 ista
1896 3069 2280 3139 acquirnntnr)

2384 1960 2636 2020 εἰπόντος
2677 1957 3160 2026 προσλογίζεσθαι·
3201 1957 3376 2023 αὐτὴν
3423 1957 3480 2008 δὲ
3525 1956 3783 2023 ἡγεῖσθαι
3819 1955 3964 2006 θεῖόν

2383 2067 2435 2100 τι
2461 2050 2648 2118 χρῆμα
2675 2051 2772 2102 καὶ
2805 2050 2975 2113 ίερδν.
3005 2051 3101 2102 καὶ⁵
3130 2049 3225 2103 τοῦ
3256 2066 3314 2102 τε
3347 2048 3470 2101 κατ’
3498 2049 3667 2116 αὐτῆς
3688 2046 3962 2100 παύεσθαι

2384 2142 2586 2207 λέγειν.
2639 2141 2798 2194 Ἀλλὰ
2852 2141 2946 2193 καὶ
2976 2141 3029 2192 εί
3091 2158 3146 2218 τοι
3197 2141 3600 2210 συναρπασθεὶς
3653 2140 3968 2208 συνέγραψε-

2385 2236 2506 2286 κατ’
2555 2235 2747 2304 αὐτῆς,
2800 2236 2878 2297 ὡς
2929 2234 3207 2296 ἀπωλείας
3241 2234 3371 2300 ἄξια
3404 2234 3760 2304 παραδιδόναι
3805 2235 3961 2303 πυρί.

2384 2328 2521 2381 Οὐδὲ
2552 2328 2660 2396 γὰρ
2691 2331 2858 2393 ὅσιον,
2894 2329 3015 2381 οὑδὲ
3061 2329 3242 2391 ἄλλως
3269 2327 3402 2380 νοῦν
3435 2328 3584 2397 ἕχον,
3611 2330 3962 2396 γεωμετρίαν

2388 2422 2487 2490 μὲν
2546 2425 2643 2475 καὶ
2711 2421 3117 2491 ἀστρονομίαν,
3184 2420 3281 2473 καὶ
3335 2420 3590 2490 ἀριθμῶν
3661 2420 3963 2486 ἀναλογίας

2387 2515 2710 2586 βουλόμενόν
2754 2532 2880 2569 τινα
2925 2513 3338 2568 ἐκδιδάσκεσθαι
3373 2516 3448 2584 μὴ
3473 2513 3550 2582 τῷ
3573 2515 3963 2582 ἀμαθεστάτῳ,

2383 2607 2520 2660 ἀλλά
2557 2607 2631 2676 τῷ
2659 2606 2952 2672 δεινοτάτῳ
2979 2608 3110 2675 περὶ
3137 2604 3312 2658 ταῦτα
3335 2604 3547 2674 φοιτᾷν·
3577 2604 3677 2673 τῆς
3704 2605 3762 2656 δὲ
3793 2605 3962 2667 ὅντως

2386 2698 2730 2765 φιλοσοφίας,
2783 2697 2878 2750 καὶ
2927 2698 3030 2764 τῆς
3090 2696 3221 2763 περὶ
3279 2695 3556 2764 οὐρανίων
3611 2695 3964 2764 πραγμάτων

2383 2788 2643 2857 γνώσεως
2703 2788 2783 2857 τῷ
2842 2787 2974 2856 περὶ
3033 2787 3211 2838 ταῦτα
3274 2786 3506 2854 ἀμυήτῳ
3557 2783 3798 2854 χρῆσθαι
3823 2783 3963 2836 διδα-

2389 2881 2596 2947 σκάλῳ.
2641 2880 2845 2948 Ἐχρῆν
2883 2880 2990 2950 γὰρ
3030 2879 3194 2931 αὐτὸν
3227 2877 3359 2929 ὄντα
3392 2876 3705 2944 φιλόσοφον,
3734 2877 3829 2927 καὶ
3856 2875 3962 2928 τῶν

2388 2973 2602 3026 πολλῶν
2649 2974 2989 3041 ὑπερέχοντα
3051 2971 3291 3032 συνέσει,
3346 2973 3466 3038 εἴγε
3517 2970 3644 3038 περὶ
3703 2968 3963 3020 τοιούτων

2389 3064 2562 3116 ἐδεῖτο
2596 3064 2789 3133 μαθεῖν
2823 3064 3196 3132 πραγμάτων,
3231 3063 3264 3132 ἢ
3305 3063 3574 3132 πρότερον
3609 3060 3964 3130 διερευνησά-

746 3158 760 3199 t
793 3149 1006 3201 sincero
1040 3153 1183 3202 au‘tn
1211 3171 1243 3210 ι,
1279 3163 1443 3220 atque
1471 3155 1534 3204 ab
1568 3155 1714 3206 omni
1748 3156 2080 3222 malignitate
2113 3175 2280 3213 Vacuo

2395 3173 2578 3223 μενον,
2627 3157 2704 3224 τῷ
2751 3157 2901 3224 παρὰ
2937 3155 3055 3222 Θεῷ
3095 3155 3193 3222 τῆς
3225 3154 3485 3223 τοιαύτης
3536 3153 3758 3223 χάριτος
3807 3152 3967 3220 135w)-

710 3243 995 3301 accederc,
1033 3253 1087 3294 ct
1134 3243 1199 3296 de
1249 3245 1451 3311 quibus
1493 3247 1680 3308 vellet,
1715 3264 1905 3317 rogare
1940 3250 2124 3303 doceri
2157 3253 2282 3319 (ιιιιί

711 3335 898 3400 utique
929 3335 1242 3388 divinarum
1281 3353 1458 3389 rerum
1487 3354 1711 3404 gnarus.
1743 3348 1797 3391 et
1835 3353 2100 3400 quantum
2139 3347 2290 3410 quis-

710 3442 814 3492 que
848 3427 1011 3495 hnjns
1049 3428 1351 3495 disciplinae
1388 3441 1631 3496 caperet,
1673 3431 1819 3484 haud
1854 3435 2093 3493 nescius,
2137 3437 2288 3504 juxta

711 3522 798 3570 t‘iv
827 3537 907 3570 ιιτι⁵
941 3522 1278 3588 purgationis
1327 3523 1606 3576 modulum
1655 3540 1763 3577 non
1797 3527 1978 3579 statim
2028 3529 2096 3582 ab
2134 3530 2290 3582 initio

715 3627 873 3663 aures
913 3612 1167 3664 flaicidas
1213 3615 1440 3667 tonitrui
1483 3617 1664 3668 sonitu
1700 3617 2007 3680 imbuisset,
2041 3623 2134 3673 sed
2170 3623 2292 3677 vita:

714 3703 868 3770 prith
897 3706 1269 3769 acruratione,
1301 3708 1580 3776 multaque
1628 3710 1876 3774 scientia,
1907 3710 2067 3780 332
2093 3722 2146 3766 et
2175 3729 2292 3767 om-

717 3798 866 3847 nium
902 3796 1294 3866 cogitationum
1331 3807 1698 3865 terrenarum,
1731 3816 1793 3855 ac
1830 3803 2030 3856 rationi
2062 3818 2294 3860 consen-

718 3889 965 3941 tientinm
1030 3891 1567 3959 repugnantinmque
1646 3892 1992 3963 depositione
2048 3899 2290 3953 animum

716 3997 1020 4049 expurgare
1053 3981 1353 4040 docuisset,
1382 3992 1435 4035 et
1466 3985 1535 4036 ita
1561 3984 1625 4036 ad
1651 4000 1802 4038 sacra
1832 3987 2100 4041 vestibula
2133 3991 2294 4060 hujus

718 4065 915 4124 divina:
940 4073 1219 4140 sapientia:
1243 4073 1526 4134 accedere,
1553 4075 1718 4128 multa
1746 4076 1936 4136 Deum,
1956 4078 2120 4134 multa
2151 4081 2295 4133 viros

722 4166 820 4218 hac
873 4165 1207 4234 pub-ctione
1253 4166 1449 4233 dignos
1501 4166 1719 4221 habitos
1754 4179 2092 4236 precantem,
2132 4179 2190 4223 ut
2225 4173 2292 4225 ad

654 4305 657 4308 ι
721 4272 857 4324 opes
904 4267 1010 4307 tam
1043 4256 1300 4320 sublime,
1331 4266 1387 4311 et
1420 4257 1657 4310 humana
1707 4258 1965 4312 facultate
2013 4263 2292 4330 superius,

736 4347 1040 4417 -djnmcnto
1074 4348 1177 4401 sibi
1210 4363 1329 4401 esse
1377 4364 1441 4400 nc
1478 4350 1846 4419 reensarent),
1888 4361 1983 4404 aut
2007 4362 2292 4421 postquam

724 4455 945 4508 propter
991 4440 1258 4492 desidiam
1314 4456 1468 4494 suam
1523 4443 1830 4495 inconsulto
1866 4443 1930 4494 ad
1983 4445 2292 4512 proximum

726 4626 890 4676 tmere
920 4640 933 4676 :
968 4638 1069 4676 nec
1099 4623 1250 4676 velut
1280 4623 1463 4676 dedita
1506 4639 1695 4691 Opera,
1729 4633 1785 4678 et
1820 4633 2076 4694 tanquam
2114 4627 2297 4697 inspe-

726 4731 740 4758 r
770 4726 898 4764 dum
933 4713 1142 4765 lucrum
1171 4729 1233 4767 ea
1265 4714 1433 4767 verba
1465 4717 1725 4782 arripere,
1758 4725 2188 4786 arroganterque
2245 4728 2301 4772 et

725 4806 966 4874 projecte
996 4805 1049 4857 in
1082 4821 1286 4858 sacram
1314 4806 1553 4874 quietem
1583 4806 1864 4872 invadere,
1887 4815 1941 4860 et
1965 4821 2029 4860 ea
2056 4807 2300 4864 fruentes

726 4897 1028 4951 maledictis
1053 4898 1435 4952 conisi-indere.
1456 4899 1803 4968 impostores,
1833 4900 2142 4963 mendaces,
2166 4902 2302 4955 Mas-

723 4989 959 5041 salianos
1004 5001 1340 5058 nuncupare,
1378 5003 1444 5043 ex
1477 5005 1542 5043 eo
1585 4991 1729 5058 quod
1777 4991 2023 5045 audisset
2070 5001 2293 5048 sanctos

723 5077 929 5131 lumine
970 5079 1355 5145 circumfundi,
1393 5081 1632 5148 plurium
1666 5081 2124 5136 contumcliarum
2162 5099 2291 5138 ansa

722 5182 938 5238 arrepta
994 5171 1263 5226 videlicet.
1317 5171 1637 5242 Quanquam
1680 5173 1961 5228 doctorem
2009 5175 2173 5228 istum
2224 5177 2292 5231 de

724 5263 844 5316 alis
889 5262 1110 5331 quidem
1151 5265 1344 5317 merito
1379 5264 1626 5326 forsitan,
1656 5265 1723 5319 de
1769 5266 1873 5319 hoc
1914 5274 2096 5320 autem
2126 5283 2156 5319 a
2195 5284 2292 5322 ue-

725 5370 871 5406 m.ne
903 5369 1058 5420 posse
1094 5353 1439 5421 reprehendi.
1465 5355 1598 5408 Nam
1630 5365 1684 5409 et
1713 5361 1852 5410 alios
1880 5357 2080 5410 multos
2107 5372 2290 5426 persc-

725 5443 962 5496 cntinis
1005 5445 1340 5511 temporibus
1375 5460 1472 5512 pro
1517 5445 1734 5500 Christo
1782 5444 2125 5509 dimicantes,
2187 5445 2290 5500 hoc

727 5535 972 5590 divinum
1007 5535 1188 5588 lumen
1217 5538 1550 5592 convestisse
1585 5537 1720 5607 {77),
1756 5545 1812 5590 et
1855 5548 2100 5592 sanctum
2124 5536 2292 5590 Anto-

2398 3251 2543 3316 μένῳ
2578 3250 2660 3313 (οὐ
2702 3248 2812 3318 γὰρ
2845 3247 2909 3316 δή
2947 3247 3270 3317 ἀνθρωπίνῃ
3325 3263 3386 3312 γε
3437 3245 3654 3297 συνέσει
3693 3244 3725 3312 ἢ
3759 3243 3962 3309 σπουδῇ

2393 3343 2459 3393 τὰ
2491 3341 2714 3392 τοιαῦτα
2765 3338 3140 3406 περιγίνεται)
3173 3339 3346 3403 ἀδόλῳ
3381 3337 3600 3406 γνώμῃ,
3638 3335 3734 3386 καὶ
3789 3336 3964 3400 πάσης

2393 3432 2793 3501 ἀπηλλαγμένῃ
2827 3431 3167 3500 κακουργίας
3203 3428 3547 3497 προσελθεῖν,
3584 3428 3681 3477 καὶ
3732 3427 3862 3494 περῖ
3894 3420 3964 3474 ὧν

2394 3526 2653 3577 ἐϐούλετο
2710 3524 2919 3577 δεῖσθαι
2970 3523 3165 3592 μαθεῖν
3205 3517 3260 3591 (ἦ
3313 3524 3422 3589 γὰρ
3475 3521 3540 3572 ἂν
3572 3520 3775 3577 ἐκεῖνος
3809 3518 3965 3585 σοφὸς

2395 3614 2472 3667 ὢν
2513 3616 2582 3668 τὰ
2618 3616 2739 3668 θεῖα
2784 3615 2878 3666 καὶ
2921 3615 3095 3682 μέτρα
3155 3613 3501 3682 μαθημάτων
3535 3612 3752 3677 ἑκάστῳ
3799 3625 3966 3676 προσ-

2398 3709 2604 3778 ήκοντα
2642 3706 2799 3767 είδὼς
2851 3706 2997 3758 κατὰ
3031 3707 3132 3772 τὴν
3165 3705 3263 3771 τῆς
3300 3702 3620 3770 καθάρσεως
3655 3701 3967 3767 ἀναλογίαν,

2396 3803 2499 3854 οὐκ
2540 3800 2608 3853 ἂν
2659 3798 3050 3851 ὲνεπίστευσεν
3086 3797 3225 3865 ἀκοῇ
3280 3795 3454 3864 σαθρᾷ
3491 3794 3718 3863 βροντῆς
3745 3788 3881 3862 ἦχον
3910 3795 3966 3842 ἐκ

2398 3890 2704 3960 προοιμίων
2738 3888 2921 3950 εὐθὺς,
2948 3888 3082 3939 ἀλλὰ
3105 3887 3221 3954 βίου
3266 3886 3537 3954 πρότερον
3585 3883 3846 3952 ἀκριϐεἱα
3880 3887 3968 3932 καὶ

2398 3983 2568 4052 πολλῇ
2604 3980 2920 4052 φιλοσοφίᾳ.
2954 3981 3049 4030 καὶ
3090 3977 3282 4029 πασῶν
3316 3977 3523 4046 γηίνων
3553 3977 3775 4027 ἐννοιῶν
3823 3974 3970 4025 εὐλό-

2397 4094 2508 4142 γων
2551 4092 2610 4125 τε
2653 4074 2748 4126 καὶ
2803 4073 2876 4140 μὴ
2928 4070 3191 4122 τοιούτων
3231 4067 3521 4129 ἀποθέσει,
3563 4067 3660 4136 τὴν
3690 4067 3872 4134 ψυχὴν
3907 4067 3970 4117 ἂν

2399 4169 2667 4238 πρότερον
2716 4165 2956 4227 ἐδίδαξεν
2999 4164 3326 4231 ἐκκαθᾶραι,
3362 4161 3457 4212 καὶ
3483 4160 3628 4212 οὕτω
3655 4161 3765 4210 τῶν
3807 4160 3969 4227 ἰῖρὼν

2397 4259 2690 4330 προθύρων
2731 4257 2828 4326 τῆς
2861 4256 3014 4314 θείας,
3046 4256 3280 4322 ταυτησὶ
3309 4253 3502 4319 σοφίας
3534 4252 3837 4303 ἐπιϐαίνειν
3865 4253 3971 4302 δέτι-

2403 4369 2586 4421 μενον,
2628 4352 2724 4403 καὶ
2754 4349 2892 4402 Θεοῦ
2921 4348 3094 4400 πολλὰ
3127 4350 3222 4398 καὶ
3268 4345 3483 4413 ἀνδρῶν
3519 4345 3628 4395 τῶν
3654 4344 3723 4397 τά
3750 4343 3972 4397 τοιαῦτα

2387 4423 2661 4496 δύνασθαι
2703 4441 3030 4510 ἠξιωμένων
3103 4437 3440 4506 συνάρασθαι
3489 4435 3626 4504 πρὸς
3688 4435 3750 4486 τὸ
3812 4436 3972 4502 ἔργον

723 4533 1042 4586 accessisset
1065 4573 1078 4593 ,
1113 4533 1359 4585 auditum
1400 4548 1711 4586 sermonem
1744 4534 1891 4587 illius
1924 4534 2152 4589 inscitia:
2192 4540 2284 4591 tri.

2398 4535 2572 4597 οὕτως
2627 4534 2686 4586 ὃν
2747 4532 2986 4602 ὑψηλὸν,
3055 4533 3149 4582 καὶ
3207 4531 3305 4597 τὴν
3361 4529 3712 4597 ἀνθρωπίνην

3803 4547 3972 4597 υπέρ-

2400 4625 2583 4677 ϐαἰνον
2609 4625 2864 4691 δύναμιν)
2889 4636 2904 4652 ⁸
2946 4621 2978 4691 ἢ
3007 4621 3197 4689 ἐπειδὴ
3229 4635 3292 4686 γε
3332 4619 3421 4671 διὰ
3466 4620 3742 4689 ρᾳθυμίαν
3775 4620 3973 4688 ἀπερι-

2402 4717 2655 4777 σκέπτως
2686 4713 2765 4783 τῷ
2798 4712 3160 4783 προστυχόντι
3193 4710 3609 4780 προσεχώρησε,
3658 4713 3723 4778 τῇ
3764 4713 3972 4762 ἐκείνου

2400 4808 2614 4877 ἀμαθίᾳ
2686 4803 3165 4874 προσλογίσασθαι
3226 4803 3354 4865 τοὺς
3419 4801 3655 4868 λόγους,
3709 4802 3848 4853 ἀλλὰ.
3904 4805 3974 4869 μὴ

2399 4900 2592 4969 ὥσπερ
2632 4897 2947 4967 ἐξεπίτηδες
2981 4898 3174 4963 ὥσπερ
3202 4898 3348 4955 τινος
3394 4894 3632 4962 ὲρμαίου
3674 4891 3973 4961 λαϐόμενον

2399 4992 2509 5044 τῶν
2542 4992 2742 5058 λόγων,
2795 4987 3043 5050 αὐθαδῶς
3102 4987 3196 5037 καὶ
3232 4984 3481 5056 θρασέως
3527 4986 3649 5038 κατ’
3680 4987 3850 5051 αὐτῆς
3883 4987 3975 5052 τῆς

2405 5085 2556 5154 ίερᾶς
2587 5081 2838 5152 χωρῆσαι
2865 5079 3121 5151 ἡσυχίας,
3156 5079 3251 5130 καὶ
3285 5079 3398 5139 τοῖς
3434 5077 3772 5147 ἡσυχάζουσι
3806 5079 3977 5130 πολλά

2407 5174 2853 5248 προστρίψασθαι
2891 5171 3069 5241 ὀνείδη
3102 5211 3114 5235 ,
3155 5170 3484 5232 ἀπατεῶνας
3532 5170 3831 5234 καλοῦντα,
3878 5174 3978 5240 ,καὶ

2406 5262 2771 5332 ψευδομένους
2815 5259 3083 5313 καλοῦντα
3124 5259 3218 5311 καὶ
3268 5257 3688 5320 Μασσαλιανοὺς
3716 5297 3730 5320 ,
3768 5263 3832 5311 ἐκ
3883 5259 3974 5310 τοῦ

2409 5353 2525 5421 φῶς
2579 5353 3047 5422 περιαστράπτειν
3102 5353 3231 5415 τοὺς
3287 5353 3476 5416 ἁγίους
3527 5353 3827 5421 ἀκηκοέναι
3884 5352 3976 5414 τὰς

2409 5445 2666 5514 ἀφορμὰς
2712 5445 2974 5513 εἰληφότα
3029 5444 3138 5496 τῶν
3190 5443 3401 5496 πολλῶν
3463 5443 3766 5513 λοιδοριῶν’
3799 5445 3978 5497 καίτοι

2409 5553 2473 5602 γε
2514 5536 2594 5604 τῷ
2627 5536 2923 5602 διδάξαντι,
2958 5536 3087 5605 περὶ
3117 5533 3295 5588 ἄλλων
3340 5535 3441 5603 μὲν
3483 5534 3550 5586 ἄν
3574 5551 3654 5597 τις
3709 5535 3980 5604 μέμφοιτο

2001 5643 2214 5704 Jacobi
2253 5646 2514 5705 Pontani
2548 5657 2736 5706 notua.

806 5743 921 5811 (77)
963 5744 1073 5819 lloc
1123 5764 1185 5799 cx
1222 5748 1465 5802 historiis
1501 5760 1798 5819 martyrum
1833 5760 1995 5817 patet,
2026 5749 2307 5815 inquibus

735 5829 974 5877 DCI’~il‘.»(‘
997 5817 1157 5878 legas.
1184 5838 1277 5873 eos
1309 5831 1432 5874 aute
1467 5817 1702 5878 indicunt
1734 5821 2046 5878 tribunalia.
2076 5831 2126 5871 et
2159 5820 2298 5871 inter

2418 5766 2611 5803 manus
2653 5749 2974 5803 carnificum
3011 5750 3220 5805 cmlesti
3258 5748 3493 5816 quodam
3544 5747 3836 5816 splendore
3870 5765 3972 5798 cir-

2409 5821 2692 5874 cunifnsos
2742 5819 2909 5874 fuisse
2946 5839 2958 5875 :
2991 5838 3101 5881 quo
3133 5821 3286 5878 signo
3317 5821 3457 5874 Dcus
3487 5835 3613 5873 snas
3664 5832 3785 5870 csse
3820 5829 3976 5870 testes
