4212 6444
241 451 350 512 (:73

1423 445 1958 503 HlS'l’UlilARUM
1999 443 2226 504 LIBER
2274 447 2354 505 Il.

3414 453 3518 516 674

239 567 432 628 δείξεις
487 565 595 615 τῶν
645 561 977 630 λεγομένων,
1033 558 1092 611 οὐ
1129 558 1506 626 συλλογισμοῖς
1535 559 1815 628 χρώμενος

1922 557 2210 624 theologize
2237 557 2540 624 peritorum
2559 557 2846 612 hominum
2873 557 3077 626 eﬂ‘atis,
3105 576 3228 630 quae
3253 561 3363 619 illis
3389 564 3516 636 Spi-

239 660 336 709 καὶ
389 656 792 724 γεωμετρικαῖς
847 653 1114 722 ἀνάγκαις
1171 652 1312 720 (οὔδε
1350 653 1456 721 γὰρ
1498 645 1611 702 οἷον
1663 669 1721 702 τε
1753 653 1815 702 ἐκ

239 750 348 802 τῶν
377 748 498 800 καθ’
530 749 674 817 ἡμᾶς
720 745 1103 800 ἀποδεικνύναι
1150 747 1217 796 τὰ
1261 743 1402 814 ὑπὲρ
1445 743 1651 813 ἡμᾶς),
1679 742 1816 794 ἀλλὰ

239 845 351 904 τοῖς
380 841 558 907 λόγοις
591 839 696 891 τῶν
737 840 910 905 ἁγίων
959 838 1054 890 καὶ
1077 835 1344 902 θεολόγων
1367 834 1594 903 ἀνδρῶν.
1634 833 1724 895 οὓς
1756 832 1816 884 τὸ

240 932 466 1000 Πνεῦμα
515 932 576 983 τὸ
610 929 780 997 ἅγιον·
806 927 1144 998 ἐχρημάτισε
1197 927 1268 978 δι’
1297 925 1496 989 αὐτῶν,
1550 917 1594 990 ᾧ
1639 925 1815 976 παντα

240 1027 548 1093 ἐρευ-ιᾶται,
584 1024 675 1075 καὶ
723 1024 788 1074 τα
817 1021 958 1091 βάθη
1001 1019 1092 1072 τοῦ
1139 1018 1274 1072 Θεοῦ
1297 1035 1312 1048 ·
1345 1019 1634 1071 ἀπεδείκνυ
1668 1035 1725 1070 τε
1753 1020 1816 1069 ἐκ

243 1115 453 1167 ﬁda).th
490 1114 596 1167 τῶν
648 1114 956 1181 λεγομένων
988 1112 1048 1162 τὺ
1098 1111 1235 1164 κατὰ
1269 1110 1328 1162 τὸ
1359 1109 1642 1178 Θαϐώριον
1690 1110 1816 1171 τοῦς

244 1207 496 1276 μαθητὰς
553 1203 970 1272 περιαστράψαν
1029 1205 1184 1269 φῶς,
1240 1201 1396 1266 δόξαν
1449 1201 1688 1268 ἄναρχον
1722 1199 1816 1250 τοῦ

241 1301 378 1352 Θεοῦ
400 1343 414 1364 ,
456 1299 551 1350 καὶ
591 1299 706 1366 φῶς
736 1297 1011 1364 θεὸτητος,
1053 1295 1147 1346 καὶ
1179 1293 1432 1362 θεότητα,
1460 1291 1554 1344 καὶ
1589 1294 1816 1360 φυσικὸν

244 1393 339 1444 καὶ
362 1393 532 1444 ἀΐδιον
562 1392 656 1445 τοῦ
679 1391 814 1444 Θεοῦ
849 1390 983 1457 φῶς,
1016 1390 1110 1441 καὶ
1145 1389 1244 1441 ὅσα
1274 1387 1500 1438 τοιαῦτα
1526 1387 1678 1456 παρὰ
1705 1387 1818 1448 τοῖς

241 1483 514 1549 θεολόγοις
566 1483 957 1550 πιστευόμενον
997 1499 1057 1532 τε
1108 1479 1201 1532 καὶ
1246 1481 1814 1550 προσαγορευὸμενον.

241 1569 378 1626 Εἶτα
411 1579 472 1626 ἐκ
520 1573 630 1625 τῶν
679 1575 892 1643 ῥήσεων
947 1571 1052 1624 τῶν
1090 1571 1417 1638 θεολογικῶν
1466 1573 1816 1636 συνεπέραινε

241 1665 338 1717 καὶ
373 1665 556 1730 αὐτὸς,
578 1665 652 1728 ὼς
683 1665 741 1716 τὸ
766 1665 932 1716 ἀΐδιον
963 1665 1055 1715 καὶ
1087 1663 1314 1729 φυσικὸν
1338 1662 1430 1714 τοῦ
1454 1661 1588 1713 Θεοῦ
1617 1663 1715 1713 οὐκ
1751 1661 1814 1713 ἂν

239 1757 328 1825 εἴη
364 1757 602 1822 κτιστδν,
625 1757 743 1809 οὐδὲ
776 1757 1064 1826 ήᾶναρχος
1095 1755 1222 1820 δόξα
1256 1757 1348 1808 καὶ
1380 1755 1410 1823 ἡ
1444 1754 1692 1824 βασιλεία
1723 1753 1816 1806 τοῦ

237 1847 377 1900 Θεοῦ
403 1889 416 1911 ,
470 1847 578 1900 οὐδ’
625 1849 724 1900 ὅσα
770 1847 901 1917 πρὸς
954 1849 1064 1900 τῶν
1101 1847 1368 1914 θεολόγων
1401 1847 1462 1898 τὸ
1496 1845 1610 1914 φῶς
1641 1847 1814 1898 ἐκ;ῖνο

239 1939 505 2008 ὕμνηται.
553 1941 676 1992 Ἐπὶ
705 1940 914 2001 τούτοις
945 1938 998 1990 δὲ
1044 1939 1136 1990 καὶ
1161 1938 1253 1990 τὸν
1282 1937 1384 1988 ὑπὸ
1409 1938 1515 1988 τῶν
1546 1937 1686 1990 κατὰ
1723 1937 1809 1987 τὸν

241 2031 398 2080 Ἀῠω
433 2028 594 2080 ὁσίων
647 2028 858 2098 ἀνδρῶν
901 2027 1315 2096 συντεθειμένον
1361 2027 1578 2095 παρῆγε
1627 2024 1814 2095 τὸμον,

237 2120 300 2180 ὃς
322 2120 468 2188 αὐτῷ
497 2119 594 2188 μὲν
623 2121 914 2188 συνηγόρει
949 2118 1024 2181 ὡς
1048 2119 1115 2171 τὰ
1147 2118 1238 2171 ἴσα
1286 2119 1395 2179 τοῖς
1454 2118 1626 2185 ἁγίοις
1656 2117 1820 2184 φθεγ-

237 2207 484 2276 γομένῳ.
550 2207 818 2276 Βαρλαὰμ
872 2207 926 2258 δὲ
967 2205 1320 2276 βλασφημίαν
1349 2211 1445 2257 καὶ
1498 2204 1819 2270 κακοδοξίαν

233 2299 536 2369 κατηγόρει
572 2298 798 2367 πολλήν.
846 2298 1001 2351 Ἐπεὶ
1033 2298 1091 2350 δέ
1119 2299 1182 2351 ὲκ
1213 2297 1425 2352 πολλῶν
1449 2298 1557 2350 τῶν
1589 2297 1818 2368 λεγομέ-

233 2409 345 2444 νων
383 2392 416 2460 ἠ
456 2391 578 2460 νίκη
608 2391 744 2460 πρὸς
784 2391 1084 2460 Γρηγόριον
1119 2389 1397 2444 ἀπέϐλεπε
1431 2393 1522 2442 καὶ
1553 2391 1678 2453 τοὺς
1715 2407 1814 2459 μο-

233 2485 458 2555 ναχοὺς,
497 2485 714 2537 πάντων
753 2484 850 2554 ἤδη
895 2481 1284 2552 πεπεισμένων
1333 2485 1448 2545 τοῖς
1481 2484 1658 2551 άγιοις
1690 2483 1820 2536 ἒπε-

231 2574 363 2628 σθαι
398 2577 494 2627 καὶ
527 2574 819 2642 θεολόγοις,
849 2574 944 2626 καὶ
976 2573 1052 2644 μὴ
1083 2577 1196 2637 τοῖς
1227 2577 1290 2628 ἐκ
1333 2575 1539 2637 κοιλίας
1587 2577 1814 2647 εἰρημέ-

230 2684 348 2729 νοις
406 2668 691 2737 Βαρλααμ,
748 2667 999 2739 συνεώρα
1045 2685 1103 2719 τε
1149 2672 1242 2720 καὶ
1298 2669 1460 2731 αὐτὸς
1488 2669 1562 2731 ὡς
1608 2672 1707 2722 οὐκ
1751 2670 1817 2722 ἂν

229 2761 540 2827 Gtc-Spissi:
595 2761 692 2829 τῆς
743 2761 1126 2828 γλωσσαλγίας
1177 2762 1270 2812 καὶ
1327 2762 1423 2829 τῆς
1481 2761 1817 2830 βωμολοχίας

233 2853 619 2921 ἰοῦναιδίκην,
659 2853 738 2923 τῷ
790 2855 1012 2923 μεγαλῳ
1044 2856 1354 2925 δομεστίκῳ
1401 2857 1816 2926 συνεδριάζοντι

232 2947 356 2997 ἐκεῖ
414 2945 490 3014 τῷ
521 2945 731 3014 βασιλεῖ
785 2945 1118 3015 προσελθὼν,
1174 2947 1435 3014 σύντομόν
1472 2966 1591 2998 τινα
1637 2949 1818 3016 ᾐτεῖτο

237 3037 338 3088 γαί
371 3036 625 3105 βοήθειαν
659 3039 753 3089 καὶ
788 3037 986 3108 βουλὴν
1038 3038 1096 3102 ἐξ
1126 3031 1190 3108 ἧς
1236 3039 1336 3108 τὴν
1359 3039 1816 3108 προσδοκωμένην

232 3127 522 3192 διαφυγεῖν
552 3126 768 3190 ἐξέσται
789 3128 942 3196 δίκην
961 3145 973 3157 ·
1005 3131 1031 3180 ὁ
1058 3129 1114 3180 δὲ
1143 3129 1406 3198 πρότερον
1436 3146 1492 3181 τε
1517 3129 1721 3195 ἔφασκε
1747 3131 1814 3180 τα

1921 645 2062 698 ritus
2111 655 2339 700 sanctus
2393 646 2683 714 suggessit,
2739 663 2850 715 quo
2907 651 3091 704 omnia
3152 652 3515 722 indagantur,

1919 738 2083 791 etiam
2121 737 2390 806 profunda
2429 739 2560 803 Dei;
2593 739 2936 810 docebatque
2963 745 3205 811 copiose,
3235 746 3421 799 lumen
3458 751 3514 801 in

1921 828 2156 892 Thabor,
2191 831 2338 899 quod
2373 830 2677 899 discipulos
2713 832 3082 898 collustravit,
3110 851 3232 889 es~ze
3278 839 3512 907 gloriam

1922 919 2036 981 Dei,
2068 920 2345 989 principio
2377 932 2678 983 carentem,
2725 931 2780 975 et
2818 923 3156 993 majestatem
3183 927 3320 996 ejus,
3351 939 3402 982 et
3431 930 3517 982 lu-

1921 1025 2042 1064 men
2095 1011 2418 1074 divinitatis,
2479 1020 2535 1064 et
2581 1013 2861 1080 deitatem,
2920 1023 2975 1068 et
3028 1018 3279 1072 naturale
3351 1029 3516 1075 aeter-

1920 1115 2160 1168 numque
2216 1099 2312 1152 Dei
2348 1101 2555 1165 lumen,
2616 1112 2674 1155 et
2730 1118 3072 1173 quaecunque
3121 1108 3248 1160 talia
3293 1123 3324 1160 a
3359 1111 3518 1164 theo-

1919 1191 2056 1258 legis
2126 1190 2194 1244 de
2287 1207 2354 1245 eo
2430 1195 2730 1246 creduntur
2811 1197 3178 1266 dicunturque
3270 1199 3521 1255 Postmo-

1920 1280 2048 1332 dum
2083 1296 2148 1334 ex
2185 1282 2549 1348 pronuntiatis
2607 1284 2929 1354 theologicis
2961 1298 3017 1342 et
3055 1290 3170 1356 ipse
3220 1293 3518 1348 conclude-

1921 1373 2032 1435 bat,
2063 1383 2332 1426 aeternum
2389 1385 2442 1429 et
2475 1379 2722 1431 naturale
2751 1379 2846 1432 Dei
2891 1395 3000 1434 non
3046 1396 3166 1436 esse
3211 1385 3506 1438 conditum.

1921 1481 2022 1518 ιιι-ο
2063 1465 2182 1535 ejus
2229 1466 2459 1534 gloriam
2511 1480 2567 1522 et
2611 1471 2973 1539 majestatem,
3017 1488 3122 1527 nec
3169 1475 3440 1544 quidquid
3483 1493 3514 1532 a

1923 1559 2190 1629 theologis
2223 1560 2354 1613 illud
2386 1562 2572 1615 lumen
2607 1577 2728 1618 esse
2771 1567 3105 1632 praedicatur
3139 1582 3203 1622 ac
3229 1571 3509 1623 laudatur.

1920 1651 2080 1722 335
2159 1652 2431 1706 Praeterea
2507 1662 2716 1708 tomum
2787 1671 2816 1710 a
2875 1661 3081 1713 sanctis
3155 1661 3290 1715 viris
3366 1663 3512 1729 apud

1929 1745 2074 1798 Atho
2103 1745 2482 1800 habitantibus
2503 1750 2865 1816 compositum
2895 1751 3203 1816 promebat,
3236 1767 3346 1821 quo
3388 1769 3513 1808 eum

1923 1851 2048 1890 cum
2073 1837 2276 1889 sanctis
2307 1839 2620 1892 consentire
2651 1839 2968 1901 docebatur,
2996 1851 3049 1894 et
3076 1841 3340 1896 Barlaami
3371 1845 3514 1900 blas-

1919 1929 2144 1996 phemire
2167 1943 2530 1998 perversaque
2567 1930 2813 1984 doctrina
2869 1931 3353 2002 redarguebantnr.
3377 1935 3512 1990 Cum

1911 2021 2021 2090 jam
2063 2029 2189 2090 post
2219 2021 2434 2091 longam
2472 2023 2906 2091 disputationem
2935 2027 3169 2079 victoria
3201 2027 3265 2080 ad
3306 2026 3516 2098 Grego-

1919 2115 2061 2167 rium
2141 2121 2198 2166 et
2251 2114 2549 2168 monachos
2597 2115 2910 2176 inclinaret,
2956 2117 3344 2188 persuasisque
3393 2119 3513 2172 uni-

1919 2208 2119 2272 versis,
2149 2216 2463 2262 sanctorum
2495 2217 2550 2262 et
2612 2209 2992 2278 theologorum
3027 2211 3250 2278 placita,
3281 2227 3388 2265 non
3415 2228 3513 2266 au-

1922 2307 2030 2352 tem
2055 2313 2119 2352 ex
2155 2299 2384 2353 cerebro
2423 2300 2694 2354 Barlaami
2729 2301 2974 2371 profecta
3026 2313 3338 2358 commenta
3391 2321 3508 2358 am-

1921 2387 2242 2458 plectenda,
2285 2389 2613 2458 videretque
2675 2389 2792 2457 ipse
2824 2431 2838 2455 ,
2889 2405 3000 2444 non
3043 2389 3396 2461 effugiturum
3429 2409 3507 2455 se,

1921 2481 2052 2550 quin
2115 2481 2402 2549 loquacem
2471 2479 2916 2535 maledicentiam
2981 2493 3038 2536 et
3115 2484 3508 2538 scurrilitatem

1923 2589 2076 2627 suam
2111 2573 2305 2636 lueret,
2337 2571 2404 2627 ad
2451 2589 2708 2644 magnum
2787 2573 3150 2629 domesticum
3190 2575 3508 2644 imperaturi

1945 2664 2274 2738 assidentem
2307 2664 2594 2728 accedens,
2627 2665 3097 2734 compendiariam
3126 2667 3402 2735 quoddam
3441 2668 3511 2722 ab

1919 2768 1986 2808 eo
2031 2753 2294 2807 auxilium
2329 2764 2382 2808 et
2433 2755 2743 2828 consilium_
2785 2755 3060 2825 ﬂagitabat
3096 2797 3110 2823 ,
3175 2771 3284 2826 quo
3335 2759 3512 2810 immi—

1918 2855 2135 2898 nentem
2166 2860 2384 2913 prunam
2417 2845 2702 2900 evaderet.
2738 2845 2875 2899 Tum
2919 2847 3031 2912 ille,
3057 2856 3112 2902 et
3135 2858 3292 2902 antea
3321 2863 3377 2902 se
3405 2863 3508 2917 0p-

1919 2945 2150 3004 portuna
2184 2937 2445 3000 suasisse,
2477 2936 2607 2990 dum
2665 2951 2694 2989 a
2749 2939 2907 3006 longa
2939 2953 3064 2992 eum
3116 2939 3506 3008 digladiatione

1919 3027 2245 3091 deterreret,
2277 3037 2332 3081 et
2398 3027 2464 3081 ad
2497 3027 2830 3082 credendum
2873 3029 3154 3083 monachis
3182 3071 3196 3095 ,
3233 3039 3418 3098 utpote
3455 3031 3508 3084 in

1919 3118 2004 3171 his
2035 3117 2469 3186 sapientioribus
2501 3119 2822 3173 hortaretur
2873 3139 2884 3172 :
2925 3131 2982 3176 et
3032 3136 3179 3176 nunc
3226 3121 3511 3174 nihilomi-

232 3216 425 3266 δέοντα
450 3215 833 3282 βεϐουλεῦσθαι
857 3217 1026 3284 αὐτῷ,
1063 3219 1347 3287 παραινῶν
1373 3218 1468 3288 τῆς
1496 3218 1696 3288 πολλῆς
1723 3236 1815 3286 φι-

1920 3223 2026 3264 nus
2053 3225 2366 3274 suasurum,
2390 3209 2770 3281 facturamque
2800 3212 2944 3280 quod
2978 3212 3052 3264 illi
3083 3212 3340 3282 prodesse
3388 3229 3512 3281 pos-

233 3309 512 3370 λονεικίας
540 3309 896 3376 ἀποσχέσθαι,
935 3312 1024 3361 καὶ
1075 3311 1360 3363 πείθεσθαι
1403 3314 1513 3371 τοῖς
1561 3315 1816 3380 μοναχοῖς

229 3397 312 3458 ὡς
343 3399 410 3450 τὰ
432 3399 656 3450 τοιαῦτα
689 3401 1018 3471 σοφωτέροις
1044 3419 1057 3432 ·
1089 3403 1182 3454 καὶ
1213 3403 1308 3454 νῦν
1328 3403 1480 3454 οὐδὲν
1503 3399 1664 3474 ἦττον
1698 3405 1820 3471 βιν-

232 3485 528 3537 λεύσεσθαι
561 3487 652 3538 καί
687 3487 918 3556 πράξειν
949 3490 1013 3540 τὰ
1039 3491 1355 3542 συνοίσοντα
1379 3491 1518 3558 ὑπὲρ
1546 3491 1729 3543 αὑτοῦ.
1757 3489 1816 3543 Ei

231 3583 350 3646 γαρ
377 3578 514 3644 μήτε
546 3577 849 3644 ἁντιλγειν
882 3579 960 3632 ἔτι
987 3581 1117 3650 πρὸς
1150 3581 1216 3633 τὰ
1251 3583 1644 3650 προτεινόμενα
1676 3584 1813 3651 ἔχει,

233 3669 475 3720 πέπεικέ
525 3687 582 3721 τε
639 3670 834 3722 ἑαυτὸν
868 3671 942 3732 ὡς
998 3671 1196 3740 βελτίω
1251 3673 1346 3725 καὶ
1387 3673 1816 3741 δικαιότεροικαὶ

231 3762 352 3820 τοῖς
378 3761 550 3827 ἁγίοις
584 3761 792 3829 συνῳδὰ
813 3761 1143 3828 φθέγγονται
1168 3765 1216 3815 oi
1259 3766 1507 3833 μοναχοὶ,
1535 3766 1587 3816 τί
1616 3765 1696 3816 δεῖ
1717 3765 1814 3834 τὴν

233 3853 420 3919 ψῆφον
452 3851 574 3904 κατ’
608 3852 772 3903 αὑτοῦ
803 3853 1145 3922 ἐξαγομένην
1174 3854 1495 3924 περιμένειν
1528 3857 1766 3908 κατιδεῖν
1795 3893 1810 3919 ,

187 3955 196 3964 ·
229 3944 374 3994 ἀλλὰ
429 3943 502 4012 μὴ
559 3943 822 4011 πρότερον
857 3945 1263 4009 ἐξαναστάντα,
1299 3947 1402 4016 τήν
1431 3963 1490 3998 τε
1539 3947 1812 4016 προτέρα-ι

229 4033 459 4096 ἄγνοιαν
488 4032 576 4082 ἐπὶ
602 4031 1132 4102 πάντωνὸμολογεῖν,
1162 4035 1254 4087 καὶ
1277 4037 1376 4105 τὴν
1401 4036 1495 4088 νῦν
1519 4039 1815 4106 ἐπίγνωσιν

227 4123 626 4190 τῆςὰληθείας,
657 4125 879 4186 καὶτοῖς
902 4141 960 4176 τε
987 4127 1166 4194 ἁγίοις
1196 4127 1482 4180 πείθεσθαι
1507 4130 1817 4196 συνθέσθαι,

235 4217 338 4267 καὶ
361 4215 458 4282 τὴν
477 4214 674 4283 ἔχθραν
694 4216 985 4268 καταλύειν
1001 4218 1100 4285 τὴν
1119 4217 1255 4288 πρὸς
1275 4218 1398 4281 τοὺς
1423 4221 1689 4289 μοναχούς
1716 4237 1730 4284 ;
1759 4223 1816 4273 lii

227 4304 348 4371 γαρ
381 4301 548 4354 ταῦτα
582 4303 906 4371 πειθόμενος
930 4305 1078 4372 αὐτῷ
1110 4307 1348 4374 ποιήσει,
1379 4307 1502 4359 οὗτε
1531 4309 1702 4377 βλάϐη
1733 4327 1814 4371 τις

261 4397 428 4464 ’.μεται
461 4397 522 4448 ἐκ
550 4396 658 4447 τῶν
685 4395 858 4463 λόγων
884 4397 1126 4467 οὐδεμία,
1163 4397 1417 4467 βασιλεύς
1443 4416 1500 4452 τε
1526 4401 1617 4453 καὶ
1645 4402 1694 4452 οἱ
1719 4401 1811 4453 ἂλ-

229 4488 320 4538 λοι
360 4488 558 4546 πάντες
591 4487 968 4540 ἐπαινέσονται
1013 4489 1111 4557 τῆς
1156 4491 1293 4558 πρὸς
1327 4491 1394 4542 τὰ
1428 4489 1622 4558 βελτίω
1650 4509 1814 4559 μετα-

1922 3303 2010 3356 sit.
2049 3301 2104 3356 Si
2164 3317 2312 3356 emm
2361 3317 2460 3355 nec
2490 3303 2556 3355 ad
2587 3304 2764 3368 allata,
2803 3304 2855 3356 in
2917 3305 3153 3357 medium
3215 3305 3496 3358 refellendi

1919 3409 2084 3446 causa
2109 3393 2406 3462 quidquam
2441 3395 2627 3448 dicere
2657 3395 2884 3450 haberet
2935 3397 3192 3466 amplius,
3223 3398 3505 3451 crederet-

1931 3501 2038 3554 que
2071 3487 2368 3538 monachos
2405 3486 2628 3540 meliora
2664 3497 2716 3540 et
2758 3489 2989 3557 justiora
3043 3501 3096 3542 et
3143 3493 3348 3545 sanctis
3381 3506 3507 3544 con.

1917 3587 2178 3631 sentanea
2235 3578 2535 3641 disserere,
2590 3578 2721 3647 quid
2775 3595 2913 3648 opus
2967 3589 3109 3634 esset
3161 3589 3502 3648 exspectare,

1925 3667 2100 3722 donec
2131 3676 2251 3720 atro
2283 3667 2496 3721 calculo
2540 3683 2598 3722 se
2631 3668 2882 3723 damnari
2937 3669 3152 3725 videret
3181 3670 3204 3724 ?
3234 3670 3375 3735 Quin
3412 3689 3502 3740 po-

1923 3757 2034 3810 tins
2065 3765 2411 3823 exsurgeret,
2437 3755 2788 3825 prioremque
2825 3757 3096 3811 inscitiam
3151 3769 3200 3811 et
3265 3761 3495 3831 agnuam

1924 3850 2212 3902 veritatem
2239 3847 2414 3916 palam
2438 3849 2816 3912 confiteretur,
2839 3857 2895 3902 et
2913 3850 3116 3903 sanctis
3144 3859 3508 3904 assentiretur

1923 3937 2351 4009 inimicitiasque
2374 3955 2497 3994 cum
2519 3941 2806 3996 monachis
2825 3953 3074 4010 poneret.
3096 3943 3150 3996 Si
3176 3957 3234 3996 se
3259 3941 3497 4006 audiret,

1923 4047 2100 4100 neque
2130 4031 2445 4085 detrimenti
2473 4031 2771 4100 quidquam
2797 4042 3139 4095 secuturum,
3171 4041 3226 4086 et
3259 4035 3494 4102 impr-ra-

1925 4135 2095 4176 torem
2135 4133 2464 4190 egeret-osque
2523 4126 2936 4177 conversionem
3006 4124 3122 4194 ejus
3150 4124 3496 4180 laudaturos.

1917 4213 2036 4268 Non
2069 4214 2218 4268 enim
2247 4223 2356 4268 tam
2381 4215 2605 4284 dignum
2636 4229 2756 4270 esse
2789 4217 3035 4270 accusari
3069 4217 3160 4283 qui
3198 4232 3227 4268 a
3259 4217 3489 4272 veritate

1919 4307 2276 4372 aberraverit,
2310 4322 2474 4376 quam
2517 4306 2914 4371 con'nnendari,
2951 4307 3043 4375 qui
3110 4309 3177 4361 ad
3221 4323 3341 4361 eam
3372 4325 3500 4363 san-

1920 4399 2022 4452 ctis
2047 4397 2182 4452 viris
2210 4407 2267 4453 et
2296 4399 2564 4467 theologis
2588 4399 2821 4453 credens
2848 4398 3101 4452 redierit:
3123 4407 3178 4452 et
3201 4402 3502 4456 monachos

1921 4489 2223 4542 secundum
2251 4489 2398 4558 leges
2433 4490 2678 4557 ipsorum
2733 4489 3010 4556 Spiritales
3053 4492 3262 4558 majore
3313 4492 3366 4544 in
3401 4507 3500 4558 po-

229 4575 422 4642 ϐολῆς.
451 4576 525 4627 Οὐ
557 4577 665 4644 γὰρ
688 4577 943 4631 τοσοῦτον
973 4579 1032 4630 τὸ
1061 4580 1180 4648 τῆς.
1197 4581 1458 4648 ἀληθείας
1489 4584 1811 4652 ἀποπλανη-

1920 4591 2122 4634 slerum
2153 4581 2415 4633 charitate
2447 4581 2800 4648 candoreqne
2826 4581 2991 4633 animi
3026 4582 3078 4634 in
3107 4597 3230 4634 eum
3262 4581 3492 4642 futuros,

231 4669 398 4736 θῆναι
430 4669 762 4738 κατηγορίας
811 4668 980 4734 ἄξιον,
1014 4671 1136 4722 ὅσον
1165 4673 1224 4724 τὸ
1256 4673 1394 4742 πρὸς
1434 4673 1605 4743 αὐτὴν
1645 4675 1814 4727 ἐπαν-

227 4759 414 4811 ελθεῖν
445 4762 558 4822 τοῖς
607 4761 786 4828 ἁγίοις
841 4761 1162 4829 πειθόμενον
1195 4763 1288 4814 καὶ
1345 4763 1622 4830 θεολόγοις
1658 4766 1818 4817 ἐπαι-

227 4850 391 4902 νετόν
424 4866 437 4880 ·
507 4853 600 4904 καὶ
662 4854 710 4904 οἱ
790 4855 1018 4922 μοναχοὶ
1093 4853 1152 4906 δέ
1235 4857 1347 4917 τοῖς
1421 4861 1818 4926 πνευματικοῖς

231 4943 556 5008 πειθόμενοι
604 4944 807 5012 νόμοις.
883 4945 1108 5013 μείζονα
1162 4947 1491 5012 ἐνδείξονται
1549 4948 1668 5001 νυνὶ⁵
1718 4950 1816 5018 τὴν

230 5031 422 5097 φιλίαν
450 5031 585 5096 προς
628 5031 686 5082 σὲ
722 5033 815 5082 καὶ
845 5033 945 5100 τὴν
979 5033 1427 5104 εὐγνωμοσύνην,
1463 5037 1494 5105 ἢ
1531 5035 1654 5088 καθ’
1687 5038 1810 5090 ὅσον

231 5121 507 5189 πρότερον
533 5121 898 5175 ἐνεδείκνυντο
927 5123 1026 5192 τὴν
1077 5125 1302 5196 πικρίαν
1347 5127 1441 5179 καὶ
1470 5128 1568 5195 τὴν
1597 5127 1814 5198 ἔχθραν,

227 5215 310 5273 ὡς
336 5215 394 5263 οὗ
431 5213 534 5262 τῶν
565 5213 644 5275 εἰς
671 5213 870 5276 αὐτοὺς
898 5214 1058 5267 ἕνεκα
1090 5216 1392 5284 λοιδοριῶν,
1423 5219 1557 5270 ἁλλὰ
1581 5219 1681 5288 τῆς
1703 5219 1814 5270 τῶν

227 5304 523 5369 δηγμάτων
551 5305 879 5373 ἀμυνόμενοι
903 5305 1273 5376 διαστροφῆςο
1307 5301 1381 5362 ὧν
1415 5309 1596 5372 καλῶς
1621 5312 1712 5362 καὶ
1744 5309 1818 5371 ὡς

231 5396 516 5464 προσῆκεν
535 5397 998 5466 ἀποδεδειγμένων
1018 5402 1064 5450 εί
1102 5401 1195 5452 καὶ
1229 5405 1292 5454 σὺ
1327 5401 1631 5471 πεισθείης,
1663 5403 1814 5454 οὐδὲν

225 5486 344 5538 οὐδ’
373 5487 527 5538 αὐτοὶ
555 5487 854 5556 ζητήσουσι
882 5491 1232 5559 περαιτέρω.⁶
1262 5493 1378 5544 ἀλλ’
1395 5493 1552 5559 ἀξίαν
1583 5494 1818 5562 ἀμοιϐὴν

223 5579 340 5630 τῶν
371 5578 580 5630 πολλῶν
609 5579 786 5630 πόνων
817 5581 908 5632 καὶ
930 5581 1191 5633 κινδύνων
1221 5583 1498 5651 νομιοῦσιν
1530 5585 1674 5652 ἔχειν
1719 5583 1816 5652 τὴν

220 5671 517 5737 δι’ῖρθωσιν
545 5671 644 5737 τὴν
678 5671 798 5738 σήν.
831 5671 1093 5741 Βαρλαᾶμ
1134 5673 1190 5724 δὲ
1251 5675 1344 5726 καὶ
1373 5673 1522 5738 αὑτῷ
1557 5675 1654 5742 μὲν
1681 5673 1812 5741 ἔφα-

224 5778 361 5811 σκεν
381 5762 612 5829 ἀρίστην
648 5761 933 5827 ιραίνεσθαι
956 5763 1162 5832 ταύτην
1189 5764 1288 5834 τὴν
1315 5764 1512 5834 βουλήν
1533 5782 1546 5796 ·
1577 5764 1814 5818 δεδοικέυ

219 5871 314 5902 ναι
357 5852 409 5902 δέ
449 5853 524 5920 μὴ
567 5853 666 5902 οὐκ
714 5852 1100 5922 ἐξαρκέσουσιν
1139 5857 1186 5906 οί
1244 5857 1391 5922 λόγοι
1446 5855 1580 5924 προς
1605 5855 1662 5905 τὸ
1697 5859 1808 5906 τῶν

1917 4685 2079 4739 quam
2141 4670 2296 4738 prius
2367 4671 2737 4724 amaritudine
2798 4681 2853 4724 et
2909 4673 3187 4725 simultate
3247 4673 3489 4725 fuerint‘

1917 4763 2121 4829 quippe
2153 4761 2248 4828 qui
2285 4775 2390 4813 non
2420 4761 2679 4814 convitiis
2711 4762 2762 4814 in
2796 4777 2851 4815 se
2887 4763 3101 4829 effusis,
3136 4779 3324 4816 verum
3366 4779 3489 4831 per-

1917 4852 2162 4905 versitati
2201 4851 2464 4904 doctrina:
2498 4851 2888 4906 ecclesiastica:
2926 4858 3183 4907 resistant
3223 4873 3233 4906 :
3291 4857 3494 4921 quibus

1918 4929 2078 5005 bene,
2112 4949 2273 5010 atque
2305 4950 2366 4992 ut
2391 4941 2547 4994 decet
2591 4943 3005 5002 demonstratis,
3039 4946 3080 4997 si
3130 4946 3178 4996 ei
3227 4944 3369 4998 facta
3419 4946 3490 4998 sit

1919 5035 2072 5092 fides,
2103 5034 2238 5086 nihil
2285 5033 2521 5100 amplius
2563 5033 2970 5086 desideraturos
2999 5074 3014 5096 ,
3049 5035 3142 5087 sed
3185 5035 3487 5088 correctio-

1919 5139 2043 5178 nem
2125 5121 2297 5192 ipsius
2353 5123 2646 5176 multorum
2704 5123 2949 5176 laborum
3008 5123 3490 5193 periculorumque

1919 5231 2142 5270 suorum
2174 5227 2352 5282 operm
2385 5213 2620 5282 pretium
2655 5212 3139 5282 interpretaturos.
3172 5214 3487 5267 Barlaamus

1921 5303 2208 5368 aﬁirmare,
2243 5301 2346 5356 sibi
2375 5317 2592 5370 quoque
2619 5304 2883 5369 optimum
2915 5301 3087 5355 videri
3119 5303 3255 5355 istuc
3303 5304 3486 5356 consi-

1921 5395 2054 5448 lium
2083 5435 2097 5458 ,
2139 5395 2328 5447 timere
2357 5400 2558 5452 tamen,
2587 5406 2652 5442 ne
2681 5391 2842 5443 verba
2876 5391 2940 5442 ad
2976 5405 3032 5443 se
3063 5391 3306 5458 periculo
3338 5391 3472 5444 libe-

1924 5487 2154 5542 randum
2211 5486 2342 5538 satis
2400 5499 2508 5558 non
2561 5485 2674 5537 sint
2712 5523 2724 5544 ,
2774 5483 2866 5536 sed
2917 5493 3039 5547 post
3081 5482 3478 5537 confessionem

1921 5591 2138 5646 quoque
2169 5578 2350 5644 aliqua
2386 5575 2648 5627 multetur
2693 5572 3010 5640 ignominia,
3074 5588 3196 5624 cum
3235 5575 3488 5641 probatis

1924 5681 1980 5726 et
2011 5671 2244 5739 receptis
2273 5668 2540 5736 dogmatis
2585 5681 2641 5719 se
2678 5667 3016 5734 opposuerit.
3051 5664 3188 5717 Tum
3227 5665 3481 5720 infamem

1919 5763 2054 5825 fore,
2083 5778 2180 5815 nec
2203 5763 2377 5814 locum
2415 5757 2746 5813 defensionis
2789 5756 3031 5808 relicuum
3057 5755 3120 5808 iri
3145 5757 3296 5823 quasi
3327 5755 3378 5808 id
3407 5757 3490 5809 in-

1914 5853 2058 5921 jusle
2083 5853 2337 5919 patiatur,
2362 5846 2798 5919 quandoquidem
2833 5859 2891 5898 se
2908 5844 3081 5900 insum
3104 5845 3440 5898 damnaverit
3465 5861 3480 5898 :
