4212 6444
204 456 312 518 703

1335 449 1884 511 HISTORIARUM
1928 450 2155 511 LIBER
2200 452 2316 511 III.

3315 452 3417 514 710

204 568 307 620 οὐκ
338 566 503 636 δλίγῳ
547 568 724 636 χρόνῳ
750 564 856 636 πρὸ
904 564 1002 633 τῆς
1047 563 1297 633 τελευτῆς
1330 562 1710 616 συνεϐούλευεν
1738 563 1766 614 ὁ
1798 564 1838 618 Α

1754 563 2151 618 iAexcessum
2227 563 2542 632 imperatori
2616 561 2905 616 consilium
2972 559 3123 613 dedit
3190 574 3417 629 magnus

205 660 377 728 μέγας
403 659 723 726 δομέστικος
758 655 907 726 αὐτῷ
954 656 1303 726 πατριάρχην
1355 657 1540 707 πεῖσαι
1582 653 1759 706 ἐπιτί-

202 766 326 816 μιον
353 747 723 815 ἐπαπειλῆσαι
776 745 1165 801 ἀνατείνασθαι
1215 746 1309 799 καὶ
1351 745 1627 814 χωρισμὸν
1664 746 1761 811 τῆς

200 840 527 908 Ἐκκλησίας
556 838 665 891 τῶν
695 836 926 901 πιστῶν,
956 837 1008 889 εί
1026 852 1106 897 τις
1134 834 1578 903 τετελευτηκότος
1612 835 1762 901 βασι-

200 930 339 987 λέως
368 928 772 981 έπιϐουλεύσειε
802 929 916 989 τοῖς
958 926 1171 979 ἐκείνου
1197 929 1376 987 παισὶ,
1408 925 1501 978 καὶ
1529 924 1629 991 τὴν
1668 923 1762 992 βα-

201 1018 406 1069 σιλείαν
440 1016 737 1086 παρέλοιτο
777 1016 973 1077 ἀδίκως
995 1033 1010 1047 ο
1044 1016 1249 1084 ἔφασκέ
1278 1032 1336 1083 τε
1386 1014 1594 1067 πείθειν
1637 1012 1757 1066 sm-

200 1106 398 1175 χειρῶν
426 1108 501 1166 ὡς
551 1107 700 1158 οὐδὲν
734 1106 947 1157 ἔσονται
995 1104 1219 1158 τοιαῦτα
1270 1104 1602 1171 πράττοντες
1651 1104 1761 1157 τῶν

199 1200 414 1250 ἀτόπων
466 1196 821 1265 εἰργασμένοι
887 1196 981 1248 καὶ
1046 1195 1413 1263 παραλόγωνο
1472 1196 1606 1248 ἀλλά
1663 1195 1758 1247 καὶ

198 1288 470 1353 ὠφέλειαν
497 1289 558 1339 οὐ
580 1288 785 1356 μικράν
812 1304 933 1338 τινα
960 1286 1289 1356 παρέξονται
1325 1289 1433 1347 τοῖς
1472 1286 1657 1339 παισὶν
1697 1288 1759 1338 ἐκ

202 1377 389 1430 τούτου
413 1378 466 1431 εῖ
497 1395 549 1430 τι
579 1379 820 1430 τοιοῦτον
860 1376 1104 1445 συμϐαίη
1158 1378 1286 1444 περὶ
1342 1375 1559 1439 αὐτούς.
1619 1377 1757 1429 [ἰᾶσι

204 1470 304 1538 μὲν
356 1472 463 1538 γὰρ
492 1468 684 1537 ἄδηλον
718 1463 856 1520 εἶναι
888 1468 948 1519 τὸ
983 1467 1075 1519 τοῦ
1116 1467 1350 1519 Θανάτου
1396 1467 1568 1530 τέλος,
1595 1467 1755 1518 ὁπότε

200 1560 321 1628 ἡξει
345 1575 356 1586 ’
389 1558 619 1627 μάλιστα
646 1557 702 1610 δὲ
750 1557 930 1619 αὐτοῖς
956 1558 1042 1608 ἀεὶ
1073 1559 1199 1625 περὶ
1250 1557 1427 1626 μάχας
1458 1557 1552 1607 καὶ
1581 1555 1759 1608 κινδύ-

199 1665 323 1711 νους
346 1648 733 1717 ὴσχ-,λημένοις
752 1663 765 1674 ·
796 1647 888 1698 καὶ
917 1646 1069 1699 οὐδὲν
1097 1641 1358 1698 εἶναιτῶν
1382 1646 1677 1711 ἀδυνάτων,
1710 1646 1756 1698 εί

203 1741 299 1792 καὶ
349 1739 680 1807 ἀμφοτέροις
715 1736 899 1799 αὐτοῖς
941 1737 1185 1805 συμϐαίη
1236 1737 1366 1806 περὶ
1419 1737 1547 1806 μίαν
1581 1738 1759 1806 μάχην

199 1831 407 1882 πεσεῖν.
440 1828 501 1879 Εἰ
527 1828 581 1879 δὲ
603 1826 758 1879 τοῦτο
784 1828 1016 1894 γένοιτο,
1048 1828 1415 1896 ἀπρονοήτους
1444 1829 1756 1880 παντάπασι

198 1920 490 1988 συμϐαίνει
546 1917 828 1970 λείπεσθαι
887 1918 1013 1979 τοὺς
1074 1918 1293 1982 παῖδας,
1354 1917 1482 1987 μήθ’
1544 1918 1755 1980 ἑαυτοῖς
1789 1899 1828 1950 Β

192 2013 308 2081 ἀμύ
322 2029 427 2064 ιειν
452 2011 541 2063 διά
573 2011 875 2078 νηπιότητα
895 2009 1235 2078 δυναμένοις,
1262 2011 1387 2080 μήθ’
1417 2009 1600 2078 ἕτερον
1636 2028 1754 2061 τινα

192 2102 419 2173 ἔχοντας
470 2102 561 2154 τὸν
608 2101 1051 2171 προστησόμενον
1086 2102 1326 2169 γνησίιινς
1381 2102 1472 2155 καὶ
1530 2101 1755 2165 ἀδόλως.

195 2196 456 2257 Βασιλεὺς
503 2193 580 2258 δὲ,
616 2196 717 2246 οὐκ
772 2180 1021 2246 ἐπείθετο
1060 2193 1259 2264 ῥᾳδίως
1297 2192 1521 2263 γνώμης
1573 2210 1627 2247 τε
1679 2194 1755 2247 ὢν

192 2286 429 2356 ἀγαθῆς,
460 2289 555 2339 καὶ⁵
610 2284 811 2354 μᾶλλον
870 2285 1116 2354 οἰόμενος
1165 2287 1458 2355 προσήκειν
1509 2286 1602 2339 ἐπὶ
1657 2285 1756 2357 τὴν

190 2384 371 2437 πάντα
396 2383 700 2451 δυναμένην
714 2382 895 2447 δεξιὰν
919 2382 1013 2444 τάς
1042 2383 1263 2446 ἐλπίδας
1291 2383 1390 2452 τῆς
1415 2383 1523 2436 τῶν
1549 2384 1754 2437 παίδων

192 2472 472 2543 σωτηρίας
504 2471 668 2540 έχειν,
691 2470 740 2553 ,ἢ
770 2470 906 2540 πρὸς
934 2472 1156 2541 συκίνην
1186 2472 1505 2541 ἐπικουρίαν
1552 2472 1649 2543 τὴν
1696 2470 1753 2536 ἐξ

193 2559 545 2629 ἀνθρωπίνης
594 2558 837 2620 ἐπινοίας
877 2559 1227 2623 ἀποϐλέπειν,
1274 2561 1516 2630 συνορῶν
1544 2561 1619 2622 ὡς
1658 2564 1754 2615 καὶ

189 2654 305 2714 τοῖς
338 2653 444 2719 πρὸ
499 2651 726 2704 ἐκείνων
785 2650 1063 2720 βασιλεῦσι
1092 2650 1316 2705 τοιαῦτα
1358 2654 1750 2723 ἐπινενοημένα

187 2741 409 2811 ὤνησαν
437 2740 611 2803 οὐδὲν,
660 2740 868 2807 ἔφασκέ
898 2757 953 2792 τε
1003 2740 1078 2802 ὡς
1121 2740 1153 2810 ἢ
1186 2740 1319 2803 Θεὸς
1362 2741 1565 2794 ἀνωθεν
1595 2748 1752 2813 χεῖρα

190 2831 472 2894 σώζουσαν
521 2829 826 2900 ὑπερέχων,
870 2830 901 2897 ἢ
951 2830 1057 2882 τῶν
1090 2830 1219 2900 ἡμῖν
1255 2830 1426 2884 εὔνων
1456 2832 1489 2900 ὴ
1524 2831 1752 2902 δύναμις

187 2922 253 2974 ἂν
278 2921 386 2973 τῶν
411 2921 664 2974 ἐναντίων
692 2920 934 2989 ὑπερέχῃ
963 2920 1058 2979 τὰς
1082 2919 1191 2973 τῶν
1219 2922 1426 2974 ἀδικεῖν
1455 2921 1748 2977 ἐθελόντων

190 3011 254 3063 ἂν
287 3010 578 3063 κωλύσειεν
625 3012 832 3077 ὁρμάς·
866 3012 1016 3079 ὅρκοι
1064 3011 1121 3063 δὲ
1161 3011 1257 3063 καὶ
1293 3011 1483 3081 δεσμοὶ
1522 3017 1617 3067 καὶ
1649 3016 1750 3068 ὅσα

186 3101 574 3170 παραπλήσια,
606 3100 758 3152 οὐδὲν
787 3100 853 3152 ἂν
883 3101 1204 3169 ὲκφοϐῆσειε
1240 3102 1367 3163 τοὺς
1410 3103 1747 3160 πλεονεκτεῖν

1863 653 2217 714 domesticus,
2283 656 2624 724 patriarchaa'
2659 664 2853 708 auctor
2893 663 3055 717 esset,
3094 668 3307 721 pmnam
3363 664 3419 705 et

1859 747 2187 814 ejectiunem
2247 762 2314 801 ex
2376 746 2618 800 Ecclesia
2685 744 3075 800 interminandi
3112 784 3126 806 ,
3181 745 3224 796 si
3294 745 3419 812 quis

1863 837 2187 906 imperatore
2253 849 2469 892 mortuo
2525 838 2648 891 ﬁliis
2705 840 2826 905 ejus
2892 837 3292 897 insidiaretur,
3358 846 3415 888 et

1862 928 2142 995 imperium
2181 929 2289 983 illis
2316 929 2519 982 nefarie
2564 929 2831 982 adimeret
2862 943 2877 979 :
2906 925 3225 993 addiditque
3280 941 3405 991 per-

1860 1019 2123 1074 suadendi
2175 1034 2337 1074 causa
2366 1059 2382 1084 ,
2438 1019 2575 1072 nihil
2617 1018 2878 1071 indecens
2930 1028 3025 1068 aut
3072 1014 3409 1082 inopinatum

1860 1111 2143 1174 facturos;
2176 1108 2479 1178 quinetiam
2516 1123 2625 1163 non
2658 1109 2867 1161 modice
2902 1107 3027 1159 ﬁliis
3076 1108 3411 1174 prolttlttrns,

1858 1202 1900 1254 si
1933 1201 2062 1268 quid
2096 1201 2414 1254 human'stus
2440 1201 2572 1267 ipsis
2601 1200 2912 1252 accidisset.
2950 1197 3231 1250 Neminem
3265 1197 3410 1248 enim

1863 1291 2123 1359 prmscire
2161 1290 2304 1343 dictu
2337 1289 2613 1353 ultimum,
2664 1289 2962 1357 pra-sertitu
2998 1288 3145 1355 ipSns
3198 1300 3425 1359 semper

1860 1381 2033 1441 bellis,
2060 1396 2180 1433 cum
2208 1379 2449 1447 periculo
2481 1379 2744 1435 distentos
2780 1395 2791 1428 :
2837 1390 2893 1431 et
2928 1394 3084 1444 posse
3119 1386 3412 1443 utrumque

1858 1485 2048 1523 eorum
2082 1469 2135 1522 in
2181 1470 2373 1523 eodem
2407 1469 2592 1537 pra-lio
2621 1469 2986 1533 occumbere;
3033 1466 3169 1519 male
3199 1475 3417 1519 curatus

1860 1562 2092 1630 relinqui
2156 1562 2315 1624 ﬁlios,
2370 1562 2462 1629 qui
2520 1575 2619 1614 nec
2670 1562 2772 1613 sihi
2822 1560 2954 1627 ipsis
2995 1567 3213 1628 prOpter
3242 1558 3415 1609 :L-tatis

1860 1653 2291 1706 imieciliitatem
2340 1650 2482 1705 ferre
2515 1666 2672 1719 Opem
2723 1651 2997 1719 poterint;
3044 1665 3145 1701 nec
3174 1649 3412 1701 habituri

1858 1746 1987 1807 sint,
2018 1745 2112 1814 qui
2142 1759 2235 1798 eos
2262 1744 2473 1797 sincere
2492 1743 2809 1810 aclegitime
2840 1750 3078 1795 tueatur.
3114 1741 3413 1809 Imperator

1859 1834 2045 1897 reniti,
2067 1833 2211 1902 quod
2245 1833 2367 1902 pius
2387 1845 2531 1886 esset
2557 1833 2744 1895 anirui,
2783 1830 3414 1899 putaretqueconvenire

1857 1924 2028 1993 magis
2086 1925 2141 1977 in
2197 1922 2565 1992 omnipotenti
2634 1922 2854 1975 dextera
2894 1922 3125 1973 salutem
3180 1920 3412 1973 ﬁlioru‘tn

1857 2028 2146 2082 reponere,
2188 2027 2351 2080 quam
2406 2011 2471 2063 ad
2510 2009 2801 2063 ﬁculueum
2850 2010 3113 2062 auxilium
3174 2010 3409 2061 humana

1856 2104 2184 2175 cogitatione
2212 2105 2494 2157 inventum
2515 2102 2817 2170 respicere;
2848 2100 3173 2169 intelligeret
3199 2108 3417 2167 prailcr-

1854 2211 1919 2249 ea
1949 2212 1976 2248 a
2009 2194 2384 2274 superioribus
2434 2192 2860 2262 imperatoribus
2897 2192 3095 2245 similia
3112 2191 3413 2257 excogitata

1855 2286 2046 2347 fuisse,
2114 2301 2215 2340 nec
2263 2284 2554 2354 profuisse,
2609 2283 2677 2337 Et
2726 2282 3078 2352 adjungebat,
3116 2289 3209 2333 aut
3244 2280 3412 2335 Deum

1856 2378 1925 2431 ab
1963 2376 2075 2430 alto
2123 2375 2418 2430 salutarem
2477 2388 2696 2426 manum
2739 2372 3143 2433 extendentem,
3182 2378 3277 2422 aut
3322 2384 3415 2437 po-

1856 2469 2078 2524 tentiam
2107 2469 2212 2522 sibi
2246 2468 2384 2522 bene
2412 2464 2775 2535 cupientium,
2806 2462 3040 2517 devictis
3062 2462 3410 2522 adversariis,

1853 2575 2045 2615 eorum
2071 2560 2140 2613 ad
2189 2560 2442 2630 injuriam
2484 2557 2829 2611 inferendam
2870 2556 3105 2622 impetus
3132 2568 3414 2622 repressu-

1854 2666 1988 2705 ram.
2013 2652 2348 2713 Jnrantenta,
2401 2650 2722 2711 etviuculu,
2770 2657 2819 2702 et
2861 2661 3199 2716 quzecunque
3245 2644 3413 2711 hujus

1852 2740 2067 2810 generis
2121 2740 2254 2792 nihil
2325 2739 2681 2806 perterritura
2740 2750 2836 2789 eos
2871 2773 2886 2798 ,
2950 2734 3042 2802 qui
3096 2748 3163 2786 ex
3220 2732 3414 2785 alienis

1851 2812 2217 2889 incommodis
2264 2850 2362 2887 sua
2394 2847 2717 2901 comparare
2765 2827 3053 2884 commoda
3098 2827 3410 2881 statuerint.

1851 2926 2060 2981 Idcirco
2095 2924 2483 2979 abstinendum
2542 2925 2644 2976 hoc
2696 2921 2933 2990 negotio,
2972 2928 3030 2973 ut
3078 2935 3184 2972 non
3237 2918 3411 2972 solum

1852 3003 1985 3084 ipsis
2025 3015 2226 3079 inutili,
2280 3015 2371 3068 sed
2427 3013 2639 3068 caeteris
2692 2999 2856 3065 etiam
2912 3025 3020 3063 non
3064 3009 3416 3062 mediocriter

1853 3108 2135 3171 nocituro;
2171 3116 2360 3173 utpote
2385 3110 2580 3173 przeter
2611 3116 2801 3170 paenae
2826 3101 2898 3154 ob
2933 3100 3177 3167 rapinam
3199 3098 3413 3150 debitas

185 3191 626 3261 προῃρημένους.
657 3190 747 3243 Διὸ
782 3192 871 3243 καὶ
911 3190 1008 3259 τῆς
1039 3192 1294 3262 τοιαύτης
1324 3194 1573 3264 πράξεως
1610 3197 1744 3250 ἀπο·
1775 3220 1817 3278 c

1775 3220 1817 3278 ο
1851 3198 2014 3252 etiam
2037 3195 2436 3265 dirispreeibus
2468 3208 2495 3245 a
2527 3193 2707 3245 divina
2743 3190 3134 3260 conjunctione
3159 3189 3407 3242 seclusis.

184 3279 432 3347 σχέσθαι,
462 3278 537 3343 ὡς
559 3279 619 3331 οὐ
651 3277 815 3348 μόνον
842 3278 993 3332 οὐδὲν
1020 3282 1148 3349 ἡμῖν
1178 3282 1580 3354 λυσιτελούσης,
1614 3285 1747 3340 ἀλλά

1850 3290 2075 3355 Magnus
2106 3285 2439 3341 domesticus
2487 3285 2713 3342 instare.
2768 3295 3065 3351 rogareque
3113 3280 3273 3349 352
3307 3280 3411 3333 hu-

182 3377 281 3427 xai
312 3373 520 3444 ἑτέροις
547 3374 605 3426 οὐ
628 3374 725 3442 τὴν
751 3374 1037 3445 τυχοῦσαν
1049 3374 1252 3445 βλάϐην
1280 3377 1582 3447 δυναμένης
1612 3397 1748 3451 προ-

182 3464 357 3533 ξενεῖν
387 3460 475 3516 οἷα
499 3463 562 3534 δὴ
592 3464 729 3534 πρὸς
753 3465 830 3534 τῷ
858 3464 1013 3529 δίκας
1047 3467 1145 3535 τῆς
1187 3468 1446 3538 ἁρπαγῆς
1491 3470 1746 3537 ὀφείλειν,

182 3556 285 3608 καὶ
314 3554 745 3625 κεχωρισμένοις
774 3556 882 3608 ἀπὸ
915 3554 1071 3610 Θεοῦ.
1108 3557 1166 3611 '0
1210 3561 1386 3627 μέγας
1413 3559 1471 3612 δὲ
1501 3559 1750 3630 δομέστι-

178 3647 405 3710 κοςοὺκ
435 3646 558 3715 ἀνίη
584 3644 923 3716 βιαζόμενος,
952 3646 1066 3701 ἀλλ’
1101 3648 1268 3701 ἐδεῖτο
1294 3650 1402 3706 τῶν
1447 3651 1546 3720 μὶν
1571 3653 1747 3705 τοιού-

178 3755 292 3790 των
323 3737 496 3806 λόγων
524 3736 881 3805 ἀποσχέσθαι,
923 3739 1072 3809 αὒτῷ
1103 3741 1159 3794 δέ
1189 3739 1469 3795 πείθεσθαι
1494 3744 1569 3804 ὡς
1602 3743 1748 3797 λυσι-

177 3828 446 3881 τελοῦντα
496 3830 590 3879 καὶ
636 3828 821 3881 δίκαια
878 3827 1250 3902 βουλευομένῳ
1276 3847 1292 3864 ο
1335 3837 1429 3887 καὶ
1468 3832 1654 3888 ἔπεισέ
1684 3853 1745 3903 γε

180 3917 538 3987 βιασάμενος,
564 3919 675 3971 οὐδ’
696 3917 838 3972 οὕτω
870 3920 967 3989 μὲν
992 3922 1369 3991 πεπεισμένων
1392 3923 1467 3987 ὡς
1495 3924 1745 3994 λυσιτελῆ

176 4012 248 4062 τὰ
304 4012 654 4076 πραττόμενα
709 4009 815 4076 εἴη,
869 4008 1002 4061 ἀλλά
1056 4010 1155 4078 τῆς
1210 4007 1441 4080 ὲξαρχῆς
1487 4012 1746 4082 ἐχόμενον

176 4100 431 4167 γνώμης.
465 4100 583 4171 ,Διά
640 4098 698 4151 δὲ
748 4101 809 4151 τὸ
844 4098 1019 4152 δοκεῖν
1073 4100 1269 4170 ἐκείνῳ
1319 4102 1620 4155 λυσιτελεῖν
1654 4104 1747 4156 καὶ

173 4195 387 4248 ἄκοντα
427 4191 793 4260 πεπεισμένον
819 4207 832 4221 ο
879 4192 972 4245 καὶ
1005 4192 1095 4244 τὸν
1126 4194 1469 4263 πατριάρχην
1513 4210 1747 4262 μετακα-

175 4284 483 4354 λεσάμενος
514 4282 610 4335 καὶ
631 4284 745 4334 ὅσοι
770 4282 879 4334 τῶν
913 4282 1212 4352 ἀρχιερέων
1242 4284 1297 4335 έν
1329 4283 1607 4356 Βυζαντίῳ
1624 4286 1746 4337 τότε

171 4383 459 4450 παρῆσαν,
476 4380 565 4430 καὶ
595 4378 696 4430 ὅσα
718 4374 783 4447 ἦν
800 4378 944 4441 εἰκὸς
970 4377 1269 4448 διαλεχθεὶς
1292 4381 1419 4449 περὶ
1456 4380 1550 4434 τοῦ
1575 4384 1749 4449 πράγ-

1844 3380 2085 3452 jnsmodi
2136 3379 2322 3431 verbis
2384 3385 2695 3448 parceret...
2732 3373 2836 3427 sibi
2891 3372 3098 3426 utiliter
3151 3387 3216 3426 ac
3264 3372 3411 3440 juste

1848 3469 2160 3526 consulenti
2208 3476 2443 3536 pareret.
2482 3466 2546 3519 Et
2595 3461 3005 3531 importunitate
3032 3461 3177 3530 quod
3218 3462 3411 3523 voluit,

1847 3561 2047 3624 rlfecit,
2107 3573 2213 3612 non
2257 3558 2329 3610 ita
2395 3566 2575 3609 tamen
2630 3564 2689 3607 ut
2752 3552 3099 3621 profuturum
3160 3551 3411 3604 crederet

1848 3652 2168 3719 imperator,
2214 3647 2261 3701 si
2300 3646 2512 3710 ,ﬁeret;
2564 3658 2750 3698 verum
2800 3641 3111 3709 anticipata:
3166 3641 3408 3709 opinioni

1848 3757 1961 3796 suae
1991 3739 2201 3803 afﬁxus,
2228 3736 2485 3808 quoniam
2525 3736 2617 3789 ille
2666 3733 3015 3804 profuturum
3044 3732 3319 3792 censebat.
3354 3733 3408 3785 in

1848 3833 2085 3903 Speciem
2156 3844 2412 3883 assensus
2479 3834 2595 3889 est,
2661 3823 3038 3891 aceersitoque
3101 3822 3409 3890 patriarcha

1847 3936 1969 3978 cum
2013 3919 2289 3991 episc0pis
2320 3928 2590 3988 quotquot
2628 3914 2871 3986 Byzantii
2911 3914 3295 3977 versabantur,
3353 3923 3409 3967 et

1847 4026 1968 4086 Quae
2021 4014 2251 4069 decebat
2302 4012 2370 4065 de
2438 4025 2496 4064 re
2555 4008 2770 4061 locutus
2806 4022 2821 4059 :
2855 4005 3129 4059 declarata
3190 4006 3412 4075 insuper

1850 4106 2022 4177 palam
2054 4103 2325 4159 sententia
2374 4116 2492 4164 sua,
2519 4098 2621 4151 sibi
2672 4096 2893 4165 quidem
2932 4108 3047 4147 rem
3096 4109 3275 4162 neque
3312 4111 3407 4145 ne-

1848 4197 2163 4260 cessariam,
2217 4208 2394 4262 neque
2441 4188 2844 4245 conducibilem
2878 4186 3049 4239 videri
3097 4186 3229 4254 (non
3261 4188 3409 4239 enim

1847 4288 2089 4343 cohiberi
2124 4300 2280 4356 posse
2322 4282 2699 4337 insidiatorum
2730 4271 3095 4347 cupidinem),
3127 4286 3303 4331 tamen
3341 4293 3412 4329 ne

1849 4379 2190 4434 existimetur
2214 4390 2315 4429 suo
2347 4384 2558 4427 tantum
2596 4370 2806 4440 judicio
2834 4367 3102 4439 obsequi,
3151 4367 3245 4421 scd
3276 4369 3413 4421 alio-

172 4488 374 4543 ματος,
390 4471 483 4523 καὶ
498 4468 596 4538 τὴν
616 4467 838 4537 γνώμην
860 4470 1098 4537 φανερὰν
1117 4471 1368 4538 ποιήσας,
1392 4470 1469 4534 ώς
1483 4472 1630 4543 αὑτῷ
1650 4473 1749 4543 μὲν
1778 4535 1822 4543 _

1742 4491 1749 4520 ν
1778 4535 1822 4543 _
1854 4485 1975 4523 rum
2003 4481 2219 4537 quoque
2269 4463 2515 4519 consiliis
2543 4464 2756 4521 celere,
2810 4469 2864 4512 et
2918 4474 3112 4513 manus
3140 4459 3292 4519 dare,
3351 4470 3405 4512 et

173 4535 306 4617 οὔτε
351 4535 647 4629 ἀναγκαῖον
664 4535 804 4613 οὔτε*
828 4535 1287 4630 λυσιτελὲςγδοκ-εῖ
1314 4563 1373 4615 τὸ
1409 4535 1747 4632 πραγμαοοὺ
1778 4535 1830 4595 D

1778 4535 1830 4595 D
1860 4577 1972 4616 rem
2025 4535 2147 4612 illis
2188 4556 2528 4611 committere
2613 4550 2842 4603 Proinde
2875 4550 3162 4603 anathema
3214 4550 3267 4601 in
3312 4564 3414 4602 eos

174 4656 291 4724 γάρ
324 4653 621 4723 ὲπισχήσει
653 4652 752 4714 τάς
776 4651 955 4722 ὁρμὰς
979 4653 1086 4704 τών
1123 4652 1426 4706 έπιϐούλων
1452 4669 1468 4685 ⁸
1491 4654 1564 4715 ὡς
1590 4654 1656 4708 ἂν
1691 4655 1748 4719 δὲ

176 4747 258 4817 μὴ
280 4745 466 4814 δοκοίη
490 4746 602 4807 τοῖς
631 4745 909 4813 σφετέροις
940 4745 1118 4812 μόνοις
1140 4743 1419 4797 πείθεσθαι
1448 4744 1749 4815 λογισμοῖς,

170 4836 318 4889 ἀλλά
346 4836 441 4887 καὶ
471 4832 680 4904 ἑτέροις
721 4831 1149 4901 συμϐουλεύουσι
1182 4835 1556 4903 παραχωρεῖν,
1588 4834 1749 4886 αὐτόν

172 4945 234 4979 τε
275 4925 569 4979 πεπεῖσθαι
622 4926 716 4977 καὶ
760 4925 941 4991 σφίσιν
996 4924 1330 4992 ἐπιτρέπειν,
1378 4924 1593 4977 ἐκέλευε
1653 4926 1768 4980 τδν.’

169 5020 487 5090 ἁφορισμὸν
518 5018 661 5070 κατά
680 5016 788 5070 τῶν
820 5017 957 5083 μετά
989 5016 1085 5086 τὴν
1119 5017 1326 5069 ἐκείνου
1354 5015 1611 5087 τελευτὴν
1632 5018 1744 5079 τοῖς

168 5112 373 5165 παισὶν
398 5109 597 5173 ἀδίκως
628 5108 1042 5179 έπιθησομένων
1071 5110 1336 5177 έκφωνεῖν
1357 5126 1369 5138 θ
1397 5109 1490 5161 καὶ
1514 5109 1745 5162 ἐτελεῖτο

168 5219 332 5275 παρα
382 5196 790 5274 πατριάρχουῇ
839 5200 1201 5272 προσέταττεν
1255 5203 1283 5254 ὁ
1339 5199 1612 5270 βασιλεύς.
1648 5201 1743 5255 Διά

166 5296 355 5350 ταῦτα
390 5294 454 5363 δὴ
489 5292 632 5361 μετὰ
662 5292 757 5361 τὴν
798 5292 1005 5344 ἐκείνου
1039 5290 1318 5360 τελευτὴν,
1340 5292 1367 5344 δ
1399 5292 1748 5363 πατριάρχης

163 5387 333 5456 ᾠήθη
353 5384 481 5448 δεῖν,
494 5376 581 5435 οἷα
601 5381 782 5453 δὴιτῶν
804 5380 1065 5450 βασιλέως
1087 5380 1290 5433 παίδων
1307 5380 1503 5449 φύλαξ,
1519 5381 1690 5443 ἄλλως
1704 5383 1750 5432 θ’

162 5483 249 5532 ὅτι
305 5476 460 5529 καὶὸ
504 5473 599 5529 τοῦ
637 5472 905 5543 βασιλέως
974 5473 1102 5531 παῖς
1143 5470 1392 5542 Ἰωάννης
1425 5472 1453 5524 ὁ
1486 5471 1739 5541 βασιλεὺς

1857 4650 2065 4709 dicunt,
2094 4645 2183 4714 qui
2221 4659 2280 4697 se
2322 4651 2535 4695 mortuo
2566 4638 2705 4692 ﬁlios
2731 4638 2849 4706 ejus
2889 4652 2987 4705 per
3018 4639 3196 4691 scelus
3225 4638 3406 4690 aduri-

1857 4751 2066 4797 rentur.
2094 4735 2404 4793 Patriarcha
2426 4734 2576 4802 jussa
2624 4729 2856 4798 complet
2882 4744 2896 4792 ;
2922 4737 2974 4781 et
3004 4728 3106 4782 hac
3144 4729 3404 4781 nimirum

1856 4835 1923 4890 de
1961 4847 2129 4887 causa
2179 4838 2298 4899 post
2327 4826 2445 4895 ejus
2475 4824 2681 4877 obitum
2732 4830 2987 4891 oportere
3037 4836 3094 4875 se
3149 4833 3403 4889 tauquam

1854 4928 2090 4981 ﬁliorum
2126 4930 2358 4975 tutorem
2390 4926 2468 4986 (et
2492 4914 2789 4983 prtesertim
2824 4913 2951 4982 quia
2975 4912 3215 4966 Joannes
3240 4913 3413 4983 'unpe-

1852 5029 2003 5073 rator
2059 5012 2350 5069 admodum
2416 5022 2549 5078 puer
2610 5004 2832 5068 adhuc,
2889 5018 3081 5056 novem
3142 5004 3408 5058 duntamt

1849 5122 2023 5163 annos
2064 5113 2220 5158 natus
2252 5108 2364 5154 erat
2412 5097 2521 5166 (90)
2563 5091 3060 5163 )gnbernationem
3116 5091 3408 5160 at:ingere,

1852 5209 1908 5254 ct
1940 5191 2343 5265 adolescentulo
2384 5187 2704 5257 imperatori
2756 5183 3047 5251 imperium
3081 5198 3409 5236 consvrvarc

1856 5286 2201 5344 existimavit.
2235 5286 2311 5337 Ac
2338 5280 2579 5348 suscepit
2621 5277 2842 5347 quidem
2876 5277 2965 5331 ille
2993 5277 3410 5344 rempublicam,

1847 5377 2224 5453 paulatimque
2290 5378 2461 5426 semet
2532 5370 2585 5422 in
2654 5367 3020 5436 principatum
3078 5366 3414 5430 intrudens,

1859 5476 2027 5528 latere
2056 5467 2265 5523 studuit
2284 5479 2444 5535 quam
2478 5462 2712 5515 maxime
2738 5460 2914 5530 potuit
2934 5478 2947 5513 :
2967 5459 3111 5529 quod
3142 5467 3414 5513 metueret

1340 5643 1345 5647 ·
1424 5628 1638 5690 Jacobi
1674 5630 1938 5693 Pontani
1971 5637 2155 5690 noue.

239 5759 358 5833 (90)
400 5758 558 5833 Patre
589 5756 1120 5833 moriente_J_oan_nes
1139 5755 1598 5833 Palaeologusnon
1659 5757 1775 5827 plus
1811 5776 2005 5816 novem
2064 5769 2235 5811 annos
2289 5760 2447 5806 natus
2496 5760 2634 5804 crat.
2705 5747 2836 5803 lluic
2880 5746 3060 5807 crede,
3116 5756 3168 5799 et
3223 5744 3416 5799 falsum

167 5827 305 5903 puia
342 5830 657 5891 Laonicum,
697 5829 785 5897 qui
817 5828 865 5882 ei
890 5827 1173 5883 duodecim
1202 5827 1608 5883 annos'tribuit.
