4212 6444
229 459 368 522 713‘

227 567 452 632 ἀμαθῶς
514 564 606 616 καὶ
652 564 893 631 θρασέως
952 573 1080 631 πρίν

225 661 562 727 Γέγραπται,
626 651 794 716 εἶπεν,
849 657 944 708 ἐάν
1005 673 1083 723 τῳ
1137 654 1349 721 ἐσχάτῳ
1400 650 1787 716 ἀποκαλυφθῇ.

229 752 437 816 σιγάτω
481 751 508 800 ὁ
557 749 792 815 πρῶτος.
826 747 925 798 ’Ᾱν
971 741 1065 799 οὖν
1099 749 1191 798 καὶ
1222 745 1378 813 ήμῶν
1408 760 1517 794 τινι
1549 741 1654 793 τῶν
1701 741 1785 790 δον

230 840 472 892 κούντων
527 839 770 906 ἐσχάτων
819 832 959 888 εἶναι
1026 835 1233 905 βέλτιόν
1280 850 1332 884 τι
1371 836 1497 900 περὶ
1551 823 1624 883 ὧν
1675 828 1794 879 νυνὶ

231 931 596 1000 βουλευόμεθα
630 931 809 981 εἰπεῖν
841 927 958 994 ἐξῇ,
1006 929 1220 997 ἀνάγκη
1256 927 1347 978 τὸν
1389 925 1608 993 πρῶτον
1637 922 1799 990 στέρ-

229 1041 370 1089 γειν.
407 1021 719 1090 Ἑταράχθη
755 1021 852 1087 μὲν
882 1021 976 1072 οῦν
1010 1019 1172 1081 εὐθὺς
1198 1019 1226 1070 ὀ
1259 1019 1430 1088 μέγας
1475 1010 1794 1086 δομέστικος

229 1113 326 1164 ἐπὶ
357 1114 435 1181 τῷ
464 1109 610 1181 λόγῳ
639 1112 773 1178 πρὸς
801 1112 901 1177 τὴν
927 1113 1242 1179 θρασυτητα
1275 1111 1365 1162 καὶ
1395 1109 1672 1162 ἀναίδειαν
1699 1105 1794 1158 τοῦ

233 1203 423 1270 ἀνδρὸς
455 1202 782 1268 ἀγανακτῶν
807 1218 820 1232 ·
857 1202 1104 1270 οἰόμενος
1134 1201 1190 1254 δέ
1223 1201 1320 1270 τὴν
1347 1199 1597 1269 βασιλίδα
1627 1198 1660 1268 ἢ
1703 1199 1794 1249 τὸν

235 1293 612 1362 πατριάρχην,
638 1287 798 1354 οὗτος
825 1293 933 1360 γὰρ
968 1293 1068 1361 ήδη
1115 1293 1418 1361 προΐστατο
1463 1291 1564 1357 τῆς
1603 1289 1797 1358 βουλῆς

235 1385 372 1454 πρὸς
407 1385 576 1454 ὀργὴν
619 1386 709 1437 τὸν
740 1385 989 1454 Χοῦμνον
1036 1384 1332 1436 ἀπελάσειν
1373 1381 1468 1436 τοῦ
1503 1381 1798 1450 βουλευτη-

234 1476 378 1543 ρίου,
410 1476 442 1546 ἦ
475 1476 653 1542 λόγοις
681 1474 1004 1544 ἐπιπλήξειν
1020 1475 1118 1544 τῆς
1135 1474 1367 1545 ἀκαίρου
1396 1471 1797 1540 γλωσσαλγίας,

227 1565 433 1635 ἤνεγκε
471 1569 600 1635 σιγῇ
622 1582 635 1596 ·
667 1565 742 1627 ὡς
769 1566 824 1618 δέ
866 1568 1001 1633 μήτε
1029 1567 1162 1634 παρ’
1193 1564 1418 1618 ἐκείνων
1445 1563 1662 1626 ἐλέγετο
1689 1561 1799 1613 τῶν

228 1651 465 1704 δεόντων
519 1669 611 1716 τι,
663 1652 743 1705 ἐτι
810 1653 1013 1721 μᾶλλον
1073 1651 1442 1719 ἐταράττετο·
1501 1649 1802 1719 τεκμήριον

231 1744 466 1812 ἐναργὲς
488 1744 714 1810 ἀταξίας
743 1747 834 1798 καὶ
887 1745 1156 1814 ἀναρχίας
1185 1743 1471 1812 τιθέμενος
1504 1741 1595 1794 τὸν
1643 1741 1801 1806 λόγον

230 1835 280 1884 εί
332 1835 496 1888 πᾶσιν
531 1836 745 1900 ἐξέσται
792 1838 905 1898 τοῖς
940 1835 1150 1906 μείζοσι
1194 1834 1560 1905 προσκρούειν
1608 1833 1798 1893 ἀδεῶς.
1837 1857 1875 1912 Β

232 1919 506 1991 Τορνίκης
537 1924 594 1975 δὲ
628 1926 940 1993 Δημήτριος
979 1924 1077 1976 οὐκ
1115 1924 1355 1988 ἐνεγκὼν
1388 1925 1486 1991 τὴν
1543 1924 1797 1975 ἀτοπίαν.

231 2007 300 2058 Τί
337 2004 455 2068 οὖν,
484 2005 629 2071 εἷπε,
653 2008 1033 2078 δημοκρατίαν
1063 2010 1168 2078 χρὴ
1194 2011 1370 2062 ποιεῖν
1397 2009 1802 2078 τὴνῬωμαίων

235 2099 548 2167 βασιλείαν,
589 2099 657 2152 ἶν’
685 2098 778 2170 ἐξῇ
821 2104 982 2155 παντὶ
1013 2101 1089 2171 τῷ
1121 2099 1474 2170 βουλεύεσθαι
1509 2101 1803 2168 καὶλέγειν

231 2190 372 2243 ἆττα
424 2191 493 2244 ἂν
545 2191 674 2262 δοκῇ
726 2194 820 2246 καὶ
864 2179 995 2261 περὶ
1042 2193 1309 2261 μειζόνων
1357 2193 1448 2245 καὶ
1504 2192 1803 2244 ἐλαττόνων

232 2283 605 2350 πραγμάτων,
639 2287 735 2337 καὶ
766 2285 1016 2354 ἀνάγκην
1046 2285 1400 2356 προστιθέναι
1429 2287 1540 2348 τοῖς
1572 2284 1804 2353 βελτίοσι

233 2375 483 2445 στέργειν
541 2375 608 2428 τά
656 2376 1038 2447 ἐψηφισμένα;
1095 2379 1191 2429 καὶ
1244 2379 1403 2429 ποίαν
1465 2378 1698 2440 ἀτοπίας
1740 2376 1806 2428 ἂν

233 2468 550 2538 ὑπερϐολὴν
580 2468 788 2523 ἐλλίποι
821 2470 880 2522 τὸ
909 2470 1153 2524 τοιοῦτον
1182 2486 1196 2500 ·
1232 2470 1583 2540 ὡρμημένων
1618 2488 1676 2523 τε
1704 2471 1807 2538 ήδη

232 2561 504 2629 περὶτῶν
536 2549 800 2614 τοιούτων
839 2563 1091 2633 ἀλλήλοις
1122 2563 1448 2631 ἀντιλέγειν,
1497 2564 1729 2632 ἐπέσχεν
1772 2564 1806 2632 ή

234 2655 477 2725 βασιλὶς,
503 2656 611 2709 τῶν
651 2657 896 2725 ἀκαίρων
927 2656 1264 2726 ἀποσχέσθαι
1303 2655 1600 2709 κελεύουσα
1633 2655 1808 2722 λόγων

232 2751 466 2802 τουτωνὶ
494 2753 591 2803 καὶ
625 2751 946 2819 ἀναγκαίων
982 2752 1110 2820 πέρι
1143 2750 1510 2813 διαλέγεσθαι.
1539 2750 1600 2800 '0
1637 2749 1808 2819 μέγας

231 2839 292 2892 δὲ
322 2831 647 2906 δομέότικος
679 2841 1125 2911 ὑποκρινάμενος
1154 2841 1245 2893 τὸν
1277 2841 1550 2910 στόμαχον
1599 2841 1811 2907 ἀλγεῖν,

233 2932 473 2985 ἔπλαττε
506 2934 626 2985 τότε
657 2933 988 3003 στρέφεσθαι
1032 2935 1100 2986 τά
1140 2935 1312 2998 ἔνδον,
1340 2935 1435 2986 καὶ
1472 2931 1684 2985 ἐσιώπα
1736 2933 1811 2994 ὼς

246 3023 386 3091 μηδέ
424 3022 756 3090 φθέγγεσθαι
782 3022 1079 3091 δυνάμενος
1102 3021 1207 3074 ὑπὸ
1235 3022 1332 3090 τῆς
1360 3019 1650 3090 ἀλγηδόνος
1702 3034 1716 3048 ⁸
1761 3021 1811 3072 oi

233 3114 316 3175 δέ,
345 3115 602 3175 ἀτάκτως
634 3113 953 3182 ἐθορύϐουν,
1006 3113 1242 3176 ἕκαστος
1273 3114 1334 3166 τὸ
1372 3114 1812 3183 προσιστάμενον

1372 451 1915 514 HISTORIARUM
1967 454 2193 511 LIBER
2229 452 2339 511 ΙΙΙ.

1139 577 1188 611 τι
1238 560 1576 627 φθέγξασθαι
1639 559 1817 619 rivi,

1917 557 2062 622 quod
2110 558 2334 610 minime
2371 557 2623 625 deet-bat)
2655 561 2826 627 major
2853 571 2978 611 cum
3013 558 3351 625 perturbatio
3386 560 3467 610 in~

1894 651 2081 710 cessit,
2134 666 2233 718 pro
2282 653 2574 706 manifesto
2602 654 2950 706 confusionis
2986 667 3038 705 οι
3061 652 3335 706 anarebim
3370 654 3466 704 ba-

1899 740 2114 792 bentem
2173 741 2395 805 indicio,
2437 744 2482 796 si
2517 744 2570 796 in
2598 744 2846 804 quemvis
2883 759 2912 796 e
2959 744 3257 806 majoribus
3299 745 3467 795 libere,

3360 445 3464 508 714

1900 830 2162 885 insultare
2205 833 2414 887 liceret.
2455 833 2767 888 Demetrius
2809 851 2974 904 porro
3014 834 3472 886 Toruiciusinso-

1896 919 2119 975 lentiam
2167 939 2275 978 non
2324 925 2715 992 ferens:Quid
2765 927 2868 980 hoc
2917 927 3018 985 rei,
3049 926 3246 992 inquit,
3276 926 3341 977 ad
3379 926 3471 976 de-

1903 1013 2222 1066 mocratiam
2273 1029 2342 1068 ne
2372 1014 2676 1069 Romanum
2717 1016 3008 1084 imperium
3043 1015 3374 1082 redigcmns.
3415 1023 3472 1067 ut

1901 1101 2197 1168 unicuique
2243 1101 2324 1155 fas
2372 1104 2445 1156 sit
2471 1105 2777 1163 consulere,
2806 1120 2866 1157 ac
2898 1103 3082 1156 dicere
3117 1120 3212 1170 pro
3244 1103 3470 1155 libidine

1901 1205 2055 1256 anque
2090 1190 2141 1242 in
2169 1193 2533 1260 gravioribus,
2561 1204 2618 1247 ut
2656 1194 2709 1246 in
2743 1196 3044 1249 levioribus
3070 1205 3123 1247 et
3155 1196 3473 1262 prudentu-

1902 1280 2056 1333 ribus
2095 1297 2194 1334 sua
2247 1283 2466 1338 decreta
2509 1287 2843 1354 approbandi
2889 1288 3264 1339 necessitatem
3300 1287 3476 1354 impo-

1903 1371 2073 1422 nere?
2099 1371 2238 1436 Quid
2270 1379 2484 1427 tandem
2512 1374 2615 1428 boc
2638 1377 2892 1430 stolidius
2925 1377 3041 1428 lieri
3083 1377 3284 1444 queat?
3306 1375 3474 1429 Cum-

1902 1475 2007 1527 que
2058 1462 2167 1530 jam
2223 1463 2369 1522 inter
2402 1480 2459 1518 se
2498 1466 2750 1520 altercari
2794 1468 3118 1536 inciperent,
3159 1470 3475 1536 imperauit:

1904 1565 1960 1604 se
2016 1551 2394 1621 interponens,
2453 1571 2548 1610 eos
2604 1558 2887 1620 cohibuit;
2924 1559 3157 1619 hortata,
3187 1569 3246 1610 ut
3292 1559 3479 1610 istim-

1906 1638 2051 1691 modi
2103 1644 2449 1698 sermonibus
2501 1645 2694 1700 alienis
2728 1647 2986 1710 omissis,
3030 1648 3097 1701 de
3153 1647 3476 1700 necessariis

1911 1727 2269 1788 dissere-rent.
2301 1732 2523 1801 Magnu:
2555 1734 2893 1789 domesticus
2919 1737 3161 1789 dolorem
3184 1737 3474 1794 stomachi.

1904 1829 1960 1873 et
1995 1822 2228 1876 tormina
2261 1824 2545 1890 simulare,
2576 1827 2870 1896 silereque,
2903 1843 2967 1882 ac
3005 1828 3050 1881 si
3082 1829 3361 1881 cruciatus
3389 1829 3476 1880 ille.

1904 1911 2007 1964 sibi
2063 1927 2250 1967 vocem
2292 1916 2551 1985 eriperet.
2601 1918 2678 1971 Illi
2727 1919 3050 1973 immodeste
3101 1928 3350 1971 mutuum
3369 1901 3480 1971 ὀὺ-

1906 2013 2175 2072 strepere,
2225 2006 2353 2061 dum
2382 1992 2613 2077 quisque
2659 2011 3000 2080 propositum
3036 2011 3362 2065 conﬁrmare
3400 2014 3482 2063 ni-

1905 2093 2060 2148 titur.
2119 2095 2284 2168 355
2331 2097 2564 2164 Quidam
2598 2102 2745 2154 enim
2773 2102 3085 2156 Sisnianum
3119 2103 3345 2156 Romani
3380 2105 3480 2156 im-

1907 2186 2042 2253 perii
2093 2189 2394 2257 supplicem
2450 2194 2928 2256 conservandum,
2983 2211 3089 2248 non
3139 2196 3477 2264 prodendi-ni

1908 2279 2230 2333 asserebant
2254 2297 2269 2335 :
2294 2282 2508 2337 etiamsi
2535 2285 2657 2353 ejus
2681 2300 2842 2340 causa
2866 2287 3147 2356 quippiam
3174 2290 3366 2342 durius
3388 2306 3483 2358 pa-

1913 2368 2160 2424 tiendum
2185 2373 2350 2428 foret.
2385 2376 2492 2429 Alii
2518 2377 2689 2446 magis
2721 2379 3022 2446 regionem,
3047 2388 3101 2433 et
3122 2382 3343 2450 propria
3369 2398 3484 2435 ser-

1909 2462 2082 2516 vanda
2115 2466 2449 2536 tuendaque,
2473 2484 2573 2522 nec
2601 2479 2828 2538 propter
2851 2470 3137 2540 fugitivum
3171 2473 3468 2526 Barbarum

1911 2550 1964 2605 in
1998 2556 2224 2622 praevisa
2253 2559 2498 2626 pericula
2523 2570 2716 2628 sponte
2741 2561 3162 2617 incurrendum.
3185 2559 3284 2618 His
3312 2576 3476 2633 atque

1912 2645 2186 2703 similibus
2209 2650 2389 2704 verbis
2412 2661 2814 2715 concertantes,
2844 2655 3104 2723 palatium
3141 2658 3477 2711 clamoribus

1915 2741 2236 2814 implebant,
2260 2741 2472 2796 cunctis
2501 2741 2568 2796 ad
2590 2758 2938 2798 communem
2962 2747 3250 2800 utilitatem
3267 2758 3486 2802 senten-

1916 2832 2038 2896 tias,
2073 2843 2127 2886 et
2154 2833 2350 2900 placita
2385 2848 2483 2887 sua
2509 2833 2564 2886 in
2593 2834 2834 2888 medium
2866 2835 3062 2890 aﬂ'erre
3086 2841 3484 2906 satagentibus.
3568 2823 3570 2826 r

1913 2921 2160 2992 Cumque
2180 2925 2576 2979 sententiarum
2609 2927 2888 2980 contentio
2925 2927 3348 2995 ingravesceret.
3379 2948 3442 2999 pa
3463 2960 3477 2972 ο

1916 3015 2154 3070 triarcha
2190 3016 2347 3085 quasi
2378 3017 2638 3071 nimirum
2665 3018 2850 3072 nescio
2878 3019 3008 3088 quid
3036 3035 3283 3090 magnum
3310 3034 3364 3076 et
3389 3025 3485 3078 ad-

1917 3107 2562 3165 mirabileconsulturus:
2588 3111 2700 3164 Mea
2716 3111 2998 3180 opinione,
3019 3113 3215 3182 inquit,
3234 3117 3489 3170 Sismauo

239 3203 566 3273 βουλόμενος
596 3205 819 3273 κυροῦν.
849 3205 911 3258 Οἱ
945 3205 1042 3274 μὲν
1063 3205 1170 3275 γὰρ
1193 3205 1380 3272 ἔλεγον
1405 3205 1517 3259 δεῖν
1542 3206 1810 3273 Σίσμανον

1917 3199 1972 3252 in
1993 3199 2166 3254 aedem
2202 3198 2420 3270 Sophia:
2452 3203 2930 3273 transfugiendum
2953 3216 3062 3272 est;
3088 3223 3395 3276 quamcum
3421 3213 3490 3266 ab

234 3295 553 3361 διασώζειν,
587 3297 777 3365 ίκέτην
810 3295 913 3366 τῆς
959 3296 1245 3374 Ῥωμαίων
1277 3297 1553 3367 βασιλείας
1584 3313 1812 3365 γεγενηο

239 3391 430 3459 μένον,
469 3390 561 3442 καὶ
615 3389 690 3460 μὴ
746 3390 1228 3458 καταπροδιδόναι,
1279 3391 1329 3442 εί
1369 3390 1453 3442 δεῖ
1491 3407 1546 3443 τι
1592 3389 1816 3443 καὶτῶν

236 3484 526 3554 δυσχερῶν
579 3486 875 3554 ὑπομένειν
917 3485 986 3538 δι’
1019 3487 1204 3539 αὐτόν.
1257 3486 1317 3540 Ol
1367 3485 1444 3547 δὲ,
1494 3486 1595 3555 τὴν
1628 3485 1815 3553 χώραν

239 3575 447 3644 μᾶλλον
495 3575 688 3628 καὶτὰ
727 3576 900 3628 οίκεῖα
946 3576 1256 3640 διασώζειν,
1291 3575 1386 3626 καὶ
1429 3575 1503 3643 μὴ
1537 3573 1814 3642 βαρϐάρου

235 3667 409 3720 ἕνεκα
463 3668 704 3735 φυγάδος
757 3670 837 3730 είς
888 3667 1171 3737 προῦπτον
1223 3667 1470 3719 κίνδυνον
1521 3665 1814 3732 ἐμϐάλλειν

237 3755 388 3820 σφᾶς
439 3753 668 3814 αὐτούς·
721 3755 814 3807 καὶ
852 3753 1074 3808 τοιαῦτα
1127 3755 1288 3822 ἔτερα
1331 3753 1619 3820 ἀντέλεγον
1679 3752 1816 3819 πρὺς

235 3843 533 3912 ἀλλήλους,
580 3845 677 3898 καὶ
713 3845 847 3916 βοῆς
876 3846 946 3898 τά
992 3845 1241 3915 βασίλεια
1271 3845 1563 3915 ἐπλήρουν,
1596 3843 1816 3896 πάντων

233 3933 540 3988 ἐθελόντων
571 3935 798 4006 γνώμας
829 3937 922 3990 καὶ
955 3936 1286 4007 ψηφίσματα
1320 3937 1629 4006 προτείνειν
1673 3935 1816 4004 ὑπὲρ

232 4024 354 4078 τῶν
387 4030 536 4097 κοινῇ
569 4026 1012 4082 λυσιτελούντων.
1048 4028 1208 4090 Ὠςδέ
1239 4028 1551 4098 ἐπιπλέονή
1588 4027 1818 4096 φιλονει-

235 4117 338 4170 κία
369 4119 723 4188 παρετείνετο
744 4121 836 4172 καλ⁵
864 4120 1187 4190 ἀσύμφωνοι
1220 4123 1338 4183 ταῖς
1373 4119 1621 4188 γνώμαις
1647 4115 1812 4190 ἦσαν,

232 4212 266 4263 6
305 4210 658 4280 πατριάρχης
695 4211 769 4274 ὡς
803 4212 925 4280 δήτι
958 4213 1100 4280 μέγα
1147 4213 1242 4265 καὶ
1288 4213 1594 4282 θαυμάσιον
1626 4210 1816 4281 βεϐου-

232 4305 529 4372 λευμένος,
577 4303 734 4370 Ἐμοὶ
791 4304 993 4367 δοκεῖν,
1054 4303 1489 4373 ἔφη,’Σίσμανον
1545 4307 1684 4372 πρὸς
1725 4303 1816 4356 τὸν

231 4395 342 4464 τῆς
379 4392 473 4444 τοῦ
511 4392 650 4445 Θεοῦ
686 4393 885 4461 Σοφίας
932 4393 1070 4447 νεὼν
1109 4397 1451 4464 καταφυγεῖν
1473 4411 1486 4425 ·
1530 4394 1724 4464 ἀσυλίᾳ
1759 4393 1816 4446 δὲ

1917 3292 2174 3357 omnibus
2193 3292 2619 3362 imperatoribus
2636 3296 2905 3366 asylijurc
2919 3299 3239 3355 honoratam
3254 3315 3488 3368 constet,

1919 3382 2103 3437 licebit
2135 3392 2191 3438 et
2217 3384 2377 3440 nobis
2401 3386 2694 3440 honestum
2720 3388 3015 3445 Alexandri
3044 3392 3234 3463 legatis
3258 3411 3488 3466 respou-

1917 3490 2036 3528 sum
2067 3475 2336 3541 reddere;
2366 3477 2513 3531 nefas
2532 3477 2700 3532 fuisse
2733 3480 2893 3537 nobis
2911 3482 3005 3537 Dei
3033 3486 3334 3554 supplicem
3367 3491 3491 3544 abso

1919 3567 2155 3632 trahere,
2185 3577 2238 3622 et
2264 3567 2384 3622 aliis
2429 3570 2870 3626 interliciendum
2919 3576 3238 3643 transdere;
3272 3583 3491 3648 quando

1918 3656 1970 3708 id
1992 3658 2042 3710 iu
2069 3659 2275 3712 scelere
2289 3660 2532 3712 omnium
2562 3661 2934 3730 impurissimo
2953 3680 2979 3718 a
3001 3666 3260 3722 Romanis
3275 3687 3492 3742 semper

1917 3760 2268 3802 numeratum
2316 3750 2407 3804 sit.
2453 3751 2608 3806 Multi
2665 3755 2831 3824 igitur
2865 3768 3165 3824 prasentes
3195 3764 3488 3818 consilium

1917 3841 2022 3894 boc
2076 3843 2128 3896 in
2175 3843 2374 3898 etelum
2425 3845 2698 3910 ferebant,
2740 3849 3118 3920 optimumque
3145 3868 3208 3906 ac
3247 3858 3491 3923 pruden-

1920 3934 2217 4000 tissimum,
2264 3945 2320 3990 et
2351 3938 2416 3991 ad
2449 3939 2659 4009 legatos
2684 3942 2974 3997 Alexandri
3010 3946 3091 4014 (ut
3118 3948 3209 4016 qui
3241 3953 3348 4017 jam
3386 3953 3489 4020 ipsi

1917 4040 2143 4096 quoque
2182 4031 2543 4086 recusationis
2575 4035 3034 4089 necessitudinem
3067 4041 3489 4113 perspicerent),

1919 4136 1977 4174 re
2022 4119 2341 4190 impertecta
2392 4122 2747 4190 dimittendos
2780 4125 2937 4193 longe
2960 4133 3486 4196 opportunissimum

1913 4210 2254 4280 judicabant.
2314 4209 2554 4265 Taceute
2607 4229 2802 4284 magno
2843 4216 3185 4285 domestico,
3247 4225 3488 4294 Augusta

1920 4300 2154 4368 primum
2182 4300 2250 4354 de
2283 4303 2454 4355 morbi
2486 4304 2605 4370 ejus
2637 4305 3070 4373 importunitate,
3097 4320 3340 4382 tempore
3379 4327 3486 4372 tam

1920 4393 2144 4462 ancipiti
2176 4404 2232 4447 et
2266 4395 2497 4448 consilio
2517 4405 2732 4464 egente,
2778 4402 3129 4467 querebatur.
3162 4404 3363 4462 Deinde
3396 4411 3492 4463 ad-

230 4484 414 4538 αὑτοῦ
445 4485 806 4554 τετιμημένου
843 4484 947 4538 ὑπὸ
973 4486 1188 4538 πάντων
1221 4486 1336 4538 ὅσοι
1373 4487 1660 4565 Ῥωμαίων
1689 4485 1816 4536 ἐϐα-

1923 4486 2200 4551 monebat,
2246 4486 2290 4540 si
2320 4487 2558 4556 placeret
2584 4490 2633 4543 ei
2661 4492 2988 4558 patriarchae
3019 4497 3183 4562 ratio,
3212 4505 3489 4567 quomolo

232 4576 524 4640 σίλευσαν,
564 4575 765 4638 ἐξεῖναι
795 4576 894 4629 καὶ
954 4577 1083 4646 ήμίν
1115 4576 1477 4646 εὐπρόσωπον
1513 4577 1813 4644 ἀπολογίαν

231 4669 387 4738 πρὸς
417 4669 542 4730 τοὺς
583 4665 933 4738 Ἀλεξάνδρου
981 4668 1169 4720 θέσθαι
1198 4668 1565 4737 πρεσϐευτάς,
1596 4669 1670 4731 ὼς
1715 4671 1816 4720 οὐκ

229 4757 366 4821 ἐξὸν
400 4753 826 4816 ἀποσπάσαντας
876 4756 968 4808 τὸν
1005 4754 1190 4823 ἱκέτην
1230 4753 1324 4807 τοῦ
1355 4755 1493 4807 Θεοῦ
1527 4757 1817 4824 παραδιδὸ-

228 4862 336 4899 ναι
364 4844 499 4914 πρὸς
535 4844 755 4912 σφαγήν
779 4859 793 4872 ·
834 4843 1072 4913 μάλιστα
1103 4846 1321 4897 πάντων
1352 4845 1512 4896 τοῦτο
1541 4846 1670 4912 ἀγος
1695 4848 1816 4900 ἐνα-

229 4937 512 5004 γέστατον
532 4937 627 4988 καὶ
656 4936 808 5005 παρά
834 4936 944 4988 τῶν
975 4937 1143 4990 πάλαι
1174 4939 1268 4991 καὶ
1289 4937 1396 4988 τῶν
1419 4938 1512 4990 νῦν
1532 4939 1816 5007 Ῥωμαίων

227 5027 628 5096 νομιζόμενον.
685 5029 749 5081 Ol.
809 5029 909 5098 μὲν
959 5029 1053 5082 οῦν
1115 5030 1299 5083 πολλοὶ
1343 5032 1451 5083 τῶν
1505 5033 1813 5101 παρόντων,

229 5120 566 5184 ἐξεθείασαν
595 5123 695 5189 τὴν
719 5118 914 5191 βουλὴν
935 5122 1009 5184 ὡς
1037 5122 1266 5192 ἀρίστην
1289 5124 1380 5176 καὶ
1413 5128 1813 5194 συνετωτάτη-ι,

226 5210 338 5262 καὶ
372 5203 675 5277 δυναμένην
708 5207 945 5275 μάλιστα
979 5209 1297 5279 ἀπράκτους
1334 5211 1660 5281 ἀποπέμψαι
1690 5216 1816 5276 τοὺς

240 5295 610 5365 Ἀλεξάνδρου
655 5296 1017 5364 πρεσϐευτὰς,
1055 5299 1398 5370 συνορῶντας
1435 5303 1535 5371 ήδη
1591 5305 1685 5356 καί¹
1719 5305 1818 5355 αύο

228 5390 371 5449 τοὺς
400 5388 499 5458 τὴν
531 5388 625 5440 τοῦ
671 5390 999 5460 πράγματος
1041 5391 1310 5461 ἀνάγκην.
1340 5393 1446 5445 Τοῦ
1489 5395 1729 5462 μεγάλου
1761 5395 1816 5446 δὲ

222 5480 568 5547 δομεστίκου
610 5478 986 5549 φθεγγομένου
1043 5485 1231 5552 μηδὲν,
1278 5465 1312 5552 ’ή
1364 5483 1576 5552 βασιλὶς
1623 5485 1815 5554 πρῶτα

227 5572 347 5639 μὲν
379 5574 767 5641 κατεμέμφετο
796 5577 895 5644 τὴν
928 5576 1187 5645 ἀκαιρίαν
1215 5576 1314 5643 τῆς
1343 5582 1498 5641 νόσου
1531 5578 1616 5646 ἐφ’
1645 5578 1817 5643 οὕτως

223 5668 547 5730 ἀναγκαῗου
591 5669 787 5737 καιροῦ
830 5669 926 5722 καὶ
971 5669 1231 5737 δεομένου
1265 5669 1463 5738 βουλῆς
1516 5675 1818 5740 γεγενημέ-

224 5775 344 5826 νην
369 5774 383 5788 ·
412 5756 603 5811 ἔπειτα
626 5759 681 5810 δὲ
703 5760 858 5826 ἔλεγε
886 5758 1024 5828 πρὸς
1051 5761 1236 5820 αὐτὸν,
1256 5763 1330 5823 ώς
1353 5764 1402 5813 εί
1440 5764 1539 5830 μὲν
1561 5767 1654 5817 καὶ
1671 5766 1819 5834 αὑτῴ

225 5849 296 5905 εὖ
337 5849 485 5918 ἔχειν
532 5852 563 5917 ή
606 5850 702 5903 τοῦ
733 5855 1077 5922 πατριάρχου
1109 5854 1257 5906 δοκεῖ
1298 5854 1484 5927 βουλὴ,
1533 5855 1722 5928 ὥσπερ
1752 5861 1816 5930 δὴ

529 5944 802 6004 Pyrum”
835 5949 876 6004 Ο
893 5966 946 6004 a.
995 5947 1103 6006 CLI
1119 5950 1134 6007 l
1150 5949 1190 6005 l.

1923 4578 2045 4631 aliis
2091 4594 2154 4632 ac
2194 4578 2296 4633 sibi
2333 4579 2654 4648 placuisset,
2677 4582 2828 4636 vultu
2864 4599 3156 4653 annuerct,
3205 4602 3369 4658 atque
3410 4597 3484 4648 ita

1920 4669 2067 4722 dicta
2093 4669 2470 4733 conﬁrmaret,
2502 4683 2557 4725 et
2581 4675 2972 4728 consultationi
2995 4677 3157 4733 linem
3185 4682 3361 4739 daret.
3395 4685 3490 4741 Sin

1918 4761 2048 4828 quid
2092 4761 2237 4814 aliud
2289 4761 2487 4815 melius
2526 4772 2584 4842 et
2630 4765 2820 4818 utilius
2869 4767 3118 4836 haberet,
3154 4787 3212 4825 se
3256 4775 3309 4826 in
3351 4793 3492 4845 pne-

1917 4855 2092 4908 sentia
2150 4866 2374 4925 propter
2401 4858 2520 4927 ejus
2560 4861 2913 4914 teutationem
2947 4867 3286 4922 valetudinis
3311 4875 3492 4926 consi-

1917 4943 2051 4997 lium
2105 4945 2494 5006 dimissuram,
2546 4950 2633 5001 ubi
2692 4964 2749 5003 se
2797 4966 2862 5004 ex
2917 4953 3005 5006 illa
3048 4971 3384 5024 recreasset,
3422 4965 3489 5015 de

1915 5027 2112 5089 "'sdent
2153 5038 2333 5091 denuo
2375 5049 2615 5092 acturos.
2669 5041 3008 5098 Domestieus
3039 5049 3258 5114 paulum
3288 5068 3345 5104 se
3379 5056 3492 5108 eul-

1909 5125 2110 5195 ligcns,
2150 5127 2421 5182 Videmini
2468 5131 2625 5196 mibi,
2671 5133 2767 5194 ait,
2805 5150 2910 5188 non
2943 5143 3275 5207 respondere
3307 5145 3372 5197 ad
3400 5162 3486 5206 en,

1918 5221 1984 5271 de
2032 5220 2232 5288 quibus
2288 5233 2509 5275 ventum
2567 5235 2651 5277 est
2703 5228 2755 5278 in
2805 5230 3120 5284 consilium.
3185 5233 3299 5288 Non
3343 5239 3488 5292 enim

1921 5326 2065 5363 nunc
2105 5311 2170 5388 de
2201 5315 2547 5368 sermonibus
2579 5316 2804 5371 honesta
2841 5323 3022 5388 specie
3065 5325 3316 5381 confli-tis
3340 5347 3489 5397 qua-

1921 5402 2060 5456 ritur
2110 5420 2123 5455 :
2174 5405 2266 5458 sed
2320 5422 2448 5458 num
2501 5423 2622 5476 qua:
2654 5410 2961 5465 Alexander
2993 5418 3250 5482 postulat,
3293 5435 3491 5475 conce-

1920 5494 2115 5553 denda.
2169 5511 2234 5548 an
2263 5498 2442 5565 potius
2471 5501 2639 5554 armis
2681 5517 2805 5555 cum
2831 5520 2896 5557 eo
2937 5507 3360 5576 depuguatnlum
3397 5515 3494 5565 sit.

1925 5589 2028 5641 Vos
2071 5600 2275 5650 autem,
2307 5592 2618 5658 posthabita
2659 5599 3082 5653 consultationis
3132 5608 3378 5668 nzateria,
3424 5610 3492 5659 de

1916 5680 2077 5745 jure,
2127 5681 2504 5750 institutisque
2570 5685 2939 5742 Romanorum
2979 5691 3316 5760 disputatis:
3361 5713 3491 5766 per-

1924 5773 2048 5824 inde
2094 5787 2158 5825 ac
2209 5773 2251 5826 si
2282 5783 2465 5842 esset,
2516 5778 2608 5844 qui
2658 5779 3026 5833 Alexandrum
3096 5795 3272 5851 posset
3322 5788 3486 5841 etiam

1923 5877 2120 5931 cogere
2173 5862 2239 5916 ad
2285 5864 2778 5935 obtelnpcranduut
2836 5872 3204 5927 llomanorum
3258 5879 3488 5948 legibus.

3134 5966 3212 6026 23
