4212 6444
757 422 864 482 ’115

1918 429 2262 494 UOANNT‘S
2299 433 2853 497 CAN'L'.CUZEN[.

3891 435 4004 499 ’116

755 558 856 635 Qui
882 557 1023 609 «licet
1053 558 1278 614 fortasse
1307 579 1319 612 :
1347 560 1461 614 Non
1489 561 1648 623 mihi,
1677 561 1769 614 sed
1800 562 2058 615 Romanis
2081 563 2164 614 hae
2185 563 2319 630 leges

2432 545 2523 594 καὶ
2576 545 2685 604 τοῖς
2739 543 2921 604 ἄλλοις
2973 543 3214 609 συνέδοξε
3246 547 3340 596 καὶ
3393 546 3546 614 αὐτῇ,
3583 545 3870 597 ἐπι-δεῖσαι
3921 547 4000 605 ὡς

759 662 947 713 pra-sci
965 649 1222 711 ibuntur;
1249 666 1348 719 ego
1369 667 1529 704 unam
1550 652 1688 704 hanc
1711 653 1882 720 legem
1904 667 2160 721 agnosco,
2177 653 2324 705 omni

759 739 972 789 ratione
1001 755 1117 792 mea
1138 743 1422 795 commoda
1448 743 1698 810 persequi
1727 743 1860 812 (92).
1879 742 2200 811 Quanquam
2228 759 2327 796 au-

759 842 867 879 tem
887 829 1040 881 vobis
1055 831 1109 882 in
1130 833 1299 884 sacris
1315 833 1479 901 asylis
1498 831 1811 885 Sismanum
1830 832 2324 897 licetabs‘condere,

755 919 920 970 urbes
952 929 1154 982 tamen,
1181 930 1235 974 et
1256 921 1476 975 castella
1502 922 1555 974 in
1583 922 1648 975 iis
1667 920 2002 976 abscondere
2029 938 2137 975 non
2161 923 2321 986 licet;

753 1024 932 1076 neque
963 1020 1207 1064 armenta
1242 1011 1410 1065 boum
1442 1022 1498 1065 et
1529 1027 1720 1081 greges
1751 1012 1960 1075 ovium,
1988 1023 2322 1081 ceterasque

751 1099 806 1150 in
841 1100 1002 1166 agris
1040 1101 1363 1165 facultates,
1407 1102 1567 1171 355
1608 1118 1674 1156 ex
1721 1104 1922 1172 quibus
1969 1105 2102 1158 mihi
2132 1120 2322 1174 poenas

750 1188 969 1254 injuriae
1011 1191 1355 1258 persolvetis.
1389 1192 1507 1246 lluc
1553 1193 1755 1260 itaque,
1793 1209 1900 1246 non
1949 1195 2013 1247 ad
2047 1197 2323 1264 speciesas

748 1280 991 1334 rationes
1037 1283 1497 1336 accommodanda
1543 1293 1625 1336 est
1654 1284 1808 1338 vobis
1831 1284 2176 1339 deliberatio.
2208 1285 2321 1354 Ego

747 1384 880 1421 vero
925 1386 1115 1436 parum
1164 1374 1340 1435 abest,
1395 1374 1530 1441 quin
1576 1375 1844 1442 meipsum
1906 1391 2192 1436 accusem,
2223 1377 2316 1444 qui

746 1459 935 1510 nescio
981 1461 1255 1528 quomodo
1299 1463 1364 1514 ad
1414 1463 1530 1518 hac
1582 1464 1813 1517 dicenda
1853 1467 2140 1533 prolapsus
2174 1481 2314 1518 sum.

747 1551 964 1602 Dictum
988 1562 1071 1604 est
1094 1553 1240 1604 enitn
1265 1553 1332 1606 ab
1363 1553 1540 1613 initio,
1559 1565 1613 1607 et
1641 1563 1812 1608 ratum
1843 1555 1912 1608 ab
1939 1555 2196 1608 omnibus
2216 1557 2315 1610 ha-

743 1637 918 1691 bitum
946 1645 1128 1706 (nemo
1157 1641 1425 1708 siquidem
1444 1642 1772 1696 contradixit
1800 1648 2069 1712 prorsus),
2090 1645 2134 1699 si
2181 1646 2313 1713 quid

743 1740 1020 1796 postremo
1054 1730 1354 1784 revelatum
1392 1732 1482 1794 sit,
1515 1741 1575 1784 tit
1599 1735 1811 1802 primus
1836 1742 2036 1794 taceat.
2066 1734 2229 1802 Atqui
2263 1735 2305 1788 si

744 1837 854 1872 non
911 1821 1055 1872 inter
1101 1830 1407 1890 postremos
1459 1822 1747 1887 collocato,
1792 1824 1886 1878 sed
1935 1833 1990 1878 et
2024 1826 2220 1892 primo,
2259 1835 2314 1878 et

745 1913 914 1964 curiae
949 1910 1107 1980 longe
1156 1911 1390 1981 principi
1423 1913 1514 1966 tali
1552 1914 1665 1967 visa
1701 1915 1830 1977 sint,
1859 1923 1914 1968 et
1946 1930 1975 1968 a
2005 1916 2156 1969 vobis
2189 1917 2312 1970 uni-

741 2003 919 2054 versis
957 2001 1278 2056 conﬁrmata
1314 2020 1410 2072 pro
1445 2005 1692 2068 utilibus,
1740 2021 1838 2074 par
1865 2019 1948 2060 est
1979 2007 2153 2075 ipsum
2180 2023 2316 2076 quo-

743 2108 846 2160 quc
883 2095 1006 2147 boni
1045 2095 1354 2158 consulere,
1381 2105 1437 2149 et
1467 2097 1609 2150 ultra
1637 2097 1772 2150 nihil
1805 2098 2023 2152 curiose
2051 2114 2306 2167 perscru-

738 2185 864 2236 tari.
912 2184 1011 2239 liic
1051 2202 1172 2239 cum
1210 2187 1528 2256 imperatrix
1553 2203 1679 2241 eum
1717 2187 1781 2241 ad
1819 2205 1981 2258 porro
2017 2190 2309 2245 dicendum

737 2273 958 2327 enixius
993 2277 1317 2343 impelleret,
1352 2291 1415 2330 ac
1443 2287 1783 2347 perurgeret.
1819 2278 1928 2332 Nec.
1959 2279 2079 2342 ista,
2109 2280 2308 2349 inquit,

740 2367 954 2419 tametsi
993 2382 1188 2434 pauca,
1223 2367 1399 2421 libens
1423 2367 1644 2436 protuli.
1681 2368 1817 2422 Tum
1851 2370 2162 2438 patriarcha
2193 2371 2310 2425 haec

737 2469 864 2505 vera
915 2455 1196 2517 sentiens,
1244 2457 1426 2512 statim
1480 2465 1540 2509 ut
1590 2470 1649 2510 se
1690 2457 1848 2526 culpa
1878 2458 2347 2529 Iiberarct:Ego.

742 2546 972 2612 primus,
1016 2534 1225 2614 inquit,
1287 2547 1450 2601 etiam
1479 2547 1593 2614 ipse
1625 2547 1820 2611 fateor,
1849 2550 2304 2604 consultationem

741 2646 984 2690 nostrain
1018 2637 1154 2690 nihil
1184 2637 1250 2690 ad
1280 2652 1342 2690 ea
1371 2637 1712 2706 facere,qu:e
1746 2639 1800 2692 in
1827 2641 2184 2708 quaestionem
2210 2641 2305 2694 ad-

735 2730 1038 2780 ducuntur.
1077 2725 1192 2780 Non
1228 2728 1372 2782 enim
1406 2729 1775 2783 Alexandrum
1805 2741 2146 2795 curaturum,
2181 2746 2303 2786 cum

737 2820 970 2878 ratione,
1015 2835 1080 2871 an
1128 2834 1288 2872 secus
1317 2821 1388 2884 ;ci
1435 2821 1830 2894 respondeatur
1861 2841 1872 2874 :
1901 2823 1992 2875 sed
2030 2823 2304 2890 quomodo

735 2907 801 2955 ah
857 2905 1014 2957 i..iii0
1047 2903 1150 2958 sibi
1184 2907 1458 2975 proposita
1486 2908 1550 2960 ad
1580 2908 1740 2962 linem
1781 2911 2066 2978 perducat.
2100 2911 2143 2964 si
2182 2927 2304 2980 pos-

733 2996 823 3046 sit.
854 2995 1120 3060 Quocirca
1156 3005 1213 3048 et
1242 2996 1356 3063 ipse
1388 3011 1494 3049 non
1525 2997 1591 3050 de
1620 2999 1819 3057 verbis.
1852 3001 1942 3053 sed
1975 2999 2042 3053 de
2073 3000 2164 3053 illo
2194 3001 2303 3054 alio

731 3087 957 3139 consilia
1011 3085 1266 3156 agitanda
1314 3087 1512 3140 sentio.
1565 3086 1702 3141 Aliis
1751 3088 2010 3145 omnibus
2051 3091 2300 3159 protinus

2432 631 2608 692 καλῶς
2650 632 2831 699 έχουσι
2857 635 2967 694 τοῖς
3008 633 3342 700 λεγομένοις,
3375 638 3467 686 καέ
3501 635 3659 686 τοῦτο
3710 634 4000 686 ἐπιθέσθαι

2429 721 2600 786 πέρας
2632 723 2696 789 τῇ
2735 720 2917 788 βουλῇ.
2948 721 3007 771 Εἰ
3038 721 3092 772 δέ
3121 739 3172 771 τι
3220 719 3427 787 βέλτιον
3477 720 3627 788 αὐτῷ
3663 721 3756 771 καὶ
3783 723 3999 770 λυσιτε-

2427 811 2680 880 λέστερον
2735 811 2922 880 ἕτερον
2976 813 3142 872 δοκεῖ,
3178 813 3239 862 τὸ
3290 811 3385 862 νῦν
3443 811 3541 880 μὲν
3581 809 3722 863 εἶναι
3755 810 3843 861 διά
3894 811 3998 875 τὴν

2427 903 2591 956 αὑτοῦ
2620 903 2793 964 νόσον,
2845 904 2935 954 τὸν
2967 904 3227 968 σύλλογον
3257 903 3496 956 διαλύειν
3519 919 3536 936 ⁸
3567 899 3724 963 αὖθις
3777 902 3836 954 δέ
3872 901 3997 969 ραἲ-

2427 1010 2639 1057 σαντος,
2679 995 3066 1062 βουλεύσεσθαι
3093 995 3220 1063 περὶ
3255 995 3361 1046 τῶν
3392 994 3568 1046 αὐτῶν
3593 1011 3607 1023 ·
3641 996 3668 1045 ὁ
3694 993 3750 1045 δὲ
3794 992 3994 1060 tusz

2424 1086 2664 1152 ἐπισχών
2684 1101 2699 1115 ο
2721 1085 2936 1136 Δοκεῖτε
2970 1103 3081 1153 μοι,
3115 1086 3242 1151 ἔφη,
3270 1085 3346 1154 μὴ
3383 1085 3505 1153 περὶ
3534 1077 3609 1136 ὧν
3641 1084 3860 1152 βουλεύς
3875 1084 3994 1145 σῦε,
4025 1113 4028 1115 λ

2423 1175 2520 1244 τὴν
2543 1176 2834 1244 ἀπόκρισιν
2867 1177 3158 1227 ποιεῖσθαι.
3192 1177 3264 1227 Οὐ
3303 1177 3408 1246 γὰρ
3439 1176 3532 1228 νῦν
3564 1177 3699 1244 ἡμῖν
3729 1176 3762 1244 ή
3795 1173 3991 1240 σκέψις

2424 1267 2548 1336 περὶ
2578 1267 2752 1332 λόγων
2782 1268 3178 1334 εἰπροσὼπων,
3225 1266 3363 1319 ἀλλὰ
3403 1266 3513 1318 εἴτε
3541 1267 3648 1335 χρὴ
3672 1267 3739 1317 τά
3771 1265 3993 1316 κελευόο

2424 1374 2558 1424 μενα
2587 1356 2679 1407 ὑπ’
2716 1355 3067 1422 Ἀλεξάνδρου
3097 1358 3378 1424 πράττειν,
3398 1357 3519 1408 ἐἴτε
3538 1356 3799 1422 πολεμεῖν
3816 1355 3988 1419 αὐτῷ.

2433 1446 2624 1516 Ὑμεῖς
2669 1445 2725 1500 δέ
2757 1450 2886 1518 περὶ
2911 1441 2986 1500 ὧν
3016 1447 3317 1518 προύθεσθε
3349 1445 3701 1515 βουλεύεσθαι
3732 1445 3989 1510 avt-nr.

2422 1537 2550 1606 περὶ
2583 1541 2830 1607 νομίμων
2858 1542 2951 1590 καὶ
2975 1537 3200 1590 δικαίων
3221 1539 3331 1590 τῶν
3370 1541 3521 1606 παρὰ
3549 1537 3846 1605 Ῥωμαίοις
3867 1537 3989 1586 δια-

2420 1629 2696 1700 λέγεσθαι,
2725 1629 2914 1698 ὥσπερ
2941 1630 3006 1682 ἂν
3039 1630 3091 1682 εῐ
3118 1646 3199 1691 τις
3242 1630 3337 1680 καὶ
3380 1627 3726 1705 Ἀλέξανδρον
3754 1628 3783 1678 ὁ
3820 1641 3988 1677 tut:-

2416 1727 2704 1793 ναγκάσων
2743 1719 2810 1793 ἦν
2839 1725 2952 1784 τοῖς
2999 1721 3284 1790 Ῥωμαίων
3312 1723 3497 1790 νόμοις
3527 1719 3914 1772 πείθεσθαι.⁹()
3940 1716 4005 1770 δ’.

2419 1815 2548 1878 ίσως
2601 1817 2732 1883 ἐρεῖ,
2775 1814 2850 1875 ὠς
2896 1812 3011 1867 Οὐκ
3048 1813 3194 1881 ἐμοὶ,
3227 1811 3364 1864 ἀλλὰ
3406 1809 3701 1878 Ῥωμαίοις
3748 1809 3799 1861 οἱ
3831 1809 3987 1874 νόμοι

2415 1902 2560 1961 οὗτοι
2590 1909 2794 1959 κεῖνται
2822 1921 2837 1935 ο
2879 1905 3001 1974 ἐμοὶ
3037 1903 3093 1957 δὲ
3128 1899 3208 1966 εἷς
3237 1903 3400 1974 νόμος
3435 1903 3500 1955 ἐκ
3545 1901 3748 1962 παντὸς
3774 1901 3982 1969 τρόπου
4041 1979 4044 1982 γ

2413 2001 2479 2054 τά
2508 1999 2816 2052 συνοίσοντα
2846 1996 2970 2064 ἐμοὶ
3005 1995 3188 2064 ζητεῖν
3207 2013 3222 2027 ο
3254 1996 3383 2064 ὑμῖν
3409 1995 3466 2046 δέ
3497 1996 3546 2046 εί
3587 1994 3680 2046 καὶ
3706 1993 3982 2080 Σίσμανον

2413 2091 2590 2156 ἔξεστι
2627 2093 2738 2150 τοῖς
2770 2089 2990 2151 ἀσύλοις
3022 2087 3435 2156 κατακρύπτειν
3465 2085 3796 2164 ίεροῖςςάλΐ
3822 2085 3882 2136 οὐ
3916 2084 3981 2153 δή

2413 2201 2515 2237 που
2547 2182 2644 2235 καὶ
2673 2183 2850 2242 πόλεις
2881 2182 2974 2232 καὶ
3005 2179 3198 2248 κώμας
3233 2177 3608 2247 κατακρύψετε
3643 2178 3699 2229 ἐν
3727 2180 3840 2238 τοῖς
3869 2194 3982 2227 τοι-

2409 2275 2623 2334 ούτοις·
2679 2272 2798 2323 οὐδὲ
2845 2271 2983 2339 βοῶν
3029 2271 3228 2336 ἀγέλας
3267 2270 3360 2321 καὶ
3391 2271 3620 2338 ποίμνια
3665 2270 3980 2336 προϐάτων,

2409 2366 2500 2417 καὶ
2535 2365 2635 2434 τὴν
2662 2363 2828 2432 ἄλλην
2869 2363 3194 2432 περιουσίαν
3222 2362 3321 2431 τὴν
3353 2365 3412 2414 ἐν
3439 2364 3552 2424 τοῖς
3581 2362 3770 2430 άγράς
3810 2361 3870 2423 ἐξ
3905 2356 3981 2412 ὦν

2407 2453 2529 2520 ἐμοὶ
2559 2455 2670 2514 τοῖς
2720 2452 2938 2514 ἀδικίας
2972 2450 3186 2514 ἐξέσται
3224 2450 3549 2520 κομίζεσθαι
3582 2453 3793 2512 ποινάς.
3835 2451 3980 2515 Πρῖς

2406 2540 2500 2596 οὖν
2530 2543 2598 2596 τὰ
2623 2543 2849 2596 τοιαῦτα
2880 2543 2983 2612 χρὴ
3011 2543 3385 2612 βουλεύεσθαι,
3416 2543 3475 2595 οὺ
3505 2545 3640 2612 πρὸς
3677 2543 3978 2607 ἀπολογίας

2409 2635 2824 2703 εὐπροσώπους.
2867 2633 3009 2702 Ἐγὼ
3036 2635 3090 2687 δὲ
3145 2635 3328 2702 ολίγου
3359 2634 3470 2686 δεῖν
3519 2634 3635 2686 νυνὶ
3686 2624 3976 2702 μέμφομαι

2406 2729 2497 2779 καὶ
2521 2727 2743 2797 ἐμαυτῷ
2769 2727 2849 2779 ὅτι
2881 2727 2973 2779 καὶ
2995 2724 3242 2779 ὁπωσοῦν
3265 2727 3341 2786 είς
3364 2726 3661 2777 τοιουτουσὶ
3688 2724 3979 2793 προήχθην

2405 2819 2598 2886 λόγους
2625 2832 2640 2846 ⁸
2694 2821 2912 2886 εἴρηται
2947 2818 3054 2886 γὰρ
3113 2815 3352 2885 ἐξαρχῆς
3401 2817 3498 2868 καὶ
3533 2817 3880 2884 ἐπεψηφξσοη
3911 2832 3975 2881 γε

2405 2911 2509 2962 ὑπὸ
2558 2911 2774 2962 πάντων
2829 2910 2973 2978 (ἐπεὶ
3009 2907 3197 2977 μηδεὶς
3236 2909 3460 2961 ἀντεῖπε
3523 2909 3737 2977 μηδὲν),
3771 2909 3869 2960 ἐὰν
3896 2910 3977 2976 τῖι

2403 3001 2614 3069 ἐσχάτῳ
2648 3017 2701 3051 τι
2733 2998 3092 3069 ἀποκαλυφθῇ
3122 2999 3280 3067 σιγᾷν
3313 2999 3403 3050 τον
3433 2999 3669 3069 πρῶτον.
3701 3000 3759 3050 Ei
3803 2999 3860 3051 δέ
3897 3000 3977 3067 μὴ

2401 3090 2479 3161 τῷ
2509 3092 2566 3142 ἐν
2596 3091 2848 3160 ἐσχάτοις
2870 3091 3213 3159 τεταγμένῳ,
3247 3090 3382 3142 ἀλλὰ
3407 3092 3504 3143 καὶ
3533 3091 3610 3160 τῷ
3644 3091 3848 3161 πρώτῳ
3878 3093 3977 3144 καὶ

732 3178 1174 3250 υςιίιιιιὶσεειὶὺυε,
1220 3186 1274 3230 et
1315 3185 1440 3244 post
1484 3191 1738 3245 magnam
1770 3179 2130 3233 domesticum
2165 3195 2296 3234 con-

2411 3185 2638 3256 μάλιστα
2681 3183 2964 3254 ἐξάρχοντι
2995 3183 3088 3235 τοῦ
3125 3183 3512 3251 βουλευτηρίου
3536 3181 3763 3235 τοιαῦτα
3796 3183 3969 3248 εδοξε,

732 3271 1072 3324 5:.i-rcctione
1108 3269 1268 3325 facta.
1294 3275 1600 3322 conventus
1633 3277 1715 3322 est
1749 3269 1980 3323 solutus.
2018 3269 2294 3324 Caeterum

725 3366 836 3427 jam
867 3369 991 3413 ante
1021 3373 1251 3414 cernens
1287 3373 1514 3427 magnus
1541 3358 1901 3422 domesticus,
1930 3361 2296 3429 patriarchatn

729 3453 795 3505 ad
851 3452 1139 3520 imperium
1195 3450 1451 3504 affectare
1502 3450 1666 3513 viam,
1714 3461 1769 3504 et
1801 3463 2057 3505 conatum
2091 3454 2212 3522 ejus
2245 3453 2296 3505 vi

730 3563 770 3596 ιη
792 3546 1028 3614 prim-ere
1079 3543 1270 3598 nolens
1301 3541 1471 3611 (haud
1504 3543 1648 3595 enim
1685 3543 1889 3606 invitis,
1925 3543 2020 3598 sed
2055 3544 2296 3614 cupidis-

729 3637 903 3695 simis,
950 3646 1012 3686 et
1059 3634 1125 3685 dc
1174 3634 1405 3702 imperio
1445 3633 1546 3686 sibi
1585 3635 1789 3699 gratias
1837 3635 2165 3690 habentibus
2197 3636 2297 3689 im-

727 3743 920 3794 perare
975 3725 1273 3793 cupiebat),
1327 3734 1586 3791 praeterea
1646 3727 1866 3791 timens,
1919 3744 1984 3780 ne
2019 3743 2126 3794 qua
2169 3725 2295 3780 inde

729 3818 1043 3879 seditionis,
1103 3815 1339 3884 bellique
1385 3815 1562 3869 civilis
1611 3816 1826 3870 occasio
1869 3824 2210 3881 nasceretur,
2265 3829 2295 3868 c

724 3912 926 3978 quibus
975 3907 1267 3960 verisimile
1303 3915 1421 3960 erat
1450 3907 1817 3976 collapsurum
1853 3905 2158 3960 Romanum
2191 3906 2294 3959 im-

725 4004 978 4072 perium;
1028 4010 1081 4052 et
1131 3999 1277 4052 omni
1337 4008 1512 4052 morte
1570 3997 1891 4051 horribilius
1959 3998 2293 4064 arbitratus.

724 4098 892 4149 lamis
937 4091 1196 4145 aerumnis
1229 4105 1348 4144 sese
1379 4084 1670 4159 originem,
1701 4097 1757 4144 et
1785 4098 1950 4157 caput
1981 4073 2099 4143 esse
2126 4089 2294 4157 (unde

637 4219 650 4226 -
724 4205 824 4242 nec
875 4190 1204 4255 imperatore
1251 4183 1433 4236 adhuc
1463 4181 1781 4251 superstite.
1819 4180 2071 4249 quamvis
2106 4181 2292 4236 multis

724 4295 864 4347 δηιίιε
913 4279 979 4330 ab
1013 4292 1078 4329 eo
1114 4275 1370 4344 precibus
1417 4271 1693 4340 fatigatus,
1722 4286 2021 4340 purpuram
2061 4271 2291 4326 induere

724 4371 1033 4436 sustinuit),
1059 4368 1393 4436 cogitaverat
1418 4364 1636 4433 quidem
1668 4365 1822 4432 prius
1851 4363 2114 4431 dignitate
2148 4365 2293 4418 ultro

721 4464 894 4521 abire.
938 4471 992 4513 et
1039 4460 1310 4526 reliquum
1355 4455 1480 4508 vitae
1516 4457 1662 4509 curis
1704 4462 1760 4508 et
1789 4454 2024 4532 negotiis
2056 4453 2289 4509 vacuum

2404 3275 2498 3328 καὶ
2545 3275 2672 3344 ὑμῖν
2700 3273 3046 3344 ἐπεψηφίσθη
3091 3289 3153 3339 γε
3208 3277 3320 3351 τοῖς
3373 3275 3540 3326 πᾶσιν
3573 3272 3647 3335 ὡς
3688 3272 3971 3342 λυσιτελῆ,

2403 3366 2646 3436 προσῆκε
2702 3365 2949 3435 στέργειν
2978 3367 3070 3418 καὶ
3109 3364 3292 3427 αὐτὸν,
3329 3365 3423 3417 καὶ
3461 3366 3774 3436 περαιτέρω
3807 3365 3976 3418 πολυ-

2401 3458 2742 3524 πραγμονεῖν
2775 3455 3101 3525 μηδέν-πῆς
3137 3454 3410 3524 βασιλίδος
3439 3455 3496 3507 δέ
3532 3457 3838 3522 ἐναγούσης
3862 3456 3972 3524 μά-

2403 3546 2580 3609 λιστα,
2608 3546 2704 3599 καὶ
2727 3547 3122 3616 ἐπισπωμένης
3150 3547 3284 3614 πρὸς
3314 3547 3439 3608 τοὺς
3469 3547 3683 3612 λόγους.
3720 3547 3860 3600 Οὐδὲ
3901 3551 3972 3599 τα

2396 3638 2626 3694 τοιαῦτα
2682 3637 2923 3704 καίτοιγε
2975 3636 3131 3702 ὀλίγα
3158 3637 3285 3689 ὄντα
3331 3636 3474 3689 ἑκὼν
3522 3633 3663 3689 εἶναι
3703 3636 3974 3704 ἐφθεγξά-

2401 3745 2529 3796 μην.
2558 3723 2697 3795 Πρὸς
2721 3723 2784 3792 δὴ
2809 3723 2878 3775 τὰ
2906 3723 3128 3775 τοιαῦτα
3156 3724 3317 3786 εὐθὺς
3347 3727 3376 3776 ὁ
3411 3726 3761 3795 πατριάρχης
3789 3727 3969 3787 αίτίας

2395 3813 2646 3866 ἀπολύων
2686 3811 2902 3875 ἑαυτὸν,
2922 3810 3067 3864 Ἀλλ’
3102 3811 3233 3878 ἐγὼ,
3267 3811 3410 3878 εἷπε,
3441 3815 3657 3882 πρῶτος
3688 3820 3781 3870 καὶ
3805 3816 3969 3877 αὐτὸς

2402 3903 2570 3973 μηδὲν
2588 3899 2728 3956 εἶναι
2759 3903 2893 3972 πρὸς
2911 3905 2980 3955 τά
2999 3903 3310 3974 ζητούμενα
3348 3904 3447 3973 τὴν
3471 3905 3666 3976 βουλὴν
3690 3910 3966 3978 ὁμολογῶ.

2397 3998 2472 4050 Οὐ
2508 3998 2615 4065 γὰρ
2655 3997 2989 4066 Ἀλεξάνδρῳ
3026 4001 3154 4067 περὶ
3193 4000 3431 4063 εὐλόγων
3471 4003 3565 4054 καὶ
3597 4003 3672 4072 μὴ
3707 3993 3969 4056 τοιούτω-ι

2395 4088 2743 4158 ἀποκρίσεων
2771 4089 3030 4159 μελήσειν
3055 4105 3068 4119 '
3111 4091 3226 4142 ἀλλ’
3259 4094 3406 4156 ὅπως
3431 4093 3460 4146 ὃ
3498 4094 3772 4160 προύθετο
3805 4097 3968 4165 ἐξαρ-

2395 4180 2495 4249 χῆς
2523 4180 2602 4241 εἰς
2644 4181 2816 4250 πέρας
2853 4183 2903 4232 εἰ
2933 4181 3155 4233 δύναιτο
3210 4184 3397 4254 ἀγάγῃ
3428 4201 3441 4215 ⁸
3474 4180 3534 4240 οὗ
3575 4185 3639 4255 δὴ
3677 4187 3842 4240 ἕνεκα
3872 4190 3968 4241 καὶ

2397 4269 2558 4331 αὐτὸς
2585 4270 2646 4322 οὐ
2690 4269 2827 4337 πρὸς
2871 4270 3084 4336 λόγους,
3121 4273 3255 4324 ἀλλὰ
3293 4275 3429 4343 πρὸς
3459 4277 3634 4329 ἐκεῖνο
3666 4279 3814 4346 φημὶ
3846 4279 3969 4348 βου-

2395 4359 2614 4412 λευτέον
2664 4356 2842 4412 εἶναι*
2907 4364 2974 4412 τὰ
3039 4360 3128 4412 ἴσα
3170 4361 3227 4412 δὲ
3286 4362 3447 4426 εὐθὺς
3502 4365 3731 4417 καὶτῶν
3763 4365 3969 4420 λοιπῶν

2396 4451 2889 4521 ἐπιψηφισαμένων
2937 4455 3178 4519 πάντων,
3208 4455 3331 4506 ἐπεὶ
3360 4455 3388 4506 ὁ
3434 4455 3606 4524 μέγας
3642 4458 3966 4527 δομέστικος

721 4555 1039 4612 decurrere,
1081 4549 1250 4616 quod,
1291 4555 1350 4601 ut
1385 4545 1548 4600 modo
1575 4545 1913 4609 dicebamus,
1955 4545 2173 4614 quidvis
2204 4556 2288 4599 ιο·
2317 4543 2319 4599 ί

2411 4543 2619 4612 ἐνέστη,
2652 4545 2747 4596 καὶ
2785 4546 2835 4596 οί
2857 4545 3005 4598 ἄλλοι
3040 4547 3465 4617 συνανέστησαν,
3507 4550 3600 4602 καὶ
3634 4551 3662 4600 ὁ
3705 4550 3967 4617 σύλλογος

719 4644 1002 4698 lerabilins
1029 4641 1277 4704 duceret,
1307 4654 1469 4707 quam
1497 4638 1758 4692 Romanis
1791 4654 1821 4691 a
1844 4653 1902 4692 se
1932 4647 2139 4706 pestem
2162 4653 2286 4692 ere-

720 4739 864 4790 nirc.
915 4731 1115 4786 Verum
1160 4743 1218 4784 ut
1273 4729 1584 4784 Chumnum
1635 4730 1691 4781 in
1751 4743 2014 4782 consessu
2061 4729 2292 4796 superbe

719 4837 776 4881 ‹-ι
828 4809 1179 4893 impudenter
1219 4836 1277 4875 se
1310 4820 1769 4889 pcrstringentem
1805 4818 1893 4888 (ad
1929 4833 1987 4873 se
2023 4821 2168 4872 enim
2199 4834 2293 4888 po-

719 4919 992 4970 tis-inium
1063 4914 1182 4982 ejus
1243 4910 1596 4964 maledictum
1652 4910 1928 4978 pertinere
1989 4911 2285 4974 censebat,

719 5013 960 5062 ntttttittttt
1015 5017 1141 5058 tunc
1181 5004 1550 5056 Romanorum
1579 5013 1633 5056 et
1667 5001 1945 5070 opinione,
1977 5010 2033 5054 et
2061 5017 2116 5055 re
2150 5016 2288 5069 prm-

720 5098 991 5168 cipunnt),
1024 5097 1202 5148 llhlitl’i
1227 5096 1290 5147 de
1313 5093 1693 5162 intempestiva
1719 5094 1970 5147 libertate
1992 5093 2284 5160 increpuit,

721 5202 817 5244 aut
868 5191 1164 5252 accizsavit,
1210 5188 1310 5239 hoc
1365 5177 1542 5256 me...
1591 5185 1768 5238 civilis
1807 5184 2091 5237 seditionis
2124 5198 2286 5238 exor-

722 5286 870 5336 dium
925 5282 1038 5335 fore
1083 5293 1253 5342 ratus,
1302 5279 1465 5330 citius
1513 5293 1672 5346 quam
1740 5278 1973 5336 volebat,
2018 5285 2286 5344 potestate

719 5393 775 5430 se
810 5375 1093 5429 abdicandi
1131 5374 1403 5425 desiderio
1431 5383 1620 5439 captus
1649 5381 1749 5423 est.

2395 4634 2636 4705 διελύθη.
2671 4635 2845 4704 Ὁρῶν
2876 4636 2935 4688 δὲ
2969 4637 3064 4688 καὶ
3109 4637 3375 4707 πρότερον
3397 4640 3688 4708 ἐφιέμενον
3729 4643 3759 4692 ό
3794 4643 3967 4708 μέγας

2395 4725 2715 4793 δομέστικος
2736 4727 2827 4778 τὸν
2859 4728 3207 4796 πατριάρχην
3230 4732 3326 4798 τῆς
3366 4730 3539 4798 ἀρχῆς
3572 4731 3681 4784 τῶν
3702 4735 3965 4802 πραγμάο

2393 4832 2520 4879 των,
2584 4816 2678 4868 καὶ
2742 4817 2880 4886 μήτε
2938 4817 3029 4888 βίᾳ
3075 4819 3402 4887 βουλόμενος
3463 4821 3564 4890 τὴν
3615 4823 3965 4892 ἐπιχείρησιν

2394 4909 2614 4977 ἐπέχειν
2671 4911 2752 4976 (οὐ
2812 4909 2919 4976 γὰρ
2961 4910 3220 4977 ἠϐούλετο
3263 4913 3534 4965 ἀκουσίων
3576 4914 3790 4983 ἄρχειν,
3828 4916 3965 4966 ἀλλὰ

2393 4999 2528 5051 πολὺ
2569 5001 2804 5067 μάλιστα
2862 4999 3230 5070 βουλομένων,
3265 5003 3359 5056 καὶ
3403 5006 3564 5073 χάριν
3615 5007 3832 5060 εἰδότων
3865 5009 3963 5073 τῆς

2391 5091 2610 5160 ἀρχῆς)·
2649 5091 2823 5152 ἄλλως
2847 5109 2904 5143 τε
2947 5094 3042 5145 καὶ
3074 5094 3322 5158 δεδοικὼς
3363 5097 3435 5166 μὴ
3476 5101 3568 5148 καὶ
3599 5097 3873 5164 πρόφασις
3904 5104 3963 5150 ἐκ
4009 5139 4029 5156 .

2389 5185 2579 5236 τούτου
2617 5187 2858 5248 στάσεως
2891 5187 3135 5256 άναφυῇ,
3176 5190 3273 5242 καὶ
3303 5190 3542 5258 πολέμου
3578 5192 3868 5258 ἐμφυλίου,
3905 5193 3959 5256 ἐξ

2391 5269 2464 5330 ὧν
2490 5276 2564 5338 ὠς
2589 5278 2736 5340 εἰκὸς
2757 5277 3274 5348 διαφθαρησομένην
3296 5281 3543 5351 συνεώρα
3561 5281 3659 5351 τὴν
3679 5282 3961 5349 Ῥωμαίων

2394 5373 2490 5435 ἠγε
2503 5370 2692 5438 μονίαν
2713 5383 2725 5398 °
2762 5370 2854 5420 καὶ
2877 5371 3075 5430 παντὸς
3101 5371 3345 5438 οἰόμενος
3374 5371 3605 5424 Θανάτου
3634 5372 3961 5440 ἐπαχῡέστε-

725 5488 814 5538 ρον
845 5470 942 5538 τῖ’,ν
990 5470 1168 5520 αἰτίαν
1211 5466 1317 5517 τὼν
1370 5465 1560 5514 δεινῶν
1621 5462 1923 5530 παρασχεῖν
1989 5461 2153 5520 αὐτὸς
2188 5460 2286 5530 (διὸ
2321 5459 2438 5510 οὐδὲ
2505 5459 2768 5527 βασιλέως
2834 5460 2914 5510 ἔτι
2986 5460 3285 5526 περιόντος,
3321 5460 3414 5512 καί
3449 5478 3529 5514 τοι
3565 5462 3738 5514 πολλὰ
3768 5462 3960 5514 πολλέ-

1947 5613 2160 5669 .iamiu
2198 5614 2453 5671 t'nntuni
2494 5621 2679 5673 uota).

785 5764 892 5833 (92)
937 5763 1074 5817 Dicit
1120 5764 1221 5817 hoc
1265 5762 1484 5827 quilibet
1513 5771 1773 5832 tyrannus
1805 5771 1858 5814 ct
1906 5762 2186 5833 barbarus,
2219 5775 2269 5816 et

717 5847 1071 5908 tyrannorum
1107 5843 1223 5898 est,
1255 5833 1511 5904 regnandi
1554 5834 1721 5904 gratia
1772 5832 1949 5887 omaia
1986 5833 2167 5886 divina
2211 5845 2263 5887 et

2383 5766 2615 5814 humana
2645 5764 2762 5830 iura
2798 5775 3128 5832 pervertere.
3158 5764 3270 5818 Non
3303 5767 3497 5820 inscite
3522 5768 3702 5822 efﬁcta
3727 5768 3947 5822 Alexan-

2373 5837 2450 5887 dri
2490 5836 2650 5899 hujus
2678 5837 2976 5902 [95,;0a8i0,
3005 5841 3315 5906 (equitatem
3350 5853 3449 5907 pro
3479 5838 3649 5894 nihilo
3681 5840 3942 5895 ducentis.
