4212 6444
280 450 390 514 ’147
951 514 959 517 _
1398 455 1488 511 ἸΙΙ
1498 453 1711 515 STOR!
1726 456 1765 512 Α
1777 456 1849 513 Ri

1982 457 2209 515 LIBER
2241 455 2363 515 Ϊῐῐ.
2502 502 2511 507 .
3412 456 3516 517 Ἷ⁰ἱ8

290 577 374 621 κις
430 576 470 610 π
511 559 911 629 ρακεκληκότος
969 558 1202 628 ἠθέλησε
1269 559 1518 625 γενέσθαι
1571 559 1845 629 βασιλεὺς)
1887 561 2181 613 ἐσκέπτετο
2252 563 2352 628 μὲν
2414 563 2804 631 καὶπρότερον
2836 561 2933 631 τὴν
2975 561 3271 629 ἡγεμονίαν
3308 562 3513 613 ἀπ’)θέ-

290 650 434 711 σθαι,
464 652 556 701 καὶ
580 651 982 720 ἀπραγμοσύνη
1007 652 1099 702 τὸν
1120 650 1401 703 ἐπίλοιπον
1465 650 1578 721 βίον
1609 649 1729 720 ζῇν,
1785 654 1921 721 ὅπερ
1958 651 2096 720 ἔφην
2134 653 2229 705 τοῦ
2270 652 2472 721 φθορᾶς
2513 653 2673 713 αὐτὸς
2713 655 2880 713 αἴτιος
2924 652 3212 720 Ῥωμαίοις
3241 655 3515 722 κατνεστῆ-

286 759 375 796 ναι
431 743 541 794 πᾶν
588 742 766 794 ὁτιοῦν
809 743 1164 812 ἀνεκτότερον
1221 744 1477 811 νομίζων.
1524 744 1611 804 Ὠς
1642 743 1699 796 δὲ
1756 745 1849 796 καὶ
1888 746 2029 797 κατά
2063 744 2156 796 τδν
2188 744 2446 811 σύλλογον
2511 743 2761 803 αὐθαδῶς
2797 745 2890 796 καὶ
2953 743 3200 811 θρασέως
3232 742 3324 793 τοῦ
3378 745 3515 795 Χού-

292 850 425 901 μνου
480 835 616 903 πρὸς
645 839 809 892 αὐτὸν
838 836 1210 906 διειλεγμένου
1263 838 1525 905 (μάλιστα
1566 839 1674 906 γάρ
1745 838 1881 906 πρὸς
1920 837 2081 890 αὑτὸν
2139 836 2229 889 τὸν
2283 837 2440 903 λόγον
2511 838 2895 889 ἀποτείνεσθαι
2928 836 3104 904 ᾠῆθη,
3164 837 3379 886 πάντων
3410 838 3515 886 τῶν

284 931 410 980 τότε
453 928 742 998 Ῥωμαίων
807 930 903 983 καὶ
972 928 1331 997 νομιζόμενον
1372 928 1636 991 καὶζδντα
1685 928 1922 999 πρῶτον)
1960 927 2137 991 οὐδεὶς
2196 929 2565 997 ἐπετίμησεν,
2623 927 2745 980 οὐδὲ
2798 929 3080 997 ἐμέμψατο
3130 928 3229 995 τῆς
3284 926 3512 995 ἀκαίρου

289 1026 620 1096 παρρησίας,
650 1024 837 1093 ὥσπερ
860 1023 1034 1094 ἀρχὴν
1089 1023 1316 1094 νομίσας
1346 1023 1588 1085 στάσεως
1628 1008 1888 1091 ἐμιρυλίου
1927 1023 1988 1075 τὸ
2016 1020 2276 1086 τοιοῦτον,
2300 1020 2492 1074 θᾶττον
2523 1021 2554 1090 ἢ
2582 1021 2853 1085 ἐϐούλετο,
2901 1022 3127 1092 ὥρμητο
3151 1024 3516 1093 ἀπαγορεύειν

276 1117 384 1187 τὴν
410 1118 607 1186 ἀρχήνο

1626 1252 1789 1328 356
1825 1256 2047 1312 CAPUT
2088 1255 2178 1310 ιιι.

286 1376 451 1434 Amor
476 1376 532 1429 in
565 1377 937 1444 imperatorem
978 1386 1263 1431 mortuum.
1300 1374 1599 1429 Fastidium
1648 1373 1917 1444 potestatis
1952 1381 2001 1444 et
2029 1389 2188 1426 causa
2244 1388 2398 1427 nova.
2434 1372 2670 1444 ACImmni
2708 1374 3137 1428 contumeliosum
3168 1377 3357 1428 dictum
3412 1393 3515 1428 non

358 1440 679 1499 vindicatur.
716 1444 983 1499 Excusant
1027 1463 1083 1498 se
1130 1448 1440 1514 patriarcha
1472 1454 1521 1497 et
1565 1440 1900 1514 imperatrix.
1950 1440 2272 1514 Domestica;
2333 1442 2511 1494 multis
2541 1446 2705 1497 verbis
2745 1447 2975 1497 studium
3014 1458 3061 1498 et
3119 1447 3297 1512 ﬁdelit
3325 1455 3423 1497 (cm
3458 1448 3511 1496 in

357 1518 731 1584 imperatorem
784 1517 954 1568 vivum
1009 1512 1340 1569 declaratum
1401 1514 1765 1585 signiﬁcataet
1818 1512 2028 1579 imperti
2073 1513 2583 1567 administrationem
2634 1515 2690 1566 in
2742 1514 2959 1567 concilio
3009 1518 3242 1585 deponit,
3298 1521 3514 1568 obscure

358 1580 679 1654 patriarcha:
710 1585 1047 1642 ambitionem
1074 1585 1233 1654 hujus
1262 1585 1338 1637 rei
1365 1580 1583 1637 causam
1611 1580 1880 1636 indicans.

358 1714 515 1768 Μετὰ
543 1715 672 1782 γοῦν
704 1715 794 1767 τδν
847 1715 1102 1783 σύλλογον
1132 1718 1209 1778 είς
1244 1715 1342 1785 τὴν
1374 1712 1696 1783 ὑστεραίαν,
1733 1709 1849 1764 ἐπεὶ

2028 1712 2169 1784 Ergo
2214 1713 2303 1769 die
2344 1717 2586 1784 proxime
2619 1716 2873 1785 sequenti
2906 1732 3029 1769 cum
3062 1716 3175 1785 ipse
3209 1724 3259 1771 et
3289 1719 3516 1784 patr'ar-

286 1806 384 1857 καὶ
414 1806 577 1867 αὐτὸς
605 1804 701 1858 καὶ
754 1808 1102 1875 πατριάρχης
1138 1806 1400 1876 παρῆσαν
1443 1809 1500 1859 ὲν
1535 1803 1847 1874 βασιλείοις,

282 1897 427 1964 πρὸς
480 1896 705 1965 βασιλέα
745 1897 945 1966 ιχρῆτο
1002 1899 1237 1967 μηνυτῇ,
1296 1896 1392 1951 καὶ
1439 1895 1665 1949 τοιαῦτα
1710 1894 1850 1964 αὐτῇ

288 1988 478 2053 ἐδήλου
514 1987 581 2039 δι’
610 1988 803 2050 αὐτοῦ,
830 1989 906 2049 ὡς
933 1988 1092 2056 εἴπερ
1117 1982 1185 2058 ἦν
1214 1988 1427 2055 αἵρεσις
1464 1984 1614 2054 αύτῷ
1654 2000 1850 2054 προτεο

285 2078 448 2147 θῆναι
499 2081 562 2131 ὲκ
614 2079 751 2131 Θεοῦ
800 2080 982 2147 (αὐτὸς
1033 2081 1079 2132 δ’
1136 2081 1202 2133 ἃν
1253 2079 1336 2147 εἴη
1389 2079 1495 2131 τῶν
1548 2078 1851 2145 λεγομένων

290 2170 501 2238 μάρτυς
531 2169 604 2233 ὡς
633 2170 856 2240 ἀληθῆ),
891 2172 1114 2240 βασιλέα
1142 2171 1239 2242 μὲν
1276 2174 1332 2223 ὲν
1363 2170 1530 2234 ζῶσιν
1562 2166 1723 2232 εἶναι,
1749 2168 1848 2220 αύ-

286 2262 377 2312 τὶν
402 2261 448 2313 δ’
471 2262 676 2315 ἐκείνου
708 2264 797 2315 τὸν
844 2262 1074 2316 θάνατον
1102 2262 1455 2327 άθτελέσθαι,
1485 2262 1723 2323 ἀπάσαις
1745 2261 1851 2329 ψή-

284 2371 409 2423 φοις
448 2357 544 2409 καὶ
574 2358 720 2427 πάσῃ
748 2358 951 2426 σπουδῇ
988 2358 1082 2410 καὶ
1116 2356 1401 2427 προθυμίᾳ
1449 2354 1741 2424 προείλετο
1780 2353 1849 2407 ἂν

276 2449 447 2510 αὐτὸς
491 2448 783 2501 ἀποθανεῖν
861 2451 1000 2519 ὑπὲρ
1046 2448 1141 2503 τοῦ
1186 2453 1391 2503 ἐκεῖνον
1439 2449 1558 2519 ζῇν.
1611 2447 1765 2500 Ἐπεὶ
1790 2446 1849 2501 δὲ

285 2539 365 2608 τῷ
403 2540 578 2611 μέτρα
629 2542 898 2609 καὶ’ζωῆς
936 2540 1030 2595 καί
1087 2541 1344 2610 τελευτῆς
1392 2541 1608 2610 ἑκάστῳ
1654 2540 1848 2591 ταλαν-

285 2632 500 2684 τεύοντι
538 2633 727 2686 τοῦτον
782 2633 926 2699 εδοξε
962 2633 1054 2688 τόν
1084 2634 1309 2704 τρόπον,
1341 2635 1559 2704 ,ἐκείνῳ
1597 2633 1696 2704 μὲν
1721 2635 1850 2701 ὁμο-

285 2722 468 2789 λογεῖν
500 2724 776 2793 προσῆκον
792 2726 1018 2794 χάριτας
1046 2725 1143 2793 τῆς
1172 2725 1300 2795 περὶ
1329 2726 1477 2794 ἡμᾶς
1508 2726 1677 2792 σοφῆς
1706 2725 1851 2776 οίκο-

285 2816 479 2883 νομίας
504 2833 517 2846 ·
555 2817 751 2878 αὐτοὺς
792 2818 865 2880 δὲ,
897 2817 1129 2869 ἕκαστον
1176 2819 1205 2869 ὅ
1268 2836 1321 2871 τι
1370 2816 1435 2870 ἂν
1477 2819 1564 2886 εἴη
1613 2815 1761 2884 αύτῷ
1789 2832 1848 2867 τε

243 2934 249 2938 -
283 2908 568 2973 προσῆκον
600 2907 694 2958 καὶ
751 2907 1027 2970 λυσιτελὲς
1066 2911 1287 2961 σκοπεῖν
1314 2925 1327 2939 ο
1367 2909 1395 2961 ὃ
1430 2908 1493 2975 δὴ
1525 2908 1692 2973 κάμοὶ
1723 2906 1849 2959 σκε-

280 2995 514 3064 φαμένῳ
568 2998 694 3065 περὶ
732 2989 990 3064 ἕμαυτοῦ,
1039 2997 1182 3063 ἔδοξε
1236 2999 1347 3052 δεῖν
1391 2999 1501 3052 τῶν
1549 3000 1647 3067 μὲν
1701 3017 1845 3068 πρα-

280 3101 318 3153 γ
327 3086 514 3150 μάτων
535 3087 869 3155 ἀποσχέσθαι
887 3102 899 3115 ’
924 3090 1159 3141 συνεῖναι
1178 3087 1233 3141 δὲ
1251 3088 1340 3140 τὸν
1365 3089 1643 3142 ἐπίλοιπον
1663 3091 1848 3159 ἀπρα-

281 3179 534 3249 γμοσύνῃ
568 3177 682 3247 βίον
711 3179 856 3239 ὅπως
884 3178 950 3231 ἂν
967 3178 1210 3248 δύνωμαι
1241 3180 1493 3248 διάγοντα
1532 3183 1651 3234 κατ’
1682 3185 1850 3252 ἐμαυ-

280 3270 412 3330 τόνο
450 3270 593 3321 οὓτω
630 3269 693 3341 δὴ
718 3270 895 3336 δόξαν,
927 3270 1026 3342 ήδη
1066 3272 1156 3323 καὶ
1207 3271 1289 3324 σοὶ⁵
1341 3273 1641 3342 κατάδηλον
1686 3274 1845 3328 ποιῶ.

282 3360 394 3414 Τοῦ
419 3363 760 3432 πατριάρχου
802 3362 862 3414 δὲ
896 3363 1305 3433 πυνθανομένου
1344 3366 1441 3434 τὴν
1470 3366 1663 3419 ἀἰτίαν
1689 3365 1754 3418 δι’
1780 3365 1847 3435 ἢν

283 3452 437 3522 αὐτῷ
481 3454 710 3506 τοιαῦτα
756 3454 888 3523 πρὸς
930 3454 1027 3524 τὴν
1058 3456 1305 3524 βασιλίδα
1355 3458 1598 3527 παρέστη
1648 3457 1843 3523 λέγειν.

282 3540 397 3597 Καὶ
435 3544 697 3614 πρότερον
732 3545 830 3615 μὲν
865 3545 1070 3612 ἔφασκε
1130 3547 1256 3608 τοὺς
1286 3546 1562 3607 τοιούτους
1597 3548 1847 3615 στρέφειν

278 3638 601 3703 λογισμοὺς,
634 3639 727 3688 καὶ
773 3637 1069 3703 ἀναγκαῖον
1110 3636 1320 3689 οίεσθαι
1371 3637 1703 3703 ἀφίστασθαι
1739 3635 1847 3687 τῶν

282 3726 652 3794 πραγμάτων.
693 3726 756 3776 Ὃ
787 3724 842 3778 δέ
877 3742 942 3793 με
982 3728 1167 3795 τάχιον
1220 3728 1476 3779 ἀνέπεισε
1516 3726 1616 3797 τὴν
1649 3725 1846 3796 βουλὴν

280 3816 714 3879 ἀνακαλύπτειν,
742 3817 895 3868 οὐδὲν
930 3816 1114 3886 ἕτερον
1146 3812 1310 3881 alvom,
1348 3818 1381 3887 ἦ
1438 3819 1606 3887 ὅτιτῇ
1648 3832 1845 3885 προτε-

282 3906 420 3976 ραίᾳ.
458 3907 598 3959 κατὰ
628 3907 717 3960 τὸν
749 3890 1007 3975 σύλλογον
1054 3908 1302 3979 ἀκαίρως
1336 3908 1429 3961 τοῦ
1472 3907 1720 3976 Χούμνου
1752 3907 1847 3959 καὶ

280 3999 525 4066 ἀ·,οήτως
584 4002 1111 4071 παρρησιασαμένου
1144 4040 1160 4063 ,
1212 4001 1302 4052 καὶ
1345 4001 1441 4052 ἐὰν
1500 3998 1577 4069 τῷ
1628 4000 1845 4068 ἐσχάτῳ

274 4090 670 4161 ἀποκαλυφθῇ,
716 4093 925 4159 σιγάτω
954 4095 981 4144 ὀ
1022 4094 1233 4162 πρῶτος
1261 4091 1526 4160 φαμένου,
1560 4089 1674 4143 οὗθ’
1702 4093 1734 4159 ἡ
1756 4090 1847 4159 βα-

279 4184 445 4248 σιλὶς,
478 4183 591 4236 οὒτ’
627 4185 785 4245 αὐτὸς
820 4187 1233 4253 ἠγανακτήσατε
1264 4184 1395 4251 πρὸς
1424 4185 1521 4251 τὴν
1559 4185 1848 4251 ἀναισχυν-

276 4277 428 4336 τίαν,
467 4274 587 4328 οῦδὲ
637 4275 793 4344 δίκην
829 4275 995 4328 ἔδωκε
1040 4275 1139 4343 τῆς
1171 4275 1402 4344 ἀνοήτου
1439 4272 1845 4340 γλωσσαλγίας,

1954 1802 2055 1859 cha
2086 1815 2269 1859 essent
2304 1806 2355 1859 in
2387 1807 2607 1875 palatio,
2636 1823 2733 1877 per
2753 1824 2877 1862 eum
2919 1807 3251 1877 impcratrici
3287 1808 3399 1861 haec
3427 1823 3516 1862 re-

1954 1895 2184 1950 nuntiat.
2237 1894 2293 1948 Si
2337 1894 2531 1952 fuisset
2563 1912 2592 1951 a
2633 1898 2741 1951 Deo
2771 1899 2826 1951 in
2854 1899 2972 1967 ejus
3004 1896 3251 1951 relictum
3280 1897 3515 1952 arbitrio

1955 1986 2097 2058 (ipso
2139 1995 2277 2043 teste
2316 2003 2446 2043 vera
2484 2003 2543 2043 se
2568 1988 3003 2058 di‘cere).utrum
3040 1990 3245 2052 mallet,
3283 1990 3517 2058 impera-

1954 2087 2126 2133 torem
2167 2078 2391 2147 quidem
2441 2079 2646 2143 vivere,
2706 2095 2765 2134 se
2819 2089 3001 2134 autem
3051 2095 3151 2149 pro
3205 2081 3296 2134 illo
3350 2082 3513 2134 vitam

1951 2183 2179 2237 ponere,
2222 2169 2375 2239 quasi
2425 2164 2683 2225 omnibus
2735 2172 2974 2240 punctis,
3015 2172 3272 2239 omnique
3307 2173 3513 2232 studio.

1949 2270 2006 2315 et
2053 2262 2336 2315 alacritate
2367 2270 2799 2331 pra-Optaturum
2842 2263 3010 2317 fuisse
3042 2262 3203 2324 mori,
3240 2273 3293 2315 nt
3326 2263 3400 2316 illi
3438 2264 3517 2316 vi-

1950 2367 2076 2408 vere
2116 2354 2325 2409 diutius
2350 2356 2766 2410 concederetur.
2798 2355 3065 2421 Quoniam
3097 2371 3225 2411 vero
3253 2356 3363 2410 Deo
3394 2360 3517 2411 uni-

1949 2447 2147 2517 cuique
2184 2462 2282 2502 sua
2325 2448 2435 2501 fata
2482 2448 2822 2517 dispensanti
2870 2448 2942 2502 ita
2971 2448 3267 2518 placuisset
3295 2464 3512 2517 aequum

1949 2554 2072 2594 esse
2109 2539 2285 2595 eidem
2335 2549 2393 2595 ut
2442 2540 2847 2609 sapientissimo
2876 2540 3018 2609 patri
3050 2551 3239 2593 nostro
3279 2539 3517 2594 familias

1950 2631 2154 2698 gratias
2199 2646 2383 2701 agere,
2414 2641 2468 2686 et
2500 2632 2780 2687 hominum
2807 2630 3109 2701 quemlibet
3139 2647 3238 2701 pro
3268 2647 3347 2696 se,
3383 2630 3516 2701 quid

1950 2719 2054 2773 sibi
2096 2722 2430 2775 conveniens
2456 2721 2697 2790 utileque
2726 2722 2797 2777 sit
2852 2704 3290 2791 circumspicere.
3322 2722 3433 2776 Hoc
3459 2737 3516 2775 se

1949 2810 2050 2864 sibi
2095 2806 2203 2879 ja'm
2258 2811 2596 2879 praestitisse,
2634 2812 2921 2879 visumque
2948 2826 3130 2865 rerum
3161 2812 3512 2866 administra-

1951 2900 2097 2955 tione
2127 2902 2455 2973 cedendum,
2498 2912 2552 2956 et
2580 2902 2724 2971 quod
2761 2911 3015 2972 superest
3045 2903 3146 2958 σεινί
3174 2906 3299 2968 sibi,
3331 2908 3513 2974 quoad

1952 2988 2067 3043 ﬁeri
2126 2990 2317 3059 possit.
2373 2990 2471 3044 soli
2518 2992 2791 3045 viventem
2840 2992 2893 3047 in
2937 3006 3195 3047 curarum
3243 2997 3513 3050 vacuitate

1949 3082 2407 3137 consumendum.
2436 3082 2608 3149 liuius
2630 3098 2740 3136 suae
2759 3084 3060 3139 voluntatis
3080 3100 3200 3140 eam
3225 3102 3346 3141 esse
3369 3088 3514 3157 igua-

1951 3188 2066 3227 ram
2116 3174 2383 3228 noluisse.
2446 3174 2774 3230 Sciscitante
2808 3187 2990 3230 autem
3036 3179 3346 3247 patriarcha
3385 3197 3517 3237 cauo

1947 3277 2083 3322 sam.
2136 3265 2267 3333 quid
2317 3266 2367 3320 ei
2420 3268 2470 3319 in
2523 3278 2757 3323 mentem
2813 3270 3072 3333 venisset,
3116 3273 3277 3326 talem
3308 3274 3374 3328 ad
3404 3275 3516 3330 Au-

1948 3356 2161 3423 gustam
2213 3358 2429 3413 mittere
2490 3362 2763 3424 nuntium,
2818 3364 3101 3431 respondit
3155 3367 3411 3436 :pridem
3454 3388 3513 3423 sa

1945 3448 2079 3502 istas
2120 3450 2481 3517 cogitationes
2509 3452 2745 3518 volvere,
2782 3465 2837 3507 et
2870 3455 3267 3511 abdicationem
3311 3461 3511 3514 rectio-

1946 3540 2032 3591 nis
2076 3541 2179 3594 sibi
2228 3543 2591 3595 necessariam
2638 3544 2911 3598 arbitrari.
2947 3546 3099 3611 Quod
3130 3565 3257 3604 vero
3287 3566 3410 3605 eum
3444 3556 3512 3607 ad

1947 3633 2205 3686 meditata
2263 3634 2427 3687 citius
2473 3636 2848 3702 patefacienda
2901 3638 3185 3704 incitarit,
3230 3658 3339 3696 non
3389 3659 3512 3698 esse

1945 3724 2128 3785 aliud,
2176 3740 2336 3793 quam
2385 3727 2529 3796 quod
2579 3728 2751 3795 pridie
2806 3729 3088 3785 Chumnus
3138 3734 3191 3786 in
3237 3743 3511 3791 conventu

1948 3817 2123 3885 imper
2150 3834 2279 3883 une,
2319 3829 2376 3874 et
2424 3821 2749 3889 insipienter
2780 3838 2842 3878 ac
2863 3825 2981 3879 sine
3013 3825 3189 3882 frente
3216 3829 3346 3882 illud
3371 3831 3513 3884 eﬂ‘u-

1949 3907 2151 3973 tiverit,
2180 3910 2224 3963 si
2259 3920 2536 3980 postremo
2570 3915 2868 3969 revelatum
2912 3918 3004 3981 sit,
3040 3929 3218 3974 taceat
3250 3921 3459 3989 primus
3494 3940 3509 3975 :

1946 4014 2109 4067 quam
2158 4001 2582 4069 imprudentiam
2620 4021 2721 4059 nec
2760 4007 3098 4076 imperalrix.
3136 4026 3237 4064 nec
3276 4012 3389 4080 ipse
3422 4029 3514 4082 pa-

1950 4088 2186 4143 triarcha
2236 4106 2378 4161 aegre
2431 4094 2656 4158 tulerit,
2712 4113 2813 4151 nec
2865 4098 3301 4155 maledicentiam
3351 4105 3511 4157 istaut

1947 4182 2240 4248 puniverit,
2288 4184 2383 4238 sed
2432 4186 2663 4253 perinde
2704 4203 2768 4241 ac
2806 4190 2849 4241 si
2877 4191 3013 4244 nihil
3050 4192 3326 4248 diceretur
3356 4199 3509 4258 novi,

1948 4271 2002 4325 in
2046 4273 2193 4327 dicto
2250 4274 2388 4328 istoc
2430 4279 2867 4345 conquieverint.
2908 4281 3133 4350 Excepit
3177 4287 3508 4353 patriarcha.

236 4372 241 4375 ’
273 4366 401 4418 ἀλλ’
434 4370 815 4435 ἐφησυχάσατε
840 4368 948 4428 τοῖς
979 4366 1316 4434 λεγομένοις,
1340 4364 1525 4433 ὥσπερ
1551 4366 1843 4433 είρημένου

1947 4361 2085 4416 Num
2134 4365 2239 4418 alia
2289 4374 2546 4434 praeterea
2594 4384 2680 4422 res
2723 4379 2772 4422 te
2798 4374 3177 4438 commoverit,
3213 4386 3270 4429 ut
3302 4378 3403 4432 hoc
3430 4379 3511 4433 di-

277 4460 515 4528 μηδενὸς
565 4460 772 4512 καινοῦ.
814 4458 874 4510 '0
908 4459 1251 4527 πατρίαρχης
1303 4456 1381 4521 δὲ,
1412 4457 1469 4508 El
1512 4457 1612 4523 μὲν
1642 4456 1732 4508 καί
1762 4473 1844 4517 τις

273 4553 418 4621 ἄλλη
447 4552 579 4619 πρὸς
608 4551 732 4611 τοὺς
753 4550 1048 4613 τοιούτους,
1080 4549 1255 4615 ἔλεγε,
1284 4545 1473 4611 λόγους
1511 4549 1717 4617 ἢγαγεν
1759 4546 1845 4597 αἱ·

272 4644 395 4705 τία,
451 4643 612 4703 αὐτὸς
666 4642 732 4694 ἂν
759 4640 978 4709 εἰδείης.
1021 4639 1079 4691 EE
1125 4637 1171 4690 δ’
1216 4639 1378 4691 αὑτοῦ
1435 4639 1625 4690 τούτου
1679 4637 1844 4688 ἓνεκα

270 4737 449 4803 μόνου
490 4731 848 4802 παροξυνθεὶς
899 4732 1043 4797 ὀργῇ
1100 4729 1398 4798 φερόμενος
1448 4729 1582 4797 πρὸς
1630 4729 1727 4796 ἐμέ
1789 4745 1842 4779 τε

271 4828 379 4879 καὶ
408 4827 505 4893 τὴν
535 4823 800 4893 βασιλίδα,
833 4821 1163 4890 ἀφίστασθαι
1194 4824 1291 4890 τῆς
1325 4822 1639 4888 διοικήσεως
1669 4820 1844 4887 ἔγνως

269 4917 389 4970 τῶν
411 4915 629 4980 κοινῶν,
671 4913 796 4967 οὔτε
855 4913 1040 4967 δίκαια
1071 4915 1266 4976 ποιεῖς,
1322 4911 1445 4965 οὔτε
1497 4913 1844 4982 προσήκοντα

269 5007 485 5078 σαυτῷ.
530 5006 667 5075 Ἐγώ
711 5024 772 5059 τε
802 5007 910 5076 γάρ
957 5006 1306 5077 ἰσχυρίζομαι
1345 5005 1570 5057 τουτωνὶ
1609 5005 1717 5056 τῶν
1756 5004 1844 5057 λό-

268 5120 392 5171 γων
436 5100 510 5169 μὴ
553 5100 852 5168 ἀκηκοέναι
922 5099 1200 5160 παντελῶς
1230 5113 1246 5130 ο
1306 5096 1403 5151 καὶ
1445 5096 1652 5157 δίκαιος
1701 5092 1842 5148 εἶναι

266 5193 414 5259 ἀξιῶ
446 5191 797 5245 πιστεύεσθαι
834 5194 984 5261 παρὰ
1014 5190 1097 5243 σοί
1119 5207 1135 5221 ο
1166 5190 1350 5259 οἴομαι
1384 5188 1440 5242 δὲ
1469 5189 1563 5242 καὶ
1611 5189 1709 5258 τὴν
1742 5188 1840 5257 βα-

267 5286 453 5340 σιλίδα
479 5286 545 5338 τά
580 5286 672 5338 ίσα
708 5286 834 5352 ἐμοὶ
866 5287 1035 5354 ὲρείν.
1067 5283 1200 5336 Οὐδὲ
1257 5282 1365 5353 γὰρ
1409 5283 1472 5335 ἂν
1506 5283 1705 5352 ἠνεγκε
1757 5298 1840 5333 σι-

262 5384 371 5451 γῇ,
402 5380 450 5432 εί
480 5378 710 5432 ἀκοῦσαί
747 5395 806 5431 τε
842 5377 1131 5431 συνέϐαινε
1179 5379 1287 5429 τῶν
1313 5376 1512 5445 λόγων,
1553 5377 1649 5429 καὶ
1704 5378 1839 5446 πρὸς

266 5476 336 5527 σὲ
366 5472 618 5542 εἰρῆσθαι
648 5472 921 5540 οἰηθῆναι.
951 5468 1042 5522 Διό
1074 5486 1166 5521 σου
1207 5468 1301 5522 καί
1332 5469 1526 5539 δέομαι
1557 5468 1666 5522 τῶν
1698 5469 1833 5537 πρὸς

262 5564 373 5635 τὴν
437 5562 684 5631 βασιλίδα
744 5563 920 5631 λόγων
968 5560 1303 5632 ἀποσχέσθαι
1355 5560 1416 5613 ού
1463 5560 1677 5628 φαύλην
1717 5562 1840 5613 τινὰ

1945 4467 2121 4517 ceres,
2169 4464 2227 4507 tu
2262 4457 2428 4509 nosti.
2457 4458 2512 4511 Si
2538 4469 2763 4527 propter
2796 4463 2897 4515 hoc
2927 4465 3101 4516 solum
3131 4470 3507 4534 exacerbatus,

1948 4544 2079 4597 mihi
2134 4553 2186 4599 et
2238 4546 2569 4615 imperatrici
2630 4560 2914 4621 tantopere
2975 4555 3267 4621 irasceris,
3302 4563 3509 4614 ut'rei-

1947 4636 2176 4703 publicat-
2220 4641 2469 4707 regendae
2502 4656 2700 4696 munus
2727 4645 2960 4712 abjiccre
2990 4652 3364 4715 constitueris,
3409 4669 3509 4707 nec

1942 4726 2109 4794 juste.
2171 4742 2270 4781 nec
2320 4744 2384 4782 ex
2436 4740 2526 4782 tua
2578 4733 2841 4801 dignitate
2886 4735 3039 4789 facis.
3095 4738 3227 4791 Nam
3277 4757 3374 4809 ego
3421 4759 3506 4795 nte

1946 4816 2111 4870 verba
2148 4817 2235 4871 illa
2264 4817 2497 4873 Cbumni
2528 4825 2751 4876 omnino
2784 4840 2888 4878 non
2916 4826 3211 4893 audivisse,
3243 4831 3339 4884 tibi
3372 4848 3505 4886 con-

1946 4906 2160 4962 [innare
2203 4923 2446 4975 possum.
2479 4924 2536 4966 et
2571 4914 2702 4966 mihi
2736 4913 2895 4968 (idem
2932 4918 3116 4972 haberi
3152 4936 3367 4989 aequum
3401 4934 3504 4986 est,

1944 5012 2186 5071 pntoque
2223 5006 2621 5073 intpcratricem
2652 5010 2840 5064 eadem
2874 5028 3083 5065 mecum
3109 5018 3508 5075 confessuram.

1945 5092 2099 5147 Haud
2139 5096 2285 5148 enim
2334 5113 2521 5153 vocem
2564 5101 2856 5167 tenuisset,
2907 5104 2951 5157 si
2999 5106 3331 5169 audivisset.
3370 5117 3424 5162 et
3456 5120 3508 5163 te

1945 5198 2145 5245 tactum
2200 5194 2543 5249 credidisset.
2591 5196 2769 5262 Quare
2818 5209 2868 5253 te
2916 5216 3011 5254 oro
3060 5218 3352 5273 qumsoque
3381 5246 3394 5268 ,
3427 5209 3507 5261 uti

1945 5283 2127 5338 verbis
2178 5286 2377 5339 talibus
2429 5287 2493 5340 ad
2540 5304 2657 5341 eam
2692 5291 3074 5359 supersedeas,
3108 5310 3228 5362 quae
3268 5313 3507 5364 praesen-

1945 5375 2091 5428 tibus
2142 5376 2297 5430 malis
2353 5392 2463 5431 non
2520 5394 2688 5447 parvo
2736 5382 3107 5437 additamento
3136 5386 3319 5441 futura
3352 5400 3503 5460 sunt.

1942 5463 2101 5535 357
2144 5467 2235 5521 Ille
2268 5483 2376 5521 non
2403 5484 2461 5523 se
2489 5466 2729 5535 ﬂectere,
2757 5483 2813 5525 et
2838 5472 3041 5529 instare
3077 5487 3130 5529 ut
3165 5477 3503 5547 imperatrit-i
3580 5515 3592 5526 -

1926 5560 2170 5612 nuntius
2232 5560 2365 5624 iret;
2422 5556 2569 5616 nunc
2615 5562 2834 5631 quidem
2891 5566 3020 5620 illud
3066 5571 3288 5622 verbum
3327 5572 3502 5624 solum

263 5657 553 5725 ἐσομένων
579 5654 846 5726 ὲπιθήκην
872 5655 981 5707 τῶν
1012 5653 1220 5708 κακῶν.
1254 5653 1312 5706 Ὀ
1341 5641 1517 5705 δ”ούκ
1543 5652 1687 5721 ἀνίη,
1722 5652 1837 5705 ἀλλ’

1942 5666 2082 5711 esse.
2133 5651 2276 5719 quod
2320 5652 2507 5707 turbas
2550 5654 2882 5721 concitaret;
2920 5657 3146 5713 fortasse
3181 5671 3361 5717 autem
3397 5664 3519 5719 alia,

265 5748 529 5803 ἐκέλευεν
574 5746 959 5816 ἀπαγγέλλειν.
1010 5744 1124 5798 Νῦν
1159 5745 1257 5816 μὲν
1293 5748 1521 5813 φάσκων
1561 5745 1653 5796 τὸν
1682 5742 1838 5809 λόγον

266 5842 443 5913 μόνον
500 5841 709 5895 ἐκεῖνον
758 5841 849 5895 τὸν
901 5840 1206 5909 ποιήσαντα
1266 5838 1363 5907 τὴν
1408 5836 1673 5906 ταραχὴν,
1705 5835 1834 5897 ίσως

1947 5746 2211 5815 quosdam
2266 5747 2473 5800 inclusa
2523 5746 2721 5801 habere
2757 5748 2809 5801 in
2846 5758 3084 5815 pectore.
3118 5766 3238 5820 qua:
3273 5754 3506 5823 prodere

1940 5838 2139 5891 nolint.
2183 5835 2379 5898 Statim
2425 5837 2591 5907 igitur
2641 5838 2953 5907 patriarcha
2993 5841 3059 5895 ad
3104 5843 3504 5913 imperatricem
