4212 6444
299 413 401 479 7‘21

1423 413 1962 473 IIIS'I‘ORIARUM
1998 411 2231 472 LIBER
2269 413 2378 470 lli.

3445 411 3549 472 7‘22

297 525 398 594 τὴν
439 527 644 588 πάντας
683 525 756 588 ὡς
809 518 1018 593 ἐγῷμαι
1066 523 1160 578 καὶ
1220 539 1342 586 τους
1395 523 1562 576 παλαι
1608 524 1702 578 καὶ
1751 523 1876 583 τοὺς

1983 518 2214 586 ledictis,
2260 529 2314 574 et
2359 517 2791 586 geprehensione
2830 517 2992 586 digna
3023 518 3386 574 committere.
3421 519 3548 574 Site

300 616 395 668 νῦν
427 617 844 685 ὑπερελάσασαν
904 617 998 668 ἐπὶ
1055 617 1207 686 φιλίᾳ
1259 616 1632 685 ὑμνουμένους
1678 612 1868 680 σαφῶς

297 707 694 776 διδασκοὲμνη.
749 707 863 771 Ἐφ’
898 702 976 769 οἷς
1029 709 1128 758 οὐκ
1157 706 1486 773 ὡφελεῖσθαι
1543 706 1703 772 μόνον
1737 705 1868 774 παρ’

301 802 584 870 ἑκατέρων
613 800 930 853 συνέὀαινεν
963 803 1118 869 ἡμῖν,
1169 800 1304 852 ἀλλὰ
1353 799 1566 851 καὶτὸν
1613 799 1740 866 ἄχρι
1776 797 1870 848 νῦν

302 891 490 958 χρόνον
535 891 896 944 εὑκλεέστατα
946 891 1290 961 βεϐιωκέναι.
1353 893 1585 944 Ἄτοπον
1635 887 1748 949 οὖν,
1781 890 1870 940 τὸν

305 995 404 1045 μεν
450 979 554 1047 πρὸ
607 979 702 1030 τοὺ
753 983 946 1048 χρόνον
991 978 1230 1036 ἅπαντα,
1291 981 1560 1048 μηδέποτε
1597 979 1870 1048 μηδεμίαν

301 1069 516 1134 ἀδοξέας
577 1072 851 1141 πρόφασιν
895 1075 1308 1141 παρεσχτκέναι
1346 1073 1592 1140 ἐμαυτῷ,
1655 1077 1772 1123 νυνι
1815 1071 1871 1122 δὲ

303 1161 484 1213 ἑκοντὶ
537 1161 805 1231 λοιδορεας
845 1162 968 1226 ἄξια
1000 1165 1095 1216 καὶ
1159 1163 1420 1230 μέμψεως
1457 1165 1630 1214 ποιεῖν
1660 1180 1672 1194 ·
1705 1163 1770 1216 ἄν
1810 1178 1869 1214 τε

303 1250 412 1320 γὰρ
456 1252 729 1321 ἀγνοήσας
773 1253 900 1304 οἴων
937 1253 1122 1306 κακῶν
1156 1254 1222 1306 τὰ
1253 1255 1564 1323 πράγματα
1605 1257 1867 1324 χωρήσει,

303 1342 526 1411 ἐμαυτῷ
577 1343 678 1412 μὲν
734 1343 972 1409 ἀδοξίας,
1040 1347 1152 1406 τοῖς
1211 1348 1416 1408 λοιποῖς
1475 1345 1530 1398 δὲ
1576 1346 1872 1414 Ῥωμαίοις

306 1433 515 1504 φθορᾶς
569 1436 663 1486 καὶ
717 1436 982 1488 κινδύνων
1039 1439 1212 1500 αἴτιος
1265 1437 1542 1500 καταστῶ,
1612 1437 1872 1504 οὐδεμίαν

305 1523 698 1592 παραιτεῖσθαι
718 1523 926 1588 δίκαιος
957 1527 1288 1594 συγγνώμην
1311 1527 1471 1586 ain“);
1497 1525 1624 1596 παρ’
1652 1525 1874 1594 ἐμαυτῷ

307 1619 490 1684 κριτῇ.
523 1619 624 1669 ’Λν
683 1636 743 1670 τε
781 1621 874 1670 καὶ
909 1620 1148 1688 συνορῶν
1210 1621 1422 1690 (ὥσπερ
1468 1620 1570 1688 ἠδη
1627 1621 1720 1672 καὶ
1750 1619 1871 1671 ἐπί-

308 1725 510 1771 σταμαι
543 1709 773 1776 σαφῶς),
825 1710 1018 1766 ἔπειτα
1047 1713 1605 1782 καταμαλακιζοίμην
1636 1713 1746 1764 δέει
1774 1711 1868 1764 τοῦ

309 1797 384 1866 μὴ
414 1797 592 1850 δοκειν
619 1801 678 1850 ἐν
731 1804 962 1868 καιροῖς,
995 1801 1087 1854 ἐπὶ
1129 1802 1396 1864 κινδύνοις
1425 1805 1526 1871 τὴν
1568 1804 1740 1873 ἀρχὴν
1778 1821 1868 1872 με·

305 1889 624 1951 οἱεσθαι,οὑ
661 1889 928 1960 λοιδορίας
975 1891 1124 1955 ἄξιος
1153 1893 1340 1961 μόνον,
1395 1893 1530 1946 αλλὰ
1574 1898 1666 1948 καί
1714 1895 1868 1963 δίκης

304 1975 403 2043 τῆς
454 1977 712 2048 ἐσχάτης,
748 1979 830 2030 δτι
870 1981 963 2032 καί
997 1997 1078 2033 τοι
1109 1981 1397 2048 προειδὼς,
1431 1983 1700 2050 ὑπέμεινα
1726 1982 1869 2036 ἑκὼν

305 2062 446 2121 εἶναι
479 2068 647 2132 κακὸς
683 2069 938 2137 ὀφθῆναι,
993 2071 1088 2122 καὶ
1126 2073 1264 2140 μήτε
1297 2075 1532 2140 καιροῖς,
1569 2075 1705 2141 μήτε
1731 2075 1869 2142 πρά-

305 2174 512 2228 γμασιν
549 2160 622 2222 ὡς
649 2161 767 2212 δέον
794 2153 1104 2230 χρήσασθαι
1147 2163 1325 2224 εἰδώς.
1357 2157 1430 2216 Ob
1478 2165 1534 2216 δὲ
1565 2165 1728 2217 ἕνεκα
1761 2183 1874 2218 κιν-

307 2250 478 2302 δύνων
508 2268 566 2302 τε
614 2251 710 2304 καὶ
737 2252 952 2316 ἀδοξίας
995 2251 1166 2320 ἔγνων
1203 2253 1568 2306 ἀπαλλάττειν
1609 2256 1867 2322 ἐμαυτόν.

307 2340 416 2394 Καί
446 2359 526 2393 τοι
550 2358 612 2408 γε
641 2342 762 2394 οὐδὲ
810 2342 1043 2412 βασιλίδι
1070 2361 1128 2396 τε
1170 2345 1264 2396 καὶ
1294 2347 1407 2408 τοῖς
1456 2346 1722 2414 βασιλέως
1749 2365 1871 2399 παι-

309 2433 394 2485 σὶν
425 2435 487 2487 ἐκ
520 2434 616 2503 τῆς
651 2435 864 2500 ἀδοξίας
894 2439 1121 2505 ταυτησὶ
1155 2439 1252 2490 καὶ
1289 2438 1396 2490 τῶν
1443 2439 1704 2492 κινδύνων
1730 2439 1872 2508 ὠιρὲ-

306 2528 456 2581 λειάν
483 2545 603 2580 τινα
628 2527 804 2592 ἔξεστι
832 2530 1099 2598 πορίζειν.
1133 2526 1241 2582 τΗν
1271 2533 1378 2601 γὰρ
1411 2533 1476 2584 ἂν
1501 2530 1662 2585 τοῦτο
1692 2550 1872 2601 παρα-

311 2618 500 2687 μύθιον
539 2625 599 2672 οὐ
638 2619 865 2688 φαῦλον,
901 2622 976 2684 ὡς
1037 2623 1101 2674 ἂν
1148 2622 1204 2674 δὲ
1250 2625 1325 2693 μὴ
1371 2623 1513 2675 δοκῶ
1555 2623 1683 2686 τοὺς
1732 2625 1872 2694 ὑπὲρ

310 2705 420 2758 τῶν
449 2706 710 2775 βασιλέως
750 2708 958 2762 παίδων
1016 2708 1212 2772 πόνους
1243 2711 1336 2762 καὶ
1371 2711 1649 2772 κινδύνους
1684 2712 1875 2764 ἀποδι-

311 2797 587 2867 δράσκειν,
630 2799 722 2852 νῦν
768 2801 868 2866 μὲν
895 2803 954 2854 ἐν
991 2801 1090 2870 τῆς
1123 2802 1346 2871 εἰρήνης
1374 2805 1484 2864 τοῖς
1517 2806 1754 2870 καιροῖς,
1786 2805 1874 2856 ὅτε

315 2891 451 2958 μήτε
485 2891 721 2959 πόλεμος
749 2889 944 2954 οὐδεὶς,
984 2892 1122 2960 μήτε
1156 2893 1339 2944 κακῶν
1370 2893 1668 2961 προσδοκία
1711 2895 1874 2963 μηδε-

314 2983 450 3049 μία,
488 2981 835 3051 πατριάρχης
871 2999 926 3034 τε
983 2985 1076 3035 καὶ
1113 2983 1417 3053 σύγκλητος
1463 2983 1579 3052 ἃμα
1643 2983 1875 3054 βασιλίδι

315 3074 608 3129 ιθυνὸντων
635 3075 730 3145 τὴν
767 3075 958 3144 ἀρχὴν,
991 3077 1086 3130 καὶ
1143 3078 1208 3128 τὰ
1237 3081 1300 3128 ὲκ
1344 3076 1546 3146 ταύτης
1571 3077 1750 3144 ἀγαθὰ
1785 3078 1878 3130 καὶ

311 3168 411 3230 τὰς
452 3167 620 3236 τιμὰς
647 3167 1027 3235 καρπούσθωνο
1083 3168 1210 3220 Ἐὰν
1243 3169 1298 3219 δέ
1335 3185 1464 3220 ποτε
1513 3168 1757 3240 συμϐαίη
1792 3171 1878 3222 πό-

311 3259 476 3328 λεμόν
503 3275 624 3312 τινα
647 3260 954 3327 ἀναφυῆναι
983 3259 1225 3312 κίνδυνον
1256 3259 1584 3314 ἀπειλοῦντα
1607 3261 1876 3328 βασιλέως

309 3353 426 3414 τοῖς
470 3352 650 3418 παισὶ,
707 3352 818 3404 τότ’
853 3353 1014 3415 αὐτὸς
1042 3353 1142 3423 ήδη
1202 3351 1500 3422 προθύμως
1533 3359 1662 3415 τοις.
1691 3354 1874 3407 κινδυ-

309 3459 428 3504 νοις
483 3443 782 3512 ὲμπαρὲξω
844 3444 1100 3512 ἐμαυτὸν,
1157 3446 1253 3496 καὶ
1309 3444 1340 3514 ἢ
1386 3445 1738 3499 συνδιασώσω
1779 3447 1878 3518 τὴν

309 3535 488 3604 ἀρχὴν
519 3534 722 3598 αὐτοῖς,
759 3536 792 3604 ἢ
815 3535 968 3602 ’ὑπὲρ
1003 3535 1180 3588 αὐτῶν
1224 3537 1526 3606 μαχόμενος
1557 3541 1832 3606 πεσοῦμαι
1860 3557 1873 3602 ;

311 3626 392 3686 ὡς
428 3625 494 3678 ἂν
531 3626 652 3694 ἐμοὶ
681 3626 780 3694 μὲν
811 3627 858 3678 ot
890 3627 1044 3678 πόνοι
1069 3627 1161 3678 καὶ
1191 3627 1250 3678 τὸ
1282 3627 1635 3694 κινδυνεύειν,
1665 3631 1796 3698 ὑμῖν
1821 3629 1877 3680 δὲ

308 3717 378 3770 τὸ
413 3717 682 3785 ἐντρυφᾷν
705 3718 817 3779 τοῖς
851 3717 1164 3784 πράγμασι,
1197 3719 1290 3768 καὶ
1339 3719 1880 3772 αὑτῶνκιταπολαὺ-

309 3825 396 3860 ειν
425 3807 654 3876 μηδενὸς
677 3805 1132 3876 παρενοχλοῦντος
1174 3809 1523 3877 περιγίνοιτο.
1570 3812 1878 3880 Κεφάλαιον

307 3902 370 3954 δὲ
425 3901 534 3954 τῶν
595 3898 767 3966 λόγων
827 3899 936 3955 τῶν
1014 3899 1182 3968 ἐμῶν,
1246 3900 1320 3963 ὡς
1397 3904 1542 3956 ἔστιν
1600 3907 1750 3958 οὐδὲν
1817 3909 1878 3960 τὸ

309 3995 522 4055 πεῖσον,
574 3991 758 4059 ὥσπερ
821 3990 914 4042 καὶ
960 3994 1244 4058 πρότερον,
1300 3993 1516 4061 ἔχεσθαι
1557 3995 1666 4047 τῶν
1728 4015 1874 4068 πρα-

311 4087 544 4152 γμάτων
587 4081 682 4148 τῆς
731 4083 936 4150 ἀρχῆς’
965 4083 1039 4139 ὡς
1099 4081 1164 4134 ἂν
1207 4082 1262 4134 δὲ
1303 4084 1396 4134 καὶ
1453 4084 1635 4152 ἔργοις
1673 4088 1702 4139 ὃ
1731 4089 1874 4158 λέγω

309 4175 620 4246 κατάδηλον
654 4177 886 4243 ποιήσω,
917 4175 1011 4241 τῆς
1068 4175 1332 4239 συνήθους
1382 4177 1652 4247 καθέδρας
1679 4181 1876 4244 ἐξανα-

310 4273 470 4332 στὰς,
525 4268 608 4335 ἐφ’
649 4268 840 4335 ἑτέραν
873 4266 1228 4334 καθεδοῦμαι.
1287 4267 1353 4317 ἵν’
1385 4267 1552 4338 εἰδείη
1579 4287 1636 4320 τε
1667 4270 1874 4339 βασιλίς

307 4380 370 4413 τε
405 4364 496 4412 καὶ
527 4362 710 4428 ὑμετς,
742 4357 814 4420 ὼς
847 4357 997 4410 οὐδὲν
1031 4358 1128 4425 ἤδη
1175 4357 1236 4408 τὸ
1270 4357 1478 4410 κωλῦον
1533 4359 1721 4430 ἕτερόν
1753 4379 1874 4416 τινα

305 4455 370 4507 ὃν
400 4453 466 4506 ἂν
499 4451 761 4521 βούλησθε
790 4449 944 4500 αὐτοὶ
969 4450 1078 4506 τοῖς
1114 4448 1435 4517 πράγμασιν
1485 4451 1710 4519 ὲιριστᾷν
1741 4467 1753 4481 ·
1785 4453 1874 4505 οὖ-

1973 614 2120 664 enim
2147 612 2364 665 nescius
2386 627 2491 679 quo
2517 611 2860 663 miseriarum
2891 625 2976 664 res
2993 611 3252 672 evadent,
3273 611 3404 663 mihi
3430 611 3554 678 qui-

1973 698 2096 752 dem
2123 698 2498 767 ignominiam,
2538 698 2751 751 caeteris
2790 707 2970 751 autem
3015 699 3277 752 Romanis
3307 699 3548 768 pericula

1971 791 2314 858 exitiumque
2359 804 2615 842 creavere
2643 827 2656 851 ,
2710 789 2910 841 nullam
2962 790 3046 844 vel
3097 805 3183 843 me
3216 789 3336 858 ipso
3365 792 3551 858 judice

1972 881 2224 947 veniam;
2252 882 2366 935 sive
2390 885 2556 935 etiam
2589 879 3033 934 animadvertens
3061 881 3546 950 (quemadmodum

1963 975 2074 1046 jam
2121 975 2331 1044 liquido
2383 975 2539 1044 scio),
2587 985 2766 1028 tamen
2799 974 3152 1027 einolleseam
3191 975 3389 1028 timore
3418 1017 3430 1037 ,
3483 989 3550 1028 ne

1971 1068 2183 1120 scilicet
2229 1067 2412 1120 dubiis
2460 1082 2522 1120 ac
2567 1065 2935 1120 formidulosis
2988 1065 3330 1134 temporibus
3381 1067 3554 1134 impe-

1973 1163 2114 1213 rium
2147 1159 2335 1212 videar
2371 1158 2672 1218 dimittere,
2701 1168 2896 1226 praeter
2929 1159 3391 1226 vituperationem
3426 1174 3552 1212 cru-

1973 1250 2312 1304 delissimum
2343 1264 2560 1318 quoque.
2591 1249 2920 1317 supplicium
2951 1250 3332 1304 commercbor
3361 1267 3374 1301 :
3403 1249 3550 1318 quod

1972 1358 2285 1412 quanquam
2337 1341 2656 1412 praasciens,
2683 1341 3047 1396 sustinuerim
3079 1343 3266 1396 volens
3296 1343 3543 1412 ignavus,

1972 1444 2029 1488 et
2077 1449 2254 1503 neque
2298 1432 2677 1496 occasionum,
2733 1448 2910 1501 neque
2942 1449 3126 1487 rerum
3153 1434 3293 1488 bene
3321 1433 3552 1486 utenda-

1977 1541 2096 1580 rum
2137 1527 2346 1595 peritus
2389 1526 2579 1578 videri.
2614 1525 2786 1590 Quam
2818 1525 2889 1579 ob
2915 1540 3136 1579 causam
3168 1533 3223 1578 et
3270 1523 3547 1580 discrimi-

1976 1619 2161 1680 nibus,
2215 1628 2270 1671 ct
2323 1617 2559 1670 infamize
2605 1631 2690 1670 me
2743 1615 2960 1670 decrevi
3009 1616 3353 1680 subducere;
3403 1618 3549 1670 unde

1977 1723 2078 1762 nec
2129 1707 2194 1760 ad
2239 1707 2668 1776 imperatricem.
2725 1721 2825 1760 nec
2868 1707 2934 1759 ad
2969 1707 3316 1776 imperatoris
3347 1708 3552 1762 liberos

1975 1800 2180 1868 aliquid
2236 1799 2592 1853 euioluml...t3
2641 1798 3008 1861 redundabit;
3061 1808 3208 1852 esset
3255 1801 3400 1852 enim
3447 1801 3552 1854 hoc

1899 1875 1945 1935 Β
1975 1905 2082 1944 non
2127 1891 2383 1958 exiguum
2431 1889 2707 1968 solatium.
2751 1889 2828 1943 Ne
2859 1897 3042 1943 autem
3079 1890 3296 1944 labores
3327 1901 3550 1960 preptcr

1977 1982 2118 2036 lilios
2179 1983 2528 2050 imperatoris
2576 1981 2946 2048 capessendos
2996 1983 3169 2036 vitare
3221 1982 3546 2042 existimer.

1975 2088 2122 2126 nunc
2165 2072 2387 2140 quidem
2445 2071 2498 2125 in
2533 2071 2636 2124 ista
2689 2087 2858 2140 pace,
2906 2087 3030 2126 cum
3079 2089 3181 2128 nec
3231 2073 3436 2128 bellum
3467 2085 3553 2128 est

1975 2164 2190 2226 ullum,
2243 2179 2346 2218 nec
2395 2163 2663 2217 malorum
2705 2165 3070 2232 exspectatio,
3113 2166 3454 2234 patriarcha,
3495 2179 3552 2223 et

1973 2257 2266 2312 concilium
2308 2271 2414 2309 una
2460 2271 2583 2308 eum
2629 2257 2983 2324 imperatrice
3011 2258 3301 2326 imperium
3334 2270 3547 2328 regant,

1973 2351 2200 2418 ejusque
2246 2349 2406 2400 bonis
2459 2354 2514 2400 et
2563 2347 2866 2402 honoribus
2931 2348 3306 2418 perfruantur.
3343 2350 3550 2416 Quodsi

1973 2435 2269 2506 aliquando
2317 2450 2468 2489 arma
2503 2435 2854 2503 imperatoris
2884 2436 3075 2491 liberis
3109 2438 3414 2506 perieulum
3448 2439 3550 2492 de-

1975 2528 2286 2582 nuntiantia
2332 2527 2732 2590 movebuntur,
2775 2543 2992 2583 rursum
3043 2529 3274 2599 impigre
3305 2530 3546 2586 hostium

1975 2621 2100 2674 telis
2154 2635 2238 2673 me
2284 2619 2591 2688 objectaho,
2625 2629 2679 2672 et
2717 2629 2810 2674 aut
2845 2621 3137 2691 imperium
3181 2622 3288 2676 illis
3319 2626 3549 2678 servabo

1977 2713 2287 2774 incolume,
2340 2719 2435 2764 aut
2483 2725 2674 2764 eoruzu
2726 2727 2888 2766 causa
2947 2711 3000 2766 in
3036 2713 3217 2768 medio
3247 2717 3549 2772 certamine

1975 2803 2339 2857 occumbam:
2376 2809 2434 2854 ut
2464 2817 2563 2870 ego
2603 2802 2824 2870 quidem
2855 2802 3071 2858 labores
3105 2804 3334 2861 habeam
3368 2817 3424 2862 et
3453 2824 3548 2877 pe-

1978 2895 2171 2960 ricula,
2217 2909 2313 2948 vos
2362 2902 2546 2946 autem
2587 2893 2842 2948 omnibus
2885 2895 3060 2964 copiis
3099 2895 3400 2963 afﬂuentes,
3449 2901 3548 2953 de-

1979 2987 2122 3040 liciis
2166 2995 2222 3040 et
2277 2986 2493 3056 gaudiis
2549 2986 2754 3050 dediti,
2804 2986 2970 3040 vitam
3022 2990 3171 3042 nullo
3215 2990 3548 3058 impediente

1979 3077 2308 3148 transigatis.
2338 3077 2514 3146 Caput
2540 3076 2778 3145 denique
2805 3087 2860 3131 et
2885 3093 3098 3133 summa
3125 3082 3387 3135 orationis
3415 3099 3549 3137 mem

1979 3179 2082 3234 est,
2115 3185 2172 3224 re
2200 3170 2347 3223 nulla
2377 3187 2462 3224 me
2485 3170 2780 3224 adductum
2810 3169 2898 3233 iri,
2925 3181 2986 3224 ut
3011 3174 3289 3240 quomodo
3313 3177 3548 3230 antehae

1983 3260 2272 3330 imperium
2317 3260 2694 3314 admimstrem
2727 3277 2740 3314 :
2769 3259 2934 3330 359
2966 3273 3022 3321 et
3057 3285 3168 3337 quo
3208 3270 3348 3325 facto
3381 3269 3546 3328 simul

1981 3349 2124 3418 quod
2177 3349 2301 3404 dico
2345 3350 2720 3418 comprobem,
2761 3367 2792 3402 c
2837 3357 2969 3410 sella
3013 3369 3272 3414 consueta
3316 3379 3547 3430 surgens

1982 3441 2110 3494 alibi
2150 3442 2382 3502 sedebo,
2439 3449 2497 3494 ut
2544 3441 2818 3511 Augusta,
2869 3457 2923 3501 et
2966 3463 3064 3503 vos
3119 3451 3262 3506 scire
3309 3459 3544 3522 queatis,

1981 3533 2116 3584 nihil
2148 3533 2256 3601 jam
2309 3533 2526 3586 obstare
2552 3574 2565 3598 ,
2627 3539 2924 3604 quominus
2971 3542 3136 3592 alium
3176 3546 3486 3614 quempiam
3515 3565 3546 3602 e

1980 3631 2162 3676 vestra
2192 3625 2464 3679 sententia
2492 3630 2656 3679 tantis
2685 3629 2843 3681 rebus
2872 3631 3202 3696 pneliriatis.
3229 3633 3350 3689 ll:cc
3377 3637 3541 3702 tatus,

1981 3715 2033 3769 in
2088 3716 2254 3768 alium
2301 3715 2504 3797 locum.
2541 3727 2796 3786 tanquam
2835 3720 2950 3786 ipso
2991 3737 3155 3790 opere
3187 3727 3342 3778 alteri
3379 3729 3546 3797 impe-

2455 3773 2502 3786 .-
2653 3773 2666 3786 .
2854 3773 2868 3786 .
3027 3773 3047 3790 ε
3132 3773 3149 3774 κ
3189 3773 3215 3777 --
3246 3773 3342 3778 κ---
3379 3773 3516 3797 ..-γε

1981 3807 2122 3860 rium
2177 3807 2380 3860 cedens
2421 3773 2716 3952 imcessit.
2762 3809 2828 3862 At
2879 3813 3026 3863 enim
3071 3817 3382 3882 patriarcha
3431 3820 3546 3875 haec

1981 3900 2171 3952 videns
2219 3907 2276 3952 et
2311 3898 2436 3950 audi
2477 3913 2541 3950 ns
2578 3897 2798 3952 :LDurus
2827 3911 2932 3952 est.
2967 3903 3166 3952 itmuiL
3211 3906 3299 3952 hic
3337 3923 3518 3952 sm-mn

1979 3900 2171 3953 videns
2219 3907 2276 3952 et
2311 3897 2541 3952 auditus
2578 3897 2798 4001 alburus
2827 3911 2932 3964 est,
2967 3903 3166 3971 inquit,
3209 3906 3299 3960 hic
3337 3923 3540 3976 sermo,

1977 3999 2032 4042 et
2075 3990 2166 4057 qui
2211 3987 2450 4040 animum
2497 3987 2859 4058 imp’ei-alricis
2899 3993 3216 4060 gravissime
3248 3999 3542 4052 vulnerare

1977 4081 2168 4150 possit.
2197 4079 2333 4134 Vera
2365 4079 2630 4148 loqueris,
2664 4081 2740 4133 ait
2765 4080 3137 4150 domesticus;
3171 4095 3226 4139 et
3250 4103 3382 4141 sane
3408 4091 3543 4144 nihil

1977 4171 2172 4224 horum
2229 4183 2406 4237 neque
2455 4170 2563 4222 dici
2618 4172 2926 4238 oportebat,
2977 4189 3158 4244 neque
3209 4177 3350 4232 ﬁeri.
3392 4179 3545 4236 Nunc

1975 4269 2156 4312 autem
2200 4273 2266 4312 eo
2311 4259 2657 4314 necessitatis
2705 4263 3024 4331 compellor,
3077 4275 3135 4320 ut
3160 4270 3408 4336 quamvis
3435 4287 3546 4339 pra!

1976 4349 2232 4404 omnibus
2277 4349 2529 4414 maxime,
2582 4368 2920 4424 quaecunque
2981 4358 3046 4411 ad
3087 4361 3543 4427 consolatiom-m,

1975 4457 2378 4510 mterorumque
2431 4441 2754 4496 levationem
2803 4446 3083 4512 pertinent
3130 4449 3242 4517 (qui
3290 4467 3352 4504 ex
3389 4451 3543 4506 obitu

305 4563 420 4606 τως
462 4543 653 4607 εἰπὼν,
689 4543 772 4608 ἐφ’
798 4541 982 4607 ἕτερον
1030 4539 1231 4607 μετέϐη
1285 4539 1467 4600 τόπον,
1501 4539 1688 4609 ὥσπερ
1721 4543 1866 4613 ἔργῳ

1977 4533 2321 4599 imperatoris
2367 4532 2519 4584 multi
2565 4534 2632 4584 ad
2679 4534 3083 4602 imperatricem
3115 4539 3542 4624 conﬂuxerunt),

309 4633 664 4705 παραχωρῶν
705 4636 876 4701 ἑτέρῳ
914 4633 1008 4700 τῆς
1056 4631 1246 4698 ἀρχῆςι
1311 4630 1369 4681 Ὀ
1433 4631 1780 4704 πατριάρχης
1813 4635 1868 4688 δὲ

303 4733 540 4785 tamin:
573 4727 712 4796 ὁρῶν
742 4742 800 4778 τε
831 4723 922 4776 καὶ
955 4721 1188 4784 ἁκούων,
1209 4721 1448 4791 Σκληρός
1472 4725 1617 4774 ἐστιν
1647 4724 1871 4792 ὀλόγος,

303 4819 458 4885 εἷπε,
486 4821 580 4874 καὶ
630 4820 865 4888 μάλιστα
907 4815 1207 4875 δυνάμενος
1233 4813 1330 4882 τῆς
1379 4813 1556 4882 ψυχῆς
1601 4817 1700 4880 τῆς
1729 4814 1875 4882 βασι.

301 4916 455 4976 λὶδος
473 4908 815 4966 καθικέσθαι.
833 4907 930 4960 Ὀδ
956 4945 970 4969 ,
995 4903 1186 4972 Ἀληθῆ
1209 4904 1409 4972 λέγεις,
1433 4904 1557 4974 ἔφη,
1573 4906 1664 4956 καὶ
1690 4905 1794 4958 ἔδει
1813 4911 1875 4974 γε

303 5006 484 5078 μηδὲν
536 5001 776 5056 τοιοῦτον
830 4999 966 5068 μήτε
1025 4994 1300 5066 εἰρῆσθαι,
1357 4997 1493 5064 μήτε
1528 4991 1690 5058 εἶναι,
1759 4997 1876 5049 νυνὶ

299 5097 364 5149 δὲ
406 5095 486 5154 εις
536 5089 790 5142 τοσοῦτον
856 5084 1102 5152 ἀνάγκης
1152 5081 1484 5152 συνηλάοην,
1517 5081 1655 5134 ὥστε
1676 5083 1874 5136 ⁸καίτοι

299 5187 424 5240 τῶν
471 5183 645 5237 ἄλλων
699 5179 930 5246 μάλιστα
962 5176 1214 5228 ἁπάντων
1249 5173 1348 5223 ὅσα
1396 5175 1476 5233 ei;
1520 5173 1876 5242 παραμυθίαν

301 5277 528 5332 πολΑῶν
550 5276 733 5328 ἄνεσιν
766 5267 1008 5338 ἀνιαρῶν
1045 5268 1164 5335 (ὅσα
1218 5264 1451 5334 βασιλίδι
1489 5265 1553 5316 ὲκ
1588 5266 1684 5332 τῆς
1720 5266 1876 5335 βασι-

299 5370 454 5427 λέως
519 5361 880 5433 προσεγένετο
932 5355 1210 5423 τελευτῆς)
1270 5353 1524 5418 λέγεσθαι
1556 5353 1877 5423 βουλόμενος

297 5454 402 5511 ἐπ’
436 5452 606 5520 αὐτῆς
631 5447 1000 5502 ἐναντιώτατα
1031 5445 1288 5516 πράττειν
1316 5443 1540 5512 ἐμαυτῷ
1582 5445 1727 5494 δυοῖν
1763 5445 1877 5496 ἓνε-

299 5564 409 5600 κα.
439 5546 508 5596 Ἦ
541 5544 646 5611 γὰρ
674 5540 982 5608 ἀπρακτεῖν
1007 5536 1284 5592 παντελῶς
1309 5535 1545 5602 ἀνάγκη,
1579 5533 1612 5602 ἢ
1655 5535 1875 5600 φαύλως

299 5635 410 5688 καὶ
446 5634 542 5700 οὺχ
645 5631 938 5700 προσῆκεν,
970 5628 1186 5697 ἄρχειν.
1215 5625 1340 5676 Εἴτε
1393 5623 1572 5674 τοένυν
1609 5625 1876 5692 πράττον-

299 5741 406 5785 τος
435 5723 624 5790 μηδὲν,
665 5721 758 5774 καὶ
787 5720 816 5769 ὁ
873 5717 1084 5787 βασιλὶς
1118 5713 1448 5782 ἐφησυχὰζτιι
1501 5712 1728 5782 ιῦ;’χοὲς
1779 5719 1873 5766 καὶ

297 5813 508 5882 aptiqu
556 5813 652 5878 τὴν
691 5811 860 5876 ἀρχὴν
904 5808 1119 5872 οἰομένη
1173 5805 1494 5856 διοικεῖσθαι
1553 5801 1680 5874 παρ’
1712 5805 1868 5872 ἐμοῦ,

1975 4621 2116 4690 apud
2169 4621 2316 4674 illaut
2347 4620 2527 4674 dicere
2555 4623 2736 4686 velim,
2771 4625 2964 4678 iaciam
3000 4637 3201 4692 tamen,
3235 4647 3354 4698 qua:
3389 4620 3536 4686 sola;

1977 4717 2050 4766 tio
2099 4712 2245 4764 illius
2290 4710 2586 4778 plurimum
2632 4723 2977 4782 repugnant;
3020 4715 3184 4785 idque
3225 4718 3441 4773 duabus
3475 4721 3542 4774 de

1973 4801 2172 4863 causis,
2219 4801 2303 4855 vel
2333 4801 2476 4870 Qquia
2507 4802 2729 4856 omnino
2760 4806 3106 4868 cessandum,
3138 4808 3218 4861 vel
3245 4811 3371 4876 quia
3400 4813 3540 4864 male

1974 4903 2030 4949 et
2069 4901 2258 4946 contra
2311 4908 2476 4962 quam
2535 4893 2616 4948 l'as
2663 4894 2816 4956 sinit,
2863 4895 3245 4965 imperandum
3285 4902 3533 4957 estsScu

1977 4983 2140 5055 igitur
2191 4999 2274 5038 me
2335 4983 2590 5047 leriante,
2639 4987 2804 5038 etiam
2864 4987 3180 5055 imperati-ix
3235 4995 3535 5056 vacaverit,

1977 5075 2208 5130 credens
2253 5084 2314 5127 ut
2360 5077 2694 5142 nuperrime,
2730 5092 2758 5128 a
2789 5091 2873 5128 me
2900 5078 3183 5146 imperium
3223 5089 3534 5153 temperari,

1978 5167 2160 5221 omnia
2190 5181 2403 5234 pessum
2439 5157 2525 5218 ire
2568 5167 2886 5234 oportebit;
2939 5186 3035 5224 seu
3084 5175 3452 5229 somniculose
3481 5189 3536 5230 et

1978 5273 2136 5312 secus
2167 5273 2327 5326 quam
2353 5257 2609 5310 convenit
2636 5260 2991 5327 gubernante,
3015 5263 3202 5315 eadem
3228 5275 3312 5318 est
3341 5281 3536 5336 exspe-

1978 5349 2169 5404 ctanda
2219 5347 2538 5408 calamitas;
2576 5359 2630 5402 et
2671 5363 2769 5418 ego
2809 5350 3030 5419 insuper
3057 5367 3164 5404 non
3187 5354 3308 5406 aliis
3333 5357 3532 5416 solum,

1977 5455 2164 5494 verum
2194 5441 2356 5491 etiam
2383 5437 2630 5492 mihimet
2665 5437 3032 5506 improbitatis
3057 5457 3242 5509 poenas
3265 5444 3404 5496 dabo
3429 5462 3444 5508 ;
3479 5455 3538 5498 ut

1979 5533 2230 5599 uzrinque
2284 5529 2480 5584 referat
2535 5531 2648 5584 haec
2712 5531 3115 5599 imperatricem
3163 5551 3530 5604 cognoscere,

1977 5622 2186 5676 etiamsi
2251 5620 2376 5674 inde
2439 5635 2576 5688 aegra
2632 5621 2797 5674 animi
2863 5621 3042 5676 futura
3093 5626 3202 5684 sit:
3262 5628 3530 5695 siquidem

1978 5723 2210 5781 pragstat,
2262 5724 2322 5766 ut
2358 5721 2617 5782 percepto
2666 5729 2844 5768 rerum
2910 5723 3050 5768 statu
3100 5728 3272 5772 tecum
3314 5730 3370 5772 et
3405 5737 3532 5774 cum

1979 5807 2096 5858 aliis
2157 5822 2252 5874 pro
2323 5819 2388 5856 eo
2463 5820 2522 5856 ac
2591 5805 2751 5861 debet
2809 5807 2874 5860 de
2943 5809 3170 5876 imperio
3230 5814 3522 5874 consultet,
