4212 6444
737 421 840 480 79')

1923 427 2246 488 IOANN'IS
2283 427 2319 485 C

2386 426 2769 486 NTACUZEN
2787 426 2814 482 Γ
2851 487 2859 494 ,
3861 425 3964 490 πι

730 550 893 598 quam
969 544 1024 585 ut
1081 550 1146 586 co
1215 535 1482 602 ignorata,
1558 536 1701 589 haud
1765 537 1938 590 multo
2011 547 2137 605 post
2194 549 2304 588 non

2410 537 2624 604 ἀνάγκη
2659 535 2834 585 πάντα
2867 533 3187 586 ἀπολέσθαι.
3224 531 3346 585 Εἴτε
3373 532 3466 584 καὶ
3497 530 3717 600 φαύλως
3765 535 3859 583 καὶ
3896 534 3969 599 μὴ

728 621 927 673 horum
989 623 1272 682 dtintaval.
1331 624 1425 678 sed
1476 634 1531 678 et
1566 625 1968 679 imminentium
2001 626 2302 679 incommo-

2409 626 2553 677 κατὰ
2618 625 2679 677 τὸ
2735 624 2851 675 δέον
2906 623 3184 692 ἄρχοντος,
3244 624 3332 676 τὸν
3385 623 3770 692 αὐτὸντρόπον
3817 623 3971 673 πάλιν

731 715 926 766 dorum
961 731 1122 768 causa
1159 719 1360 771 doleat.

2411 717 2732 785 φθείρεσθαι
2783 719 3106 784 συμϐαίνει,
3163 720 3256 770 καὶ
3309 717 3533 784 προσέτι
3576 734 3638 783 γε
3679 716 3868 778 αὑτὸν,
3910 715 3970 766 οὗ

726 809 844 868 τοῖς
875 807 1056 870 ἄλλοις
1101 810 1280 876 μόνον.
1315 811 1450 863 ἀλλὰ
1478 813 1570 864 καὶ
1599 813 1816 882 ἐμαυτῷ
1881 812 1982 878 τῆς
2017 812 2315 882 μοχθηρίας
2359 811 2594 880 ὀφείλειν
2631 811 2785 873 δίκας
2812 829 2827 842 ·
2893 811 3023 863 ὥστ’
3061 810 3452 879 ἀμφοτέρωθεν
3506 809 3782 870 λυσιτελὲς
3835 809 3970 873 γνὼ-

731 913 866 964 ριμα
917 898 1085 950 ταῦτα
1130 902 1369 966 γίνεσθαι
1426 907 1491 971 τῇ
1549 903 1801 970 βασιλίδι,
1852 904 1956 956 κᾶν
1989 906 2036 956 εί
2075 903 2257 972 μέλλοι
2299 904 2547 972 ταραχὴν
2581 904 2673 955 καὶ
2705 903 2882 970 λύπην
2929 904 3229 972 προξενεῖν.
3276 902 3492 953 Βέλτιον
3549 902 3656 969 γὰρ
3700 902 3829 968 περὶ
3867 901 3970 950 τῶν

727 990 1027 1057 γινομένων
1066 991 1139 1053 ὡς
1185 992 1370 1061 ἔχουσι
1414 995 1713 1061 μαθοῦσαν,
1779 996 1893 1064 ἃμα
1936 996 2019 1048 σοί
2060 1013 2118 1048 τε
2157 998 2251 1049 καὶ
2288 997 2397 1057 τοῖς
2434 996 2616 1056 ἄλλοις
2659 995 2729 1048 τὰ
2771 996 2960 1048 δέοντα
3027 994 3416 1064 βουλεύσασθαι
3464 995 3591 1062 περὶ
3635 993 3734 1059 τῆς
3774 994 3968 1064 ἀρχῆς.

728 1082 758 1149 ἢ
794 1080 1160 1149 ἀγνοήσασαν,
1215 1084 1383 1154 ὀλίγῳ
1427 1085 1652 1156 ὕστερον
1697 1088 1772 1156 μὴ
1823 1089 2028 1141 τούτων
2064 1089 2243 1157 μόνον,
2287 1088 2425 1140 ἀλλὰ
2467 1088 2560 1138 καὶ
2597 1088 2696 1156 τῆς
2731 1087 3148 1156 συμϐησομένης
3196 1087 3396 1156 βλάϐης
3421 1085 3584 1140 ἓνεκα
3623 1087 3971 1152 ἀγανακτεῖν,

2120 1201 2132 1268 I
2163 1200 2388 1257 CAPUT
2429 1201 2518 1256 IV.

726 1289 891 1342 Dolor
932 1299 980 1342 et
1033 1290 1280 1367 lacrynnv
1308 1293 1677 1367 imperatricis,
1724 1295 1784 1347 ob
1817 1297 2237 1367 inexspectatum
2272 1294 2574 1367 nuntium.“
2592 1295 2724 1349 Item
2761 1291 3002 1367 querela
3035 1283 3352 1367 miserabilis
3384 1288 3454 1339 de
3487 1288 3750 1367 uiduitate
3774 1303 3894 1343 sna.
3917 1296 3972 1367 ft

802 1375 1082 1425 puerorum
1116 1359 1732 1434 orbitate.neglectaque
1761 1382 1790 1416 a
1816 1359 2098 1415 domestico
2127 1363 2284 1415 amici
2310 1363 2492 1430 oﬂ'icio.
2534 1365 2668 1418 Eam
2699 1359 2856 1434 porro
2894 1363 3187 1415 amicitiam
3218 1366 3524 1425 exaggerat,
3557 1368 3603 1410 et
3630 1359 3775 1408 miris
3809 1359 3971 1408 modis

797 1431 866 1481 ad
893 1433 1204 1482 mutandum
1237 1433 1513 1484 consilium
1548 1433 1812 1499 inflectere
1840 1436 2007 1486 virum
2048 1442 2293 1484 conatur.

801 1538 922 1590 Παίς
960 1538 1140 1589 omnia
1187 1537 1494 1605 patriarcha
1533 1539 1870 1606 imperatrici
1919 1538 2293 1592 renuntiabat.

729 1627 804 1680 Ea
842 1643 966 1682 eum
1000 1627 1234 1689 au-liret,
1265 1644 1386 1694 quae
1426 1645 1524 1682 nec
1555 1645 1792 1696 unquam
1829 1630 1943 1698 ipsa
1977 1630 2293 1698 cogitasset,

2482 1537 2542 1589 Ὀ
2604 1537 2704 1607 μὲν
2759 1532 2855 1590 οὖν
2910 1535 3256 1604 πατριάρχης
3310 1533 3487 1584 πάντα
3543 1531 3856 1600 ἀπήγγελλε
3898 1534 3964 1597 τῇ

2402 1628 2659 1700 βασιλίδι.
2711 1629 2778 1680 Ἥ
2815 1629 2860 1680 δ’
2900 1630 3046 1695 ἅπερ
3075 1625 3188 1677 οὔτ’
3222 1625 3288 1677 ἄν
3341 1641 3473 1676 ποτε
3525 1624 3661 1692 αύτὴ
3697 1623 3973 1690 διενοήθη,

729 1733 831 1772 nec
860 1719 968 1770 alio
1001 1727 1259 1770 narrante
1287 1718 1632 1782 credidisset,
1661 1721 1894 1787 primum
1926 1720 2148 1789 quidem
2185 1735 2294 1787 pra:

2403 1720 2530 1788 μήθ’
2559 1709 2763 1788 ,ἐτέρου
2813 1719 3062 1785 λέγοντος
3124 1714 3374 1768 ἐπείθετο
3436 1713 3742 1774 ἀκούσασα,
3777 1712 3973 1779 πρῶτα

727 1810 918 1862 dolore
950 1809 1088 1860 nihil
1125 1810 1458 1876 respondere
1488 1821 1720 1877 poterat.
1768 1811 1975 1864 Deinde
2024 1826 2148 1865 eum
2203 1810 2297 1864 diu

729 1898 906 1966 largas
955 1899 1009 1951 in
1061 1899 1281 1952 silentio
1333 1899 1603 1968 lacrymas
1651 1901 1991 1959 elludisset:
2040 1901 2298 1964 Facilius,

729 1991 933 2058 inquit,
988 1990 1345 2057 persuasisset
1395 1991 1527 2042 mihi
1583 1991 1696 2056 (93)
1739 1992 2010 2060 quispiam
2059 2001 2300 2045 montem

733 2080 1037 2142 transferri,
1072 2096 1232 2146 quam
1271 2088 1508 2152 mentem
1549 2082 1725 2149 magni
1763 2082 2048 2136 domestici
2086 2082 2152 2137 ad
2189 2099 2304 2139 mo—

730 2184 977 2224 mentum
1011 2173 1276 2239 temporis
1306 2174 1586 2226 immutari
1625 2189 1806 2242 posse.
1857 2175 2127 2239 Quoniam
2173 2191 2304 2246 ergo

730 2265 798 2315 de
827 2263 920 2314 illo
961 2265 1080 2315 talia
1114 2265 1224 2332 jam
1255 2273 1337 2316 est
1369 2264 1582 2327 audire,
1630 2264 1810 2332 qualia
1847 2265 1978 2317 mihi
2021 2281 2301 2334 nunquam

732 2364 1158 2418 succurrerunt,
1229 2355 1359 2422 quid
1431 2365 1558 2422 apte
1626 2356 2009 2423 respondeam,
2083 2361 2304 2426 penitus

733 2445 934 2498 lia-reo.
959 2443 1349 2499 Verumtamen
1381 2462 1446 2498 ex
1472 2445 1559 2508 iis,
1586 2462 1706 2514 qua:
1736 2461 1819 2500 me
1842 2447 2005 2518 360
2029 2450 2303 2520 prmcipne
2331 2503 2341 2512 ,

732 2535 1174 2598 momorderunt,
1221 2537 1591 2604 reSpondendi
1645 2537 1839 2590 ducam
1890 2541 2126 2594 initium.
2174 2543 2304 2598 Dico

733 2628 1098 2696 igitur(quasi
1142 2627 1287 2681 enim
1326 2637 1648 2697 prmaeMem
1701 2631 1994 2700 alloquar),
2032 2642 2086 2686 tu
2140 2636 2305 2689 modo

733 2721 818 2773 vel
876 2731 934 2774 ut
993 2729 1177 2774 mente
1236 2721 1556 2781 alicnatam,
1617 2731 1709 2775 aut
1760 2739 1956 2792 separe
2011 2727 2302 2795 profundo,

733 2821 1065 2880 veternoque
1099 2813 1425 2874 demersam,
1460 2814 1525 2867 ad
1551 2829 1770 2868 sensium
1821 2816 2302 2872 circnmSIantium

733 2917 822 2954 me
855 2902 1122 2954 malorum
1156 2902 1486 2970 perduxisti.
1522 2904 1684 2957 Prius
1727 2920 1985 2971 namque,
2019 2908 2122 2960 etsi
2156 2919 2306 2963 certo

734 2991 982 3044 seiebam
1015 2993 1402 3060 imperatorem
1460 3008 1582 3048 esse
1617 3005 1915 3057 mortuum.
1947 2998 2305 3053 nihilominus

2407 1811 2506 1879 μὲν
2541 1811 2645 1863 ὑπὸ
2689 1811 2787 1878 τῆς
2833 1809 3013 1878 λύπης
3043 1809 3165 1860 ούδέ
3212 1806 3674 1874 ἀντιφθέγγεσθαι
3717 1804 3971 1878 ἠδύνατο.

2409 1903 2641 1954 Ἔπειτα
2677 1901 2763 1970 ἐφ’
2805 1900 2989 1954 ἱκανὸν
3039 1899 3208 1951 πολλὰ
3237 1898 3450 1965 δάκρυα
3479 1899 3604 1966 σιγῇ
3638 1896 3746 1947 τῶν
3774 1895 3977 1962 ὀφθαλ-

2407 1993 2524 2064 μῶν
2555 1992 3132 2061 καταγαγοῢσα,⁹Ρᾷον
3156 1993 3245 2056 ἂν,
3271 1989 3444 2054 εἶπεν,
3463 1988 3715 2042 ἀνέπεισέ
3743 2005 3828 2049 τις
3849 1989 3976 2053 ὅρος

2404 2084 2666 2138 δύνασθαι
2695 2085 2994 2152 μεταϐῆναι
3022 2084 3052 2152 ἢ
3085 2083 3184 2152 τὴν
3218 2081 3457 2150 μεγάλου
3480 2079 3806 2146 δομεστίκου
3837 2079 3978 2145 γνὼ-

2408 2193 2514 2246 μην
2537 2176 2822 2245 κινηθῆναι
2870 2176 3006 2241 πρὸς
3063 2173 3256 2243 βραχύ.
3312 2173 3465 2225 Ἐπεὶ
3507 2170 3563 2223 δὲ
3595 2172 3726 2252 περὶ
3764 2169 3977 2221 ἐκείνου

2404 2266 2610 2320 τοιαῦτ’
2639 2266 2857 2319 ἀκούειν
2902 2265 3019 2318 ἔστι
3067 2264 3182 2327 νῦν,
3217 2263 3360 2333 ἅπερ
3387 2263 3499 2316 οὐδ’
3528 2263 3590 2314 ἄν
3620 2277 3752 2312 ποτε
3794 2259 3978 2310 ἐνεθυ-

2413 2359 2614 2429 μήθην,
2657 2355 3048 2426 προσηκούσης
3083 2355 3179 2424 μὲν
3213 2354 3511 2420 ἀπολογίας
3537 2352 3748 2420 ἀπορῶ.
3786 2352 3977 2418 Ὅμως

2411 2453 2477 2504 ὲκ
2536 2451 2645 2501 τῶν
2700 2448 2936 2516 μάλιστά
2992 2464 3094 2513 μου
3159 2445 3537 2513 καθικομένων
3618 2444 3720 2511 τῆς
3773 2442 3974 2511 ψυχῆς,

2407 2539 2706 2606 ποιήσομαι
2737 2537 2836 2605 τῆς
2877 2536 3177 2602 ἀπολογίας
3210 2536 3412 2604 ἀρχὴν.
3451 2535 3608 2600 Λέγω
3634 2532 3812 2584 τοίνυν
3836 2530 3977 2599 πρὸς

2409 2631 2600 2693 αὐτὸν,
2637 2630 2710 2690 ὡς
2761 2632 2885 2700 ἄρτι
2923 2630 3042 2692 νῦν,
3090 2628 3280 2698 ὥσπερ
3308 2627 3662 2693 ἐξεστηκυῖαν
3704 2625 3813 2677 τῶν
3847 2642 3978 2693 φρε-

2407 2724 2556 2788 νῶν,
2611 2723 2644 2792 ἦ
2705 2724 2859 2793 κάρῳ
2912 2722 3068 2792 βαθεῖ
3113 2723 3206 2775 καὶ
3259 2721 3409 2788 ὕπνῳ
3441 2720 3856 2788 κατεσχημένην
3897 2719 3978 2778 εἰς

2407 2817 2663 2884 αἴσθησιν
2693 2816 2904 2884 ἧγαγες
2934 2813 3044 2864 τῶν
3081 2812 3450 2882 περισχόντων
3487 2828 3553 2879 με
3589 2810 3797 2863 κακῶν.
3839 2810 3952 2874 Πρό

2405 2921 2564 2974 τερον
2598 2905 2746 2973 γὰρ,
2799 2904 2849 2954 εί
2891 2904 2986 2955 καὶ
3039 2903 3274 2972 μάλιστα
3329 2901 3517 2967 σαφῶς
3559 2901 3661 2969 τὴν
3711 2898 3978 2966 βασιλέως

2406 2997 2729 3066 ἠπιστάμην
2767 2996 3069 3065 τελευτὴν,
3126 2994 3241 3047 ἀλλ’
3297 2988 3391 3046 οὖν
3454 2992 3714 3052 είσιόντος
3769 3007 3828 3042 τε
3878 2988 3974 3040 σοῦ

733 3097 857 3134 cum
895 3091 950 3136 tu
979 3087 1045 3137 ad
1088 3097 1174 3136 me
1212 3083 1535 3148 ventilat-es,
1569 3085 1732 3138 etiam
1771 3087 1948 3152 illum,
1985 3097 2045 3142 ut
2075 3104 2306 3144 consuc-

2411 3089 2546 3157 πρὸς
2573 3088 2692 3156 ἐμὲ,
2724 3087 2975 3138 κάκεῖνον
3005 3085 3245 3147 ἐδόκουν,
3278 3083 3474 3152 ὥσπερ.
3499 3082 3618 3145 ἔθος
3660 3077 3728 3150 ἦν
3759 3096 3977 3132 συνεισ-

739 3174 964 3239 veratis,
1000 3174 1064 3228 ad
1100 3190 1186 3229 me
1220 3176 1478 3244 putabam
1509 3177 1741 3246 ingredi,
1765 3187 1820 3233 et
1850 3179 2128 3233 absentem
2155 3181 2303 3248 licet,

732 3277 788 3320 te
841 3275 1022 3319 tamen
1060 3265 1330 3330 comitari,
1372 3281 1435 3320 ac
1485 3276 1697 3322 tantum
1750 3284 1859 3322 non
1906 3269 2069 3323 etiam
2120 3272 2171 3324 in
2215 3281 2308 3325 tua

732 3358 948 3426 loquela
981 3357 1127 3411 illius
1151 3357 1351 3412 allatus
1382 3359 1629 3421 haurire,
1666 3368 1721 3414 et
1752 3361 1976 3415 omnino
2015 3363 2308 3417 mediocri-

733 3447 838 3500 bus
869 3447 1194 3522 quibusdam
1245 3449 1405 3502 malis
1450 3451 1686 3504 cinctam
1733 3466 1818 3505 me
1863 3451 2194 3506 arbitrabar.
2239 3459 2308 3506 At

733 3554 882 3592 nunc
911 3539 1060 3592 velut
1101 3539 1524 3608 peripetasmate
1555 3542 1791 3606 sublato,
1829 3543 2088 3596 interiora
2120 3553 2309 3612 patent

733 3632 918 3683 omnia
952 3647 965 3684 :
1011 3630 1091 3684 sic
1137 3643 1192 3686 tu
1238 3647 1354 3701 spe,
1385 3647 1508 3700 qua:
1548 3648 1650 3688 nos
1682 3635 2069 3689 ludiﬁcabatur
2095 3647 2305 3704 erepta,

733 3733 826 3772 res
857 3721 1032 3772 nudas
1054 3721 1299 3788 aspectui
1327 3722 1634 3789 subjecisti,
1661 3733 1716 3776 et
1745 3724 1882 3778 lilios
1908 3725 2130 3793 quidem
2157 3742 2307 3782 meos

730 3811 840 3878 jam
879 3811 1140 3878 pupillos,
1181 3827 1268 3866 me
1314 3823 1494 3866 autem
1535 3815 1778 3881 viduam,
1823 3826 1878 3870 et
1919 3819 2155 3872 miseriis
2183 3834 2307 3872 cum

731 3902 1002 3956 viduitate
1034 3905 1348 3974 conjunctis
1373 3905 1702 3973 implicatam
1728 3910 2135 3976 spectatoribus
2159 3911 2310 3964 exhi-

734 3993 923 4048 buisti.
955 3995 1096 4058 Quid
1132 4011 1298 4064 porro
1333 3996 1582 4052 dicemus
1612 3999 1678 4053 de
1713 4009 1785 4061 te.
1821 4011 1913 4054 aut
1944 4003 2075 4070 quid
2107 4004 2308 4068 cogita-

733 4084 958 4138 bimus?
989 4089 1067 4139 An
1122 4094 1174 4140 te
1217 4086 1448 4140 oblitum
1484 4105 1604 4143 esse
1649 4091 2112 4158 conjunctissinne
2159 4094 2308 4148 illius

733 4173 1178 4239 necessitudinis,
1212 4186 1264 4228 et
1293 4176 1634 4232 admirabilis
1669 4181 1944 4244 amicitiae,
1977 4198 2098 4251 quae
2132 4184 2306 4254 impe-

735 4267 907 4319 ratori
966 4275 1146 4320 tecum
1204 4268 1328 4331 fuit,
1389 4285 1552 4338 quam
1603 4282 1824 4337 propter
1875 4276 2303 4342 magnitudinem

731 4358 957 4412 credere
997 4359 1311 4429 imperitum
1347 4363 1541 4428 vulgus
1572 4378 1680 4416 non
1729 4366 1979 4432 poterat?
2010 4369 2157 4437 alqui
2203 4371 2306 4424 hoc

730 4459 786 4502 te
818 4451 1044 4517 nequire
1075 4453 1293 4519 opinor,
1338 4455 1552 4507 etiamsi
1587 4455 1740 4508 velis.
1780 4456 1869 4510 Sic
1911 4459 2066 4525 enim
2101 4472 2304 4530 statuo,

730 4539 998 4606 quidquid
1044 4551 1128 4593 est
1160 4542 1212 4594 in
1261 4559 1459 4610 genere
1499 4545 1742 4598 humano
1776 4548 2206 4615 conjunctionis,
2250 4561 2307 4605 et

729 4631 1121 4684 familiaritatis
1153 4634 1196 4686 si
1231 4634 1352 4701 quis
1383 4635 1434 4685 in
1472 4652 1636 4688 unum
1672 4638 1970 4707 colligeret,
2009 4640 2206 4696 deinde
2235 4641 2304 4696 ad

729 4725 1039 4793 exemplum
1073 4727 1292 4793 aliquod
1324 4729 1598 4796 respicere
1630 4730 1810 4794 vellet,
1838 4747 1904 4785 ex
1935 4748 2044 4801 quo
2077 4741 2134 4786 et
2161 4733 2302 4802 aliis,

728 4827 784 4868 et
816 4817 920 4870 sibi
951 4819 1058 4871 vim
1093 4819 1211 4886 ejus
1236 4820 1429 4873 liceret
1461 4824 1792 4890 perspicere,
1822 4825 1979 4878 vobis
2000 4826 2133 4879 solis
2163 4842 2305 4895 pra:-

731 4910 910 4962 teritis
936 4910 1126 4979 (utqui
1158 4911 1323 4965 etiam
1357 4916 1624 4968 terminos
1655 4916 1818 4984 hujus
1841 4918 2302 4986 transcendistis),

730 5001 876 5051 inter
901 4999 1036 5053 alios
1070 5001 1254 5068 potius
1301 5003 1352 5055 id
1407 5004 1892 5074 investigandum:
1949 5023 2124 5076 usque
2169 5011 2304 5064 adeo

729 5106 839 5142 non
904 5091 1112 5144 amicqs
1177 5094 1556 5148 tantummodo
1618 5097 1925 5163 quoslibet,
1978 5099 2072 5152 sed
2131 5100 2300 5168 ipsam

729 5199 949 5252 quoque
978 5185 1305 5240 insidentem
1339 5189 1392 5241 in
1428 5189 1628 5243 animis
1660 5190 1914 5243 amicitia:
1942 5190 2143 5257 ideam,
2177 5208 2302 5261 spe-

727 5278 978 5342 ciemque
1009 5279 1396 5345 exsuperastis.
1436 5279 1613 5348 Atque
1642 5279 1745 5333 hoc
1777 5297 1880 5332 nun
1927 5281 1979 5335 in
2028 5282 2094 5335 iis
2124 5283 2301 5337 stilum

727 5383 848 5435 qua:
872 5367 1116 5434 agebatis
1141 5377 1255 5422 erat
1283 5370 1598 5434 observare,
1629 5372 1722 5424 sed
1754 5371 2134 5439 imperatorem
2169 5390 2308 5443 prae—

729 5467 878 5509 terea
912 5472 1293 5526 sarpenumero
1335 5461 1522 5515 multis
1568 5461 1751 5515 verbis
1795 5462 2175 5518 testiﬁcantem
2208 5481 2303 5518 au-

2412 3181 2572 3242 ιέναι,
2621 3181 2714 3231 καὶ
2752 3179 2982 3231 ἀπιόντα
3019 3177 3373 3230 συνέπεσθαι.
3420 3175 3532 3229 Kal
3597 3175 3822 3244 μονονοὺ
3886 3173 3979 3224 καὶ

2411 3266 2748 3337 φθέγξεσθαι
2801 3267 3131 3336 ἐλογιζόμην
3161 3267 3368 3319 ἐκεῖνον
3409 3266 3497 3319 ὅτε
3550 3264 3793 3331 διελέγου
3843 3264 3978 3333 πρὸς

2410 3359 2530 3427 ἐμέ.
2573 3359 2679 3410 Kal
2718 3357 2854 3420 ὅλως
2892 3358 3120 3426 μετρίαν
3153 3357 3273 3410 τινὰ
3319 3356 3648 3423 ἐλογιζόμην
3689 3354 3790 3423 τὴν
3819 3369 3978 3422 περι-

2411 3449 2647 3518 σχοῦσάν
2682 3465 2748 3516 με
2801 3449 2910 3500 τῶν
2952 3448 3138 3500 κακῶν
3192 3449 3478 3515 ἐπιφοράν·
3522 3448 3636 3496 νυνὶ
3682 3444 3739 3495 δὲ
3793 3443 3980 3508 ὥσπερ

2409 3541 2554 3604 τινὸς
2609 3541 3118 3610 παραπετάσματος
3163 3539 3423 3608 ἀρθέντος
3490 3539 3670 3590 πάντα
3729 3535 3979 3602 φαίνεται

2409 3634 2477 3686 τὰ
2525 3633 2694 3694 ἔνδον,
2733 3631 2877 3684 οὓτω
2915 3634 2979 3684 σὺ
3011 3632 3122 3684 τῶν
3157 3630 3392 3682 ἐλπίδων
3431 3630 3579 3698 ἡμᾶς
3621 3627 3712 3694 ὑφ’
3741 3619 3814 3678 ὧν
3849 3627 3978 3691 ἐφε-

2410 3725 2744 3794 νακιζόμεθα
2797 3725 3182 3793 ἀποστερήσας
3215 3723 3396 3789 γυμνᾶι
3444 3719 3880 3790 παρεσκεύασας
3912 3715 3977 3766 τὰ

2411 3819 2714 3887 πράγματα
2768 3816 3031 3885 καθορᾷν.
3091 3815 3200 3866 Kal
3238 3814 3364 3874 τοὺς
3417 3812 3514 3881 μὲν
3551 3813 3717 3881 ἐμοὺς
3768 3808 3980 3863 οἴεσθαι

2411 3909 2629 3974 παῖδας,
2666 3908 2936 3977 ὀρφανοὺς
2983 3905 3212 3975 πατρὸς,
3268 3904 3468 3973 ἑαυτὴν
3518 3903 3574 3955 δὲ
3639 3903 3840 3972 χηρείᾳ
3889 3908 3982 3954 καὶ

2408 4001 2521 4062 τοῖς
2560 4001 2626 4052 ἐκ
2666 3999 2868 4065 ταύτης
2922 3999 3114 4058 κακοῖς
3163 3995 3590 4068 συνεσχημένην;
3650 3994 3786 4045 άλλά
3819 3994 3871 4044 τί
3917 3994 3980 4042 ἄν

2411 4108 2492 4151 τις
2521 4091 2679 4159 φαίη,
2723 4090 2757 4157 ἦ
2805 4091 2896 4140 καὶ
2945 4087 3221 4154 λογίσαιτο
3273 4088 3401 4154 περὶ
3450 4084 3583 4159 cui);
3628 4086 3765 4136 πότε
3786 4101 3877 4154 ρον
3906 4083 3982 4145 ὡς

2413 4156 2864 4249 ἐπιλέλησαιγτῆς
2901 4181 3210 4247 ἀκροτάτης
3244 4156 3540 4244 συναφείας
3583 4175 3681 4227 καὶ
3721 4175 3821 4242 τῆς
3857 4173 3986 4225 θαυ-

2415 4274 2626 4345 μαστῆς
2689 4272 2904 4339 ἐκείνης
2960 4271 3158 4338 φιλίας·
3186 4269 3448 4337 βασιλέως
3497 4267 3596 4336 τῆς
3633 4265 3769 4336 πρὸς
3822 4267 3902 4328 σὲ,

2339 4399 2382 4454 D
2409 4367 2497 4420 διὰ
2537 4366 2597 4418 τὸ
2617 4363 2848 4433 μέγεθος
2875 4363 2996 4414 ούδέ
3031 4361 3310 4414 πιστεύειν
3336 4355 3483 4428 εἶχον
3515 4362 3564 4412 οί
3608 4359 3794 4412 πολλοί
3821 4376 3835 4422 ;
3868 4358 3983 4409 ἀλλ’

2411 4459 2510 4511 οὐκ
2562 4459 2747 4525 οἴομαι
2789 4453 3119 4522 δυνήσεσθαι
3155 4453 3207 4506 ετ
3244 4468 3305 4518 γε
3340 4452 3435 4504 καὶ
3465 4451 3702 4519 μάλιστα
3734 4449 3981 4500 ἐϐούλου.

2411 4546 2581 4618 Οἶμαι
2625 4548 2732 4616 γὰρ
2766 4547 2819 4598 εί
2867 4562 2950 4606 τις
2981 4546 3077 4613 την
3109 4546 3165 4596 ἐν
3194 4541 3507 4612 ἀνθρώποις
3535 4540 3771 4593 ἅπασαν
3804 4540 3984 4607 φιλίαν

2415 4641 2697 4696 συλλαϐὼν
2729 4681 2741 4699 ,
2798 4639 2996 4690 ἔπειτα
3047 4636 3184 4704 πρὸς
3223 4635 3579 4705 παράδειγμά
3634 4649 3690 4685 τι
3738 4633 3984 4700 θελήσειε

2415 4730 2662 4787 σκοπεῖν.
2705 4727 2764 4790 ἐξ
2795 4718 2856 4776 οὗ
2906 4726 3017 4787 τοῖς
3067 4723 3250 4782 ἄλλοις
3287 4739 3345 4774 τε
3382 4721 3620 4789 κάκείνῳ
3669 4720 3771 4789 τὴν
3811 4720 3984 4786 αὐγῆς

2417 4819 2570 4886 ἰσχὺν
2621 4817 2838 4878 ἐξέσται
2876 4812 3140 4872 κατιδεῖι,
3189 4809 3334 4878 ὑμᾶς
3365 4808 3430 4860 ἂν
3462 4808 3662 4878 μόνους
3693 4807 3982 4875 παραδρα-

2417 4911 2535 4978 μὼν
2575 4907 2671 4973 (ὡς
2713 4906 2809 4957 καὶ
2848 4905 2974 4965 τοὶς
3032 4904 3194 4970 ὅρους
3245 4901 3453 4969 ταύτης
3497 4901 3870 4971 ὑπερϐάντας)
3920 4903 3986 4950 ἐκ

2413 5001 2521 5054 τῶν
2558 4999 2853 5051 ἐπιλοίπων
2885 4995 3245 5064 ἐξευρίσκειν,
3289 4996 3317 5046 ὅ
3354 5010 3406 5045 τι
3451 4993 3518 5045 ἂν
3552 4993 3637 5062 εἴη
3689 4992 3921 5062 πειρὶσθ
3938 5011 3985 5042 ιι

2415 5093 2652 5162 πρῶτον.
2695 5087 2968 5141 Τοσοῦτον
3004 5088 3064 5138 οὐ
3104 5087 3232 5147 τοὺς
3264 5085 3452 5153 φίλους
3479 5084 3692 5154 μόνον,
3721 5084 3857 5136 ἀλλὰ
3889 5087 3985 5134 καὶ

2416 5186 2560 5238 ίδέαν
2612 5183 2782 5251 αὐτὴν
2826 5180 3010 5248 φιλίας
3049 5177 3237 5242 ἔσεσθε
3267 5178 3518 5229 κατόπιν.
3556 5178 3663 5229 Kal
3694 5175 3850 5228 τοῦτο
3881 5179 3984 5227 οὐκ
4026 5182 4029 5183 ⁷

2413 5280 2476 5330 ἐκ
2511 5278 2617 5328 τῶν
2653 5272 3048 5342 πραττομένων
3101 5272 3262 5340 μόνον
3309 5271 3442 5339 ὁρᾷν
3491 5269 3584 5321 καὶ
3617 5267 3883 5336 βασιλέως
3915 5262 3982 5335 ἦν

2413 5369 2634 5424 ἀκούειν
2683 5366 2853 5418 πολλὰ
2890 5364 3150 5425 πολλάκις
3202 5360 3598 5431 φθεγγομένου,
3631 5359 3707 5420 ὡς
3740 5363 3829 5411 καὶ
3862 5359 3983 5425 φιλ-

2410 5463 2587 5515 τάτων
2621 5461 2710 5512 καὶ
2747 5460 3003 5524 γυναικὸς
3035 5457 3128 5508 καὶ
3159 5454 3495 5523 συμπάντων
3526 5450 3600 5513 ὡς
3632 5451 3808 5503 εἰπεῖν
3844 5467 3984 5519 χρη-

2009 5579 2220 5640 Ja-z-obi
2259 5577 2518 5641 Pontani
2564 5584 2746 5636 notae.

800 5677 910 5742 (‘33)
954 5677 1136 5733 Oratio
1173 5681 1283 5734 hate
1315 5683 1671 5749 imperatrieis
1712 5682 1774 5735 ad
1822 5699 2071 5752 magmnn
2105 5685 2290 5735 δοίημ-

727 5748 943 5818 sticzmu,
979 5767 1080 5814 qua
1113 5768 1236 5804 eum
1279 5748 1588 5818 permovere
1636 5763 1882 5808 conatur.
1913 5748 1980 5805 ne
2011 5769 2067 5805 se
2105 5753 2287 5814 vidua,

727 5827 781 5867 et
817 5815 1030 5874 duobus
1071 5821 1190 5875 liliis
1232 5815 1469 5891 parvulis
1508 5823 1787 5893 orphauis,
1822 5832 1981 5892 atque
2021 5824 2087 5878 ad
2116 5824 2286 5893 impe-

2403 5681 2633 5733 randnm
2672 5677 2893 5731 minime.
2925 5676 3102 5728 adhuc
3148 5673 3376 5737 idonris,
3409 5672 3619 5738 imperii
3643 5673 3982 5740 procuratio-

2402 5768 2522 5802 nem
2553 5754 2806 5817 deponat,
2853 5749 3008 5815 plane
3056 5749 3306 5812 insignis,
3336 5753 3390 5797 et
3427 5742 3511 5796 Vel
3545 5743 3662 5812 ipso
3689 5743 3976 5806 Cicerone,

2399 5831 2486 5874 aut
2522 5819 2879 5874 Demosthene
2903 5818 3059 5886 digna
3094 5825 3195 5868 est.
