  <div class='ocr_page' id='page_1' title='image "/cluster/home/n/w/nwhite01/storage/ocr_20150623/153/nnc1.0046981039/375.png"; bbox 0 0 4212 6444; ppageno 0'>
   <div class='ocr_carea' id='block_1_1' title="bbox 738 464 840 523">
    <p class='ocr_par' dir='ltr' id='par_1_1' title="bbox 738 464 840 523">
     <span class='ocr_line' id='line_1_1' title="bbox 738 464 840 523; baseline -0.02 0"><span class='ocrx_word' id='word_1_1' title='bbox 738 464 840 523; x_wconf 71' lang='lat'><strong>7‘37</strong></span> 
     </span>
    </p>
   </div>
   <div class='ocr_carea' id='block_1_2' title="bbox 1900 454 2857 545">
    <p class='ocr_par' dir='ltr' id='par_1_2' title="bbox 1900 454 2857 545">
     <span class='ocr_line' id='line_1_2' title="bbox 1900 454 2857 545; baseline -0.011 -24"><span class='ocrx_word' id='word_1_2' title='bbox 1900 458 2222 522; x_wconf 76' lang='lat' dir='ltr'><strong>JOANNIS</strong></span> <span class='ocrx_word' id='word_1_3' title='bbox 2257 454 2786 545; x_wconf 77' lang='lat' dir='ltr'><strong>CANTACUZENI</strong></span> <span class='ocrx_word' id='word_1_4' title='bbox 2850 506 2857 510; x_wconf 92' lang='lat'><em>_</em></span> 
     </span>
    </p>
   </div>
   <div class='ocr_carea' id='block_1_3' title="bbox 3860 443 3971 504">
    <p class='ocr_par' dir='ltr' id='par_1_3' title="bbox 3860 443 3971 504">
     <span class='ocr_line' id='line_1_3' title="bbox 3860 443 3971 504; baseline -0.018 1"><span class='ocrx_word' id='word_1_5' title='bbox 3860 443 3971 504; x_wconf 72' lang='lat'><strong>728</strong></span> 
     </span>
    </p>
   </div>
   <div class='ocr_carea' id='block_1_4' title="bbox 737 537 2316 642">
    <p class='ocr_par' dir='ltr' id='par_1_4' title="bbox 737 571 2294 642">
     <span class='ocr_line' id='line_1_4' title="bbox 737 571 2294 642; baseline -0.006 -13"><span class='ocrx_word' id='word_1_6' title='bbox 737 575 921 638; x_wconf 84' lang='lat' dir='ltr'><strong>nilms,</strong></span> <span class='ocrx_word' id='word_1_7' title='bbox 951 589 1089 642; x_wconf 90' lang='lat' dir='ltr'><strong>quos</strong></span> <span class='ocrx_word' id='word_1_8' title='bbox 1115 573 1184 628; x_wconf 91' lang='lat' dir='ltr'><strong>de</strong></span> <span class='ocrx_word' id='word_1_9' title='bbox 1227 583 1276 627; x_wconf 95' lang='lat' dir='ltr'><strong>te</strong></span> <span class='ocrx_word' id='word_1_10' title='bbox 1320 588 1428 626; x_wconf 91' lang='lat' dir='ltr'><strong>non</strong></span> <span class='ocrx_word' id='word_1_11' title='bbox 1472 588 1595 626; x_wconf 89' lang='lat' dir='ltr'><strong>raro</strong></span> <span class='ocrx_word' id='word_1_12' title='bbox 1644 587 1880 635; x_wconf 88' lang='lat' dir='ltr'><strong>mecum,</strong></span> <span class='ocrx_word' id='word_1_13' title='bbox 1914 571 2294 640; x_wconf 65' lang='lat' dir='ltr'><strong>prmcipiicqnie</strong></span> 
     </span>
    </p>
   </div>
   <div class='ocr_carea' id='block_1_5' title="bbox 2390 537 3964 642">
    <p class='ocr_par' dir='ltr' id='par_1_5' title="bbox 2397 552 3964 636">
     <span class='ocr_line' id='line_1_5' title="bbox 2397 552 3964 636; baseline -0.014 -14"><span class='ocrx_word' id='word_1_14' title='bbox 2397 569 2586 636; x_wconf 83' lang='grc' dir='ltr'>γόνασι</span> <span class='ocrx_word' id='word_1_15' title='bbox 2615 585 2726 628; x_wconf 76' lang='grc' dir='ltr'><strong>τοις</strong></span> <span class='ocrx_word' id='word_1_16' title='bbox 2764 565 2916 633; x_wconf 83' lang='grc' dir='ltr'><strong>ἐμοῖς</strong></span> <span class='ocrx_word' id='word_1_17' title='bbox 2950 561 3040 613; x_wconf 80' lang='grc' dir='ltr'><strong>σοῦ</strong></span> <span class='ocrx_word' id='word_1_18' title='bbox 3075 559 3362 629; x_wconf 71' lang='grc' dir='ltr'><strong>παρόντος,</strong></span> <span class='ocrx_word' id='word_1_19' title='bbox 3391 552 3449 608; x_wconf 83' lang='grc' dir='ltr'>Ὀ</span> <span class='ocrx_word' id='word_1_20' title='bbox 3481 556 3576 622; x_wconf 83' lang='grc' dir='ltr'><strong>μὲν</strong></span> <span class='ocrx_word' id='word_1_21' title='bbox 3599 553 3807 622; x_wconf 73' lang='grc' dir='ltr'><strong>καιρδς,</strong></span> <span class='ocrx_word' id='word_1_22' title='bbox 3843 553 3964 618; x_wconf 69' lang='grc' dir='ltr'><strong>ἔφη,</strong></span> 
     </span>
    </p>
   </div>
   <div class='ocr_carea' id='block_1_6' title="bbox 738 658 2327 731">
    <p class='ocr_par' dir='ltr' id='par_1_6' title="bbox 738 658 2327 731">
     <span class='ocr_line' id='line_1_6' title="bbox 738 658 2327 731; baseline -0.002 -18"><span class='ocrx_word' id='word_1_23' title='bbox 738 664 900 731; x_wconf 89' lang='lat' dir='ltr'><strong>paulo</strong></span> <span class='ocrx_word' id='word_1_24' title='bbox 935 673 1062 716; x_wconf 88' lang='lat' dir='ltr'><strong>ante</strong></span> <span class='ocrx_word' id='word_1_25' title='bbox 1091 670 1321 716; x_wconf 91' lang='lat' dir='ltr'><strong>mortem</strong></span> <span class='ocrx_word' id='word_1_26' title='bbox 1352 662 1563 726; x_wconf 96' lang='lat' dir='ltr'><strong>habuit,</strong></span> <span class='ocrx_word' id='word_1_27' title='bbox 1597 662 1727 731; x_wconf 88' lang='lat' dir='ltr'><strong>quid</strong></span> <span class='ocrx_word' id='word_1_28' title='bbox 1758 661 2060 729; x_wconf 77' lang='lat' dir='ltr'><strong>expediret,</strong></span> <span class='ocrx_word' id='word_1_29' title='bbox 2092 674 2178 712; x_wconf 91' lang='lat' dir='ltr'><strong>me</strong></span> <span class='ocrx_word' id='word_1_30' title='bbox 2212 658 2327 727; x_wconf 80' lang='lat' dir='ltr'><strong>in-_</strong></span> 
     </span>
    </p>
   </div>
   <div class='ocr_carea' id='block_1_7' title="bbox 739 747 2297 821">
    <p class='ocr_par' dir='ltr' id='par_1_7' title="bbox 739 747 2297 821">
     <span class='ocr_line' id='line_1_7' title="bbox 739 747 2297 821; baseline -0.003 -17"><span class='ocrx_word' id='word_1_31' title='bbox 739 753 982 820; x_wconf 84' lang='lat' dir='ltr'><strong>telligcre</strong></span> <span class='ocrx_word' id='word_1_32' title='bbox 1015 752 1325 821; x_wconf 71' lang='lat' dir='ltr'><strong>Oportebat.</strong></span> <span class='ocrx_word' id='word_1_33' title='bbox 1363 751 1648 806; x_wconf 79' lang='lat' dir='ltr'><strong>Recubans</strong></span> <span class='ocrx_word' id='word_1_34' title='bbox 1675 753 1820 805; x_wconf 92' lang='lat' dir='ltr'><strong>enim</strong></span> <span class='ocrx_word' id='word_1_35' title='bbox 1856 761 1907 803; x_wconf 90' lang='lat' dir='ltr'><strong>te</strong></span> <span class='ocrx_word' id='word_1_36' title='bbox 1939 757 2203 818; x_wconf 61' lang='lat' dir='ltr'><strong>praesente</strong></span> <span class='ocrx_word' id='word_1_37' title='bbox 2244 747 2297 800; x_wconf 85' lang='lat' dir='ltr'><strong>in</strong></span> 
     </span>
    </p>
   </div>
   <div class='ocr_carea' id='block_1_8' title="bbox 736 834 2297 908">
    <p class='ocr_par' dir='ltr' id='par_1_8' title="bbox 736 834 2297 908">
     <span class='ocr_line' id='line_1_8' title="bbox 736 834 2297 908; baseline -0.004 -16"><span class='ocrx_word' id='word_1_38' title='bbox 736 840 943 908; x_wconf 88' lang='lat' dir='ltr'><strong>gremio</strong></span> <span class='ocrx_word' id='word_1_39' title='bbox 981 855 1121 903; x_wconf 91' lang='lat' dir='ltr'><strong>meo,</strong></span> <span class='ocrx_word' id='word_1_40' title='bbox 1150 839 1388 907; x_wconf 86' lang='lat' dir='ltr'><strong>Tempus</strong></span> <span class='ocrx_word' id='word_1_41' title='bbox 1413 839 1632 908; x_wconf 85' lang='lat' dir='ltr'><strong>quidem</strong></span> <span class='ocrx_word' id='word_1_42' title='bbox 1665 838 1770 890; x_wconf 90' lang='lat' dir='ltr'><strong>mei</strong></span> <span class='ocrx_word' id='word_1_43' title='bbox 1797 853 1862 891; x_wconf 83' lang='lat' dir='ltr'><strong>ex</strong></span> <span class='ocrx_word' id='word_1_44' title='bbox 1892 837 1994 890; x_wconf 91' lang='lat' dir='ltr'><strong>hac</strong></span> <span class='ocrx_word' id='word_1_45' title='bbox 2024 836 2144 889; x_wconf 86' lang='lat' dir='ltr'><strong>luce</strong></span> <span class='ocrx_word' id='word_1_46' title='bbox 2184 834 2297 887; x_wconf 82' lang='lat' dir='ltr'><strong>dis-</strong></span> 
     </span>
    </p>
   </div>
   <div class='ocr_carea' id='block_1_9' title="bbox 739 924 2302 998">
    <p class='ocr_par' dir='ltr' id='par_1_9' title="bbox 739 924 2302 998">
     <span class='ocr_line' id='line_1_9' title="bbox 739 924 2302 998; baseline -0.004 -15"><span class='ocrx_word' id='word_1_47' title='bbox 739 945 927 983; x_wconf 82' lang='lat' dir='ltr'><strong>cessus</strong></span> <span class='ocrx_word' id='word_1_48' title='bbox 955 929 1128 993; x_wconf 89' lang='lat' dir='ltr'><strong>adest,</strong></span> <span class='ocrx_word' id='word_1_49' title='bbox 1163 931 1380 998; x_wconf 89' lang='lat' dir='ltr'><strong>inquit:</strong></span> <span class='ocrx_word' id='word_1_50' title='bbox 1413 930 1513 984; x_wconf 87' lang='lat' dir='ltr'><strong>tibi</strong></span> <span class='ocrx_word' id='word_1_51' title='bbox 1548 929 1849 982; x_wconf 87' lang='lat' dir='ltr'><strong>cavendum</strong></span> <span class='ocrx_word' id='word_1_52' title='bbox 1886 936 1988 990; x_wconf 90' lang='lat' dir='ltr'><strong>est,</strong></span> <span class='ocrx_word' id='word_1_53' title='bbox 2037 941 2107 979; x_wconf 93' lang='lat' dir='ltr'><strong>ne</strong></span> <span class='ocrx_word' id='word_1_54' title='bbox 2148 924 2302 978; x_wconf 77' lang='lat' dir='ltr'><strong>falsis</strong></span> 
     </span>
    </p>
   </div>
   <div class='ocr_carea' id='block_1_10' title="bbox 743 1013 2302 1085">
    <p class='ocr_par' dir='ltr' id='par_1_10' title="bbox 743 1013 2302 1085">
     <span class='ocr_line' id='line_1_10' title="bbox 743 1013 2302 1085; baseline -0.004 -13"><span class='ocrx_word' id='word_1_55' title='bbox 743 1019 1278 1082; x_wconf 76' lang='lat' dir='ltr'><strong>ratiocinationibus,</strong></span> <span class='ocrx_word' id='word_1_56' title='bbox 1323 1028 1417 1072; x_wconf 90' lang='lat' dir='ltr'><strong>aut</strong></span> <span class='ocrx_word' id='word_1_57' title='bbox 1457 1020 1703 1071; x_wconf 87' lang='lat' dir='ltr'><strong>oratione</strong></span> <span class='ocrx_word' id='word_1_58' title='bbox 1735 1015 2098 1085; x_wconf 85' lang='lat' dir='ltr'><strong>quorumdam</strong></span> <span class='ocrx_word' id='word_1_59' title='bbox 2145 1013 2302 1067; x_wconf 70' lang='lat' dir='ltr'><strong>decu-</strong></span> 
     </span>
    </p>
   </div>
   <div class='ocr_carea' id='block_1_11' title="bbox 741 1102 2298 1178">
    <p class='ocr_par' dir='ltr' id='par_1_11' title="bbox 741 1102 2298 1178">
     <span class='ocr_line' id='line_1_11' title="bbox 741 1102 2298 1178; baseline -0.004 -18"><span class='ocrx_word' id='word_1_60' title='bbox 741 1119 854 1178; x_wconf 88' lang='lat' dir='ltr'><strong>pta,</strong></span> <span class='ocrx_word' id='word_1_61' title='bbox 891 1110 1112 1176; x_wconf 87' lang='lat' dir='ltr'><strong>repulso</strong></span> <span class='ocrx_word' id='word_1_62' title='bbox 1169 1110 1270 1162; x_wconf 91' lang='lat' dir='ltr'><strong>hoc</strong></span> <span class='ocrx_word' id='word_1_63' title='bbox 1317 1109 1432 1161; x_wconf 89' lang='lat' dir='ltr'><strong>viro</strong></span> <span class='ocrx_word' id='word_1_64' title='bbox 1487 1109 1741 1176; x_wconf 85' lang='lat' dir='ltr'><strong>cuiquam</strong></span> <span class='ocrx_word' id='word_1_65' title='bbox 1789 1104 1947 1159; x_wconf 87' lang='lat' dir='ltr'><strong>alteri</strong></span> <span class='ocrx_word' id='word_1_66' title='bbox 2001 1102 2298 1175; x_wconf 70' lang='lat' dir='ltr'><strong>auscultes.</strong></span> 
     </span>
    </p>
   </div>
   <div class='ocr_carea' id='block_1_12' title="bbox 676 1195 2305 1270">
    <p class='ocr_par' dir='ltr' id='par_1_12' title="bbox 676 1195 2305 1270">
     <span class='ocr_line' id='line_1_12' title="bbox 676 1195 2305 1270; baseline -0.009 -13"><span class='ocrx_word' id='word_1_67' title='bbox 676 1209 679 1211; x_wconf 84' lang='grc'><em>’</em></span> <span class='ocrx_word' id='word_1_68' title='bbox 740 1203 876 1256; x_wconf 82' lang='lat' dir='ltr'><strong>Nam</strong></span> <span class='ocrx_word' id='word_1_69' title='bbox 911 1202 983 1254; x_wconf 84' lang='lat' dir='ltr'><strong>ita</strong></span> <span class='ocrx_word' id='word_1_70' title='bbox 1019 1202 1064 1255; x_wconf 92' lang='lat' dir='ltr'><strong>si</strong></span> <span class='ocrx_word' id='word_1_71' title='bbox 1095 1200 1205 1265; x_wconf 87' lang='lat' dir='ltr'><strong>liat,</strong></span> <span class='ocrx_word' id='word_1_72' title='bbox 1236 1210 1288 1254; x_wconf 83' lang='lat' dir='ltr'><strong>et</strong></span> <span class='ocrx_word' id='word_1_73' title='bbox 1321 1209 1400 1266; x_wconf 88' lang='lat' dir='ltr'><strong>tu,</strong></span> <span class='ocrx_word' id='word_1_74' title='bbox 1440 1200 1598 1270; x_wconf 71' lang='lat'><strong>362</strong></span> <span class='ocrx_word' id='word_1_75' title='bbox 1632 1209 1688 1252; x_wconf 89' lang='lat' dir='ltr'><strong>et</strong></span> <span class='ocrx_word' id='word_1_76' title='bbox 1711 1197 1870 1252; x_wconf 89' lang='lat' dir='ltr'><strong>liberi</strong></span> <span class='ocrx_word' id='word_1_77' title='bbox 1898 1195 1997 1259; x_wconf 92' lang='lat' dir='ltr'><strong>tui,</strong></span> <span class='ocrx_word' id='word_1_78' title='bbox 2028 1205 2084 1248; x_wconf 95' lang='lat' dir='ltr'><strong>et</strong></span> <span class='ocrx_word' id='word_1_79' title='bbox 2108 1195 2305 1248; x_wconf 82' lang='lat' dir='ltr'><strong>Roma-</strong></span> 
     </span>
    </p>
   </div>
   <div class='ocr_carea' id='block_1_13' title="bbox 743 1281 2302 1354">
    <p class='ocr_par' dir='ltr' id='par_1_13' title="bbox 743 1281 2302 1354">
     <span class='ocr_line' id='line_1_13' title="bbox 743 1281 2302 1354; baseline -0.004 -14"><span class='ocrx_word' id='word_1_80' title='bbox 743 1303 872 1340; x_wconf 90' lang='lat' dir='ltr'><strong>num</strong></span> <span class='ocrx_word' id='word_1_81' title='bbox 906 1287 1195 1354; x_wconf 89' lang='lat' dir='ltr'><strong>imperium</strong></span> <span class='ocrx_word' id='word_1_82' title='bbox 1235 1289 1546 1340; x_wconf 89' lang='lat' dir='ltr'><strong>universum</strong></span> <span class='ocrx_word' id='word_1_83' title='bbox 1581 1285 1888 1340; x_wconf 87' lang='lat' dir='ltr'><strong>necessario</strong></span> <span class='ocrx_word' id='word_1_84' title='bbox 1914 1282 2181 1352; x_wconf 92' lang='lat' dir='ltr'><strong>peribitis.</strong></span> <span class='ocrx_word' id='word_1_85' title='bbox 2208 1281 2302 1334; x_wconf 87' lang='lat' dir='ltr'><strong>Sin</strong></span> 
     </span>
    </p>
   </div>
   <div class='ocr_carea' id='block_1_14' title="bbox 743 1372 2304 1445">
    <p class='ocr_par' dir='ltr' id='par_1_14' title="bbox 743 1372 2304 1445">
     <span class='ocr_line' id='line_1_14' title="bbox 743 1372 2304 1445; baseline -0.004 -15"><span class='ocrx_word' id='word_1_86' title='bbox 743 1378 818 1431; x_wconf 89' lang='lat' dir='ltr'><strong>illi</strong></span> <span class='ocrx_word' id='word_1_87' title='bbox 853 1391 1060 1430; x_wconf 87' lang='lat' dir='ltr'><strong>morem</strong></span> <span class='ocrx_word' id='word_1_88' title='bbox 1091 1377 1348 1445; x_wconf 78' lang='lat' dir='ltr'><strong>gesseris,</strong></span> <span class='ocrx_word' id='word_1_89' title='bbox 1372 1377 1492 1441; x_wconf 92' lang='lat' dir='ltr'><strong>tibi,</strong></span> <span class='ocrx_word' id='word_1_90' title='bbox 1521 1386 1576 1430; x_wconf 90' lang='lat' dir='ltr'><strong>et</strong></span> <span class='ocrx_word' id='word_1_91' title='bbox 1614 1374 1924 1444; x_wconf 65' lang='lat' dir='ltr'><strong>reipublicae</strong></span> <span class='ocrx_word' id='word_1_92' title='bbox 1946 1372 2112 1427; x_wconf 86' lang='lat' dir='ltr'><strong>etiam</strong></span> <span class='ocrx_word' id='word_1_93' title='bbox 2141 1378 2304 1438; x_wconf 87' lang='lat' dir='ltr'><strong>atque</strong></span> 
     </span>
    </p>
   </div>
   <div class='ocr_carea' id='block_1_15' title="bbox 742 1461 2304 1540">
    <p class='ocr_par' dir='ltr' id='par_1_15' title="bbox 742 1461 2304 1540">
     <span class='ocr_line' id='line_1_15' title="bbox 742 1461 2304 1540; baseline -0.006 -18"><span class='ocrx_word' id='word_1_94' title='bbox 742 1469 908 1522; x_wconf 83' lang='lat' dir='ltr'><strong>etiam</strong></span> <span class='ocrx_word' id='word_1_95' title='bbox 936 1469 1228 1540; x_wconf 81' lang='lat' dir='ltr'><strong>profueris.</strong></span> <span class='ocrx_word' id='word_1_96' title='bbox 1260 1467 1316 1522; x_wconf 89' lang='lat' dir='ltr'><strong>Si</strong></span> <span class='ocrx_word' id='word_1_97' title='bbox 1344 1468 1508 1537; x_wconf 83' lang='lat' dir='ltr'><strong>igitur</strong></span> <span class='ocrx_word' id='word_1_98' title='bbox 1534 1468 1649 1520; x_wconf 69' lang='lat' dir='ltr'><strong>haec</strong></span> <span class='ocrx_word' id='word_1_99' title='bbox 1671 1468 1739 1521; x_wconf 90' lang='lat' dir='ltr'><strong>ab</strong></span> <span class='ocrx_word' id='word_1_100' title='bbox 1765 1468 2091 1534; x_wconf 85' lang='lat' dir='ltr'><strong>imperatore</strong></span> <span class='ocrx_word' id='word_1_101' title='bbox 2115 1461 2304 1525; x_wconf 88' lang='lat' dir='ltr'><strong>didici,</strong></span> 
     </span>
    </p>
   </div>
   <div class='ocr_carea' id='block_1_16' title="bbox 742 1551 2303 1626">
    <p class='ocr_par' dir='ltr' id='par_1_16' title="bbox 742 1551 2303 1626">
     <span class='ocr_line' id='line_1_16' title="bbox 742 1551 2303 1626; baseline -0.006 -16"><span class='ocrx_word' id='word_1_102' title='bbox 742 1566 799 1612; x_wconf 90' lang='lat' dir='ltr'><strong>ct</strong></span> <span class='ocrx_word' id='word_1_103' title='bbox 829 1572 924 1626; x_wconf 90' lang='lat' dir='ltr'><strong>per</strong></span> <span class='ocrx_word' id='word_1_104' title='bbox 952 1573 1036 1611; x_wconf 88' lang='lat' dir='ltr'><strong>me</strong></span> <span class='ocrx_word' id='word_1_105' title='bbox 1067 1556 1321 1610; x_wconf 92' lang='lat' dir='ltr'><strong>similiter</strong></span> <span class='ocrx_word' id='word_1_106' title='bbox 1348 1556 1556 1625; x_wconf 85' lang='lat' dir='ltr'><strong>judico,</strong></span> <span class='ocrx_word' id='word_1_107' title='bbox 1585 1554 1864 1623; x_wconf 85' lang='lat' dir='ltr'><strong>quomodo</strong></span> <span class='ocrx_word' id='word_1_108' title='bbox 1907 1567 2016 1605; x_wconf 93' lang='lat' dir='ltr'><strong>non</strong></span> <span class='ocrx_word' id='word_1_109' title='bbox 2060 1551 2303 1618; x_wconf 85' lang='lat' dir='ltr'><strong>ineptum</strong></span> 
     </span>
    </p>
   </div>
   <div class='ocr_carea' id='block_1_17' title="bbox 745 1639 2305 1716">
    <p class='ocr_par' dir='ltr' id='par_1_17' title="bbox 745 1639 2305 1716">
     <span class='ocr_line' id='line_1_17' title="bbox 745 1639 2305 1716; baseline -0.005 -16"><span class='ocrx_word' id='word_1_110' title='bbox 745 1649 840 1708; x_wconf 86' lang='lat' dir='ltr'><strong>sit,</strong></span> <span class='ocrx_word' id='word_1_111' title='bbox 871 1663 992 1716; x_wconf 64' lang='lat' dir='ltr'><strong>quae</strong></span> <span class='ocrx_word' id='word_1_112' title='bbox 1020 1657 1076 1700; x_wconf 88' lang='lat' dir='ltr'><strong>tu</strong></span> <span class='ocrx_word' id='word_1_113' title='bbox 1101 1648 1262 1708; x_wconf 87' lang='lat' dir='ltr'><strong>male,</strong></span> <span class='ocrx_word' id='word_1_114' title='bbox 1293 1655 1350 1700; x_wconf 91' lang='lat' dir='ltr'><strong>et</strong></span> <span class='ocrx_word' id='word_1_115' title='bbox 1377 1661 1534 1700; x_wconf 89' lang='lat' dir='ltr'><strong>secus</strong></span> <span class='ocrx_word' id='word_1_116' title='bbox 1562 1659 1723 1713; x_wconf 88' lang='lat' dir='ltr'><strong>quam</strong></span> <span class='ocrx_word' id='word_1_117' title='bbox 1749 1642 1997 1706; x_wconf 79' lang='lat' dir='ltr'><strong>decebat,</strong></span> <span class='ocrx_word' id='word_1_118' title='bbox 2031 1639 2305 1710; x_wconf 77' lang='lat' dir='ltr'><strong>cogitasti,</strong></span> 
     </span>
    </p>
   </div>
   <div class='ocr_carea' id='block_1_18' title="bbox 747 1730 2308 1806">
    <p class='ocr_par' dir='ltr' id='par_1_18' title="bbox 747 1730 2308 1806">
     <span class='ocr_line' id='line_1_18' title="bbox 747 1730 2308 1806; baseline -0.004 -16"><span class='ocrx_word' id='word_1_119' title='bbox 747 1739 816 1792; x_wconf 74' lang='lat' dir='ltr'><strong>iis</strong></span> <span class='ocrx_word' id='word_1_120' title='bbox 852 1753 937 1792; x_wconf 91' lang='lat' dir='ltr'><strong>me</strong></span> <span class='ocrx_word' id='word_1_121' title='bbox 975 1753 1194 1806; x_wconf 88' lang='lat' dir='ltr'><strong>quoque</strong></span> <span class='ocrx_word' id='word_1_122' title='bbox 1238 1737 1472 1790; x_wconf 84' lang='lat' dir='ltr'><strong>libenter</strong></span> <span class='ocrx_word' id='word_1_123' title='bbox 1515 1734 1810 1790; x_wconf 84' lang='lat' dir='ltr'><strong>assentiri?</strong></span> <span class='ocrx_word' id='word_1_124' title='bbox 1837 1733 2016 1798; x_wconf 84' lang='lat' dir='ltr'><strong>Quare</strong></span> <span class='ocrx_word' id='word_1_125' title='bbox 2041 1733 2086 1785; x_wconf 84' lang='lat' dir='ltr'><strong>si</strong></span> <span class='ocrx_word' id='word_1_126' title='bbox 2123 1745 2191 1785; x_wconf 81' lang='lat' dir='ltr'><strong>ex</strong></span> <span class='ocrx_word' id='word_1_127' title='bbox 2223 1730 2308 1783; x_wconf 88' lang='lat' dir='ltr'><strong>his</strong></span> 
     </span>
    </p>
   </div>
   <div class='ocr_carea' id='block_1_19' title="bbox 745 1809 2309 1898">
    <p class='ocr_par' dir='ltr' id='par_1_19' title="bbox 745 1809 2309 1898">
     <span class='ocr_line' id='line_1_19' title="bbox 745 1809 2309 1898; baseline -0.004 -16"><span class='ocrx_word' id='word_1_128' title='bbox 745 1845 869 1898; x_wconf 72' lang='lat' dir='ltr'><strong>quae</strong></span> <span class='ocrx_word' id='word_1_129' title='bbox 895 1829 1027 1891; x_wconf 80' lang='lat' dir='ltr'><strong>dixi,</strong></span> <span class='ocrx_word' id='word_1_130' title='bbox 1059 1839 1113 1881; x_wconf 89' lang='lat' dir='ltr'><strong>tu</strong></span> <span class='ocrx_word' id='word_1_131' title='bbox 1141 1843 1358 1898; x_wconf 88' lang='lat' dir='ltr'><strong>quoque</strong></span> <span class='ocrx_word' id='word_1_132' title='bbox 1391 1843 1600 1882; x_wconf 89' lang='lat' dir='ltr'><strong>summa</strong></span> <span class='ocrx_word' id='word_1_133' title='bbox 1632 1828 1708 1881; x_wconf 89' lang='lat' dir='ltr'><strong>rei</strong></span> <span class='ocrx_word' id='word_1_134' title='bbox 1737 1809 2060 1894; x_wconf 74' lang='lat' dir='ltr'><strong>indignitate</strong></span> <span class='ocrx_word' id='word_1_135' title='bbox 2088 1836 2309 1893; x_wconf 87' lang='lat' dir='ltr'><strong>perspe-</strong></span> 
     </span>
    </p>
   </div>
   <div class='ocr_carea' id='block_1_20' title="bbox 745 1919 2306 1988">
    <p class='ocr_par' dir='ltr' id='par_1_20' title="bbox 745 1919 2306 1988">
     <span class='ocr_line' id='line_1_20' title="bbox 745 1919 2306 1988; baseline -0.005 -14"><span class='ocrx_word' id='word_1_136' title='bbox 745 1931 831 1974; x_wconf 89' lang='lat' dir='ltr'><strong>cta</strong></span> <span class='ocrx_word' id='word_1_137' title='bbox 867 1921 981 1976; x_wconf 61' lang='lat' dir='ltr'><strong>haec</strong></span> <span class='ocrx_word' id='word_1_138' title='bbox 1006 1921 1161 1986; x_wconf 82' lang='lat' dir='ltr'><strong>velle,</strong></span> <span class='ocrx_word' id='word_1_139' title='bbox 1191 1929 1244 1974; x_wconf 90' lang='lat' dir='ltr'><strong>et</strong></span> <span class='ocrx_word' id='word_1_140' title='bbox 1277 1919 1426 1988; x_wconf 90' lang='lat' dir='ltr'><strong>loqui</strong></span> <span class='ocrx_word' id='word_1_141' title='bbox 1465 1919 1714 1979; x_wconf 89' lang='lat' dir='ltr'><strong>desieris.</strong></span> <span class='ocrx_word' id='word_1_142' title='bbox 1743 1928 1800 1973; x_wconf 79' lang='lat' dir='ltr'><strong>et</strong></span> <span class='ocrx_word' id='word_1_143' title='bbox 1828 1926 1886 1970; x_wconf 88' lang='lat' dir='ltr'><strong>ut</strong></span> <span class='ocrx_word' id='word_1_144' title='bbox 1920 1928 2306 1977; x_wconf 87' lang='lat' dir='ltr'><strong>consueveras,</strong></span> 
     </span>
    </p>
   </div>
   <div class='ocr_carea' id='block_1_21' title="bbox 750 2005 2314 2080">
    <p class='ocr_par' dir='ltr' id='par_1_21' title="bbox 750 2005 2314 2080">
     <span class='ocr_line' id='line_1_21' title="bbox 750 2005 2314 2080; baseline -0.004 -16"><span class='ocrx_word' id='word_1_145' title='bbox 750 2013 804 2064; x_wconf 93' lang='lat' dir='ltr'><strong>in</strong></span> <span class='ocrx_word' id='word_1_146' title='bbox 836 2010 1194 2079; x_wconf 84' lang='lat' dir='ltr'><strong>gubernando</strong></span> <span class='ocrx_word' id='word_1_147' title='bbox 1234 2010 1587 2080; x_wconf 76' lang='lat' dir='ltr'><strong>processeris,</strong></span> <span class='ocrx_word' id='word_1_148' title='bbox 1629 2009 1742 2077; x_wconf 86' lang='lat' dir='ltr'><strong>ipse</strong></span> <span class='ocrx_word' id='word_1_149' title='bbox 1777 2008 2000 2077; x_wconf 81' lang='lat' dir='ltr'><strong>quidem</strong></span> <span class='ocrx_word' id='word_1_150' title='bbox 2036 2005 2220 2058; x_wconf 86' lang='lat' dir='ltr'><strong>divina</strong></span> <span class='ocrx_word' id='word_1_151' title='bbox 2262 2014 2314 2058; x_wconf 92' lang='lat' dir='ltr'><strong>te</strong></span> 
     </span>
    </p>
   </div>
   <div class='ocr_carea' id='block_1_22' title="bbox 749 2095 2314 2169">
    <p class='ocr_par' dir='ltr' id='par_1_22' title="bbox 749 2095 2314 2169">
     <span class='ocr_line' id='line_1_22' title="bbox 749 2095 2314 2169; baseline -0.003 -17"><span class='ocrx_word' id='word_1_152' title='bbox 749 2100 1046 2166; x_wconf 70' lang='lat' dir='ltr'><strong>adiuvante</strong></span> <span class='ocrx_word' id='word_1_153' title='bbox 1078 2114 1266 2159; x_wconf 89' lang='lat' dir='ltr'><strong>manu,</strong></span> <span class='ocrx_word' id='word_1_154' title='bbox 1302 2116 1422 2169; x_wconf 76' lang='lat' dir='ltr'><strong>qua:</strong></span> <span class='ocrx_word' id='word_1_155' title='bbox 1448 2100 1501 2153; x_wconf 89' lang='lat' dir='ltr'><strong>in</strong></span> <span class='ocrx_word' id='word_1_156' title='bbox 1537 2113 1831 2152; x_wconf 91' lang='lat' dir='ltr'><strong>commune</strong></span> <span class='ocrx_word' id='word_1_157' title='bbox 1867 2095 2130 2151; x_wconf 82' lang='lat' dir='ltr'><strong>Romanis</strong></span> <span class='ocrx_word' id='word_1_158' title='bbox 2161 2110 2314 2149; x_wconf 87' lang='lat' dir='ltr'><strong>com-</strong></span> 
     </span>
    </p>
   </div>
   <div class='ocr_carea' id='block_1_23' title="bbox 751 2186 2318 2252">
    <p class='ocr_par' dir='ltr' id='par_1_23' title="bbox 751 2186 2318 2252">
     <span class='ocr_line' id='line_1_23' title="bbox 751 2186 2318 2252; baseline 0 -10"><span class='ocrx_word' id='word_1_159' title='bbox 751 2188 1076 2252; x_wconf 83' lang='lat' dir='ltr'><strong>modabunt,</strong></span> <span class='ocrx_word' id='word_1_160' title='bbox 1127 2189 1328 2245; x_wconf 77' lang='lat' dir='ltr'><strong>etIicies</strong></span> <span class='ocrx_word' id='word_1_161' title='bbox 1374 2206 1387 2242; x_wconf 91' lang='lat'>:</span> <span class='ocrx_word' id='word_1_162' title='bbox 1449 2191 1580 2244; x_wconf 91' lang='lat' dir='ltr'><strong>mihi</strong></span> <span class='ocrx_word' id='word_1_163' title='bbox 1639 2206 1768 2244; x_wconf 77' lang='lat' dir='ltr'><strong>vero</strong></span> <span class='ocrx_word' id='word_1_164' title='bbox 1826 2204 1854 2242; x_wconf 89' lang='lat' dir='ltr'><strong>a</strong></span> <span class='ocrx_word' id='word_1_165' title='bbox 1912 2186 2318 2242; x_wconf 84' lang='lat' dir='ltr'><strong>calamitatibus</strong></span> 
     </span>
    </p>
   </div>
   <div class='ocr_carea' id='block_1_24' title="bbox 750 2277 2319 2350">
    <p class='ocr_par' dir='ltr' id='par_1_24' title="bbox 750 2277 2319 2350">
     <span class='ocr_line' id='line_1_24' title="bbox 750 2277 2319 2350; baseline -0.002 -18"><span class='ocrx_word' id='word_1_166' title='bbox 750 2279 890 2332; x_wconf 88' lang='lat' dir='ltr'><strong>meis</strong></span> <span class='ocrx_word' id='word_1_167' title='bbox 919 2280 1202 2342; x_wconf 86' lang='lat' dir='ltr'><strong>deﬂendis,</strong></span> <span class='ocrx_word' id='word_1_168' title='bbox 1258 2296 1320 2335; x_wconf 89' lang='lat' dir='ltr'><strong>ac</strong></span> <span class='ocrx_word' id='word_1_169' title='bbox 1372 2280 1691 2350; x_wconf 84' lang='lat' dir='ltr'><strong>plangendis</strong></span> <span class='ocrx_word' id='word_1_170' title='bbox 1737 2279 1985 2348; x_wconf 89' lang='lat' dir='ltr'><strong>requiem</strong></span> <span class='ocrx_word' id='word_1_171' title='bbox 2034 2277 2319 2348; x_wconf 69' lang='lat' dir='ltr'><strong>praestabis</strong></span> 
     </span>
    </p>
   </div>
   <div class='ocr_carea' id='block_1_25' title="bbox 749 2371 2320 2441">
    <p class='ocr_par' dir='ltr' id='par_1_25' title="bbox 749 2371 2320 2441">
     <span class='ocr_line' id='line_1_25' title="bbox 749 2371 2320 2441; baseline -0.004 -15"><span class='ocrx_word' id='word_1_172' title='bbox 749 2374 895 2441; x_wconf 69' lang='lat' dir='ltr'><strong>(quae</strong></span> <span class='ocrx_word' id='word_1_173' title='bbox 916 2371 1029 2425; x_wconf 88' lang='lat' dir='ltr'><strong>sola</strong></span> <span class='ocrx_word' id='word_1_174' title='bbox 1053 2371 1157 2426; x_wconf 88' lang='lat' dir='ltr'><strong>erit</strong></span> <span class='ocrx_word' id='word_1_175' title='bbox 1188 2373 1490 2426; x_wconf 83' lang='lat' dir='ltr'><strong>consolatio</strong></span> <span class='ocrx_word' id='word_1_176' title='bbox 1518 2387 1656 2437; x_wconf 89' lang='lat' dir='ltr'><strong>mea,</strong></span> <span class='ocrx_word' id='word_1_177' title='bbox 1688 2381 1743 2427; x_wconf 87' lang='lat' dir='ltr'><strong>et</strong></span> <span class='ocrx_word' id='word_1_178' title='bbox 1772 2372 2035 2426; x_wconf 89' lang='lat' dir='ltr'><strong>malorum</strong></span> <span class='ocrx_word' id='word_1_179' title='bbox 2073 2384 2320 2424; x_wconf 89' lang='lat' dir='ltr'><strong>meorum</strong></span> 
     </span>
    </p>
   </div>
   <div class='ocr_carea' id='block_1_26' title="bbox 751 2461 2322 2534">
    <p class='ocr_par' dir='ltr' id='par_1_26' title="bbox 751 2461 2322 2534">
     <span class='ocr_line' id='line_1_26' title="bbox 751 2461 2322 2534; baseline 0.001 -19"><span class='ocrx_word' id='word_1_180' title='bbox 751 2462 1033 2534; x_wconf 68' lang='lat' dir='ltr'><strong>inducite),</strong></span> <span class='ocrx_word' id='word_1_181' title='bbox 1058 2473 1114 2517; x_wconf 91' lang='lat' dir='ltr'><strong>et</strong></span> <span class='ocrx_word' id='word_1_182' title='bbox 1143 2479 1265 2533; x_wconf 72' lang='lat' dir='ltr'><strong>quae</strong></span> <span class='ocrx_word' id='word_1_183' title='bbox 1295 2464 1457 2534; x_wconf 75' lang='lat' dir='ltr'><strong>iusta,</strong></span> <span class='ocrx_word' id='word_1_184' title='bbox 1501 2463 1676 2525; x_wconf 84' lang='lat' dir='ltr'><strong>utilia,</strong></span> <span class='ocrx_word' id='word_1_185' title='bbox 1713 2462 1922 2532; x_wconf 90' lang='lat' dir='ltr'><strong>tibique</strong></span> <span class='ocrx_word' id='word_1_186' title='bbox 1961 2461 2160 2517; x_wconf 91' lang='lat' dir='ltr'><strong>decora</strong></span> <span class='ocrx_word' id='word_1_187' title='bbox 2194 2470 2322 2516; x_wconf 89' lang='lat' dir='ltr'><strong>sunt</strong></span> 
     </span>
    </p>
   </div>
   <div class='ocr_carea' id='block_1_27' title="bbox 757 2552 2323 2624">
    <p class='ocr_par' dir='ltr' id='par_1_27' title="bbox 757 2552 2323 2624">
     <span class='ocr_line' id='line_1_27' title="bbox 757 2552 2323 2624; baseline -0.004 -15"><span class='ocrx_word' id='word_1_188' title='bbox 757 2555 1122 2624; x_wconf 85' lang='lat' dir='ltr'><strong>perpetrabis.</strong></span> <span class='ocrx_word' id='word_1_189' title='bbox 1164 2555 1260 2610; x_wconf 91' lang='lat' dir='ltr'><strong>Sin</strong></span> <span class='ocrx_word' id='word_1_190' title='bbox 1298 2555 1650 2621; x_wconf 88' lang='lat' dir='ltr'><strong>contemptis,</strong></span> <span class='ocrx_word' id='word_1_191' title='bbox 1695 2563 1751 2608; x_wconf 89' lang='lat' dir='ltr'><strong>et</strong></span> <span class='ocrx_word' id='word_1_192' title='bbox 1791 2554 2020 2624; x_wconf 88' lang='lat' dir='ltr'><strong>abjectis</strong></span> <span class='ocrx_word' id='word_1_193' title='bbox 2063 2552 2323 2607; x_wconf 89' lang='lat' dir='ltr'><strong>omnibus</strong></span> 
     </span>
    </p>
   </div>
   <div class='ocr_carea' id='block_1_28' title="bbox 755 2640 2319 2714">
    <p class='ocr_par' dir='ltr' id='par_1_28' title="bbox 755 2640 2319 2714">
     <span class='ocr_line' id='line_1_28' title="bbox 755 2640 2319 2714; baseline -0.006 -12"><span class='ocrx_word' id='word_1_194' title='bbox 755 2647 812 2702; x_wconf 91' lang='lat' dir='ltr'><strong>in</strong></span> <span class='ocrx_word' id='word_1_195' title='bbox 849 2647 954 2702; x_wconf 92' lang='lat' dir='ltr'><strong>hoc</strong></span> <span class='ocrx_word' id='word_1_196' title='bbox 991 2662 1101 2702; x_wconf 89' lang='lat' dir='ltr'><strong>uno</strong></span> <span class='ocrx_word' id='word_1_197' title='bbox 1135 2656 1186 2701; x_wconf 92' lang='lat' dir='ltr'><strong>te</strong></span> <span class='ocrx_word' id='word_1_198' title='bbox 1221 2646 1623 2711; x_wconf 86' lang='lat' dir='ltr'><strong>obtlrmaveris,</strong></span> <span class='ocrx_word' id='word_1_199' title='bbox 1658 2644 1805 2714; x_wconf 89' lang='lat' dir='ltr'><strong>quod</strong></span> <span class='ocrx_word' id='word_1_200' title='bbox 1837 2643 1936 2698; x_wconf 89' lang='lat' dir='ltr'><strong>tibi</strong></span> <span class='ocrx_word' id='word_1_201' title='bbox 1964 2640 2319 2712; x_wconf 87' lang='lat' dir='ltr'><strong>proposuisti,</strong></span> 
     </span>
    </p>
   </div>
   <div class='ocr_carea' id='block_1_29' title="bbox 753 2733 2326 2808">
    <p class='ocr_par' dir='ltr' id='par_1_29' title="bbox 753 2733 2326 2808">
     <span class='ocr_line' id='line_1_29' title="bbox 753 2733 2326 2808; baseline -0.003 -16"><span class='ocrx_word' id='word_1_202' title='bbox 753 2738 887 2808; x_wconf 86' lang='lat' dir='ltr'><strong>quid</strong></span> <span class='ocrx_word' id='word_1_203' title='bbox 916 2740 1032 2808; x_wconf 89' lang='lat' dir='ltr'><strong>ipsa</strong></span> <span class='ocrx_word' id='word_1_204' title='bbox 1061 2749 1251 2795; x_wconf 89' lang='lat' dir='ltr'><strong>contra</strong></span> <span class='ocrx_word' id='word_1_205' title='bbox 1295 2737 1503 2791; x_wconf 83' lang='lat' dir='ltr'><strong>factura</strong></span> <span class='ocrx_word' id='word_1_206' title='bbox 1531 2737 1656 2800; x_wconf 86' lang='lat' dir='ltr'><strong>sim,</strong></span> <span class='ocrx_word' id='word_1_207' title='bbox 1682 2733 2008 2790; x_wconf 89' lang='lat' dir='ltr'><strong>enuntiabo.</strong></span> <span class='ocrx_word' id='word_1_208' title='bbox 2039 2733 2200 2788; x_wconf 92' lang='lat' dir='ltr'><strong>Omni</strong></span> <span class='ocrx_word' id='word_1_209' title='bbox 2236 2747 2326 2787; x_wconf 87' lang='lat' dir='ltr'><strong>ve-</strong></span> 
     </span>
    </p>
   </div>
   <div class='ocr_carea' id='block_1_30' title="bbox 755 2825 2325 2897">
    <p class='ocr_par' dir='ltr' id='par_1_30' title="bbox 755 2825 2325 2897">
     <span class='ocr_line' id='line_1_30' title="bbox 755 2825 2325 2897; baseline -0.004 -11"><span class='ocrx_word' id='word_1_210' title='bbox 755 2831 1043 2897; x_wconf 88' lang='lat' dir='ltr'><strong>recundia,</strong></span> <span class='ocrx_word' id='word_1_211' title='bbox 1093 2838 1148 2885; x_wconf 92' lang='lat' dir='ltr'><strong>et</strong></span> <span class='ocrx_word' id='word_1_212' title='bbox 1205 2829 1584 2884; x_wconf 80' lang='lat' dir='ltr'><strong>imbecillitate</strong></span> <span class='ocrx_word' id='word_1_213' title='bbox 1635 2827 1891 2880; x_wconf 87' lang='lat' dir='ltr'><strong>muliebri</strong></span> <span class='ocrx_word' id='word_1_214' title='bbox 1947 2825 2217 2895; x_wconf 87' lang='lat' dir='ltr'><strong>deposita,</strong></span> <span class='ocrx_word' id='word_1_215' title='bbox 2261 2840 2325 2880; x_wconf 88' lang='lat' dir='ltr'><strong>ac</strong></span> 
     </span>
    </p>
   </div>
   <div class='ocr_carea' id='block_1_31' title="bbox 753 2917 2324 2993">
    <p class='ocr_par' dir='ltr' id='par_1_31' title="bbox 753 2917 2324 2993">
     <span class='ocr_line' id='line_1_31' title="bbox 753 2917 2324 2993; baseline -0.006 -14"><span class='ocrx_word' id='word_1_216' title='bbox 753 2924 931 2979; x_wconf 84' lang='lat' dir='ltr'><strong>veluti</strong></span> <span class='ocrx_word' id='word_1_217' title='bbox 965 2939 1074 2993; x_wconf 73' lang='lat' dir='ltr'><strong>prce</strong></span> <span class='ocrx_word' id='word_1_218' title='bbox 1105 2922 1374 2976; x_wconf 89' lang='lat' dir='ltr'><strong>malorum</strong></span> <span class='ocrx_word' id='word_1_219' title='bbox 1409 2919 1786 2990; x_wconf 81' lang='lat' dir='ltr'><strong>magnitudine</strong></span> <span class='ocrx_word' id='word_1_220' title='bbox 1824 2919 2024 2973; x_wconf 89' lang='lat' dir='ltr'><strong>mentis</strong></span> <span class='ocrx_word' id='word_1_221' title='bbox 2059 2919 2235 2986; x_wconf 91' lang='lat' dir='ltr'><strong>inops,</strong></span> <span class='ocrx_word' id='word_1_222' title='bbox 2269 2917 2324 2971; x_wconf 92' lang='lat' dir='ltr'><strong>in</strong></span> 
     </span>
    </p>
   </div>
   <div class='ocr_carea' id='block_1_32' title="bbox 765 3011 2327 3081">
    <p class='ocr_par' dir='ltr' id='par_1_32' title="bbox 765 3011 2327 3081">
     <span class='ocr_line' id='line_1_32' title="bbox 765 3011 2327 3081; baseline -0.002 -13"><span class='ocrx_word' id='word_1_223' title='bbox 765 3014 946 3069; x_wconf 90' lang='lat' dir='ltr'><strong>media</strong></span> <span class='ocrx_word' id='word_1_224' title='bbox 979 3014 1113 3068; x_wconf 91' lang='lat' dir='ltr'><strong>urbe</strong></span> <span class='ocrx_word' id='word_1_225' title='bbox 1143 3015 1265 3068; x_wconf 92' lang='lat' dir='ltr'><strong>loco</strong></span> <span class='ocrx_word' id='word_1_226' title='bbox 1309 3012 1493 3081; x_wconf 86' lang='lat' dir='ltr'><strong>aliquo</strong></span> <span class='ocrx_word' id='word_1_227' title='bbox 1537 3012 1769 3066; x_wconf 87' lang='lat' dir='ltr'><strong>editiore</strong></span> <span class='ocrx_word' id='word_1_228' title='bbox 1823 3025 2148 3077; x_wconf 86' lang='lat' dir='ltr'><strong>conscenso,</strong></span> <span class='ocrx_word' id='word_1_229' title='bbox 2181 3011 2327 3065; x_wconf 86' lang='lat' dir='ltr'><strong>unde</strong></span> 
     </span>
    </p>
   </div>
   <div class='ocr_carea' id='block_1_33' title="bbox 759 3101 2328 3166">
    <p class='ocr_par' dir='ltr' id='par_1_33' title="bbox 759 3101 2328 3166">
     <span class='ocr_line' id='line_1_33' title="bbox 759 3101 2328 3166; baseline -0.003 -8"><span class='ocrx_word' id='word_1_230' title='bbox 759 3104 928 3158; x_wconf 86' lang='lat' dir='ltr'><strong>verba</strong></span> <span class='ocrx_word' id='word_1_231' title='bbox 962 3119 1080 3158; x_wconf 87' lang='lat' dir='ltr'><strong>mea</strong></span> <span class='ocrx_word' id='word_1_232' title='bbox 1110 3103 1177 3156; x_wconf 90' lang='lat' dir='ltr'><strong>ad</strong></span> <span class='ocrx_word' id='word_1_233' title='bbox 1207 3102 1454 3156; x_wconf 91' lang='lat' dir='ltr'><strong>omnium</strong></span> <span class='ocrx_word' id='word_1_234' title='bbox 1481 3116 1642 3156; x_wconf 85' lang='lat' dir='ltr'><strong>aures</strong></span> <span class='ocrx_word' id='word_1_235' title='bbox 1667 3101 1998 3166; x_wconf 87' lang='lat' dir='ltr'><strong>allabantur,</strong></span> <span class='ocrx_word' id='word_1_236' title='bbox 2024 3101 2328 3156; x_wconf 82' lang='lat' dir='ltr'><strong>intentissi-</strong></span> 
     </span>
    </p>
   </div>
   <div class='ocr_carea' id='block_1_34' title="bbox 2405 646 3968 727">
    <p class='ocr_par' dir='ltr' id='par_1_34' title="bbox 2405 646 3968 727">
     <span class='ocr_line' id='line_1_34' title="bbox 2405 646 3968 727; baseline -0.013 -15"><span class='ocrx_word' id='word_1_237' title='bbox 2405 659 2508 727; x_wconf 84' lang='grc' dir='ltr'><strong>τῆς</strong></span> <span class='ocrx_word' id='word_1_238' title='bbox 2539 659 2678 726; x_wconf 85' lang='grc' dir='ltr'><strong>ἐμῆς</strong></span> <span class='ocrx_word' id='word_1_239' title='bbox 2721 657 2846 725; x_wconf 81' lang='grc' dir='ltr'><strong>ἥκει</strong></span> <span class='ocrx_word' id='word_1_240' title='bbox 2877 652 3160 720; x_wconf 76' lang='grc' dir='ltr'><strong>τελευτῆςο</strong></span> <span class='ocrx_word' id='word_1_241' title='bbox 3197 650 3256 702; x_wconf 84' lang='grc' dir='ltr'><strong>σέ</strong></span> <span class='ocrx_word' id='word_1_242' title='bbox 3295 649 3352 700; x_wconf 81' lang='grc' dir='ltr'><strong>δὲ</strong></span> <span class='ocrx_word' id='word_1_243' title='bbox 3398 647 3505 716; x_wconf 80' lang='grc' dir='ltr'><strong>χρὴ</strong></span> <span class='ocrx_word' id='word_1_244' title='bbox 3565 648 3789 696; x_wconf 78' lang='grc' dir='ltr'>σκοπεῖν</span> <span class='ocrx_word' id='word_1_245' title='bbox 3820 646 3968 702; x_wconf 73' lang='grc' dir='ltr'><strong>ὅπως</strong></span> 
     </span>
    </p>
   </div>
   <div class='ocr_carea' id='block_1_35' title="bbox 2403 736 3968 819">
    <p class='ocr_par' dir='ltr' id='par_1_35' title="bbox 2403 736 3968 819">
     <span class='ocr_line' id='line_1_35' title="bbox 2403 736 3968 819; baseline -0.012 -18"><span class='ocrx_word' id='word_1_246' title='bbox 2403 750 2540 818; x_wconf 81' lang='grc' dir='ltr'><strong>ἐμοῦ</strong></span> <span class='ocrx_word' id='word_1_247' title='bbox 2584 749 2656 819; x_wconf 84' lang='grc' dir='ltr'><strong>μὴ</strong></span> <span class='ocrx_word' id='word_1_248' title='bbox 2689 745 3014 806; x_wconf 79' lang='grc' dir='ltr'><strong>ἀπελθόντος</strong></span> <span class='ocrx_word' id='word_1_249' title='bbox 3035 783 3048 805; x_wconf 93' lang='grc'><strong>,</strong></span> <span class='ocrx_word' id='word_1_250' title='bbox 3081 744 3362 810; x_wconf 73' lang='grc' dir='ltr'><strong>λογισμοῖς</strong></span> <span class='ocrx_word' id='word_1_251' title='bbox 3407 755 3552 791; x_wconf 87' lang='grc' dir='ltr'><strong>τισιν</strong></span> <span class='ocrx_word' id='word_1_252' title='bbox 3586 739 3619 805; x_wconf 84' lang='grc' dir='ltr'>ἢ</span> <span class='ocrx_word' id='word_1_253' title='bbox 3656 737 3753 788; x_wconf 79' lang='grc' dir='ltr'><strong>καὶ</strong></span> <span class='ocrx_word' id='word_1_254' title='bbox 3789 736 3968 800; x_wconf 67' lang='grc' dir='ltr'><strong>λόγοις</strong></span> 
     </span>
    </p>
   </div>
   <div class='ocr_carea' id='block_1_36' title="bbox 2403 825 3971 907">
    <p class='ocr_par' dir='ltr' id='par_1_36' title="bbox 2403 825 3971 907">
     <span class='ocr_line' id='line_1_36' title="bbox 2403 825 3971 907; baseline -0.011 -14"><span class='ocrx_word' id='word_1_255' title='bbox 2403 842 2561 893; x_wconf 89' lang='grc' dir='ltr'><strong>ἐνίων</strong></span> <span class='ocrx_word' id='word_1_256' title='bbox 2606 839 2970 907; x_wconf 80' lang='grc' dir='ltr'><strong>ἀπατηθεῖσα,</strong></span> <span class='ocrx_word' id='word_1_257' title='bbox 3001 835 3176 904; x_wconf 80' lang='grc' dir='ltr'><strong>ἑτέρῳ</strong></span> <span class='ocrx_word' id='word_1_258' title='bbox 3218 834 3328 884; x_wconf 82' lang='grc' dir='ltr'><strong>τινί</strong></span> <span class='ocrx_word' id='word_1_259' title='bbox 3381 831 3629 898; x_wconf 76' lang='grc' dir='ltr'><strong>πρόσχῃς</strong></span> <span class='ocrx_word' id='word_1_260' title='bbox 3662 827 3753 879; x_wconf 74' lang='grc' dir='ltr'><strong>τὸν</strong></span> <span class='ocrx_word' id='word_1_261' title='bbox 3803 825 3971 889; x_wconf 76' lang='grc' dir='ltr'><strong>ἄνδρα</strong></span> 
     </span>
    </p>
   </div>
   <div class='ocr_carea' id='block_1_37' title="bbox 2404 915 3971 996">
    <p class='ocr_par' dir='ltr' id='par_1_37' title="bbox 2404 915 3971 996">
     <span class='ocr_line' id='line_1_37' title="bbox 2404 915 3971 996; baseline -0.012 -12"><span class='ocrx_word' id='word_1_262' title='bbox 2404 933 2620 985; x_wconf 82' lang='grc' dir='ltr'><strong>τουτονὶ</strong></span> <span class='ocrx_word' id='word_1_263' title='bbox 2663 929 2997 996; x_wconf 76' lang='grc' dir='ltr'><strong>διωσαμένη.</strong></span> <span class='ocrx_word' id='word_1_264' title='bbox 3039 927 3099 979; x_wconf 78' lang='lat' dir='ltr'><strong>Ei</strong></span> <span class='ocrx_word' id='word_1_265' title='bbox 3150 924 3259 993; x_wconf 74' lang='grc' dir='ltr'><strong>γὰρ</strong></span> <span class='ocrx_word' id='word_1_266' title='bbox 3290 927 3449 976; x_wconf 76' lang='grc' dir='ltr'><strong>τοῦτο</strong></span> <span class='ocrx_word' id='word_1_267' title='bbox 3495 918 3772 988; x_wconf 80' lang='grc' dir='ltr'><strong>συμϐαίη,</strong></span> <span class='ocrx_word' id='word_1_268' title='bbox 3819 915 3971 968; x_wconf 68' lang='grc' dir='ltr'><strong>οὐδὲν</strong></span> 
     </span>
    </p>
   </div>
   <div class='ocr_carea' id='block_1_38' title="bbox 2403 1005 3973 1079">
    <p class='ocr_par' dir='ltr' id='par_1_38' title="bbox 2403 1005 3973 1079">
     <span class='ocr_line' id='line_1_38' title="bbox 2403 1005 3973 1079; baseline -0.014 -4"><span class='ocrx_word' id='word_1_269' title='bbox 2403 1023 2570 1075; x_wconf 76' lang='grc' dir='ltr'><strong>ἔτιτὸ</strong></span> <span class='ocrx_word' id='word_1_270' title='bbox 2603 1021 2789 1073; x_wconf 76' lang='grc' dir='ltr'><strong>λεῖπὸν</strong></span> <span class='ocrx_word' id='word_1_271' title='bbox 2825 1020 2884 1071; x_wconf 85' lang='grc' dir='ltr'><strong>σέ</strong></span> <span class='ocrx_word' id='word_1_272' title='bbox 2933 1036 2990 1072; x_wconf 91' lang='grc' dir='ltr'><strong>τε</strong></span> <span class='ocrx_word' id='word_1_273' title='bbox 3026 1019 3125 1070; x_wconf 72' lang='grc' dir='ltr'><strong>καὶ</strong></span> <span class='ocrx_word' id='word_1_274' title='bbox 3156 1017 3322 1068; x_wconf 83' lang='grc' dir='ltr'><strong>τέκνα</strong></span> <span class='ocrx_word' id='word_1_275' title='bbox 3361 1014 3456 1064; x_wconf 79' lang='grc' dir='ltr'><strong>καὶ</strong></span> <span class='ocrx_word' id='word_1_276' title='bbox 3492 1011 3590 1079; x_wconf 81' lang='grc' dir='ltr'><strong>τὴν</strong></span> <span class='ocrx_word' id='word_1_277' title='bbox 3630 1008 3800 1074; x_wconf 77' lang='grc' dir='ltr'><strong>ἀλλην</strong></span> <span class='ocrx_word' id='word_1_278' title='bbox 3830 1005 3973 1058; x_wconf 80' lang='grc' dir='ltr'><strong>ᾶπα-</strong></span> 
     </span>
    </p>
   </div>
   <div class='ocr_carea' id='block_1_39' title="bbox 2408 1095 3976 1179">
    <p class='ocr_par' dir='ltr' id='par_1_39' title="bbox 2408 1095 3976 1179">
     <span class='ocr_line' id='line_1_39' title="bbox 2408 1095 3976 1179; baseline -0.013 -14"><span class='ocrx_word' id='word_1_279' title='bbox 2408 1130 2505 1165; x_wconf 88' lang='grc' dir='ltr'><strong>σαν</strong></span> <span class='ocrx_word' id='word_1_280' title='bbox 2534 1113 2640 1163; x_wconf 85' lang='grc' dir='ltr'><strong>τῶν</strong></span> <span class='ocrx_word' id='word_1_281' title='bbox 2677 1109 2969 1179; x_wconf 80' lang='grc' dir='ltr'><strong>Ῥωμαίων</strong></span> <span class='ocrx_word' id='word_1_282' title='bbox 3013 1104 3317 1176; x_wconf 60' lang='grc' dir='ltr'><strong>ἠγεμονίαν</strong></span> <span class='ocrx_word' id='word_1_283' title='bbox 3357 1101 3680 1153; x_wconf 76' lang='grc' dir='ltr'><strong>ἀπολέσθαιο</strong></span> <span class='ocrx_word' id='word_1_284' title='bbox 3723 1095 3873 1164; x_wconf 83' lang='grc' dir='ltr'><strong>αὖτῷ</strong></span> <span class='ocrx_word' id='word_1_285' title='bbox 3918 1095 3976 1144; x_wconf 76' lang='grc' dir='ltr'><strong>δὲ</strong></span> 
     </span>
    </p>
   </div>
   <div class='ocr_carea' id='block_1_40' title="bbox 2406 1184 3972 1267">
    <p class='ocr_par' dir='ltr' id='par_1_40' title="bbox 2406 1184 3972 1267">
     <span class='ocr_line' id='line_1_40' title="bbox 2406 1184 3972 1267; baseline -0.015 -16"><span class='ocrx_word' id='word_1_286' title='bbox 2406 1197 2770 1267; x_wconf 75' lang='grc' dir='ltr'><strong>προσέχουσα,</strong></span> <span class='ocrx_word' id='word_1_287' title='bbox 2815 1194 3016 1261; x_wconf 78' lang='grc' dir='ltr'><strong>ἄριστα</strong></span> <span class='ocrx_word' id='word_1_288' title='bbox 3052 1193 3226 1259; x_wconf 83' lang='grc' dir='ltr'><strong>σαυτῇ</strong></span> <span class='ocrx_word' id='word_1_289' title='bbox 3283 1206 3342 1240; x_wconf 85' lang='grc' dir='ltr'><strong>τε</strong></span> <span class='ocrx_word' id='word_1_290' title='bbox 3375 1189 3467 1239; x_wconf 74' lang='grc' dir='ltr'><strong>καὶ</strong></span> <span class='ocrx_word' id='word_1_291' title='bbox 3509 1188 3620 1247; x_wconf 89' lang='grc' dir='ltr'><strong>τοῖς</strong></span> <span class='ocrx_word' id='word_1_292' title='bbox 3671 1184 3972 1252; x_wconf 74' lang='grc' dir='ltr'><strong>πράγμασι</strong></span> 
     </span>
    </p>
   </div>
   <div class='ocr_carea' id='block_1_41' title="bbox 2408 1272 3974 1358">
    <p class='ocr_par' dir='ltr' id='par_1_41' title="bbox 2408 1272 3974 1358">
     <span class='ocr_line' id='line_1_41' title="bbox 2408 1272 3974 1358; baseline -0.013 -15"><span class='ocrx_word' id='word_1_293' title='bbox 2408 1287 2694 1358; x_wconf 79' lang='grc' dir='ltr'><strong>βουλεύσῃ.</strong></span> <span class='ocrx_word' id='word_1_294' title='bbox 2738 1288 2798 1340; x_wconf 82' lang='grc' dir='ltr'><strong>Εἰ</strong></span> <span class='ocrx_word' id='word_1_295' title='bbox 2842 1287 2907 1354; x_wconf 76' lang='grc' dir='ltr'><strong>δὴ</strong></span> <span class='ocrx_word' id='word_1_296' title='bbox 2941 1283 3172 1336; x_wconf 77' lang='grc' dir='ltr'><strong>τοιαῦτα</strong></span> <span class='ocrx_word' id='word_1_297' title='bbox 3215 1280 3353 1345; x_wconf 80' lang='grc' dir='ltr'><strong>πρός</strong></span> <span class='ocrx_word' id='word_1_298' title='bbox 3399 1295 3459 1329; x_wconf 87' lang='grc' dir='ltr'><strong>τε</strong></span> <span class='ocrx_word' id='word_1_299' title='bbox 3496 1277 3760 1345; x_wconf 86' lang='grc' dir='ltr'><strong>βασιλέως</strong></span> <span class='ocrx_word' id='word_1_300' title='bbox 3793 1272 3974 1324; x_wconf 70' lang='grc' dir='ltr'><strong>ἐδιδάο</strong></span> 
     </span>
    </p>
   </div>
   <div class='ocr_carea' id='block_1_42' title="bbox 2407 1364 3980 1448">
    <p class='ocr_par' dir='ltr' id='par_1_42' title="bbox 2407 1364 3980 1448">
     <span class='ocr_line' id='line_1_42' title="bbox 2407 1364 3980 1448; baseline -0.014 -15"><span class='ocrx_word' id='word_1_301' title='bbox 2407 1379 2567 1448; x_wconf 83' lang='grc' dir='ltr'><strong>χθην,</strong></span> <span class='ocrx_word' id='word_1_302' title='bbox 2615 1378 2713 1432; x_wconf 72' lang='grc' dir='ltr'><strong>καὶ</strong></span> <span class='ocrx_word' id='word_1_303' title='bbox 2785 1377 2917 1446; x_wconf 82' lang='grc' dir='ltr'><strong>παρ’</strong></span> <span class='ocrx_word' id='word_1_304' title='bbox 2949 1373 3197 1443; x_wconf 76' lang='grc' dir='ltr'><strong>ἐμαυτῆς</strong></span> <span class='ocrx_word' id='word_1_305' title='bbox 3226 1371 3365 1440; x_wconf 76' lang='grc' dir='ltr'><strong>αὑτὴ</strong></span> <span class='ocrx_word' id='word_1_306' title='bbox 3400 1370 3468 1422; x_wconf 79' lang='grc' dir='ltr'><strong>τά</strong></span> <span class='ocrx_word' id='word_1_307' title='bbox 3511 1369 3675 1436; x_wconf 78' lang='grc' dir='ltr'><strong>ὃμοια</strong></span> <span class='ocrx_word' id='word_1_308' title='bbox 3695 1364 3980 1433; x_wconf 82' lang='grc' dir='ltr'><strong>γινώσκω,</strong></span> 
     </span>
    </p>
   </div>
   <div class='ocr_carea' id='block_1_43' title="bbox 2409 1453 3982 1537">
    <p class='ocr_par' dir='ltr' id='par_1_43' title="bbox 2409 1453 3982 1537">
     <span class='ocr_line' id='line_1_43' title="bbox 2409 1453 3982 1537; baseline -0.013 -14"><span class='ocrx_word' id='word_1_309' title='bbox 2409 1470 2514 1522; x_wconf 82' lang='grc' dir='ltr'><strong>τίν’</strong></span> <span class='ocrx_word' id='word_1_310' title='bbox 2561 1469 2678 1537; x_wconf 80' lang='grc' dir='ltr'><strong>ἐχοι</strong></span> <span class='ocrx_word' id='word_1_311' title='bbox 2724 1468 2883 1532; x_wconf 89' lang='grc' dir='ltr'><strong>λόγον</strong></span> <span class='ocrx_word' id='word_1_312' title='bbox 2931 1461 3013 1526; x_wconf 74' lang='grc' dir='ltr'><strong>οἷς</strong></span> <span class='ocrx_word' id='word_1_313' title='bbox 3058 1464 3224 1525; x_wconf 77' lang='grc' dir='ltr'><strong>αὐτὸς</strong></span> <span class='ocrx_word' id='word_1_314' title='bbox 3269 1459 3452 1521; x_wconf 84' lang='grc' dir='ltr'><strong>κακῶς</strong></span> <span class='ocrx_word' id='word_1_315' title='bbox 3501 1459 3596 1510; x_wconf 76' lang='grc' dir='ltr'><strong>καὶ</strong></span> <span class='ocrx_word' id='word_1_316' title='bbox 3643 1455 3718 1517; x_wconf 88' lang='grc' dir='ltr'><strong>ὡς</strong></span> <span class='ocrx_word' id='word_1_317' title='bbox 3759 1455 3820 1505; x_wconf 75' lang='grc' dir='ltr'><strong>οὐ</strong></span> <span class='ocrx_word' id='word_1_318' title='bbox 3860 1453 3982 1505; x_wconf 82' lang='grc' dir='ltr'><strong>δέον</strong></span> 
     </span>
    </p>
   </div>
   <div class='ocr_carea' id='block_1_44' title="bbox 2408 1539 3980 1622">
    <p class='ocr_par' dir='ltr' id='par_1_44' title="bbox 2408 1539 3980 1622">
     <span class='ocr_line' id='line_1_44' title="bbox 2408 1539 3980 1622; baseline -0.013 -10"><span class='ocrx_word' id='word_1_319' title='bbox 2408 1560 2733 1622; x_wconf 82' lang='grc' dir='ltr'><strong>ἐϐουλεύσω,</strong></span> <span class='ocrx_word' id='word_1_320' title='bbox 2764 1556 3048 1609; x_wconf 85' lang='grc' dir='ltr'><strong>πείθεσθαι</strong></span> <span class='ocrx_word' id='word_1_321' title='bbox 3107 1555 3200 1605; x_wconf 66' lang='grc' dir='ltr'><strong>καὶ</strong></span> <span class='ocrx_word' id='word_1_322' title='bbox 3233 1551 3404 1618; x_wconf 77' lang='grc' dir='ltr'><strong>αὐτὴν</strong></span> <span class='ocrx_word' id='word_1_323' title='bbox 3442 1546 3676 1601; x_wconf 78' lang='grc' dir='ltr'><strong>ἐκοῦσαν</strong></span> <span class='ocrx_word' id='word_1_324' title='bbox 3728 1539 3895 1596; x_wconf 78' lang='grc' dir='ltr'><strong>εῖναι.</strong></span> <span class='ocrx_word' id='word_1_325' title='bbox 3919 1541 3980 1592; x_wconf 82' lang='grc' dir='ltr'><strong>ΕΞ</strong></span> 
     </span>
    </p>
   </div>
   <div class='ocr_carea' id='block_1_45' title="bbox 2413 1632 3985 1720">
    <p class='ocr_par' dir='ltr' id='par_1_45' title="bbox 2413 1632 3985 1720">
     <span class='ocr_line' id='line_1_45' title="bbox 2413 1632 3985 1720; baseline -0.013 -17"><span class='ocrx_word' id='word_1_326' title='bbox 2413 1651 2516 1720; x_wconf 85' lang='grc' dir='ltr'><strong>μὲν</strong></span> <span class='ocrx_word' id='word_1_327' title='bbox 2539 1646 2634 1702; x_wconf 81' lang='grc' dir='ltr'><strong>οὖν</strong></span> <span class='ocrx_word' id='word_1_328' title='bbox 2662 1643 2743 1710; x_wconf 79' lang='grc' dir='ltr'><strong>οἷς</strong></span> <span class='ocrx_word' id='word_1_329' title='bbox 2772 1645 2927 1700; x_wconf 86' lang='grc' dir='ltr'><strong>εἷπον</strong></span> <span class='ocrx_word' id='word_1_330' title='bbox 2968 1646 3065 1714; x_wconf 80' lang='grc' dir='ltr'><strong>τὴν</strong></span> <span class='ocrx_word' id='word_1_331' title='bbox 3091 1643 3319 1696; x_wconf 78' lang='grc' dir='ltr'><strong>ἀτοπίαν</strong></span> <span class='ocrx_word' id='word_1_332' title='bbox 3355 1641 3450 1694; x_wconf 70' lang='grc' dir='ltr'><strong>καὶ</strong></span> <span class='ocrx_word' id='word_1_333' title='bbox 3483 1637 3647 1698; x_wconf 71' lang='grc' dir='ltr'><strong>αὐτὸς</strong></span> <span class='ocrx_word' id='word_1_334' title='bbox 3673 1635 3766 1687; x_wconf 78' lang='grc' dir='ltr'><strong>τοῦ</strong></span> <span class='ocrx_word' id='word_1_335' title='bbox 3799 1632 3985 1701; x_wconf 67' lang='grc' dir='ltr'><strong>πράγ-</strong></span> 
     </span>
    </p>
   </div>
   <div class='ocr_carea' id='block_1_46' title="bbox 2414 1722 3985 1808">
    <p class='ocr_par' dir='ltr' id='par_1_46' title="bbox 2414 1722 3985 1808">
     <span class='ocr_line' id='line_1_46' title="bbox 2414 1722 3985 1808; baseline -0.014 -15"><span class='ocrx_word' id='word_1_336' title='bbox 2414 1757 2581 1808; x_wconf 88' lang='grc' dir='ltr'><strong>ματος</strong></span> <span class='ocrx_word' id='word_1_337' title='bbox 2609 1741 2706 1808; x_wconf 82' lang='grc' dir='ltr'><strong>ὅση</strong></span> <span class='ocrx_word' id='word_1_338' title='bbox 2734 1734 2988 1796; x_wconf 85' lang='grc' dir='ltr'><strong>κατιδὼν,</strong></span> <span class='ocrx_word' id='word_1_339' title='bbox 3014 1734 3234 1803; x_wconf 78' lang='grc' dir='ltr'>ἀπόσχῃ</span> <span class='ocrx_word' id='word_1_340' title='bbox 3263 1726 3357 1784; x_wconf 75' lang='grc' dir='ltr'><strong>τοῦ</strong></span> <span class='ocrx_word' id='word_1_341' title='bbox 3389 1745 3446 1781; x_wconf 87' lang='grc' dir='ltr'><strong>τε</strong></span> <span class='ocrx_word' id='word_1_342' title='bbox 3467 1727 3693 1780; x_wconf 77' lang='grc' dir='ltr'><strong>τοιαῦτα</strong></span> <span class='ocrx_word' id='word_1_343' title='bbox 3725 1723 3820 1776; x_wconf 69' lang='grc' dir='ltr'><strong>καὶ</strong></span> <span class='ocrx_word' id='word_1_344' title='bbox 3858 1722 3985 1790; x_wconf 80' lang='grc' dir='ltr'><strong>βου-</strong></span> 
     </span>
    </p>
   </div>
   <div class='ocr_carea' id='block_1_47' title="bbox 2409 1816 3983 1894">
    <p class='ocr_par' dir='ltr' id='par_1_47' title="bbox 2409 1816 3983 1894">
     <span class='ocr_line' id='line_1_47' title="bbox 2409 1816 3983 1894; baseline -0.012 -10"><span class='ocrx_word' id='word_1_345' title='bbox 2409 1828 2661 1884; x_wconf 77' lang='grc' dir='ltr'><strong>λεύεσθαι</strong></span> <span class='ocrx_word' id='word_1_346' title='bbox 2706 1830 2799 1881; x_wconf 71' lang='grc' dir='ltr'><strong>καὶ</strong></span> <span class='ocrx_word' id='word_1_347' title='bbox 2832 1826 3038 1894; x_wconf 83' lang='grc' dir='ltr'><strong>λέγειν,</strong></span> <span class='ocrx_word' id='word_1_348' title='bbox 3089 1827 3183 1879; x_wconf 77' lang='grc' dir='ltr'><strong>καὶ</strong></span> <span class='ocrx_word' id='word_1_349' title='bbox 3232 1840 3339 1875; x_wconf 86' lang='grc' dir='ltr'><strong>των</strong></span> <span class='ocrx_word' id='word_1_350' title='bbox 3386 1819 3754 1892; x_wconf 75' lang='grc' dir='ltr'><strong>πραγμάτων,</strong></span> <span class='ocrx_word' id='word_1_351' title='bbox 3787 1816 3983 1880; x_wconf 82' lang='grc' dir='ltr'><strong>ὥσπερ</strong></span> 
     </span>
    </p>
   </div>
   <div class='ocr_carea' id='block_1_48' title="bbox 2418 1907 3986 1989">
    <p class='ocr_par' dir='ltr' id='par_1_48' title="bbox 2418 1907 3986 1989">
     <span class='ocr_line' id='line_1_48' title="bbox 2418 1907 3986 1989; baseline -0.013 -14"><span class='ocrx_word' id='word_1_352' title='bbox 2418 1922 2614 1983; x_wconf 69' lang='grc' dir='ltr'><strong>εἴωθας</strong></span> <span class='ocrx_word' id='word_1_353' title='bbox 2663 1919 2943 1989; x_wconf 75' lang='grc' dir='ltr'><strong>ἐχόμενος,</strong></span> <span class='ocrx_word' id='word_1_354' title='bbox 2991 1916 3152 1978; x_wconf 70' lang='grc' dir='ltr'><strong>αὐτὸς</strong></span> <span class='ocrx_word' id='word_1_355' title='bbox 3211 1915 3310 1983; x_wconf 88' lang='grc' dir='ltr'><strong>μέν</strong></span> <span class='ocrx_word' id='word_1_356' title='bbox 3361 1913 3428 1965; x_wconf 76' lang='grc' dir='ltr'><strong>τά</strong></span> <span class='ocrx_word' id='word_1_357' title='bbox 3479 1912 3636 1980; x_wconf 80' lang='grc' dir='ltr'><strong>κοινῇ</strong></span> <span class='ocrx_word' id='word_1_358' title='bbox 3667 1907 3986 1961; x_wconf 77' lang='grc' dir='ltr'><strong>συνοίσοντα</strong></span> 
     </span>
    </p>
   </div>
   <div class='ocr_carea' id='block_1_49' title="bbox 2429 1999 3989 2082">
    <p class='ocr_par' dir='ltr' id='par_1_49' title="bbox 2429 1999 3989 2082">
     <span class='ocr_line' id='line_1_49' title="bbox 2429 1999 3989 2082; baseline -0.016 -11"><span class='ocrx_word' id='word_1_359' title='bbox 2429 2013 2722 2082; x_wconf 82' lang='grc' dir='ltr'><strong>Ῥωμαίοις</strong></span> <span class='ocrx_word' id='word_1_360' title='bbox 2756 2010 2979 2078; x_wconf 77' lang='grc' dir='ltr'><strong>καὶτῆς</strong></span> <span class='ocrx_word' id='word_1_361' title='bbox 3024 2006 3232 2062; x_wconf 79' lang='grc' dir='ltr'><strong>ἄνωθεν</strong></span> <span class='ocrx_word' id='word_1_362' title='bbox 3273 2005 3454 2074; x_wconf 67' lang='grc' dir='ltr'><strong>χειρὸς</strong></span> <span class='ocrx_word' id='word_1_363' title='bbox 3501 1999 3989 2067; x_wconf 67' lang='grc' dir='ltr'><strong>συνεφαπτομένης</strong></span> 
     </span>
    </p>
   </div>
   <div class='ocr_carea' id='block_1_50' title="bbox 2419 2090 3998 2175">
    <p class='ocr_par' dir='ltr' id='par_1_50' title="bbox 2419 2090 3998 2175">
     <span class='ocr_line' id='line_1_50' title="bbox 2419 2090 3998 2175; baseline -0.011 -18"><span class='ocrx_word' id='word_1_364' title='bbox 2419 2107 2705 2175; x_wconf 75' lang='grc' dir='ltr'><strong>πράττεις,</strong></span> <span class='ocrx_word' id='word_1_365' title='bbox 2733 2103 2857 2170; x_wconf 72' lang='grc' dir='ltr'><strong>ἐμοὶ</strong></span> <span class='ocrx_word' id='word_1_366' title='bbox 2885 2101 2942 2153; x_wconf 80' lang='grc' dir='ltr'><strong>δὲ</strong></span> <span class='ocrx_word' id='word_1_367' title='bbox 2983 2099 3243 2169; x_wconf 76' lang='grc' dir='ltr'><strong>παρέχεις</strong></span> <span class='ocrx_word' id='word_1_368' title='bbox 3272 2096 3504 2166; x_wconf 80' lang='grc' dir='ltr'><strong>ἡσυχίαν</strong></span> <span class='ocrx_word' id='word_1_369' title='bbox 3549 2095 3647 2156; x_wconf 86' lang='grc' dir='ltr'><strong>τὰς</strong></span> <span class='ocrx_word' id='word_1_370' title='bbox 3688 2092 3828 2160; x_wconf 85' lang='grc' dir='ltr'><strong>ἐμάς</strong></span> <span class='ocrx_word' id='word_1_371' title='bbox 3860 2090 3998 2157; x_wconf 75' lang='grc' dir='ltr'><strong>θρη-</strong></span> 
     </span>
    </p>
   </div>
   <div class='ocr_carea' id='block_1_51' title="bbox 2421 2187 3994 2262">
    <p class='ocr_par' dir='ltr' id='par_1_51' title="bbox 2421 2187 3994 2262">
     <span class='ocr_line' id='line_1_51' title="bbox 2421 2187 3994 2262; baseline -0.011 -11"><span class='ocrx_word' id='word_1_372' title='bbox 2421 2200 2531 2252; x_wconf 89' lang='grc' dir='ltr'><strong>νεῖν</strong></span> <span class='ocrx_word' id='word_1_373' title='bbox 2567 2196 2659 2250; x_wconf 75' lang='grc' dir='ltr'><strong>καὶ</strong></span> <span class='ocrx_word' id='word_1_374' title='bbox 2689 2195 2988 2248; x_wconf 83' lang='grc' dir='ltr'><strong>κόπτεσθαι</strong></span> <span class='ocrx_word' id='word_1_375' title='bbox 3021 2192 3326 2262; x_wconf 81' lang='grc' dir='ltr'><strong>συμφοράς’</strong></span> <span class='ocrx_word' id='word_1_376' title='bbox 3364 2189 3522 2240; x_wconf 82' lang='grc' dir='ltr'><strong>τοῦτο</strong></span> <span class='ocrx_word' id='word_1_377' title='bbox 3569 2189 3679 2255; x_wconf 76' lang='grc' dir='ltr'><strong>γὰρ</strong></span> <span class='ocrx_word' id='word_1_378' title='bbox 3712 2187 3836 2253; x_wconf 60' lang='grc' dir='ltr'><strong>ἐμοί⁸</strong></span> <span class='ocrx_word' id='word_1_379' title='bbox 3885 2200 3994 2234; x_wconf 78' lang='grc' dir='ltr'><strong>πα-</strong></span> 
     </span>
    </p>
   </div>
   <div class='ocr_carea' id='block_1_52' title="bbox 2425 2274 3994 2360">
    <p class='ocr_par' dir='ltr' id='par_1_52' title="bbox 2425 2274 3994 2360">
     <span class='ocr_line' id='line_1_52' title="bbox 2425 2274 3994 2360; baseline -0.013 -16"><span class='ocrx_word' id='word_1_380' title='bbox 2425 2288 2673 2360; x_wconf 76' lang='grc' dir='ltr'><strong>ραμυθία</strong></span> <span class='ocrx_word' id='word_1_381' title='bbox 2709 2287 2870 2356; x_wconf 90' lang='grc' dir='ltr'><strong>μόνον</strong></span> <span class='ocrx_word' id='word_1_382' title='bbox 2911 2285 3006 2336; x_wconf 75' lang='grc' dir='ltr'><strong>καὶ</strong></span> <span class='ocrx_word' id='word_1_383' title='bbox 3036 2283 3143 2334; x_wconf 86' lang='grc' dir='ltr'><strong>τῶν</strong></span> <span class='ocrx_word' id='word_1_384' title='bbox 3176 2279 3365 2334; x_wconf 88' lang='grc' dir='ltr'><strong>κακῶν</strong></span> <span class='ocrx_word' id='word_1_385' title='bbox 3405 2279 3688 2346; x_wconf 79' lang='grc' dir='ltr'><strong>ἀνακωχὴ,</strong></span> <span class='ocrx_word' id='word_1_386' title='bbox 3712 2274 3900 2328; x_wconf 82' lang='grc' dir='ltr'><strong>δίκαιά</strong></span> <span class='ocrx_word' id='word_1_387' title='bbox 3934 2290 3994 2325; x_wconf 84' lang='grc' dir='ltr'><strong>τε</strong></span> 
     </span>
    </p>
   </div>
   <div class='ocr_carea' id='block_1_53' title="bbox 2419 2369 3995 2449">
    <p class='ocr_par' dir='ltr' id='par_1_53' title="bbox 2419 2369 3995 2449">
     <span class='ocr_line' id='line_1_53' title="bbox 2419 2369 3995 2449; baseline -0.013 -12"><span class='ocrx_word' id='word_1_388' title='bbox 2419 2380 2556 2449; x_wconf 80' lang='grc' dir='ltr'><strong>ὁμοῦ</strong></span> <span class='ocrx_word' id='word_1_389' title='bbox 2627 2381 2721 2433; x_wconf 76' lang='grc' dir='ltr'><strong>καὶ</strong></span> <span class='ocrx_word' id='word_1_390' title='bbox 2792 2376 3144 2446; x_wconf 71' lang='grc' dir='ltr'><strong>συμφέροντα</strong></span> <span class='ocrx_word' id='word_1_391' title='bbox 3236 2373 3330 2425; x_wconf 75' lang='grc' dir='ltr'><strong>καὶ</strong></span> <span class='ocrx_word' id='word_1_392' title='bbox 3408 2370 3592 2439; x_wconf 83' lang='grc' dir='ltr'><strong>σαυτῷ</strong></span> <span class='ocrx_word' id='word_1_393' title='bbox 3644 2369 3995 2438; x_wconf 78' lang='grc' dir='ltr'><strong>προσήκοντα</strong></span> 
     </span>
    </p>
   </div>
   <div class='ocr_carea' id='block_1_54' title="bbox 2361 2458 3995 2545">
    <p class='ocr_par' dir='ltr' id='par_1_54' title="bbox 2361 2458 3995 2545">
     <span class='ocr_line' id='line_1_54' title="bbox 2361 2458 3995 2545; baseline -0.013 -16"><span class='ocrx_word' id='word_1_394' title='bbox 2361 2529 2370 2537; x_wconf 79' lang='grc'><strong>,</strong></span> <span class='ocrx_word' id='word_1_395' title='bbox 2421 2475 2699 2545; x_wconf 80' lang='grc' dir='ltr'><strong>ποιήσεις.</strong></span> <span class='ocrx_word' id='word_1_396' title='bbox 2734 2473 2835 2524; x_wconf 79' lang='grc' dir='ltr'><strong>’Ἂν</strong></span> <span class='ocrx_word' id='word_1_397' title='bbox 2869 2469 2925 2521; x_wconf 84' lang='grc' dir='ltr'><strong>δέ</strong></span> <span class='ocrx_word' id='word_1_398' title='bbox 2952 2467 3134 2519; x_wconf 82' lang='grc' dir='ltr'><strong>πάντα</strong></span> <span class='ocrx_word' id='word_1_399' title='bbox 3167 2462 3508 2532; x_wconf 84' lang='grc' dir='ltr'><strong>διωσάμενος</strong></span> <span class='ocrx_word' id='word_1_400' title='bbox 3535 2461 3628 2513; x_wconf 73' lang='grc' dir='ltr'><strong>καὶ</strong></span> <span class='ocrx_word' id='word_1_401' title='bbox 3659 2458 3995 2530; x_wconf 67' lang='grc' dir='ltr'><strong>ἀπορρίψας,</strong></span> 
     </span>
    </p>
   </div>
   <div class='ocr_carea' id='block_1_55' title="bbox 2422 2552 3998 2634">
    <p class='ocr_par' dir='ltr' id='par_1_55' title="bbox 2422 2552 3998 2634">
     <span class='ocr_line' id='line_1_55' title="bbox 2422 2552 3998 2634; baseline -0.013 -14"><span class='ocrx_word' id='word_1_402' title='bbox 2422 2567 2537 2628; x_wconf 75' lang='grc' dir='ltr'><strong>ἐνὸς</strong></span> <span class='ocrx_word' id='word_1_403' title='bbox 2573 2564 2734 2634; x_wconf 81' lang='grc' dir='ltr'><strong>μόνου</strong></span> <span class='ocrx_word' id='word_1_404' title='bbox 2787 2561 2920 2630; x_wconf 82' lang='grc' dir='ltr'><strong>γένῃ</strong></span> <span class='ocrx_word' id='word_1_405' title='bbox 2959 2557 3054 2610; x_wconf 78' lang='grc' dir='ltr'><strong>τοῦ</strong></span> <span class='ocrx_word' id='word_1_406' title='bbox 3084 2559 3198 2619; x_wconf 83' lang='grc' dir='ltr'><strong>τοῖς</strong></span> <span class='ocrx_word' id='word_1_407' title='bbox 3247 2553 3590 2620; x_wconf 82' lang='grc' dir='ltr'><strong>δεδογμένοις</strong></span> <span class='ocrx_word' id='word_1_408' title='bbox 3639 2552 3998 2618; x_wconf 60' lang='grc' dir='ltr'><strong>ἐγκαρτερεῖν</strong></span> 
     </span>
    </p>
   </div>
   <div class='ocr_carea' id='block_1_56' title="bbox 2424 2643 3999 2727">
    <p class='ocr_par' dir='ltr' id='par_1_56' title="bbox 2424 2643 3999 2727">
     <span class='ocr_line' id='line_1_56' title="bbox 2424 2643 3999 2727; baseline -0.014 -15"><span class='ocrx_word' id='word_1_409' title='bbox 2424 2659 2558 2712; x_wconf 79' lang='grc' dir='ltr'><strong>πᾶσι</strong></span> <span class='ocrx_word' id='word_1_410' title='bbox 2604 2655 2817 2727; x_wconf 88' lang='grc' dir='ltr'><strong>χαίρειν</strong></span> <span class='ocrx_word' id='word_1_411' title='bbox 2850 2651 3043 2716; x_wconf 82' lang='grc' dir='ltr'><strong>εἰπὼν,</strong></span> <span class='ocrx_word' id='word_1_412' title='bbox 3089 2649 3117 2702; x_wconf 84' lang='grc' dir='ltr'><strong>δ</strong></span> <span class='ocrx_word' id='word_1_413' title='bbox 3161 2650 3256 2702; x_wconf 71' lang='grc' dir='ltr'><strong>καὶ</strong></span> <span class='ocrx_word' id='word_1_414' title='bbox 3291 2647 3428 2711; x_wconf 83' lang='grc' dir='ltr'><strong>αὐτὴ</strong></span> <span class='ocrx_word' id='word_1_415' title='bbox 3453 2645 3685 2712; x_wconf 84' lang='grc' dir='ltr'><strong>ποιήσω,</strong></span> <span class='ocrx_word' id='word_1_416' title='bbox 3721 2647 3802 2694; x_wconf 75' lang='grc' dir='ltr'><strong>σοὶ</strong></span> <span class='ocrx_word' id='word_1_417' title='bbox 3847 2643 3999 2709; x_wconf 62' lang='grc' dir='ltr'><strong>θήσω</strong></span> 
     </span>
    </p>
   </div>
   <div class='ocr_carea' id='block_1_57' title="bbox 2425 2737 3999 2822">
    <p class='ocr_par' dir='ltr' id='par_1_57' title="bbox 2425 2737 3999 2822">
     <span class='ocr_line' id='line_1_57' title="bbox 2425 2737 3999 2822; baseline -0.012 -18"><span class='ocrx_word' id='word_1_418' title='bbox 2425 2751 2676 2822; x_wconf 82' lang='grc' dir='ltr'><strong>φανερόν·</strong></span> <span class='ocrx_word' id='word_1_419' title='bbox 2702 2749 2884 2802; x_wconf 79' lang='grc' dir='ltr'><strong>πᾶσαν</strong></span> <span class='ocrx_word' id='word_1_420' title='bbox 2916 2745 3026 2815; x_wconf 76' lang='grc' dir='ltr'><strong>γὰρ</strong></span> <span class='ocrx_word' id='word_1_421' title='bbox 3062 2743 3199 2795; x_wconf 84' lang='grc' dir='ltr'><strong>αίδῶ</strong></span> <span class='ocrx_word' id='word_1_422' title='bbox 3235 2741 3329 2794; x_wconf 68' lang='grc' dir='ltr'><strong>καὶ</strong></span> <span class='ocrx_word' id='word_1_423' title='bbox 3361 2738 3682 2808; x_wconf 75' lang='grc' dir='ltr'><strong>γυναικείαν</strong></span> <span class='ocrx_word' id='word_1_424' title='bbox 3710 2737 3999 2789; x_wconf 81' lang='grc' dir='ltr'><strong>ἀσθένειαν</strong></span> 
     </span>
    </p>
   </div>
   <div class='ocr_carea' id='block_1_58' title="bbox 2424 2825 3999 2912">
    <p class='ocr_par' dir='ltr' id='par_1_58' title="bbox 2424 2825 3999 2912">
     <span class='ocr_line' id='line_1_58' title="bbox 2424 2825 3999 2912; baseline -0.016 -14"><span class='ocrx_word' id='word_1_425' title='bbox 2424 2841 2738 2912; x_wconf 79' lang='grc' dir='ltr'><strong>ἀποθεμένη</strong></span> <span class='ocrx_word' id='word_1_426' title='bbox 2765 2879 2779 2903; x_wconf 94' lang='grc'><strong>,</strong></span> <span class='ocrx_word' id='word_1_427' title='bbox 2822 2840 2916 2891; x_wconf 68' lang='grc' dir='ltr'><strong>καὶ</strong></span> <span class='ocrx_word' id='word_1_428' title='bbox 2953 2837 3062 2890; x_wconf 86' lang='grc' dir='ltr'><strong>τῶν</strong></span> <span class='ocrx_word' id='word_1_429' title='bbox 3108 2833 3202 2886; x_wconf 75' lang='grc' dir='ltr'><strong>τοῦ</strong></span> <span class='ocrx_word' id='word_1_430' title='bbox 3261 2831 3558 2899; x_wconf 83' lang='grc' dir='ltr'><strong>σωφρονεῖν</strong></span> <span class='ocrx_word' id='word_1_431' title='bbox 3611 2825 3802 2894; x_wconf 81' lang='grc' dir='ltr'><strong>ὥσπερ</strong></span> <span class='ocrx_word' id='word_1_432' title='bbox 3847 2826 3999 2889; x_wconf 83' lang='grc' dir='ltr'><strong>λογι-</strong></span> 
     </span>
    </p>
   </div>
   <div class='ocr_carea' id='block_1_59' title="bbox 2427 2919 3999 3006">
    <p class='ocr_par' dir='ltr' id='par_1_59' title="bbox 2427 2919 3999 3006">
     <span class='ocr_line' id='line_1_59' title="bbox 2427 2919 3999 3006; baseline -0.015 -16"><span class='ocrx_word' id='word_1_433' title='bbox 2427 2936 2580 3006; x_wconf 87' lang='grc' dir='ltr'><strong>σμῶν</strong></span> <span class='ocrx_word' id='word_1_434' title='bbox 2630 2934 2736 2988; x_wconf 79' lang='grc' dir='ltr'><strong>ὑπὸ</strong></span> <span class='ocrx_word' id='word_1_435' title='bbox 2771 2929 3038 3002; x_wconf 85' lang='grc' dir='ltr'><strong>μεγέθους</strong></span> <span class='ocrx_word' id='word_1_436' title='bbox 3081 2925 3425 2996; x_wconf 83' lang='grc' dir='ltr'><strong>ἐκτραπεῖσα</strong></span> <span class='ocrx_word' id='word_1_437' title='bbox 3449 2922 3559 2974; x_wconf 88' lang='grc' dir='ltr'><strong>τῶν</strong></span> <span class='ocrx_word' id='word_1_438' title='bbox 3597 2919 3806 2983; x_wconf 82' lang='grc' dir='ltr'><strong>κακῶν,</strong></span> <span class='ocrx_word' id='word_1_439' title='bbox 3857 2919 3999 2969; x_wconf 64' lang='lat' dir='ltr'><strong>uti</strong></span> 
     </span>
    </p>
   </div>
   <div class='ocr_carea' id='block_1_60' title="bbox 2431 3006 3999 3098">
    <p class='ocr_par' dir='ltr' id='par_1_60' title="bbox 2431 3006 3999 3098">
     <span class='ocr_line' id='line_1_60' title="bbox 2431 3006 3999 3098; baseline -0.016 -18"><span class='ocrx_word' id='word_1_440' title='bbox 2431 3028 2602 3098; x_wconf 88' lang='grc' dir='ltr'><strong>μέσην</strong></span> <span class='ocrx_word' id='word_1_441' title='bbox 2634 3024 2732 3096; x_wconf 85' lang='grc' dir='ltr'><strong>τὴν</strong></span> <span class='ocrx_word' id='word_1_442' title='bbox 2773 3022 2928 3075; x_wconf 84' lang='grc' dir='ltr'><strong>πόλιν</strong></span> <span class='ocrx_word' id='word_1_443' title='bbox 2993 3017 3289 3088; x_wconf 72' lang='grc' dir='ltr'><strong>γενομένη,</strong></span> <span class='ocrx_word' id='word_1_444' title='bbox 3343 3011 3440 3065; x_wconf 74' lang='grc' dir='ltr'><strong>καὶ</strong></span> <span class='ocrx_word' id='word_1_445' title='bbox 3486 3010 3748 3064; x_wconf 78' lang='grc' dir='ltr'><strong>ἀναθεῖσα</strong></span> <span class='ocrx_word' id='word_1_446' title='bbox 3797 3006 3999 3074; x_wconf 76' lang='grc' dir='ltr'><strong>ἐαυτὴν</strong></span> 
     </span>
    </p>
   </div>
   <div class='ocr_carea' id='block_1_61' title="bbox 2429 3096 3999 3186">
    <p class='ocr_par' dir='ltr' id='par_1_61' title="bbox 2429 3096 3999 3186">
     <span class='ocr_line' id='line_1_61' title="bbox 2429 3096 3999 3186; baseline -0.017 -12"><span class='ocrx_word' id='word_1_447' title='bbox 2429 3096 2524 3176; x_wconf 85' lang='grc' dir='ltr'><strong>ἐπί</strong></span> <span class='ocrx_word' id='word_1_448' title='bbox 2555 3135 2698 3178; x_wconf 91' lang='grc' dir='ltr'><strong>τινος</strong></span> <span class='ocrx_word' id='word_1_449' title='bbox 2734 3114 3028 3186; x_wconf 84' lang='grc' dir='ltr'><strong>μετεώρου,</strong></span> <span class='ocrx_word' id='word_1_450' title='bbox 3062 3109 3129 3162; x_wconf 81' lang='grc' dir='ltr'><strong>ῖν⁶</strong></span> <span class='ocrx_word' id='word_1_451' title='bbox 3165 3106 3261 3177; x_wconf 78' lang='grc' dir='ltr'><strong>ἐξῇ</strong></span> <span class='ocrx_word' id='word_1_452' title='bbox 3291 3105 3380 3159; x_wconf 83' lang='grc' dir='ltr'><strong>διὰ</strong></span> <span class='ocrx_word' id='word_1_453' title='bbox 3411 3103 3634 3156; x_wconf 82' lang='grc' dir='ltr'><strong>πάντων</strong></span> <span class='ocrx_word' id='word_1_454' title='bbox 3668 3096 3999 3165; x_wconf 76' lang='grc' dir='ltr'><strong>ἐξικνεῖσθαι</strong></span> 
     </span>
    </p>
   </div>
   <div class='ocr_carea' id='block_1_62' title="bbox 755 3188 2316 3276">
    <p class='ocr_par' dir='ltr' id='par_1_62' title="bbox 755 3193 2316 3268">
     <span class='ocr_line' id='line_1_62' title="bbox 755 3193 2316 3268; baseline -0.005 -16"><span class='ocrx_word' id='word_1_455' title='bbox 755 3214 844 3252; x_wconf 89' lang='lat' dir='ltr'><strong>ma</strong></span> <span class='ocrx_word' id='word_1_456' title='bbox 882 3197 1310 3268; x_wconf 83' lang='lat' dir='ltr'><strong>plenissimaque</strong></span> <span class='ocrx_word' id='word_1_457' title='bbox 1341 3209 1474 3249; x_wconf 90' lang='lat' dir='ltr'><strong>voce</strong></span> <span class='ocrx_word' id='word_1_458' title='bbox 1522 3193 1837 3250; x_wconf 78' lang='lat' dir='ltr'><strong>exclamabo</strong></span> <span class='ocrx_word' id='word_1_459' title='bbox 1868 3212 1882 3249; x_wconf 91' lang='lat'>:</span> <span class='ocrx_word' id='word_1_460' title='bbox 1914 3193 2030 3247; x_wconf 84' lang='lat' dir='ltr'><strong>Viri</strong></span> <span class='ocrx_word' id='word_1_461' title='bbox 2069 3193 2316 3258; x_wconf 71' lang='lat' dir='ltr'><strong>Romani,</strong></span> 
     </span>
    </p>
   </div>
   <div class='ocr_carea' id='block_1_63' title="bbox 2390 3188 3996 3276">
    <p class='ocr_par' dir='ltr' id='par_1_63' title="bbox 2390 3188 3996 3276">
     <span class='ocr_line' id='line_1_63' title="bbox 2390 3188 3996 3276; baseline -0.017 -15"><span class='ocrx_word' id='word_1_462' title='bbox 2390 3215 2401 3267; x_wconf 69' lang='grc' dir='ltr'><strong>Ξ</strong></span> <span class='ocrx_word' id='word_1_463' title='bbox 2435 3209 2535 3276; x_wconf 85' lang='grc' dir='ltr'><strong>τὴν</strong></span> <span class='ocrx_word' id='word_1_464' title='bbox 2567 3203 2772 3274; x_wconf 79' lang='grc' dir='ltr'><strong>φωνὴν,</strong></span> <span class='ocrx_word' id='word_1_465' title='bbox 2815 3200 2999 3272; x_wconf 73' lang='grc' dir='ltr'><strong>ὄρθιον</strong></span> <span class='ocrx_word' id='word_1_466' title='bbox 3033 3197 3302 3266; x_wconf 78' lang='grc' dir='ltr'><strong>βοήσομαι</strong></span> <span class='ocrx_word' id='word_1_467' title='bbox 3329 3190 3422 3245; x_wconf 76' lang='grc' dir='ltr'><strong>καὶ</strong></span> <span class='ocrx_word' id='word_1_468' title='bbox 3454 3188 3996 3260; x_wconf 74' lang='grc' dir='ltr'><strong>μεγαλοφωνότατον·</strong></span> 
     </span>
    </p>
   </div>
   <div class='ocr_carea' id='block_1_64' title="bbox 754 3284 2323 3360">
    <p class='ocr_par' dir='ltr' id='par_1_64' title="bbox 754 3284 2323 3360">
     <span class='ocr_line' id='line_1_64' title="bbox 754 3284 2323 3360; baseline -0.004 -18"><span class='ocrx_word' id='word_1_469' title='bbox 754 3303 963 3360; x_wconf 80' lang='lat' dir='ltr'><strong>vosque</strong></span> <span class='ocrx_word' id='word_1_470' title='bbox 996 3286 1194 3351; x_wconf 72' lang='lat' dir='ltr'><strong>Graeci,</strong></span> <span class='ocrx_word' id='word_1_471' title='bbox 1226 3299 1434 3356; x_wconf 90' lang='lat' dir='ltr'><strong>vosque</strong></span> <span class='ocrx_word' id='word_1_472' title='bbox 1469 3285 1714 3350; x_wconf 88' lang='lat' dir='ltr'><strong>Barbari,</strong></span> <span class='ocrx_word' id='word_1_473' title='bbox 1751 3284 1971 3350; x_wconf 86' lang='lat' dir='ltr'><strong>audite;</strong></span> <span class='ocrx_word' id='word_1_474' title='bbox 2020 3284 2323 3353; x_wconf 68' lang='lat' dir='ltr'><strong>perierunt,</strong></span> 
     </span>
    </p>
   </div>
   <div class='ocr_carea' id='block_1_65' title="bbox 756 3378 2326 3448">
    <p class='ocr_par' dir='ltr' id='par_1_65' title="bbox 756 3378 2326 3448">
     <span class='ocr_line' id='line_1_65' title="bbox 756 3378 2326 3448; baseline -0.004 -10"><span class='ocrx_word' id='word_1_475' title='bbox 756 3384 1084 3438; x_wconf 87' lang='lat' dir='ltr'><strong>occiderunt</strong></span> <span class='ocrx_word' id='word_1_476' title='bbox 1123 3379 1328 3442; x_wconf 88' lang='lat' dir='ltr'><strong>omnia,</strong></span> <span class='ocrx_word' id='word_1_477' title='bbox 1388 3394 1492 3432; x_wconf 89' lang='lat' dir='ltr'><strong>nec</strong></span> <span class='ocrx_word' id='word_1_478' title='bbox 1542 3378 1651 3433; x_wconf 89' lang='lat' dir='ltr'><strong>ulla</strong></span> <span class='ocrx_word' id='word_1_479' title='bbox 1705 3385 1889 3432; x_wconf 89' lang='lat' dir='ltr'><strong>manet</strong></span> <span class='ocrx_word' id='word_1_480' title='bbox 1940 3378 2133 3433; x_wconf 90' lang='lat' dir='ltr'><strong>amicis</strong></span> <span class='ocrx_word' id='word_1_481' title='bbox 2182 3378 2326 3448; x_wconf 88' lang='lat' dir='ltr'><strong>apud</strong></span> 
     </span>
    </p>
   </div>
   <div class='ocr_carea' id='block_1_66' title="bbox 760 3471 2332 3545">
    <p class='ocr_par' dir='ltr' id='par_1_66' title="bbox 760 3471 2332 3545">
     <span class='ocr_line' id='line_1_66' title="bbox 760 3471 2332 3545; baseline -0.004 -14"><span class='ocrx_word' id='word_1_482' title='bbox 760 3477 1016 3531; x_wconf 82' lang='lat' dir='ltr'><strong>homines</strong></span> <span class='ocrx_word' id='word_1_483' title='bbox 1043 3474 1214 3545; x_wconf 87' lang='lat' dir='ltr'><strong>gratia</strong></span> <span class='ocrx_word' id='word_1_484' title='bbox 1242 3472 1378 3542; x_wconf 69' lang='lat'><strong>(94).</strong></span> <span class='ocrx_word' id='word_1_485' title='bbox 1411 3487 1512 3526; x_wconf 91' lang='lat' dir='ltr'><strong>nec</strong></span> <span class='ocrx_word' id='word_1_486' title='bbox 1541 3472 1794 3540; x_wconf 84' lang='lat' dir='ltr'><strong>cuiquam</strong></span> <span class='ocrx_word' id='word_1_487' title='bbox 1828 3472 2050 3533; x_wconf 83' lang='lat' dir='ltr'><strong>veritas,</strong></span> <span class='ocrx_word' id='word_1_488' title='bbox 2085 3481 2142 3526; x_wconf 94' lang='lat' dir='ltr'><strong>et</strong></span> <span class='ocrx_word' id='word_1_489' title='bbox 2172 3471 2332 3542; x_wconf 86' lang='lat' dir='ltr'><strong>justi-</strong></span> 
     </span>
    </p>
   </div>
   <div class='ocr_carea' id='block_1_67' title="bbox 762 3563 2329 3631">
    <p class='ocr_par' dir='ltr' id='par_1_67' title="bbox 762 3563 2329 3631">
     <span class='ocr_line' id='line_1_67' title="bbox 762 3563 2329 3631; baseline -0.006 -6"><span class='ocrx_word' id='word_1_490' title='bbox 762 3571 838 3625; x_wconf 87' lang='lat' dir='ltr'><strong>tia</strong></span> <span class='ocrx_word' id='word_1_491' title='bbox 869 3583 1017 3625; x_wconf 77' lang='lat' dir='ltr'><strong>cura:</strong></span> <span class='ocrx_word' id='word_1_492' title='bbox 1065 3576 1231 3631; x_wconf 85' lang='lat' dir='ltr'><strong>sunt;</strong></span> <span class='ocrx_word' id='word_1_493' title='bbox 1280 3573 1337 3620; x_wconf 92' lang='lat' dir='ltr'><strong>et</strong></span> <span class='ocrx_word' id='word_1_494' title='bbox 1388 3563 1937 3625; x_wconf 86' lang='lat' dir='ltr'><strong>animi&#39;constantia.</strong></span> <span class='ocrx_word' id='word_1_495' title='bbox 1988 3564 2329 3627; x_wconf 87' lang='lat' dir='ltr'><strong>summatim,</strong></span> 
     </span>
    </p>
   </div>
   <div class='ocr_carea' id='block_1_68' title="bbox 764 3651 2329 3722">
    <p class='ocr_par' dir='ltr' id='par_1_68' title="bbox 764 3651 2329 3722">
     <span class='ocr_line' id='line_1_68' title="bbox 764 3651 2329 3722; baseline -0.004 -9"><span class='ocrx_word' id='word_1_496' title='bbox 764 3660 911 3713; x_wconf 88' lang='lat' dir='ltr'><strong>bona</strong></span> <span class='ocrx_word' id='word_1_497' title='bbox 951 3657 1133 3711; x_wconf 84' lang='lat' dir='ltr'><strong>omnia</strong></span> <span class='ocrx_word' id='word_1_498' title='bbox 1169 3656 1238 3711; x_wconf 89' lang='lat' dir='ltr'><strong>ab</strong></span> <span class='ocrx_word' id='word_1_499' title='bbox 1271 3655 1592 3710; x_wconf 91' lang='lat' dir='ltr'><strong>hominibus</strong></span> <span class='ocrx_word' id='word_1_500' title='bbox 1622 3653 2027 3722; x_wconf 83' lang='lat' dir='ltr'><strong>demigrarunt;</strong></span> <span class='ocrx_word' id='word_1_501' title='bbox 2059 3651 2329 3721; x_wconf 90' lang='lat' dir='ltr'><strong>siquidem</strong></span> 
     </span>
    </p>
   </div>
   <div class='ocr_carea' id='block_1_69' title="bbox 762 3741 2333 3819">
    <p class='ocr_par' dir='ltr' id='par_1_69' title="bbox 762 3741 2333 3819">
     <span class='ocr_line' id='line_1_69' title="bbox 762 3741 2333 3819; baseline -0.006 -16"><span class='ocrx_word' id='word_1_502' title='bbox 762 3763 996 3819; x_wconf 81' lang='lat' dir='ltr'><strong>magnus</strong></span> <span class='ocrx_word' id='word_1_503' title='bbox 1029 3746 1365 3801; x_wconf 84' lang='lat' dir='ltr'><strong>domesticus</strong></span> <span class='ocrx_word' id='word_1_504' title='bbox 1412 3759 1510 3798; x_wconf 84' lang='lat' dir='ltr'><strong>ccu</strong></span> <span class='ocrx_word' id='word_1_505' title='bbox 1552 3752 1716 3797; x_wconf 91' lang='lat' dir='ltr'><strong>vento</strong></span> <span class='ocrx_word' id='word_1_506' title='bbox 1760 3741 1988 3796; x_wconf 83' lang='lat' dir='ltr'><strong>reﬂante</strong></span> <span class='ocrx_word' id='word_1_507' title='bbox 2016 3742 2236 3795; x_wconf 88' lang='lat' dir='ltr'><strong>sibimet</strong></span> <span class='ocrx_word' id='word_1_508' title='bbox 2267 3758 2333 3795; x_wconf 79' lang='lat' dir='ltr'><strong>ex</strong></span> 
     </span>
    </p>
   </div>
   <div class='ocr_carea' id='block_1_70' title="bbox 764 3833 2333 3902">
    <p class='ocr_par' dir='ltr' id='par_1_70' title="bbox 764 3833 2333 3902">
     <span class='ocr_line' id='line_1_70' title="bbox 764 3833 2333 3902; baseline -0.005 -6"><span class='ocrx_word' id='word_1_509' title='bbox 764 3844 1035 3897; x_wconf 79' lang='lat' dir='ltr'><strong>diametro</strong></span> <span class='ocrx_word' id='word_1_510' title='bbox 1076 3837 1390 3894; x_wconf 88' lang='lat' dir='ltr'><strong>contrarius</strong></span> <span class='ocrx_word' id='word_1_511' title='bbox 1436 3836 1630 3894; x_wconf 80' lang='lat' dir='ltr'><strong>evasit.</strong></span> <span class='ocrx_word' id='word_1_512' title='bbox 1668 3845 1724 3888; x_wconf 92' lang='lat' dir='ltr'><strong>et</strong></span> <span class='ocrx_word' id='word_1_513' title='bbox 1760 3833 2038 3900; x_wconf 69' lang='lat' dir='ltr'><strong>amicitiae,</strong></span> <span class='ocrx_word' id='word_1_514' title='bbox 2089 3849 2212 3902; x_wconf 67' lang='lat' dir='ltr'><strong>qua:</strong></span> <span class='ocrx_word' id='word_1_515' title='bbox 2258 3835 2333 3888; x_wconf 92' lang='lat' dir='ltr'><strong>illi</strong></span> 
     </span>
    </p>
   </div>
   <div class='ocr_carea' id='block_1_71' title="bbox 763 3926 2334 4000">
    <p class='ocr_par' dir='ltr' id='par_1_71' title="bbox 763 3926 2334 4000">
     <span class='ocr_line' id='line_1_71' title="bbox 763 3926 2334 4000; baseline -0.006 -11"><span class='ocrx_word' id='word_1_516' title='bbox 763 3950 891 3989; x_wconf 91' lang='lat' dir='ltr'><strong>cum</strong></span> <span class='ocrx_word' id='word_1_517' title='bbox 948 3933 1279 4000; x_wconf 83' lang='lat' dir='ltr'><strong>imperatore</strong></span> <span class='ocrx_word' id='word_1_518' title='bbox 1332 3927 1733 3989; x_wconf 84' lang='lat' dir='ltr'><strong>intercedebat,</strong></span> <span class='ocrx_word' id='word_1_519' title='bbox 1781 3926 2010 3991; x_wconf 88' lang='lat' dir='ltr'><strong>oblitus,</strong></span> <span class='ocrx_word' id='word_1_520' title='bbox 2058 3927 2334 3996; x_wconf 89' lang='lat' dir='ltr'><strong>neglecta-</strong></span> 
     </span>
    </p>
   </div>
   <div class='ocr_carea' id='block_1_72' title="bbox 764 4020 2334 4096">
    <p class='ocr_par' dir='ltr' id='par_1_72' title="bbox 764 4020 2334 4096">
     <span class='ocr_line' id='line_1_72' title="bbox 764 4020 2334 4096; baseline -0.007 -16"><span class='ocrx_word' id='word_1_521' title='bbox 764 4042 896 4096; x_wconf 90' lang='lat' dir='ltr'><strong>que,</strong></span> <span class='ocrx_word' id='word_1_522' title='bbox 921 4025 1063 4094; x_wconf 87' lang='lat' dir='ltr'><strong>quod</strong></span> <span class='ocrx_word' id='word_1_523' title='bbox 1099 4023 1323 4076; x_wconf 89' lang='lat' dir='ltr'><strong>minime</strong></span> <span class='ocrx_word' id='word_1_524' title='bbox 1362 4020 1614 4082; x_wconf 87' lang='lat' dir='ltr'><strong>decebat,</strong></span> <span class='ocrx_word' id='word_1_525' title='bbox 1650 4021 1877 4073; x_wconf 87' lang='lat' dir='ltr'><strong>veritate</strong></span> <span class='ocrx_word' id='word_1_526' title='bbox 1903 4029 2068 4088; x_wconf 87' lang='lat' dir='ltr'><strong>atque</strong></span> <span class='ocrx_word' id='word_1_527' title='bbox 2101 4020 2334 4087; x_wconf 83' lang='lat' dir='ltr'><strong>justitia,</strong></span> 
     </span>
    </p>
   </div>
   <div class='ocr_carea' id='block_1_73' title="bbox 765 4113 2336 4184">
    <p class='ocr_par' dir='ltr' id='par_1_73' title="bbox 765 4113 2336 4184">
     <span class='ocr_line' id='line_1_73' title="bbox 765 4113 2336 4184; baseline -0.005 -8"><span class='ocrx_word' id='word_1_528' title='bbox 765 4133 824 4176; x_wconf 86' lang='lat' dir='ltr'><strong>et</strong></span> <span class='ocrx_word' id='word_1_529' title='bbox 861 4119 1161 4174; x_wconf 83' lang='lat' dir='ltr'><strong>honestatis</strong></span> <span class='ocrx_word' id='word_1_530' title='bbox 1191 4131 1376 4172; x_wconf 90' lang='lat' dir='ltr'><strong>amore</strong></span> <span class='ocrx_word' id='word_1_531' title='bbox 1410 4115 1743 4184; x_wconf 84' lang='lat' dir='ltr'><strong>posthabito,</strong></span> <span class='ocrx_word' id='word_1_532' title='bbox 1773 4114 1888 4183; x_wconf 87' lang='lat' dir='ltr'><strong>ipse</strong></span> <span class='ocrx_word' id='word_1_533' title='bbox 1911 4113 2157 4181; x_wconf 87' lang='lat' dir='ltr'><strong>quidem,</strong></span> <span class='ocrx_word' id='word_1_534' title='bbox 2189 4118 2336 4184; x_wconf 88' lang='lat' dir='ltr'><strong>quod</strong></span> 
     </span>
    </p>
   </div>
   <div class='ocr_carea' id='block_1_74' title="bbox 769 4203 2341 4280">
    <p class='ocr_par' dir='ltr' id='par_1_74' title="bbox 769 4203 2341 4280">
     <span class='ocr_line' id='line_1_74' title="bbox 769 4203 2341 4280; baseline -0.007 -13"><span class='ocrx_word' id='word_1_535' title='bbox 769 4221 1025 4280; x_wconf 76' lang='lat' dir='ltr'><strong>superest</strong></span> <span class='ocrx_word' id='word_1_536' title='bbox 1051 4222 1346 4272; x_wconf 86' lang='lat' dir='ltr'><strong>annorum,</strong></span> <span class='ocrx_word' id='word_1_537' title='bbox 1384 4222 1481 4275; x_wconf 85' lang='lat' dir='ltr'><strong>per</strong></span> <span class='ocrx_word' id='word_1_538' title='bbox 1513 4205 1764 4258; x_wconf 88' lang='lat' dir='ltr'><strong>inertiam</strong></span> <span class='ocrx_word' id='word_1_539' title='bbox 1809 4207 2097 4258; x_wconf 89' lang='lat' dir='ltr'><strong>traducere</strong></span> <span class='ocrx_word' id='word_1_540' title='bbox 2133 4203 2341 4258; x_wconf 69' lang='lat' dir='ltr'><strong>constio</strong></span> 
     </span>
    </p>
   </div>
   <div class='ocr_carea' id='block_1_75' title="bbox 774 4296 2340 4366">
    <p class='ocr_par' dir='ltr' id='par_1_75' title="bbox 774 4296 2340 4366">
     <span class='ocr_line' id='line_1_75' title="bbox 774 4296 2340 4366; baseline -0.007 -6"><span class='ocrx_word' id='word_1_541' title='bbox 774 4307 881 4360; x_wconf 92' lang='lat' dir='ltr'><strong>tuit</strong></span> <span class='ocrx_word' id='word_1_542' title='bbox 913 4322 926 4358; x_wconf 89' lang='lat'>:</span> <span class='ocrx_word' id='word_1_543' title='bbox 961 4319 1046 4358; x_wconf 91' lang='lat' dir='ltr'><strong>me</strong></span> <span class='ocrx_word' id='word_1_544' title='bbox 1082 4310 1290 4364; x_wconf 87' lang='lat' dir='ltr'><strong>autem,</strong></span> <span class='ocrx_word' id='word_1_545' title='bbox 1333 4299 1651 4366; x_wconf 85' lang='lat' dir='ltr'><strong>liberosque</strong></span> <span class='ocrx_word' id='word_1_546' title='bbox 1694 4311 1846 4351; x_wconf 90' lang='lat' dir='ltr'><strong>meos</strong></span> <span class='ocrx_word' id='word_1_547' title='bbox 1879 4311 2027 4350; x_wconf 90' lang='lat' dir='ltr'><strong>nunc</strong></span> <span class='ocrx_word' id='word_1_548' title='bbox 2053 4296 2253 4362; x_wconf 87' lang='lat' dir='ltr'><strong>aliena,</strong></span> <span class='ocrx_word' id='word_1_549' title='bbox 2284 4304 2340 4350; x_wconf 87' lang='lat' dir='ltr'><strong>et</strong></span> 
     </span>
    </p>
   </div>
   <div class='ocr_carea' id='block_1_76' title="bbox 771 4384 2338 4459">
    <p class='ocr_par' dir='ltr' id='par_1_76' title="bbox 771 4384 2338 4459">
     <span class='ocr_line' id='line_1_76' title="bbox 771 4384 2338 4459; baseline -0.005 -9"><span class='ocrx_word' id='word_1_550' title='bbox 771 4397 944 4451; x_wconf 87' lang='lat' dir='ltr'><strong>multa</strong></span> <span class='ocrx_word' id='word_1_551' title='bbox 995 4392 1376 4450; x_wconf 88' lang='lat' dir='ltr'><strong>sollicitudine</strong></span> <span class='ocrx_word' id='word_1_552' title='bbox 1417 4384 1750 4459; x_wconf 62' lang='lat' dir='ltr'><strong>indigentes;</strong></span> <span class='ocrx_word' id='word_1_553' title='bbox 1791 4389 1865 4443; x_wconf 91' lang='lat' dir='ltr'><strong>ita</strong></span> <span class='ocrx_word' id='word_1_554' title='bbox 1899 4387 2140 4457; x_wconf 88' lang='lat' dir='ltr'><strong>reliquit,</strong></span> <span class='ocrx_word' id='word_1_555' title='bbox 2182 4403 2246 4442; x_wconf 90' lang='lat' dir='ltr'><strong>ac</strong></span> <span class='ocrx_word' id='word_1_556' title='bbox 2292 4387 2338 4442; x_wconf 89' lang='lat' dir='ltr'><strong>si</strong></span> 
     </span>
    </p>
   </div>
   <div class='ocr_carea' id='block_1_77' title="bbox 771 4478 2339 4555">
    <p class='ocr_par' dir='ltr' id='par_1_77' title="bbox 771 4478 2339 4555">
     <span class='ocr_line' id='line_1_77' title="bbox 771 4478 2339 4555; baseline -0.008 -12"><span class='ocrx_word' id='word_1_557' title='bbox 771 4503 914 4543; x_wconf 89' lang='lat' dir='ltr'><strong>onus</strong></span> <span class='ocrx_word' id='word_1_558' title='bbox 945 4487 1139 4540; x_wconf 87' lang='lat' dir='ltr'><strong>Inutile</strong></span> <span class='ocrx_word' id='word_1_559' title='bbox 1175 4485 1429 4552; x_wconf 76' lang='lat' dir='ltr'><strong>reiicerct</strong></span> <span class='ocrx_word' id='word_1_560' title='bbox 1466 4499 1478 4533; x_wconf 93' lang='lat'><strong>:</strong></span> <span class='ocrx_word' id='word_1_561' title='bbox 1519 4481 1674 4550; x_wconf 89' lang='lat' dir='ltr'><strong>quasi</strong></span> <span class='ocrx_word' id='word_1_562' title='bbox 1717 4479 1978 4555; x_wconf 75' lang='lat' dir='ltr'><strong>nesciret,</strong></span> <span class='ocrx_word' id='word_1_563' title='bbox 2008 4478 2206 4547; x_wconf 86' lang='lat' dir='ltr'><strong>ecquid</strong></span> <span class='ocrx_word' id='word_1_564' title='bbox 2240 4495 2339 4532; x_wconf 92' lang='lat' dir='ltr'><strong>un-</strong></span> 
     </span>
    </p>
   </div>
   <div class='ocr_carea' id='block_1_78' title="bbox 2434 3277 3999 3362">
    <p class='ocr_par' dir='ltr' id='par_1_78' title="bbox 2434 3277 3999 3362">
     <span class='ocr_line' id='line_1_78' title="bbox 2434 3277 3999 3362; baseline -0.017 -11"><span class='ocrx_word' id='word_1_565' title='bbox 2434 3296 2662 3362; x_wconf 69' lang='grc' dir='ltr'><strong>Ἄνδρες</strong></span> <span class='ocrx_word' id='word_1_566' title='bbox 2709 3293 3011 3362; x_wconf 86' lang='grc' dir='ltr'><strong>Ῥωμαῖοι,</strong></span> <span class='ocrx_word' id='word_1_567' title='bbox 3058 3282 3272 3356; x_wconf 79' lang='grc' dir='ltr'><strong>¹μᾶλλον</strong></span> <span class='ocrx_word' id='word_1_568' title='bbox 3333 3282 3390 3335; x_wconf 80' lang='grc' dir='ltr'><strong>δὲ</strong></span> <span class='ocrx_word' id='word_1_569' title='bbox 3451 3281 3547 3334; x_wconf 75' lang='grc' dir='ltr'><strong>καὶ</strong></span> <span class='ocrx_word' id='word_1_570' title='bbox 3595 3278 3862 3346; x_wconf 85' lang='grc' dir='ltr'><strong>Ἕλληνες</strong></span> <span class='ocrx_word' id='word_1_571' title='bbox 3910 3277 3999 3325; x_wconf 79' lang='grc' dir='ltr'><strong>καὶ</strong></span> 
     </span>
    </p>
   </div>
   <div class='ocr_carea' id='block_1_79' title="bbox 2433 3367 4002 3461">
    <p class='ocr_par' dir='ltr' id='par_1_79' title="bbox 2433 3367 4002 3461">
     <span class='ocr_line' id='line_1_79' title="bbox 2433 3367 4002 3461; baseline -0.017 -18"><span class='ocrx_word' id='word_1_572' title='bbox 2433 3391 2698 3461; x_wconf 83' lang='grc' dir='ltr'><strong>βάρϐαροι</strong></span> <span class='ocrx_word' id='word_1_573' title='bbox 2745 3384 2984 3444; x_wconf 84' lang='grc' dir='ltr'><strong>πάντες,</strong></span> <span class='ocrx_word' id='word_1_574' title='bbox 3045 3377 3104 3432; x_wconf 81' lang='grc' dir='ltr'><strong>εὖ</strong></span> <span class='ocrx_word' id='word_1_575' title='bbox 3154 3377 3270 3430; x_wconf 84' lang='grc' dir='ltr'><strong>ῖστε</strong></span> <span class='ocrx_word' id='word_1_576' title='bbox 3305 3375 3380 3437; x_wconf 82' lang='grc' dir='ltr'><strong>ὡς</strong></span> <span class='ocrx_word' id='word_1_577' title='bbox 3416 3371 3595 3426; x_wconf 88' lang='grc' dir='ltr'><strong>πάντα</strong></span> <span class='ocrx_word' id='word_1_578' title='bbox 3635 3367 3882 3422; x_wconf 76' lang='grc' dir='ltr'><strong>ἀπόλωλε</strong></span> <span class='ocrx_word' id='word_1_579' title='bbox 3910 3368 4002 3418; x_wconf 69' lang='grc' dir='ltr'><strong>καὶ</strong></span> 
     </span>
    </p>
   </div>
   <div class='ocr_carea' id='block_1_80' title="bbox 2430 3461 4002 3549">
    <p class='ocr_par' dir='ltr' id='par_1_80' title="bbox 2430 3461 4002 3549">
     <span class='ocr_line' id='line_1_80' title="bbox 2430 3461 4002 3549; baseline -0.014 -17"><span class='ocrx_word' id='word_1_580' title='bbox 2430 3479 2772 3549; x_wconf 86' lang='grc' dir='ltr'><strong>διέφθαρται,</strong></span> <span class='ocrx_word' id='word_1_581' title='bbox 2831 3475 2923 3527; x_wconf 73' lang='grc' dir='ltr'><strong>καὶ</strong></span> <span class='ocrx_word' id='word_1_582' title='bbox 2977 3469 3104 3524; x_wconf 73' lang='grc' dir='ltr'><strong>οὔτε</strong></span> <span class='ocrx_word' id='word_1_583' title='bbox 3165 3467 3349 3536; x_wconf 81' lang='grc' dir='ltr'><strong>φιλίας</strong></span> <span class='ocrx_word' id='word_1_584' title='bbox 3379 3464 3539 3534; x_wconf 84' lang='grc' dir='ltr'><strong>χάρις</strong></span> <span class='ocrx_word' id='word_1_585' title='bbox 3569 3461 4002 3549; x_wconf 27' lang='grc' dir='ltr'><strong>οὖδεμὶαᾼκεῖται</strong></span> 
     </span>
    </p>
   </div>
   <div class='ocr_carea' id='block_1_81' title="bbox 2433 3545 3997 3637">
    <p class='ocr_par' dir='ltr' id='par_1_81' title="bbox 2433 3545 3997 3637">
     <span class='ocr_line' id='line_1_81' title="bbox 2433 3545 3997 3637; baseline -0.015 -19"><span class='ocrx_word' id='word_1_586' title='bbox 2433 3545 2564 3637; x_wconf 80' lang='grc' dir='ltr'><strong>παρ’</strong></span> <span class='ocrx_word' id='word_1_587' title='bbox 2602 3545 2933 3632; x_wconf 78' lang='grc' dir='ltr'><strong>ἀνθρώποις,</strong></span> <span class='ocrx_word' id='word_1_588' title='bbox 2984 3557 3096 3611; x_wconf 72' lang='grc' dir='ltr'><strong>οὔτ’</strong></span> <span class='ocrx_word' id='word_1_589' title='bbox 3130 3554 3385 3623; x_wconf 75' lang='grc' dir='ltr'><strong>ἀληθείας</strong></span> <span class='ocrx_word' id='word_1_590' title='bbox 3443 3551 3596 3620; x_wconf 88' lang='grc' dir='ltr'><strong>μέλει</strong></span> <span class='ocrx_word' id='word_1_591' title='bbox 3648 3549 3744 3600; x_wconf 69' lang='grc' dir='ltr'><strong>καὶ</strong></span> <span class='ocrx_word' id='word_1_592' title='bbox 3797 3545 3997 3597; x_wconf 75' lang='grc' dir='ltr'><strong>δικαιοο</strong></span> 
     </span>
    </p>
   </div>
   <div class='ocr_carea' id='block_1_82' title="bbox 2437 3637 4002 3724">
    <p class='ocr_par' dir='ltr' id='par_1_82' title="bbox 2437 3637 4002 3724">
     <span class='ocr_line' id='line_1_82' title="bbox 2437 3637 4002 3724; baseline -0.013 -16"><span class='ocrx_word' id='word_1_593' title='bbox 2437 3655 2605 3724; x_wconf 81' lang='grc' dir='ltr'><strong>σύνης</strong></span> <span class='ocrx_word' id='word_1_594' title='bbox 2653 3651 2850 3704; x_wconf 79' lang='grc' dir='ltr'><strong>οὐδενί·</strong></span> <span class='ocrx_word' id='word_1_595' title='bbox 2911 3646 3193 3717; x_wconf 81' lang='grc' dir='ltr'><strong>λογισμῶν</strong></span> <span class='ocrx_word' id='word_1_596' title='bbox 3243 3661 3301 3697; x_wconf 86' lang='grc' dir='ltr'><strong>τε</strong></span> <span class='ocrx_word' id='word_1_597' title='bbox 3337 3641 3633 3712; x_wconf 76' lang='grc' dir='ltr'><strong>στερῤότης</strong></span> <span class='ocrx_word' id='word_1_598' title='bbox 3681 3639 3889 3706; x_wconf 70' lang='grc' dir='ltr'><strong>οἴχεται</strong></span> <span class='ocrx_word' id='word_1_599' title='bbox 3943 3637 4002 3688; x_wconf 80' lang='grc' dir='ltr'><strong>ἐκ</strong></span> 
     </span>
    </p>
   </div>
   <div class='ocr_carea' id='block_1_83' title="bbox 2434 3728 4003 3812">
    <p class='ocr_par' dir='ltr' id='par_1_83' title="bbox 2434 3728 4003 3812">
     <span class='ocr_line' id='line_1_83' title="bbox 2434 3728 4003 3812; baseline -0.013 -14"><span class='ocrx_word' id='word_1_600' title='bbox 2434 3747 2541 3803; x_wconf 82' lang='grc' dir='ltr'><strong>τῶν</strong></span> <span class='ocrx_word' id='word_1_601' title='bbox 2575 3743 2900 3812; x_wconf 72' lang='grc' dir='ltr'><strong>ἀνθρώπων⁹</strong></span> <span class='ocrx_word' id='word_1_602' title='bbox 2933 3742 3028 3792; x_wconf 83' lang='grc' dir='ltr'><strong>καὶ</strong></span> <span class='ocrx_word' id='word_1_603' title='bbox 3057 3737 3382 3805; x_wconf 83' lang='grc' dir='ltr'><strong>συλλήϐδην,</strong></span> <span class='ocrx_word' id='word_1_604' title='bbox 3415 3734 3593 3786; x_wconf 79' lang='grc' dir='ltr'><strong>πάντα</strong></span> <span class='ocrx_word' id='word_1_605' title='bbox 3626 3730 3827 3798; x_wconf 62' lang='grc' dir='ltr'><strong>ἀγαθὼ</strong></span> <span class='ocrx_word' id='word_1_606' title='bbox 3867 3731 3912 3780; x_wconf 86' lang='grc' dir='ltr'><strong>εξ</strong></span> <span class='ocrx_word' id='word_1_607' title='bbox 3943 3728 4003 3794; x_wconf 78' lang='grc' dir='ltr'><strong>δὴ</strong></span> 
     </span>
    </p>
   </div>
   <div class='ocr_carea' id='block_1_84' title="bbox 2435 3821 4004 3906">
    <p class='ocr_par' dir='ltr' id='par_1_84' title="bbox 2435 3821 4004 3906">
     <span class='ocr_line' id='line_1_84' title="bbox 2435 3821 4004 3906; baseline -0.015 -14"><span class='ocrx_word' id='word_1_608' title='bbox 2435 3842 2462 3892; x_wconf 83' lang='grc' dir='ltr'>ὁ</span> <span class='ocrx_word' id='word_1_609' title='bbox 2511 3837 2685 3906; x_wconf 82' lang='grc' dir='ltr'><strong>μέγας</strong></span> <span class='ocrx_word' id='word_1_610' title='bbox 2739 3834 3063 3901; x_wconf 80' lang='grc' dir='ltr'><strong>δομέστικος</strong></span> <span class='ocrx_word' id='word_1_611' title='bbox 3118 3828 3311 3896; x_wconf 84' lang='grc' dir='ltr'><strong>ὥσπερ</strong></span> <span class='ocrx_word' id='word_1_612' title='bbox 3377 3825 3439 3876; x_wconf 77' lang='grc' dir='ltr'><strong>ἐκ</strong></span> <span class='ocrx_word' id='word_1_613' title='bbox 3485 3839 3633 3884; x_wconf 90' lang='grc' dir='ltr'><strong>τινος</strong></span> <span class='ocrx_word' id='word_1_614' title='bbox 3693 3821 4004 3879; x_wconf 77' lang='grc' dir='ltr'><strong>ἀντιπνοίας</strong></span> 
     </span>
    </p>
   </div>
   <div class='ocr_carea' id='block_1_85' title="bbox 2437 3911 4004 3989">
    <p class='ocr_par' dir='ltr' id='par_1_85' title="bbox 2437 3911 4004 3989">
     <span class='ocr_line' id='line_1_85' title="bbox 2437 3911 4004 3989; baseline -0.014 -7"><span class='ocrx_word' id='word_1_615' title='bbox 2437 3925 2832 3988; x_wconf 80' lang='grc' dir='ltr'><strong>ἐναντιώτατος</strong></span> <span class='ocrx_word' id='word_1_616' title='bbox 2883 3920 3060 3989; x_wconf 85' lang='grc' dir='ltr'><strong>ἐαυτῴ</strong></span> <span class='ocrx_word' id='word_1_617' title='bbox 3097 3919 3312 3988; x_wconf 75' lang='grc' dir='ltr'><strong>φανεὶς,</strong></span> <span class='ocrx_word' id='word_1_618' title='bbox 3369 3917 3463 3970; x_wconf 69' lang='grc' dir='ltr'><strong>καὶ</strong></span> <span class='ocrx_word' id='word_1_619' title='bbox 3511 3915 3612 3984; x_wconf 76' lang='grc' dir='ltr'><strong>τῆς</strong></span> <span class='ocrx_word' id='word_1_620' title='bbox 3666 3912 3766 3982; x_wconf 81' lang='grc' dir='ltr'><strong>μὲν</strong></span> <span class='ocrx_word' id='word_1_621' title='bbox 3828 3911 4004 3979; x_wconf 85' lang='grc' dir='ltr'><strong>φιλίας</strong></span> 
     </span>
    </p>
   </div>
   <div class='ocr_carea' id='block_1_86' title="bbox 2439 4004 4004 4085">
    <p class='ocr_par' dir='ltr' id='par_1_86' title="bbox 2439 4004 4004 4085">
     <span class='ocr_line' id='line_1_86' title="bbox 2439 4004 4004 4085; baseline -0.012 -12"><span class='ocrx_word' id='word_1_622' title='bbox 2439 4018 2872 4085; x_wconf 61' lang='grc' dir='ltr'><strong>ἐπιλελησμένος</strong></span> <span class='ocrx_word' id='word_1_623' title='bbox 2937 4013 3201 4084; x_wconf 87' lang='grc' dir='ltr'><strong>βασιλέως</strong></span> <span class='ocrx_word' id='word_1_624' title='bbox 3235 4050 3252 4074; x_wconf 85' lang='grc'><strong>,</strong></span> <span class='ocrx_word' id='word_1_625' title='bbox 3309 4009 3594 4080; x_wconf 80' lang='grc' dir='ltr'><strong>ἀμελήσας</strong></span> <span class='ocrx_word' id='word_1_626' title='bbox 3650 4007 3706 4059; x_wconf 81' lang='grc' dir='ltr'><strong>δὲ</strong></span> <span class='ocrx_word' id='word_1_627' title='bbox 3766 4008 3862 4057; x_wconf 79' lang='grc' dir='ltr'><strong>καὶ</strong></span> <span class='ocrx_word' id='word_1_628' title='bbox 3911 4004 4004 4071; x_wconf 83' lang='grc' dir='ltr'><strong>τῆς</strong></span> 
     </span>
    </p>
   </div>
   <div class='ocr_carea' id='block_1_87' title="bbox 2439 4096 4005 4180">
    <p class='ocr_par' dir='ltr' id='par_1_87' title="bbox 2439 4096 4005 4180">
     <span class='ocr_line' id='line_1_87' title="bbox 2439 4096 4005 4180; baseline -0.011 -16"><span class='ocrx_word' id='word_1_629' title='bbox 2439 4111 2589 4180; x_wconf 73' lang='grc' dir='ltr'><strong>αὐτῷ</strong></span> <span class='ocrx_word' id='word_1_630' title='bbox 2629 4105 3021 4178; x_wconf 86' lang='grc' dir='ltr'><strong>προσηκούσης</strong></span> <span class='ocrx_word' id='word_1_631' title='bbox 3061 4103 3323 4174; x_wconf 76' lang='grc' dir='ltr'><strong>ἀληθείας</strong></span> <span class='ocrx_word' id='word_1_632' title='bbox 3382 4100 3483 4154; x_wconf 80' lang='grc' dir='ltr'><strong>καὶ</strong></span> <span class='ocrx_word' id='word_1_633' title='bbox 3538 4097 3889 4163; x_wconf 81' lang='grc' dir='ltr'><strong>δικαιοσύνης</strong></span> <span class='ocrx_word' id='word_1_634' title='bbox 3918 4096 4005 4148; x_wconf 62' lang='grc' dir='ltr'><strong>καί⁵</strong></span> 
     </span>
    </p>
   </div>
   <div class='ocr_carea' id='block_1_88' title="bbox 2441 4191 4008 4273">
    <p class='ocr_par' dir='ltr' id='par_1_88' title="bbox 2441 4191 4008 4273">
     <span class='ocr_line' id='line_1_88' title="bbox 2441 4191 4008 4273; baseline -0.011 -17"><span class='ocrx_word' id='word_1_635' title='bbox 2441 4202 2754 4273; x_wconf 82' lang='grc' dir='ltr'><strong>φιλοτιμίας</strong></span> <span class='ocrx_word' id='word_1_636' title='bbox 2778 4199 2888 4252; x_wconf 88' lang='grc' dir='ltr'><strong>τῶν</strong></span> <span class='ocrx_word' id='word_1_637' title='bbox 2918 4196 3121 4261; x_wconf 86' lang='grc' dir='ltr'><strong>καλῶν,</strong></span> <span class='ocrx_word' id='word_1_638' title='bbox 3155 4195 3318 4256; x_wconf 80' lang='grc' dir='ltr'><strong>αὐτὸς</strong></span> <span class='ocrx_word' id='word_1_639' title='bbox 3352 4193 3452 4264; x_wconf 78' lang='grc' dir='ltr'><strong>μὲν</strong></span> <span class='ocrx_word' id='word_1_640' title='bbox 3483 4192 3756 4259; x_wconf 75' lang='grc' dir='ltr'><strong>ἐσκέψατο</strong></span> <span class='ocrx_word' id='word_1_641' title='bbox 3798 4191 4008 4259; x_wconf 84' lang='grc' dir='ltr'><strong>ἀπραγ-</strong></span> 
     </span>
    </p>
   </div>
   <div class='ocr_carea' id='block_1_89' title="bbox 2446 4283 4007 4366">
    <p class='ocr_par' dir='ltr' id='par_1_89' title="bbox 2446 4283 4007 4366">
     <span class='ocr_line' id='line_1_89' title="bbox 2446 4283 4007 4366; baseline -0.01 -17"><span class='ocrx_word' id='word_1_642' title='bbox 2446 4295 2655 4366; x_wconf 80' lang='grc' dir='ltr'><strong>μοσύνῃ</strong></span> <span class='ocrx_word' id='word_1_643' title='bbox 2683 4292 2777 4345; x_wconf 81' lang='grc' dir='ltr'><strong>τὸν</strong></span> <span class='ocrx_word' id='word_1_644' title='bbox 2833 4290 3117 4344; x_wconf 84' lang='grc' dir='ltr'><strong>ἐπίλοιπον</strong></span> <span class='ocrx_word' id='word_1_645' title='bbox 3151 4288 3264 4358; x_wconf 86' lang='grc' dir='ltr'><strong>βίον</strong></span> <span class='ocrx_word' id='word_1_646' title='bbox 3298 4290 3416 4358; x_wconf 77' lang='grc' dir='ltr'><strong>ζῇν·</strong></span> <span class='ocrx_word' id='word_1_647' title='bbox 3461 4285 3562 4355; x_wconf 82' lang='grc' dir='ltr'><strong>ἐμὲ</strong></span> <span class='ocrx_word' id='word_1_648' title='bbox 3591 4285 3648 4336; x_wconf 82' lang='grc' dir='ltr'><strong>δὲ</strong></span> <span class='ocrx_word' id='word_1_649' title='bbox 3676 4285 3772 4337; x_wconf 72' lang='grc' dir='ltr'><strong>καὶ</strong></span> <span class='ocrx_word' id='word_1_650' title='bbox 3814 4283 4007 4344; x_wconf 85' lang='grc' dir='ltr'><strong>παῖδας</strong></span> 
     </span>
    </p>
   </div>
   <div class='ocr_carea' id='block_1_90' title="bbox 2442 4375 3991 4455">
    <p class='ocr_par' dir='ltr' id='par_1_90' title="bbox 2442 4375 3991 4455">
     <span class='ocr_line' id='line_1_90' title="bbox 2442 4375 3991 4455; baseline -0.01 -16"><span class='ocrx_word' id='word_1_651' title='bbox 2442 4388 2571 4449; x_wconf 75' lang='grc' dir='ltr'><strong>τοὺς</strong></span> <span class='ocrx_word' id='word_1_652' title='bbox 2601 4386 2772 4455; x_wconf 77' lang='grc' dir='ltr'><strong>ἐμοὺς</strong></span> <span class='ocrx_word' id='word_1_653' title='bbox 2805 4381 3009 4447; x_wconf 77' lang='grc' dir='ltr'><strong>πολλῆς</strong></span> <span class='ocrx_word' id='word_1_654' title='bbox 3047 4380 3170 4433; x_wconf 72' lang='grc' dir='ltr'><strong>νυνὶ¹</strong></span> <span class='ocrx_word' id='word_1_655' title='bbox 3194 4379 3303 4447; x_wconf 70' lang='grc' dir='ltr'><strong>’τῆς</strong></span> <span class='ocrx_word' id='word_1_656' title='bbox 3333 4375 3670 4447; x_wconf 87' lang='grc' dir='ltr'><strong>κηδεμονίας</strong></span> <span class='ocrx_word' id='word_1_657' title='bbox 3702 4375 3991 4443; x_wconf 83' lang='grc' dir='ltr'><strong>δεομένους</strong></span> 
     </span>
    </p>
   </div>
   <div class='ocr_carea' id='block_1_91' title="bbox 2447 4466 4008 4548">
    <p class='ocr_par' dir='ltr' id='par_1_91' title="bbox 2447 4466 4008 4548">
     <span class='ocr_line' id='line_1_91' title="bbox 2447 4466 4008 4548; baseline -0.012 -16"><span class='ocrx_word' id='word_1_658' title='bbox 2447 4480 2640 4548; x_wconf 84' lang='grc' dir='ltr'><strong>ὥσπερ</strong></span> <span class='ocrx_word' id='word_1_659' title='bbox 2671 4493 2726 4528; x_wconf 91' lang='grc' dir='ltr'><strong>τι</strong></span> <span class='ocrx_word' id='word_1_660' title='bbox 2757 4476 2922 4544; x_wconf 83' lang='grc' dir='ltr'><strong>βάρος</strong></span> <span class='ocrx_word' id='word_1_661' title='bbox 2953 4473 3184 4542; x_wconf 84' lang='grc' dir='ltr'><strong>ἀνόητον</strong></span> <span class='ocrx_word' id='word_1_662' title='bbox 3214 4469 3556 4540; x_wconf 74' lang='grc' dir='ltr'><strong>ἀπετρίψατο</strong></span> <span class='ocrx_word' id='word_1_663' title='bbox 3584 4474 3679 4521; x_wconf 70' lang='grc' dir='ltr'><strong>καὶ</strong></span> <span class='ocrx_word' id='word_1_664' title='bbox 3702 4466 4008 4528; x_wconf 81' lang='grc' dir='ltr'><strong>κατέλιπεν,</strong></span> 
     </span>
    </p>
   </div>
   <div class='ocr_carea' id='block_1_92' title="bbox 771 4555 2316 4652">
    <p class='ocr_par' dir='ltr' id='par_1_92' title="bbox 771 4569 2316 4652">
     <span class='ocr_line' id='line_1_92' title="bbox 771 4569 2316 4652; baseline -0.008 -18"><span class='ocrx_word' id='word_1_665' title='bbox 771 4595 940 4652; x_wconf 89' lang='lat' dir='ltr'><strong>quam</strong></span> <span class='ocrx_word' id='word_1_666' title='bbox 967 4594 1068 4634; x_wconf 91' lang='lat' dir='ltr'><strong>nos</strong></span> <span class='ocrx_word' id='word_1_667' title='bbox 1105 4577 1173 4631; x_wconf 87' lang='lat' dir='ltr'><strong>de</strong></span> <span class='ocrx_word' id='word_1_668' title='bbox 1207 4575 1345 4629; x_wconf 82' lang='lat' dir='ltr'><strong>facie</strong></span> <span class='ocrx_word' id='word_1_669' title='bbox 1377 4581 1581 4636; x_wconf 88' lang='lat' dir='ltr'><strong>nosset,</strong></span> <span class='ocrx_word' id='word_1_670' title='bbox 1616 4579 1708 4624; x_wconf 90' lang='lat' dir='ltr'><strong>aut</strong></span> <span class='ocrx_word' id='word_1_671' title='bbox 1741 4586 1831 4625; x_wconf 79' lang='lat' dir='ltr'><strong>res</strong></span> <span class='ocrx_word' id='word_1_672' title='bbox 1869 4579 2086 4625; x_wconf 87' lang='lat' dir='ltr'><strong>nostras</strong></span> <span class='ocrx_word' id='word_1_673' title='bbox 2113 4569 2316 4625; x_wconf 80' lang='lat' dir='ltr'><strong>auribu</strong></span> 
     </span>
    </p>
   </div>
   <div class='ocr_carea' id='block_1_93' title="bbox 2390 4555 4010 4652">
    <p class='ocr_par' dir='ltr' id='par_1_93' title="bbox 2390 4555 4010 4638">
     <span class='ocr_line' id='line_1_93' title="bbox 2390 4555 4010 4638; baseline -0.009 -15"><span class='ocrx_word' id='word_1_674' title='bbox 2390 4555 2422 4615; x_wconf 65' lang='grc' dir='ltr'><strong>ί)</strong></span> <span class='ocrx_word' id='word_1_675' title='bbox 2447 4569 2638 4638; x_wconf 81' lang='grc' dir='ltr'><strong>ὥσπερ</strong></span> <span class='ocrx_word' id='word_1_676' title='bbox 2663 4568 2936 4635; x_wconf 79' lang='grc' dir='ltr'><strong>ἀγνοήσας</strong></span> <span class='ocrx_word' id='word_1_677' title='bbox 2968 4563 3016 4614; x_wconf 82' lang='grc' dir='ltr'><strong>εί</strong></span> <span class='ocrx_word' id='word_1_678' title='bbox 3045 4562 3246 4631; x_wconf 87' lang='grc' dir='ltr'><strong>δήποτε</strong></span> <span class='ocrx_word' id='word_1_679' title='bbox 3272 4560 3368 4613; x_wconf 70' lang='grc' dir='ltr'><strong>καὶ</strong></span> <span class='ocrx_word' id='word_1_680' title='bbox 3413 4560 3628 4629; x_wconf 78' lang='grc' dir='ltr'><strong>μορφὴν</strong></span> <span class='ocrx_word' id='word_1_681' title='bbox 3659 4558 3816 4627; x_wconf 78' lang='grc' dir='ltr'><strong>ἡμῶν</strong></span> <span class='ocrx_word' id='word_1_682' title='bbox 3857 4556 4010 4622; x_wconf 76' lang='grc' dir='ltr'><strong>ἔγνω,</strong></span> 
     </span>
    </p>
   </div>
   <div class='ocr_carea' id='block_1_94' title="bbox 773 4663 2335 4741">
    <p class='ocr_par' dir='ltr' id='par_1_94' title="bbox 773 4663 2335 4741">
     <span class='ocr_line' id='line_1_94' title="bbox 773 4663 2335 4741; baseline -0.008 -13"><span class='ocrx_word' id='word_1_683' title='bbox 773 4671 1094 4741; x_wconf 87' lang='lat' dir='ltr'><strong>accepisset.</strong></span> <span class='ocrx_word' id='word_1_684' title='bbox 1148 4668 1202 4723; x_wconf 90' lang='lat' dir='ltr'><strong>Si</strong></span> <span class='ocrx_word' id='word_1_685' title='bbox 1259 4667 1499 4721; x_wconf 85' lang='lat' dir='ltr'><strong>animum</strong></span> <span class='ocrx_word' id='word_1_686' title='bbox 1546 4673 1696 4717; x_wconf 90' lang='lat' dir='ltr'><strong>tuum</strong></span> <span class='ocrx_word' id='word_1_687' title='bbox 1747 4679 1777 4717; x_wconf 87' lang='lat' dir='ltr'><strong>a</strong></span> <span class='ocrx_word' id='word_1_688' title='bbox 1827 4663 2053 4717; x_wconf 92' lang='lat' dir='ltr'><strong>colenda</strong></span> <span class='ocrx_word' id='word_1_689' title='bbox 2096 4663 2335 4717; x_wconf 87' lang='lat' dir='ltr'><strong>amicitia</strong></span> 
     </span>
    </p>
   </div>
   <div class='ocr_carea' id='block_1_95' title="bbox 774 4752 2342 4826">
    <p class='ocr_par' dir='ltr' id='par_1_95' title="bbox 774 4752 2342 4826">
     <span class='ocr_line' id='line_1_95' title="bbox 774 4752 2342 4826; baseline -0.009 -6"><span class='ocrx_word' id='word_1_690' title='bbox 774 4765 1040 4826; x_wconf 88' lang='lat' dir='ltr'><strong>alienum,</strong></span> <span class='ocrx_word' id='word_1_691' title='bbox 1079 4771 1135 4814; x_wconf 89' lang='lat' dir='ltr'><strong>et</strong></span> <span class='ocrx_word' id='word_1_692' title='bbox 1185 4757 1632 4818; x_wconf 85' lang='lat' dir='ltr'><strong>inconstantiam,</strong></span> <span class='ocrx_word' id='word_1_693' title='bbox 1677 4752 2149 4822; x_wconf 86' lang='lat' dir='ltr'><strong>mubilitatemque</strong></span> <span class='ocrx_word' id='word_1_694' title='bbox 2197 4761 2342 4806; x_wconf 87' lang='lat' dir='ltr'><strong>tuam</strong></span> 
     </span>
    </p>
   </div>
   <div class='ocr_carea' id='block_1_96' title="bbox 777 4843 2343 4923">
    <p class='ocr_par' dir='ltr' id='par_1_96' title="bbox 777 4843 2343 4923">
     <span class='ocr_line' id='line_1_96' title="bbox 777 4843 2343 4923; baseline -0.01 -12"><span class='ocrx_word' id='word_1_695' title='bbox 777 4858 1038 4912; x_wconf 89' lang='lat' dir='ltr'><strong>omnibus</strong></span> <span class='ocrx_word' id='word_1_696' title='bbox 1069 4853 1244 4923; x_wconf 88' lang='lat' dir='ltr'><strong>palam</strong></span> <span class='ocrx_word' id='word_1_697' title='bbox 1277 4848 1592 4919; x_wconf 82' lang='lat' dir='ltr'><strong>prodidero.</strong></span> <span class='ocrx_word' id='word_1_698' title='bbox 1623 4855 1680 4900; x_wconf 92' lang='lat' dir='ltr'><strong>et</strong></span> <span class='ocrx_word' id='word_1_699' title='bbox 1714 4846 1787 4899; x_wconf 88' lang='lat' dir='ltr'><strong>ita</strong></span> <span class='ocrx_word' id='word_1_700' title='bbox 1821 4859 1910 4898; x_wconf 90' lang='lat' dir='ltr'><strong>res</strong></span> <span class='ocrx_word' id='word_1_701' title='bbox 1932 4843 2141 4907; x_wconf 90' lang='lat' dir='ltr'><strong>tulerit,</strong></span> <span class='ocrx_word' id='word_1_702' title='bbox 2179 4845 2343 4898; x_wconf 89' lang='lat' dir='ltr'><strong>etiam</strong></span> 
     </span>
    </p>
   </div>
   <div class='ocr_carea' id='block_1_97' title="bbox 775 4932 2349 5010">
    <p class='ocr_par' dir='ltr' id='par_1_97' title="bbox 775 4932 2349 5010">
     <span class='ocr_line' id='line_1_97' title="bbox 775 4932 2349 5010; baseline -0.011 -8"><span class='ocrx_word' id='word_1_703' title='bbox 775 4950 898 5002; x_wconf 75' lang='lat' dir='ltr'><strong>lzeta</strong></span> <span class='ocrx_word' id='word_1_704' title='bbox 930 4943 1154 5007; x_wconf 83' lang='lat' dir='ltr'><strong>moriar,</strong></span> <span class='ocrx_word' id='word_1_705' title='bbox 1182 4935 1627 5010; x_wconf 86' lang='lat' dir='ltr'><strong>quandoquidem</strong></span> <span class='ocrx_word' id='word_1_706' title='bbox 1659 4949 1744 4988; x_wconf 92' lang='lat' dir='ltr'><strong>me</strong></span> <span class='ocrx_word' id='word_1_707' title='bbox 1767 4949 1926 5003; x_wconf 62' lang='lat' dir='ltr'><strong>pinna</strong></span> <span class='ocrx_word' id='word_1_708' title='bbox 1953 4932 2020 4987; x_wconf 90' lang='lat' dir='ltr'><strong>de</strong></span> <span class='ocrx_word' id='word_1_709' title='bbox 2053 4943 2103 4986; x_wconf 88' lang='lat' dir='ltr'><strong>te</strong></span> <span class='ocrx_word' id='word_1_710' title='bbox 2129 4947 2349 4986; x_wconf 82' lang='lat' dir='ltr'><strong>sumen-</strong></span> 
     </span>
    </p>
   </div>
   <div class='ocr_carea' id='block_1_98' title="bbox 778 5028 2351 5105">
    <p class='ocr_par' dir='ltr' id='par_1_98' title="bbox 778 5028 2351 5105">
     <span class='ocr_line' id='line_1_98' title="bbox 778 5028 2351 5105; baseline -0.011 -12"><span class='ocrx_word' id='word_1_711' title='bbox 778 5041 847 5093; x_wconf 89' lang='lat' dir='ltr'><strong>da</strong></span> <span class='ocrx_word' id='word_1_712' title='bbox 879 5037 1196 5105; x_wconf 80' lang='lat' dir='ltr'><strong>explevero.</strong></span> <span class='ocrx_word' id='word_1_713' title='bbox 1232 5031 1328 5085; x_wconf 87' lang='lat' dir='ltr'><strong>His</strong></span> <span class='ocrx_word' id='word_1_714' title='bbox 1355 5030 1423 5085; x_wconf 91' lang='lat' dir='ltr'><strong>de</strong></span> <span class='ocrx_word' id='word_1_715' title='bbox 1454 5028 1638 5084; x_wconf 86' lang='lat' dir='ltr'><strong>causis</strong></span> <span class='ocrx_word' id='word_1_716' title='bbox 1661 5042 1880 5080; x_wconf 87' lang='lat' dir='ltr'><strong>rursum</strong></span> <span class='ocrx_word' id='word_1_717' title='bbox 1911 5035 1962 5078; x_wconf 91' lang='lat' dir='ltr'><strong>te</strong></span> <span class='ocrx_word' id='word_1_718' title='bbox 1991 5040 2109 5087; x_wconf 92' lang='lat' dir='ltr'><strong>oro,</strong></span> <span class='ocrx_word' id='word_1_719' title='bbox 2137 5039 2206 5078; x_wconf 91' lang='lat' dir='ltr'><strong>ne</strong></span> <span class='ocrx_word' id='word_1_720' title='bbox 2236 5033 2351 5078; x_wconf 88' lang='lat' dir='ltr'><strong>tur-</strong></span> 
     </span>
    </p>
   </div>
   <div class='ocr_carea' id='block_1_99' title="bbox 780 5115 2346 5190">
    <p class='ocr_par' dir='ltr' id='par_1_99' title="bbox 780 5115 2346 5190">
     <span class='ocr_line' id='line_1_99' title="bbox 780 5115 2346 5190; baseline -0.011 -5"><span class='ocrx_word' id='word_1_721' title='bbox 780 5133 882 5186; x_wconf 89' lang='lat' dir='ltr'><strong>bas</strong></span> <span class='ocrx_word' id='word_1_722' title='bbox 938 5140 1182 5190; x_wconf 83' lang='lat' dir='ltr'><strong>moveas,</strong></span> <span class='ocrx_word' id='word_1_723' title='bbox 1241 5123 1334 5178; x_wconf 86' lang='lat' dir='ltr'><strong>sed</strong></span> <span class='ocrx_word' id='word_1_724' title='bbox 1401 5119 1588 5175; x_wconf 84' lang='lat' dir='ltr'><strong>verbis</strong></span> <span class='ocrx_word' id='word_1_725' title='bbox 1652 5115 1962 5172; x_wconf 91' lang='lat' dir='ltr'><strong>istiusmodi</strong></span> <span class='ocrx_word' id='word_1_726' title='bbox 2015 5125 2346 5184; x_wconf 87' lang='lat' dir='ltr'><strong>temperans,</strong></span> 
     </span>
    </p>
   </div>
   <div class='ocr_carea' id='block_1_100' title="bbox 777 5206 2348 5292">
    <p class='ocr_par' dir='ltr' id='par_1_100' title="bbox 777 5206 2348 5292">
     <span class='ocr_line' id='line_1_100' title="bbox 777 5206 2348 5292; baseline -0.01 -17"><span class='ocrx_word' id='word_1_727' title='bbox 777 5216 1242 5292; x_wconf 85' lang='lat' dir='ltr'><strong>quemadmodum</strong></span> <span class='ocrx_word' id='word_1_728' title='bbox 1275 5215 1343 5268; x_wconf 86' lang='lat' dir='ltr'><strong>ab</strong></span> <span class='ocrx_word' id='word_1_729' title='bbox 1373 5213 1532 5266; x_wconf 91' lang='lat' dir='ltr'><strong>initio</strong></span> <span class='ocrx_word' id='word_1_730' title='bbox 1560 5210 1795 5273; x_wconf 87' lang='lat' dir='ltr'><strong>solebas,</strong></span> <span class='ocrx_word' id='word_1_731' title='bbox 1825 5206 2004 5262; x_wconf 83' lang='lat' dir='ltr'><strong>oiiicio</strong></span> <span class='ocrx_word' id='word_1_732' title='bbox 2034 5207 2262 5271; x_wconf 88' lang='lat' dir='ltr'><strong>servias,</strong></span> <span class='ocrx_word' id='word_1_733' title='bbox 2291 5214 2348 5261; x_wconf 91' lang='lat' dir='ltr'><strong>ct</strong></span> 
     </span>
    </p>
   </div>
   <div class='ocr_carea' id='block_1_101' title="bbox 777 5306 1573 5383">
    <p class='ocr_par' dir='ltr' id='par_1_101' title="bbox 777 5306 1573 5383">
     <span class='ocr_line' id='line_1_101' title="bbox 777 5306 1573 5383; baseline -0.016 -13"><span class='ocrx_word' id='word_1_734' title='bbox 777 5311 1175 5383; x_wconf 87' lang='lat' dir='ltr'><strong>rempublicam</strong></span> <span class='ocrx_word' id='word_1_735' title='bbox 1203 5306 1573 5363; x_wconf 88' lang='lat' dir='ltr'><strong>administres.</strong></span> 
     </span>
    </p>
   </div>
   <div class='ocr_carea' id='block_1_102' title="bbox 2451 4649 4015 4734">
    <p class='ocr_par' dir='ltr' id='par_1_102' title="bbox 2451 4649 4015 4734">
     <span class='ocr_line' id='line_1_102' title="bbox 2451 4649 4015 4734; baseline -0.01 -20"><span class='ocrx_word' id='word_1_736' title='bbox 2451 4664 2484 4734; x_wconf 75' lang='grc' dir='ltr'>ἢ</span> <span class='ocrx_word' id='word_1_737' title='bbox 2509 4651 2645 4729; x_wconf 85' lang='grc' dir='ltr'><strong>ἀκοῇ</strong></span> <span class='ocrx_word' id='word_1_738' title='bbox 2679 4656 3013 4725; x_wconf 81' lang='grc' dir='ltr'><strong>παρειλήφει</strong></span> <span class='ocrx_word' id='word_1_739' title='bbox 3040 4656 3107 4708; x_wconf 86' lang='grc' dir='ltr'><strong>τά</strong></span> <span class='ocrx_word' id='word_1_740' title='bbox 3136 4653 3254 4706; x_wconf 85' lang='grc' dir='ltr'><strong>καθ’</strong></span> <span class='ocrx_word' id='word_1_741' title='bbox 3283 4654 3453 4722; x_wconf 81' lang='grc' dir='ltr'><strong>ἡμᾶς.</strong></span> <span class='ocrx_word' id='word_1_742' title='bbox 3486 4651 3644 4704; x_wconf 75' lang='grc' dir='ltr'><strong>Οὕτω</strong></span> <span class='ocrx_word' id='word_1_743' title='bbox 3668 4651 3722 4704; x_wconf 80' lang='grc' dir='ltr'><strong>δὲ</strong></span> <span class='ocrx_word' id='word_1_744' title='bbox 3746 4651 3806 4704; x_wconf 84' lang='grc' dir='ltr'><strong>τὸ</strong></span> <span class='ocrx_word' id='word_1_745' title='bbox 3831 4649 4015 4717; x_wconf 66' lang='grc' dir='ltr'><strong>ἄφιλον</strong></span> 
     </span>
    </p>
   </div>
   <div class='ocr_carea' id='block_1_103' title="bbox 2450 4741 4012 4823">
    <p class='ocr_par' dir='ltr' id='par_1_103' title="bbox 2450 4741 4012 4823">
     <span class='ocr_line' id='line_1_103' title="bbox 2450 4741 4012 4823; baseline -0.009 -17"><span class='ocrx_word' id='word_1_746' title='bbox 2450 4755 2548 4823; x_wconf 81' lang='grc' dir='ltr'><strong>τῆς</strong></span> <span class='ocrx_word' id='word_1_747' title='bbox 2597 4751 2698 4818; x_wconf 83' lang='grc' dir='ltr'><strong>σῆς</strong></span> <span class='ocrx_word' id='word_1_748' title='bbox 2732 4747 2958 4817; x_wconf 82' lang='grc' dir='ltr'><strong>γνώμης</strong></span> <span class='ocrx_word' id='word_1_749' title='bbox 3004 4748 3102 4799; x_wconf 78' lang='grc' dir='ltr'><strong>καὶ</strong></span> <span class='ocrx_word' id='word_1_750' title='bbox 3137 4746 3369 4799; x_wconf 82' lang='grc' dir='ltr'><strong>ἄστατον</strong></span> <span class='ocrx_word' id='word_1_751' title='bbox 3397 4743 3494 4796; x_wconf 80' lang='grc' dir='ltr'><strong>καὶ</strong></span> <span class='ocrx_word' id='word_1_752' title='bbox 3536 4743 3795 4797; x_wconf 73' lang='grc' dir='ltr'><strong>ἀϐέϐαιον</strong></span> <span class='ocrx_word' id='word_1_753' title='bbox 3831 4741 4012 4810; x_wconf 75' lang='grc' dir='ltr'><strong>στηλι-</strong></span> 
     </span>
    </p>
   </div>
   <div class='ocr_carea' id='block_1_104' title="bbox 2452 4835 4013 4907">
    <p class='ocr_par' dir='ltr' id='par_1_104' title="bbox 2452 4835 4013 4907">
     <span class='ocr_line' id='line_1_104' title="bbox 2452 4835 4013 4907; baseline -0.015 -9"><span class='ocrx_word' id='word_1_754' title='bbox 2452 4843 2737 4904; x_wconf 84' lang='grc' dir='ltr'><strong>τεύσασα,</strong></span> <span class='ocrx_word' id='word_1_755' title='bbox 2793 4839 2845 4891; x_wconf 84' lang='grc' dir='ltr'><strong>εῖ</strong></span> <span class='ocrx_word' id='word_1_756' title='bbox 2899 4855 2963 4905; x_wconf 91' lang='grc' dir='ltr'><strong>γε</strong></span> <span class='ocrx_word' id='word_1_757' title='bbox 3011 4837 3253 4907; x_wconf 85' lang='grc' dir='ltr'><strong>συμϐαίη</strong></span> <span class='ocrx_word' id='word_1_758' title='bbox 3297 4838 3391 4888; x_wconf 75' lang='grc' dir='ltr'><strong>καὶ</strong></span> <span class='ocrx_word' id='word_1_759' title='bbox 3439 4835 3776 4904; x_wconf 79' lang='grc' dir='ltr'><strong>τεθνήξομαι</strong></span> <span class='ocrx_word' id='word_1_760' title='bbox 3827 4835 4013 4903; x_wconf 64' lang='grc' dir='ltr'><strong>ἡδέως,</strong></span> 
     </span>
    </p>
   </div>
   <div class='ocr_carea' id='block_1_105' title="bbox 2457 4923 4015 5004">
    <p class='ocr_par' dir='ltr' id='par_1_105' title="bbox 2457 4923 4015 5004">
     <span class='ocr_line' id='line_1_105' title="bbox 2457 4923 4015 5004; baseline -0.01 -15"><span class='ocrx_word' id='word_1_761' title='bbox 2457 4935 2614 5004; x_wconf 86' lang='grc' dir='ltr'><strong>παρά</strong></span> <span class='ocrx_word' id='word_1_762' title='bbox 2648 4930 2744 4984; x_wconf 83' lang='grc' dir='ltr'><strong>σοῦ</strong></span> <span class='ocrx_word' id='word_1_763' title='bbox 2786 4931 2944 4992; x_wconf 88' lang='grc' dir='ltr'><strong>δίκας</strong></span> <span class='ocrx_word' id='word_1_764' title='bbox 2989 4930 3265 4999; x_wconf 72' lang='grc' dir='ltr'><strong>ἀρκούσας</strong></span> <span class='ocrx_word' id='word_1_765' title='bbox 3299 4927 3424 4995; x_wconf 77' lang='grc' dir='ltr'><strong>ἐμοὶ</strong></span> <span class='ocrx_word' id='word_1_766' title='bbox 3453 4925 3712 4980; x_wconf 81' lang='grc' dir='ltr'><strong>λαϐοῦσα.</strong></span> <span class='ocrx_word' id='word_1_767' title='bbox 3753 4925 3876 4977; x_wconf 76' lang='grc' dir='ltr'><strong>Ἐπὶ</strong></span> <span class='ocrx_word' id='word_1_768' title='bbox 3903 4923 4015 4975; x_wconf 81' lang='grc' dir='ltr'><strong>τού-</strong></span> 
     </span>
    </p>
   </div>
   <div class='ocr_carea' id='block_1_106' title="bbox 2458 5016 4010 5088">
    <p class='ocr_par' dir='ltr' id='par_1_106' title="bbox 2458 5016 4010 5088">
     <span class='ocr_line' id='line_1_106' title="bbox 2458 5016 4010 5088; baseline -0.01 -8"><span class='ocrx_word' id='word_1_769' title='bbox 2458 5043 2574 5088; x_wconf 85' lang='grc' dir='ltr'><strong>τοις</strong></span> <span class='ocrx_word' id='word_1_770' title='bbox 2617 5025 2674 5078; x_wconf 84' lang='grc' dir='ltr'><strong>δὲ</strong></span> <span class='ocrx_word' id='word_1_771' title='bbox 2705 5024 2872 5075; x_wconf 79' lang='grc' dir='ltr'><strong>πᾶσιν</strong></span> <span class='ocrx_word' id='word_1_772' title='bbox 2897 5016 3058 5082; x_wconf 81' lang='grc' dir='ltr'><strong>αὖθις</strong></span> <span class='ocrx_word' id='word_1_773' title='bbox 3087 5018 3181 5072; x_wconf 82' lang='grc' dir='ltr'><strong>σοῦ</strong></span> <span class='ocrx_word' id='word_1_774' title='bbox 3215 5019 3409 5087; x_wconf 88' lang='grc' dir='ltr'><strong>δέομαι</strong></span> <span class='ocrx_word' id='word_1_775' title='bbox 3454 5017 3620 5087; x_wconf 77' lang='grc' dir='ltr'><strong>μηδὲν</strong></span> <span class='ocrx_word' id='word_1_776' title='bbox 3647 5017 4010 5085; x_wconf 80' lang='grc' dir='ltr'><strong>παρενοχλεῖν,</strong></span> 
     </span>
    </p>
   </div>
   <div class='ocr_carea' id='block_1_107' title="bbox 2458 5104 4012 5177">
    <p class='ocr_par' dir='ltr' id='par_1_107' title="bbox 2458 5104 4012 5177">
     <span class='ocr_line' id='line_1_107' title="bbox 2458 5104 4012 5177; baseline -0.013 -5"><span class='ocrx_word' id='word_1_777' title='bbox 2458 5116 2598 5172; x_wconf 77' lang='grc' dir='ltr'><strong>ἀλλὰ</strong></span> <span class='ocrx_word' id='word_1_778' title='bbox 2648 5113 2758 5166; x_wconf 87' lang='grc' dir='ltr'><strong>τῶν</strong></span> <span class='ocrx_word' id='word_1_779' title='bbox 2796 5128 2855 5163; x_wconf 88' lang='grc' dir='ltr'><strong>τε</strong></span> <span class='ocrx_word' id='word_1_780' title='bbox 2909 5111 3086 5176; x_wconf 76' lang='grc' dir='ltr'><strong>λόγων</strong></span> <span class='ocrx_word' id='word_1_781' title='bbox 3136 5107 3475 5177; x_wconf 85' lang='grc' dir='ltr'><strong>ἀποσχέσθαι</strong></span> <span class='ocrx_word' id='word_1_782' title='bbox 3524 5107 3789 5168; x_wconf 79' lang='grc' dir='ltr'><strong>τουτωνὶ,</strong></span> <span class='ocrx_word' id='word_1_783' title='bbox 3821 5107 3913 5157; x_wconf 76' lang='grc' dir='ltr'><strong>καὶ</strong></span> <span class='ocrx_word' id='word_1_784' title='bbox 3956 5104 4012 5153; x_wconf 65' lang='grc' dir='ltr'><strong>τὰ</strong></span> 
     </span>
    </p>
   </div>
   <div class='ocr_carea' id='block_1_108' title="bbox 2456 5199 4010 5272">
    <p class='ocr_par' dir='ltr' id='par_1_108' title="bbox 2456 5199 4010 5272">
     <span class='ocr_line' id='line_1_108' title="bbox 2456 5199 4010 5272; baseline -0.01 -11"><span class='ocrx_word' id='word_1_785' title='bbox 2456 5209 2646 5261; x_wconf 87' lang='grc' dir='ltr'><strong>δέοντα</strong></span> <span class='ocrx_word' id='word_1_786' title='bbox 2691 5206 2865 5257; x_wconf 89' lang='grc' dir='ltr'><strong>ποιεῖν</strong></span> <span class='ocrx_word' id='word_1_787' title='bbox 2917 5202 3107 5272; x_wconf 80' lang='grc' dir='ltr'><strong>ὥσπερ</strong></span> <span class='ocrx_word' id='word_1_788' title='bbox 3147 5199 3207 5264; x_wconf 81' lang='grc' dir='ltr'><strong>ἐξ</strong></span> <span class='ocrx_word' id='word_1_789' title='bbox 3239 5200 3415 5270; x_wconf 80' lang='grc' dir='ltr'><strong>ἀρχῆς</strong></span> <span class='ocrx_word' id='word_1_790' title='bbox 3458 5201 3718 5270; x_wconf 76' lang='grc' dir='ltr'><strong>ἐχόμενον</strong></span> <span class='ocrx_word' id='word_1_791' title='bbox 3747 5199 3855 5270; x_wconf 80' lang='grc' dir='ltr'><strong>τῶν</strong></span> <span class='ocrx_word' id='word_1_792' title='bbox 3886 5213 4010 5262; x_wconf 82' lang='grc' dir='ltr'><strong>πρα-</strong></span> 
     </span>
    </p>
   </div>
   <div class='ocr_carea' id='block_1_109' title="bbox 2459 5316 2710 5370">
    <p class='ocr_par' dir='ltr' id='par_1_109' title="bbox 2459 5316 2710 5370">
     <span class='ocr_line' id='line_1_109' title="bbox 2459 5316 2710 5370; baseline -0.016 -17"><span class='ocrx_word' id='word_1_793' title='bbox 2459 5316 2710 5370; x_wconf 83' lang='grc' dir='ltr'><strong>γματων.</strong></span> 
     </span>
    </p>
   </div>
   <div class='ocr_carea' id='block_1_110' title="bbox 2051 5485 2780 5548">
    <p class='ocr_par' dir='ltr' id='par_1_110' title="bbox 2051 5485 2780 5548">
     <span class='ocr_line' id='line_1_110' title="bbox 2051 5485 2780 5548; baseline -0.005 -3"><span class='ocrx_word' id='word_1_794' title='bbox 2051 5485 2265 5548; x_wconf 80' lang='lat' dir='ltr'><strong>Jacobi</strong></span> <span class='ocrx_word' id='word_1_795' title='bbox 2299 5485 2567 5547; x_wconf 86' lang='lat' dir='ltr'><strong>Pontani</strong></span> <span class='ocrx_word' id='word_1_796' title='bbox 2595 5489 2780 5544; x_wconf 62' lang='lat' dir='ltr'><strong>notae.</strong></span> 
     </span>
    </p>
   </div>
   <div class='ocr_carea' id='block_1_111' title="bbox 856 5667 1307 5737">
    <p class='ocr_par' dir='ltr' id='par_1_111' title="bbox 856 5667 1307 5737">
     <span class='ocr_line' id='line_1_111' title="bbox 856 5667 1307 5737; baseline -0.02 -10"><span class='ocrx_word' id='word_1_797' title='bbox 856 5671 966 5737; x_wconf 65' lang='lat'><strong>(94)</strong></span> <span class='ocrx_word' id='word_1_798' title='bbox 1007 5667 1250 5724; x_wconf 87' lang='lat' dir='ltr'><strong>Catullus</strong></span> <span class='ocrx_word' id='word_1_799' title='bbox 1295 5684 1307 5718; x_wconf 91' lang='lat'><strong>:</strong></span> 
     </span>
    </p>
   </div>
   <div class='ocr_carea' id='block_1_112' title="bbox 858 5746 2210 5828">
    <p class='ocr_par' dir='ltr' id='par_1_112' title="bbox 858 5746 2210 5828">
     <span class='ocr_line' id='line_1_112' title="bbox 858 5746 2210 5828; baseline -0.01 -15"><span class='ocrx_word' id='word_1_800' title='bbox 858 5765 1054 5816; x_wconf 84' lang='lat' dir='ltr'><strong>(lmnia</strong></span> <span class='ocrx_word' id='word_1_801' title='bbox 1087 5768 1207 5813; x_wconf 83' lang='lat' dir='ltr'><strong>sunt</strong></span> <span class='ocrx_word' id='word_1_802' title='bbox 1238 5759 1471 5828; x_wconf 79' lang='lat' dir='ltr'><strong>ingrata,</strong></span> <span class='ocrx_word' id='word_1_803' title='bbox 1505 5750 1638 5805; x_wconf 79' lang='lat' dir='ltr'><strong>nihil</strong></span> <span class='ocrx_word' id='word_1_804' title='bbox 1663 5751 1840 5819; x_wconf 69' lang='lat' dir='ltr'><strong>fecisse</strong></span> <span class='ocrx_word' id='word_1_805' title='bbox 1867 5746 2084 5818; x_wconf 82' lang='lat' dir='ltr'><strong>benigne</strong></span> <span class='ocrx_word' id='word_1_806' title='bbox 2115 5755 2210 5800; x_wconf 79' lang='lat' dir='ltr'><strong>est.</strong></span> 
     </span>
    </p>
   </div>
   <div class='ocr_carea' id='block_1_113' title="bbox 2463 5641 4011 5719">
    <p class='ocr_par' dir='ltr' id='par_1_113' title="bbox 2463 5641 4011 5719">
     <span class='ocr_line' id='line_1_113' title="bbox 2463 5641 4011 5719; baseline -0.009 -16"><span class='ocrx_word' id='word_1_807' title='bbox 2463 5646 2928 5719; x_wconf 69' lang='lat' dir='ltr'><strong>argumentatiqa</strong></span> <span class='ocrx_word' id='word_1_808' title='bbox 2979 5645 3298 5719; x_wconf 88' lang='lat' dir='ltr'><strong>minoribus.</strong></span> <span class='ocrx_word' id='word_1_809' title='bbox 3334 5645 3390 5719; x_wconf 75' lang='lat' dir='ltr'><strong>Si</strong></span> <span class='ocrx_word' id='word_1_810' title='bbox 3434 5657 3662 5719; x_wconf 78' lang='lat' dir='ltr'><strong>magnus</strong></span> <span class='ocrx_word' id='word_1_811' title='bbox 3701 5641 4011 5719; x_wconf 66' lang='lat' dir='ltr'><strong>domesticus</strong></span> 
     </span>
    </p>
   </div>
   <div class='ocr_carea' id='block_1_114' title="bbox 2464 5713 4011 5784">
    <p class='ocr_par' dir='ltr' id='par_1_114' title="bbox 2464 5713 4011 5784">
     <span class='ocr_line' id='line_1_114' title="bbox 2464 5713 4011 5784; baseline -0.008 -11"><span class='ocrx_word' id='word_1_812' title='bbox 2464 5713 2567 5773; x_wconf 72' lang='lat' dir='ltr'><strong>hoc</strong></span> <span class='ocrx_word' id='word_1_813' title='bbox 2593 5719 2740 5778; x_wconf 78' lang='lat' dir='ltr'><strong>facit,</strong></span> <span class='ocrx_word' id='word_1_814' title='bbox 2775 5717 2946 5770; x_wconf 90' lang='lat' dir='ltr'><strong>multo</strong></span> <span class='ocrx_word' id='word_1_815' title='bbox 2977 5718 3146 5784; x_wconf 75' lang='lat' dir='ltr'><strong>magis</strong></span> <span class='ocrx_word' id='word_1_816' title='bbox 3177 5716 3358 5770; x_wconf 66' lang='lat' dir='ltr'><strong>caeteri</strong></span> <span class='ocrx_word' id='word_1_817' title='bbox 3383 5724 3437 5767; x_wconf 88' lang='lat' dir='ltr'><strong>et</strong></span> <span class='ocrx_word' id='word_1_818' title='bbox 3467 5715 3689 5774; x_wconf 81' lang='lat' dir='ltr'><strong>l‘aciunt,</strong></span> <span class='ocrx_word' id='word_1_819' title='bbox 3719 5722 3773 5767; x_wconf 90' lang='lat' dir='ltr'><strong>et</strong></span> <span class='ocrx_word' id='word_1_820' title='bbox 3812 5713 4011 5765; x_wconf 71' lang='lat' dir='ltr'><strong>facient.</strong></span> 
     </span>
    </p>
   </div>
   <div class='ocr_carea' id='block_1_115' title="bbox 2462 5784 4014 5851">
    <p class='ocr_par' dir='ltr' id='par_1_115' title="bbox 2462 5784 4014 5851">
     <span class='ocr_line' id='line_1_115' title="bbox 2462 5784 4014 5851; baseline -0.008 -8"><span class='ocrx_word' id='word_1_821' title='bbox 2462 5790 2638 5843; x_wconf 88' lang='lat' dir='ltr'><strong>Minus</strong></span> <span class='ocrx_word' id='word_1_822' title='bbox 2676 5787 2821 5842; x_wconf 86' lang='lat' dir='ltr'><strong>enim</strong></span> <span class='ocrx_word' id='word_1_823' title='bbox 2849 5787 3164 5842; x_wconf 78' lang='lat' dir='ltr'><strong>‘verisiiuile</strong></span> <span class='ocrx_word' id='word_1_824' title='bbox 3201 5795 3340 5851; x_wconf 86' lang='lat' dir='ltr'><strong>erat,</strong></span> <span class='ocrx_word' id='word_1_825' title='bbox 3401 5784 3761 5840; x_wconf 80' lang='lat' dir='ltr'><strong>domesticum</strong></span> <span class='ocrx_word' id='word_1_826' title='bbox 3806 5784 3898 5839; x_wconf 85' lang='lat' dir='ltr'><strong>hoc</strong></span> <span class='ocrx_word' id='word_1_827' title='bbox 3945 5785 4014 5832; x_wconf 85' lang='lat' dir='ltr'><strong>la-</strong></span> 
     </span>
    </p>
   </div>
   <div class='ocr_carea' id='block_1_116' title="bbox 786 5860 2694 5951">
    <p class='ocr_par' dir='ltr' id='par_1_116' title="bbox 786 5860 2694 5951">
     <span class='ocr_line' id='line_1_116' title="bbox 786 5860 2694 5951; baseline -0.014 -16"><span class='ocrx_word' id='word_1_828' title='bbox 786 5877 1074 5951; x_wconf 63' lang='lat' dir='ltr'><strong>Virgildv,</strong></span> <span class='ocrx_word' id='word_1_829' title='bbox 1115 5871 1329 5928; x_wconf 63' lang='lat' dir='ltr'><strong>Eneid.</strong></span> <span class='ocrx_word' id='word_1_830' title='bbox 1366 5885 1379 5922; x_wconf 92' lang='lat'><strong>:</strong></span> <span class='ocrx_word' id='word_1_831' title='bbox 1410 5866 1682 5935; x_wconf 70' lang='lat' dir='ltr'><strong>Nusquam</strong></span> <span class='ocrx_word' id='word_1_832' title='bbox 1714 5873 1825 5916; x_wconf 79' lang='lat' dir='ltr'><strong>tuta</strong></span> <span class='ocrx_word' id='word_1_833' title='bbox 1866 5862 2010 5930; x_wconf 78' lang='lat' dir='ltr'><strong>ﬁdes.</strong></span> <span class='ocrx_word' id='word_1_834' title='bbox 2050 5860 2142 5916; x_wconf 84' lang='lat' dir='ltr'><strong>Est</strong></span> <span class='ocrx_word' id='word_1_835' title='bbox 2177 5870 2357 5916; x_wconf 84' lang='lat' dir='ltr'><strong>autem</strong></span> <span class='ocrx_word' id='word_1_836' title='bbox 2458 5870 2694 5915; x_wconf 88' lang='lat' dir='ltr'><strong>cturum.</strong></span> 
     </span>
    </p>
   </div>
  </div>
