4212 6444
245 434 346 500 729

1431 442 1960 502 IllS'l‘tfllilaliUll
2011 446 2233 504 LIBER
2287 447 2389 504 Ιῐῐ.

3373 443 3482 506 739

1585 575 1743 645 363
1785 576 2006 631 CAPUT
2053 580 2118 632 γ.

242 690 558 754 Responsum
588 687 764 755 magni
800 687 1070 738 domestiri
1100 695 1356 754 pra'sente
1384 688 1716 754 patriarcha.
1757 686 1826 738 at!
1854 689 2264 756 imperatricem.
2299 691 2406 743 ,ποις
2444 691 2695 743 bonorum
2743 706 2971 742 utrorum
3008 691 3057 740 in
3084 689 3449 756 ρατηερ-(τήθην

314 759 542 824 Exponit
590 756 882 826 quidiejus
934 757 1139 807 nomine
1177 758 1480 822 patriarcha
1536 756 1632 826 sibi
1665 755 1876 826 dixerit,
1929 755 1983 809 nt
2041 776 2164 810 nam
2207 776 2329 811 vera
2376 763 2480 812 sint
2537 760 2814 826 intelligat.
2883 755 3089 810 Deinde
3135 761 3476 814 auspiciorum

309 829 536 894 affectati
562 823 766 894 imperii
791 823 822 876 α
845 840 898 876 se
931 835 1185 886 removet;
1213 827 1371 877 etiam
1397 826 1559 876 divini
1589 823 1778 891 judicii
1819 834 1958 876 metu
1993 829 2238 886 adducto,
2267 838 2316 880 et
2363 848 2395 880 (ι
2448 823 2920 880 εαίιιηιηὶᾱιονὶίηιδ
2951 828 3239 881 cauendum
3279 843 3475 881 monet.

307 894 665 951 conditionem
696 896 958 962 proponit,
986 910 1087 962 qua
1117 902 1349 956 servata,
1381 895 1450 946 ad
1476 894 1758 962 imperium
1784 895 1993 946 demum
2029 898 2308 965 regendum
2337 915 2393 951 se
2424 900 2655 951 revocari
2700 897 2950 966 patietur.

313 1010 550 1064 Τοιαῦτα
603 1011 700 1078 μὲν
754 1009 1085 1077 ἀπεκρίνατο
1118 1012 1150 1080 ἡ
1197 1010 1408 1079 βασιλὶς
1441 1012 1498 1076 ἐξ
1536 1009 1681 1077 ἄγαν
1708 986 1802 1061 άλ-
1831 1010 1880 1069 Α

241 1103 445 1172 γούσης
473 1105 566 1156 καὶ
596 1103 942 1170 ὀδυνωμένης
982 1101 1178 1171 ψυχῆς.
1223 1102 1278 1153 ’0
1315 1103 1486 1170 μέγας
1536 1102 1591 1154 δὲ
1649 1101 1808 1170 δομέ-

244 1210 427 1256 στικος
459 1192 646 1260 ὥσπερ
701 1192 1058 1260 ἐλεγχόμενος
1109 1189 1267 1250 αὐτὸς
1320 1190 1409 1254 ὑφ’
1458 1188 1679 1252 ἑαυτοῦ,
1729 1189 1804 1250 ὼς

241 1283 429 1334 δίκαιά
485 1297 544 1333 τε
592 1280 728 1348 ὁμοῦ
791 1281 886 1331 καὶ
939 1278 1290 1347 προσήκοντα
1325 1277 1674 1346 ἐφθέγξατο,
1709 1279 1807 1330 καὶ

247 1374 414 1442 μηδὲν
446 1373 748 1439 ἀντιλέγειν
771 1371 907 1440 ἔχων
926 1371 1060 1440 πρὸς
1092 1368 1264 1432 οὕτως
1299 1367 1570 1430 ἀπόδειξιν
1602 1365 1807 1435 ὲναργῆ

244 1467 342 1531 τῆς
402 1463 708 1531 ἀληθείας,
756 1463 892 1532 πρὸς
949 1459 1295 1530 πατριάρχην
1352 1459 1450 1527 μὲν
1511 1455 1813 1524 ἐφθέγξατο

246 1557 418 1610 οὐδέν.
456 1555 796 1624 Παραλαϐὼν
841 1555 896 1607 δὲ
953 1553 1138 1616 αύτδν,
1171 1552 1394 1604 εῐσεισιν
1426 1549 1503 1612 είς
1547 1547 1811 1618 βασιλίδα⁹

245 1651 281 1719 ἠ
310 1649 406 1718 μὲν
436 1643 531 1701 οὖν
559 1647 719 1709 εὐθὺς
743 1646 818 1708 ὡς
847 1641 977 1710 εἶδε,
1012 1645 1160 1716 λύπῃ
1186 1643 1418 1711 κάτοχος
1444 1638 1812 1708 γεγενημένη,

246 1740 480 1809 δάκρυσι
531 1739 911 1808 περιερρεῖτο,
967 1736 1066 1788 καὶ
1112 1735 1413 1804 ὲθρήνησεν
1477 1731 1561 1798 ἐφ’
1598 1728 1815 1792 ἰκανὸν,

247 1830 349 1897 τῆς
381 1829 530 1882 ἔνδον
568 1829 860 1899 ἀλγηδόνος
909 1827 1117 1896 ἐναργῆ
1176 1826 1454 1894 τεκμήρια
1494 1823 1566 1876 τά
1601 1823 1815 1891 δάκρυα

251 1921 634 1991 παρεχομένη.
678 1921 832 1972 Ἐπεὶ
875 1919 930 1972 δὲ
965 1918 1258 1982 ἐπαύσατο,
1294 1917 1454 1980 λόγου
1485 1914 1622 1984 πρὸς
1649 1915 1818 1981 αὐτὴν

249 2015 280 2066 ὁ
316 2015 487 2083 μέγας
516 2012 835 2082 δομέστικος
885 2011 1082 2080 ἤρχετο
1104 2008 1338 2063 τοιοῦδε.
1368 2005 1532 2065 Ἐθος
1563 2004 1684 2056 ἐστὶ
1707 2004 1820 2064 τοῖς

254 2103 483 2170 ἀγαθοῖς
514 2103 792 2172 ἀνδράσιν,
845 2101 1065 2171 ἐπειδὰν
1112 2099 1295 2160 αὐτοῖς
1327 2113 1470 2159 τινες
1503 2097 1818 2165 χρήσωνται

252 2193 629 2260 διαλλακταῐς,
671 2193 704 2263 ἢ
762 2193 898 2264 πρὸς
936 2191 1124 2260 φίλους
1173 2191 1270 2242 καὶ
1304 2187 1564 2249 οἰκείους,
1616 2187 1709 2240 έάν
1760 2202 1820 2238 τε

252 2287 394 2355 πρὸς
445 2287 640 2350 αὐτοὺς
689 2283 1060 2354 διενεχθῶσιν,
1109 2282 1142 2352 ἢ
1195 2281 1289 2333 καὶ
1323 2279 1459 2350 πρὸς
1493 2283 1635 2347 ἀγαν
1663 2278 1824 2331 πολε-

252 2381 436 2448 μίους,
468 2380 538 2431 τὰ
590 2379 685 2447 μὲν
739 2377 948 2445 σκληρά
997 2375 1106 2427 τῶν
1156 2372 1533 2442 ἀποκρίσεων,
1572 2371 1667 2423 καὶ
1721 2371 1821 2422 ὅσα

255 2469 495 2539 μάλιστα
520 2469 718 2522 δυνατά
749 2468 848 2537 τήν
889 2483 948 2519 τε
982 2465 1204 2534 εἰρήνην
1235 2460 1494 2528 διαλύειν,
1533 2463 1625 2514 καὶ
1652 2460 1825 2529 διερε-

252 2561 428 2624 θίζειν
471 2560 563 2613 τὸν
595 2559 864 2613 ἀκούοντα
891 2557 1027 2627 πρὸς
1057 2556 1248 2626 ὀργὴν,
1272 2553 1449 2607 ταῦτα
1487 2554 1586 2622 μὲν
1620 2568 1826 2619 συγκα-

251 2651 484 2705 λύπτειν
519 2654 612 2705 καὶ
663 2650 912 2720 περιέναι
962 2650 1116 2717 σιγῇ..
1147 2647 1287 2699 Ὅσα
1335 2646 1391 2698 δὲ
1435 2643 1684 2714 προσηνῆ
1733 2644 1826 2695 καὶ

248 2745 444 2814 ἣμερα
475 2744 567 2798 καὶ
598 2743 758 2795 ίκανά
790 2742 927 2812 πρὸς
962 2741 1258 2802 διαλύσεις,
1284 2739 1354 2792 τά
1385 2737 1614 2790 τοιαῦτα
1647 2738 1828 2803 ἀπαγ-

250 2836 489 2904 γέλλειν,
519 2837 620 2889 οὐκ
653 2834 913 2904 ὲλάττωῆ
945 2834 1045 2886 ὅσα
1079 2832 1298 2902 ἢκουσε
1341 2827 1708 2898 προστιθέντα
1733 2826 1827 2878 καὶ

253 2929 394 3000 παρ’
455 2928 676 2981 ἑαυτοῦ.
726 2927 936 2996 Ὠσπερ
985 2924 1055 2978 αὖ
1117 2923 1284 2976 πάλιν
1321 2923 1374 2975 οἱ
1410 2922 1536 2982 τοὺς
1591 2919 1826 2988 τρόπους

257 3022 557 3094 μοχθηροὶ,
611 3021 706 3074 καὶ
761 3017 1089 3089 συγκρούειν
1139 3022 1260 3079 τοὺς
1318 3012 1642 3083 ἀνθρώπους
1694 3007 1829 3077 πρὶς

251 3116 524 3186 ἀλλήλους
561 3113 858 3186 ᾑρημένοι,
892 3110 962 3164 τά
1008 3109 1144 3180 πρὸς
1185 3106 1358 3184 ὀργὴν
1413 3106 1512 3176 μὲν
1555 3100 1833 3170 ἀπαγγέλ-

254 3207 411 3260 λουσι
468 3206 604 3275 μετά
659 3203 1012 3273 προσθήκης·
1067 3200 1169 3250 ὅσα
1223 3197 1280 3248 δὲ
1339 3194 1478 3264 πρὸς
1525 3192 1824 3257 διαλλαγὰς

253 3293 545 3363 ἐπιτήδεια
575 3290 670 3344 καὶ
700 3287 1004 3357 συμϐάσεις
1029 3326 1043 3347 ,
1075 3283 1344 3359 σιωπῶσι.
1377 3279 1514 3333 Νυνὶ
1543 3279 1598 3331 δὲ
1633 3277 1698 3346 δὴ
1735 3279 1834 3329 καὶ

257 3382 428 3444 αὐτὸς
467 3378 544 3450 τῷ
589 3376 906 3446 πατριάρχῃ
945 3375 1155 3443 μηνυτῇ
1205 3368 1552 3439 χρησάμενος
1593 3367 1702 3417 τῶν
1738 3364 1827 3416 λό-

254 3491 374 3544 γων
418 3472 526 3524 τῶν
570 3469 739 3540 ἐμῶν,
774 3468 870 3520 καὶ
905 3464 1068 3518 πάλιν
1097 3462 1167 3514 δι’
1203 3458 1369 3513 αὑτοῦ
1407 3457 1503 3524 τὴν
1527 3455 1833 3522 γεγενημέ·

254 3585 362 3639 νην
401 3562 695 3632 ἀπολογίαν
748 3559 898 3628 παρὰ
954 3555 1048 3609 σοῦ
1115 3548 1471 3623 μεμαθηκὼς,
1526 3547 1706 3598 ἔδεισα
1760 3552 1835 3615 μὴ

1850 2337 1897 2396 Β

1979 1010 2089 1066 lloc
2138 1028 2460 1078 responsum
2517 1027 2547 1065 e
2597 1012 2826 1064 nimium
2874 1010 3113 1072 dolente,
3164 1021 3219 1064 et
3275 1011 3476 1063 alllicto

1913 1112 2136 1170 pectore
2169 1103 2473 1170 profectum
2511 1103 2720 1155 remisit
2751 1101 3088 1169 imperatrix.
3125 1100 3348 1168 Magnus
3380 1118 3477 1152 au-

1915 1202 2022 1247 tem
2055 1193 2388 1247 domesticus
2431 1201 2686 1261 tanquam
2738 1207 2766 1245 a
2817 1192 3109 1259 semetipso
3164 1193 3486 1254 convictus,

1913 1298 2034 1338 eam
2081 1283 2251 1352 justa,
2313 1284 2622 1351 rationique
2679 1291 3047 1335 consentanea
3103 1282 3367 1339 locutam.
3425 1294 3485 1336 et

1915 1373 2056 1425 nihil
2091 1374 2235 1440 potis
2261 1372 2398 1425 adeo
2429 1372 2727 1426 manifesta:
2757 1373 3001 1425 Veritatis
3024 1373 3480 1426 demonstrationi

1921 1479 2226 1532 opponere,
2261 1465 2584 1532 patriarclue
2615 1465 2836 1531 quidem
2868 1465 3006 1517 nihil
3043 1465 3356 1532 respondet,
3387 1466 3484 1517 soul

1916 1567 2042 1606 cum
2079 1568 2144 1606 eo
2191 1554 2259 1607 ad
2306 1555 2712 1622 intperatricem
2764 1555 3090 1624 ingreditur.
3140 1553 3270 1620 Qum
3310 1555 3490 1623 prium

1917 1645 2038 1714 ejus
2076 1656 2298 1715 aspectu
2328 1646 2518 1699 dolore
2542 1661 2822 1715 oppressa,
2850 1647 2942 1699 diu
2972 1647 3122 1715 largo
3151 1648 3488 1701 humectavit

1923 1747 2018 1787 ora
2047 1732 2291 1796 ﬂumine,
2329 1747 2385 1788 et
2410 1735 2664 1804 lacrymis
2697 1728 3018 1788 intestinum
3061 1737 3364 1790 cruciatum
3402 1748 3481 1789 te-

1919 1834 2060 1880 stata
2088 1834 2192 1879 est.
2220 1825 2511 1894 Postquam
2540 1826 2774 1894 quievit,
2801 1842 3030 1896 magnus
3053 1828 3384 1884 domesticus
3406 1831 3486 1886 sic

1919 1935 2038 1974 eam
2064 1919 2443 1989 compellavit:
2469 1919 2738 1974 Usitatum
2760 1930 2845 1974 est
2871 1921 3007 1976 viris
3034 1923 3215 1987 bonis,
3243 1938 3362 1977 cum
3391 1939 3497 1989 pro

1922 2011 2365 2080 paciﬁcatoribus
2408 2023 2502 2068 aut
2537 2013 2602 2067 ad
2640 2013 2848 2068 amicos
2880 2022 2935 2067 et
2976 2015 3246 2083 cognatis,
3278 2015 3320 2067 si
3356 2015 3492 2082 quid

1921 2104 2067 2159 inter
2097 2118 2192 2159 eos
2223 2104 2441 2159 dissidii
2470 2113 2654 2158 natum
2685 2104 2872 2167 fuerit,
2901 2114 2997 2159 aut
3023 2105 3186 2159 etiam
3212 2106 3276 2158 ad
3307 2105 3494 2158 hostes

1922 2196 2182 2264 capitales
2217 2196 2368 2250 missi
2401 2195 2765 2264 fuerint,qu:e
2801 2195 2855 2249 in
2882 2197 3235 2265 responsione
3268 2195 3494 2250 duriora

1923 2296 2072 2350 sunt,
2105 2297 2161 2342 et
2216 2302 2559 2357 quaecunque
2621 2296 2734 2341 tum
2793 2301 2980 2356 pacem
3026 2287 3289 2342 distinere
3325 2327 3339 2348 ,
3379 2299 3495 2339 tum

1925 2376 2240 2431 audientem
2271 2376 2488 2431 irritare
2522 2377 2586 2430 ad
2623 2379 2756 2430 iram
2787 2385 3036 2445 possunt,
3067 2392 3129 2431 ea
3163 2377 3383 2431 silentio
3411 2387 3493 2430 te—

1925 2483 2074 2539 gere,
2109 2484 2173 2523 ac
2205 2470 2533 2537 prazterire:
2584 2486 2704 2538 quae
2751 2479 2932 2523 autem
2971 2469 3135 2532 lenia,
3187 2481 3495 2542 mansueta,

1924 2572 1982 2616 et
2000 2562 2068 2616 ad
2103 2562 2561 2630 compositionem
2589 2563 2807 2622 idonea.
2839 2578 2901 2615 ea
2936 2563 3278 2626 renuntiare,
3303 2579 3364 2616 ac
3388 2580 3499 2616 non

1927 2653 2187 2723 pauciora
2235 2652 2322 2707 his
2369 2668 2488 2722 qua!
2537 2663 2870 2721 acceperunt
2930 2653 2998 2708 de
3048 2668 3151 2707 suo
3200 2669 3496 2722 apponere.

1929 2744 2216 2810 Quomodo
2244 2755 2436 2799 contra
2469 2745 2729 2814 improbi,
2757 2752 2814 2799 et
2854 2745 2947 2813 qui
2993 2744 3243 2799 homines
3275 2745 3414 2799 inter
3441 2762 3504 2798 se

1935 2836 2284 2909 committere
2315 2837 2738 2900 constituerunt,
2773 2852 2894 2904 qua:
2920 2836 2987 2890 ad
3018 2836 3360 2891 excitandam
3393 2838 3503 2890 ira-

1930 2927 2186 2983 cundiam
2215 2928 2415 2991 valent,
2456 2943 2579 2982 cum
2623 2930 2867 3007 apetario
2898 2929 3152 2982 nuntiant
3185 2947 3198 2982 :
3238 2945 3309 2997 qu
3327 2945 3357 2981 ιι
3387 2945 3487 2981 au-

1935 3025 2042 3071 tem
2072 3018 2136 3071 ad
2170 3012 2700 3079 reconciliationem,
2731 3028 2781 3070 et
2807 3027 2964 3086 pacta
2996 3017 3231 3072 ineunda
3265 3019 3500 3087 quadra-

1932 3120 2077 3172 rent,
2111 3109 2202 3164 illa
2251 3111 2500 3165 reticent.
2546 3109 2703 3164 Nunc
2750 3109 2877 3177 quia
2925 3119 2982 3164 et
3033 3111 3145 3177 ipse
3193 3111 3504 3179 patriarcha

1932 3201 2228 3254 verborum
2265 3216 2508 3254 meorum
2559 3199 2626 3252 ad
2681 3207 2731 3251 te
2779 3197 3122 3252 internuntio
3171 3214 3303 3253 usus
3357 3215 3500 3260 sum,

1937 3307 2238 3360 rursusque
2298 3307 2394 3362 per
2443 3307 2566 3346 eum
2633 3293 3046 3359 responsionem
3087 3300 3233 3345 tuam
3293 3293 3501 3360 accepi.

1937 3386 2118 3449 timui,
2166 3400 2233 3439 ne
2273 3387 2518 3438 animum
2565 3385 2788 3453 quidem
2826 3400 3007 3438 meum
3063 3385 3164 3445 ira,
3205 3382 3504 3454 doloreque

1941 3487 2263 3539 tumentem,
2301 3489 2357 3531 et
2387 3477 2671 3531 ardentem
2708 3477 3048 3546 refrigerare.
3094 3492 3158 3531 ac
3205 3478 3506 3547 reprimere

1956 3571 2165 3631 volens,
2199 3578 2303 3622 tam
2335 3569 2546 3638 placida
2592 3581 2647 3623 et
2676 3569 2826 3621 milia
2862 3570 3156 3637 protulerit
3193 3587 3206 3624 :
3241 3571 3310 3623 ad
3340 3581 3390 3624 te
3414 3586 3507 3623 au-

252 3659 362 3729 τὴν
399 3658 536 3727 ἐμὴν
566 3653 766 3722 ψυχὴν,
823 3651 1161 3707 οίδαίνουσαν
1213 3661 1310 3704 και
1343 3661 1685 3720 φΑεγομενην
1731 3645 1835 3693 ὑπο
1863 3687 1906 3744 C

1863 3687 1906 3744 ο
1942 3671 2046 3716 tem
2100 3675 2278 3728 neque
2332 3675 2449 3713 mea
2504 3661 2668 3714 verba
2730 3661 3127 3727 importnniora
3180 3663 3501 3720 servaverit.

251 3755 442 3824 λύπης
508 3751 806 3822 ἀναψύχειν
863 3748 1186 3819 βουλόμενος
1247 3747 1340 3798 καὶ
1404 3739 1830 3798 καταστέλλειν,

249 3848 491 3903 τοιαῦτα
519 3827 829 3912 ἶφθέγξατο
859 3843 1044 3912 ἥμερα
1079 3841 1174 3890 καὶ
1207 3839 1476 3906 προσηνῆ·
1515 3832 1652 3902 πρὸς
1687 3830 1746 3881 σε
1777 3828 1833 3880 δὲ

248 3940 391 3995 οὔτε
423 3937 551 4001 τοὺς
587 3936 754 4004 ἐμοὺς
801 3931 1097 4002 ἀκεραίους
1127 3929 1425 3980 διεσώσατο
1449 3923 1666 3990 λόγους,
1707 3918 1837 3988 μήτ’

251 4029 329 4087 αὖ
358 4032 522 4084 πάλιν
545 4028 663 4090 οἵας
690 4027 882 4094 ἔτυχεν
911 4022 1208 4089 ἀπολογίας
1235 4017 1537 4087 ἀπήγγειλε
1571 4015 1666 4066 καὶ
1696 4011 1835 4081 πρὸς

246 4125 391 4196 ἁμέ·
425 4121 542 4176 ἀλλ’
575 4119 690 4174 ἀνθ’
726 4119 928 4185 ἐτέρων
967 4114 1130 4184 ἕτερα
1173 4113 1362 4179 εἰπὼν,
1413 4113 1507 4166 νῦν
1551 4132 1649 4183 μεν
1683 4115 1837 4166 διαλ-

246 4216 420 4280 λάξει
452 4212 590 4283 πρὸς
644 4209 858 4280 καιρὸν,
908 4207 1136 4275 ὕστερον
1189 4206 1245 4258 δὲ
1291 4205 1460 4274 ὀλίγῳ
1519 4205 1695 4276 μείζω
1746 4203 1838 4255 καὶ

244 4304 581 4380 βαρυτέραν
639 4300 1042 4354 κατασκευάσει
1100 4297 1353 4364 γενέσθαι
1402 4298 1500 4364 τὴν
1551 4295 1836 4365 διαφοράν.

239 4393 339 4453 Oi:
393 4397 460 4464 δὴ
491 4395 658 4446 ἓνεκα
706 4390 799 4444 καὶ
827 4389 988 4450 αὐτὸς
1037 4390 1085 4438 εἱ
1137 4385 1365 4439 τοιαῦτα
1418 4387 1588 4449 ὅντως
1621 4386 1838 4452 εἴρηται

235 4489 423 4560 παρά
447 4486 566 4553 σοῦ,
587 4484 696 4536 δεῖν
727 4481 900 4550 έγνων
931 4479 1175 4547 ἀκριϐῶς
1205 4479 1417 4545 μαθεῖν,
1449 4477 1522 4538 ὡς
1549 4478 1616 4547 ἂν
1641 4476 1841 4544 εἰδείην

234 4582 280 4657 ᾖ
341 4583 453 4653 χρὴ
501 4580 596 4633 καὶ
647 4575 776 4644 περὶ⁵
830 4574 938 4626 τῶν
977 4569 1273 4624 ἐπιλοίπων
1328 4567 1657 4638 ποιήσασθαι
1717 4568 1842 4657 τους

232 4647 485 4738 ὁὶἀγόυξ,
535 4666 644 4720 Καὶ
670 4666 848 4738 πάντα
873 4658 1162 4738 διεξελθὼν
1193 4659 1294 4710 ὅσα
1325 4658 1676 4727 πατριάρχης
1708 4655 1842 4726 πρὸς

233 4727 456 4816 αὑτὸν
485 4735 794 4820 διαλεχθείῆ
820 4786 834 4809 ,
879 4727 1219 4799 ἐπυνθάνετο
1253 4744 1447 4812 αὐτῆς,
1483 4745 1532 4796 εἰ
1568 4743 1663 4796 καὶ
1703 4743 1842 4812 αὐτῇ

227 4849 464 4906 τοῦτον
497 4844 712 4914 εἴρηται
741 4842 830 4892 τὸν
864 4839 1089 4908 τρόπον.
1134 4834 1250 4903 Ἐφ’
1299 4833 1470 4887 ἀπασι
1508 4831 1565 4884 δὲ
1601 4831 1846 4886 συντιθεο

232 4943 445 5015 μένης
479 4936 553 4998 ὡς
603 4932 780 5003 ὀρθῶς
824 4932 919 4982 καὶ
951 4926 1166 4996 άληθῶς
1200 4922 1616 4993 γεγενημένοις,
1646 4920 1842 4974 οὐκοῦν

1941 3768 2118 3822 neque
2153 3766 2392 3813 rursum,
2426 3767 2547 3820 qua:
2581 3751 2935 3819 respondisti,
2971 3752 3242 3814 retulerit,
3276 3753 3370 3806 sed
3401 3754 3504 3806 alia

1939 3860 2038 3913 pro
2073 3843 2196 3896 aliis
2243 3843 2486 3908 locutus,
2539 3859 2686 3896 ntmc
2738 3842 2803 3895 ad
2854 3852 3072 3910 tempus
3099 3858 3199 3898 nos
3229 3844 3503 3901 conciliet.

1939 3937 2210 4007 pauloque
2235 3944 2359 4004 post
2389 3933 2678 3988 dissidium
2727 3935 2868 3987 inter
2917 3950 3019 3988 nos
3051 3934 3226 4004 majus
3291 3946 3346 3988 et
3387 3953 3509 4004 gra-

1939 4029 2063 4081 vius
2104 4026 2321 4080 eliiciat.
2371 4025 2716 4094 Quapropter
2773 4043 2901 4080 num
2958 4027 3071 4080 [nec
3127 4042 3258 4080 vere
3309 4028 3404 4080 abs
3459 4039 3509 4079 te

1940 4116 2083 4170 dicta
2116 4118 2246 4178 sint,
2282 4129 2539 4170 accurate
2569 4116 3012 4183 cognoscendum
3044 4115 3198 4168 duxi.
3243 4115 3363 4168 Mox
3392 4133 3509 4170 om~

1941 4209 2031 4260 nia
2063 4215 2337 4274 repetens,
2370 4221 2492 4274 qua:
2517 4222 2581 4259 ex
2608 4208 2918 4275 patriarcha
2947 4206 3222 4270 audierat,
3257 4223 3387 4259 num
3423 4224 3491 4260 ea

1943 4293 2065 4347 dem
2099 4293 2214 4361 ipsa
2249 4292 2453 4347 dixerit
2486 4295 2818 4347 sciscitatur.
2851 4295 2966 4359 Qua
3003 4304 3058 4346 ut
3090 4307 3260 4356 recte,
3297 4305 3352 4348 et
3385 4311 3510 4348 vere

1943 4386 2127 4439 relatis
2157 4387 2512 4454 assentiente,
2559 4385 2722 4457 364
2758 4387 2926 4456 Igitur
2983 4388 3241 4456 (subjecit
3286 4405 3512 4456 magnus

1946 4463 2307 4543 domesticus)
2340 4477 2552 4529 tametsi
2588 4476 2656 4530 de
2695 4477 2905 4545 reliquo
2937 4478 3170 4532 ferocius
3204 4495 3309 4542 me,
3345 4480 3510 4537 etin—

1950 4565 2354 4620 consideratius
2392 4567 2625 4620 videbor
2657 4582 2868 4635 gerere,
2913 4568 3115 4622 nullius
3149 4584 3234 4623 me
3269 4580 3364 4623 aut
3395 4571 3513 4622 iue-

1944 4653 2094 4720 ptiae,
2127 4660 2221 4705 aut
2249 4652 2597 4721 arrogantius,
2632 4654 2942 4708 audaciteve
2978 4656 3455 4710 condemnandum
3497 4678 3510 4712 :

1943 4742 2037 4796 sed
2071 4743 2116 4796 si
2153 4758 2260 4812 qua
2297 4743 2464 4798 fuerit
2493 4744 2546 4797 in
2573 4744 2819 4820 oratione
2846 4762 2965 4800 mea
2990 4747 3264 4810 confusio,
3293 4765 3355 4803 ac
3391 4767 3512 4817 per-

1946 4835 2208 4900 turbatio,
2253 4836 2402 4889 illam
2454 4851 2637 4890 rerum
2694 4840 3006 4891 necessdati
3087 4840 3523 4904 ascribeudam,f

1948 4927 2081 4980 mihi
2119 4935 2178 4980 ut
2207 4927 2276 4980 ab
2309 4927 2442 4996 ipsis
2475 4935 2664 4980 coacto
2697 4927 3091 4996 ignoscendum
3123 4941 3364 4983 autmuo.
3408 4931 3516 5000 l-fgo

223 5014 442 5090 έῐπεν·
480 5029 528 5080 εί
557 5027 650 5078 καὶ
683 5023 817 5092 πρδς
841 5022 908 5072 τά
937 5019 1195 5074 ἐπίλοιπα
1224 5016 1469 5086 τραχέως
1502 5014 1640 5079 δόξω
1669 5030 1834 5083 προσ·
1875 5019 1886 5073 |

1875 5019 1916 5074 D
1944 5018 2180 5072 arbitror
2228 5033 2674 5087 unumquemque
2717 5018 2809 5087 qui
2851 5033 3035 5073 mores
3089 5030 3144 5073 et
3194 5021 3515 5077 affectiones

221 5119 536 5196 φέρεσθαι
581 5117 673 5169 καὶ
708 5113 1153 5184 ἀπερισκέπτως,
1193 5106 1466 5178 μηδεμίαν
1497 5105 1630 5174 ἐμοῦ
1669 5121 1839 5156 κακ-

226 5212 592 5286 γινὼσκειν,
632 5205 758 5276 μήτ’
788 5202 1205 5271 ἀπειροκαλίαν,
1257 5201 1380 5269 μήτ’
1416 5198 1708 5251 αὑθάδ;ιῖιν
1741 5197 1839 5248 καὶ

222 5304 594 5380 θρασύτητα
641 5296 748 5350 τῶν
799 5296 1014 5365 τρόπων
1047 5293 1200 5358 ἀξιῶ·
1250 5291 1365 5344 ἀλλ’
1395 5288 1446 5341 ετ
1496 5305 1579 5351 τις
1617 5288 1844 5357 προσείη

222 5378 364 5456 κξιὶ
405 5396 522 5454 τοῖς
543 5390 726 5457 λόγοις
758 5387 975 5452 ἀταξία,
1004 5384 1223 5452 ἐκείνην
1254 5382 1353 5452 μὲν
1390 5378 1845 5451 προσλογίζεσθαι

220 5490 380 5546 τῶν
421 5483 771 5554 πραγμάτων
821 5481 886 5548 τῇ
934 5476 1172 5545 ἀνάγκῃ,
1226 5476 1349 5542 ἐμοὶ
1397 5473 1453 5525 δὲ
1507 5471 1844 5540 παρέχεσθαι

221 5575 616 5647 συγγνώμην
642 5573 715 5633 ὼς
743 5571 833 5622 ὑπ’
872 5567 1050 5620 αὐτῶν
1081 5565 1418 5635 βιαζομένῳ.
1442 5562 1605 5629 ,Ἐγὼ
1636 5563 1841 5631 νομίζω

219 5674 458 5729 πάντα
483 5661 726 5717 ὁντινοῦν
775 5663 920 5721 ὅστις
978 5659 1163 5728 μέλλει
1201 5655 1404 5720 καλῶς,
1450 5659 1544 5706 καὶ
1573 5650 1706 5724 ἦθος
1747 5671 1845 5705 κα-

218 5755 685 5823 τασκέπτεσθαι
732 5753 961 5823 ἀνδρὸς,
1015 5751 1109 5802 καὶ
1142 5749 1239 5811 τάς
1288 5749 1383 5815 τῆς
1432 5746 1609 5815 ψυχῆς
1666 5748 1842 5814 ὁρμὰς

219 5850 473 5913 ὁποίας
514 5850 662 5918 ἔχει,
701 5852 834 5917 μήτε
871 5846 979 5906 τοῖς
1016 5841 1215 5907 ἔξωθεν
1272 5839 1397 5908 περὶ
1449 5837 1608 5894 αὑτοῦ
1665 5855 1838 5910 πρῆσε

1954 5109 2182 5163 alterius
2209 5109 2378 5178 probe
2417 5123 2790 5177 perpensurus
2820 5117 2874 5163 et
2904 5109 3258 5179 dispecturus
3290 5113 3382 5176 sit,
3418 5129 3514 5166 ue-

1947 5215 2055 5268 que
2086 5199 2153 5253 iis
2183 5214 2303 5268 quae
2336 5199 2474 5252 foris
2515 5200 2583 5251 de
2612 5215 2678 5252 eo
2713 5199 2996 5261 dicuntur,
3030 5200 3230 5256 debere
3263 5204 3516 5256 attendo-

1952 5305 2008 5343 re
2045 5308 2058 5343 :
2095 5305 2274 5358 neque
2307 5290 2458 5343 illum
2491 5304 2587 5357 per
2629 5291 2868 5357 seipsum
2911 5289 3279 5354 considerare,
3316 5293 3519 5359 quibus

1949 5361 2286 5447 temporibus
2313 5379 2562 5432 consulta
2595 5377 2858 5447 implendi
2892 5388 3216 5448 potestatein
3266 5397 3372 5433 nou
3420 5382 3517 5434 han

1952 5470 2139 5534 bebat,
2172 5469 2266 5523 sed
2303 5469 2505 5537 quibus
2540 5470 2772 5522 maxime
2803 5485 2900 5522 sua
2935 5470 2984 5522 ei
3015 5470 3287 5530 libertate,
3322 5487 3383 5524 ac
3420 5489 3514 5540 po-

1955 5572 2151 5617 testate
2183 5561 2260 5615 uti
2285 5561 2494 5616 licitum
2521 5570 2626 5616 est.
2660 5561 2714 5616 Si
2741 5562 2888 5616 enim
2924 5562 2969 5615 is
3001 5570 3112 5615 tum
3146 5563 3283 5616 nihil
3323 5563 3514 5619 horum

1952 5653 2297 5709 committere
2333 5653 2628 5717 videbitur,
2668 5655 2848 5723 qualia
2889 5654 3156 5722 quispiam
3187 5657 3515 5709 commissu-

1954 5761 2072 5799 rum
2108 5756 2346 5815 putaret,
2379 5746 2464 5799 hic
2498 5747 2548 5799 in
2582 5756 2858 5814 posterum
2890 5746 3031 5801 haud
3063 5763 3332 5815 quaquam
3369 5748 3518 5811 inge-

1953 5840 2105 5894 niutn
2153 5839 2544 5893 immutaverit.
2579 5840 2814 5894 Proinde
2849 5849 2901 5894 et
2943 5855 3041 5908 ego
3087 5839 3153 5894 de
3201 5855 3284 5895 me
3338 5841 3516 5894 itit-am
