4212 6444
255 420 358 484 733

1372 415 1731 476 HISTORIA
1747 414 1903 471 R1335]
1953 415 2180 473 LIBER
2221 414 2332 475 ur.

3367 405 3480 473 73"

256 529 372 594 ζῇν.
414 528 479 578 Ὃ
534 523 624 576 καὶ
669 523 797 574 αὐτὸ
843 525 954 585 τοῖς
983 523 1310 590 εἰθισμένοις
1357 526 1566 599 ἄρχειν3
1596 519 1805 575 οὐδενὸς

1915 519 2147 580 ratione,
2184 529 2238 572 et
2277 533 2487 573 summa
2517 517 2797 586 diligentia
2830 517 3061 572 faciendi
3089 518 3468 570 necessitatem

257 617 488 667 θανάτου
513 613 766 680 δεύτερον
795 614 873 673 εἰς
907 612 1198 680 ἀλγηδόνος
1234 611 1411 676 λόγον.
1447 612 1569 660 Ὀτι
1614 609 1670 659 δὲ
1701 626 1808 658 τοι-

255 707 403 758 οῦτοι
461 705 760 770 φυήσονται
823 701 1027 759 πολλοὶ,
1083 703 1144 754 οὐ
1199 700 1554 769 στοχάζεσθαι
1601 699 1809 761 ἔξεστιν

254 798 404 863 ἡμῖν,
437 795 572 846 ἀλλά
601 793 913 859 σαφέστατα
949 793 1169 844 εἰδέναι.
1225 791 1485 848 Βασιλεὺς
1546 789 1643 857 μὲν
1701 789 1810 855 γὰρ

256 886 444 954 κύριος
499 886 658 946 αὐτος
711 884 820 934 τῶν
879 883 1224 952 πραγμάτων
1277 882 1371 942 ὢν,
1411 880 1504 932 καὶ
1536 878 1808 948 μηδεμίαν

260 976 383 1044 μηδ’
419 976 512 1041 ὑφ’
539 973 653 1034 ἑνὸς
682 973 789 1025 τῶν
824 971 1218 1040 πραττομένων
1247 971 1603 1040 ὑφορώμενος
1627 968 1812 1030 ἐξέτα-

259 1083 362 1124 σιν,
394 1065 458 1116 τὰ
487 1065 586 1133 μὲν
627 1061 959 1134 αὑτὸς-ἑκὼν
993 1057 1134 1112 εἶναι
1180 1061 1337 1126 εἴπερ
1383 1059 1634 1110 ἐϐούλετο
1659 1057 1810 1126 χαρί-

258 1155 449 1218 ζεσθαι
483 1171 534 1207 τι
558 1156 682 1206 ὅσον
719 1154 972 1222 ἠδύνατο,
1004 1152 1068 1204 τά
1095 1151 1137 1202 δ’
1164 1151 1291 1211 ἴσως
1318 1152 1382 1202 ἄν
1417 1148 1508 1202 καὶ
1539 1148 1809 1216 ἠμελεῖτο.

257 1247 394 1298 Νυνὶ
417 1247 472 1296 δὲ
505 1244 656 1296 οὐδὲν
692 1241 936 1296 τοιοῦτον
973 1242 1188 1306 ἐξέσται
1232 1242 1432 1302 οὐδενὶ,
1467 1240 1604 1293 ἀλλὰ
1637 1239 1814 1292 πάντα

259 1336 356 1388 σὺν
403 1336 547 1404 λόγῳ
601 1336 694 1387 καὶ
731 1334 868 1403 μετά
912 1332 1197 1402 ἀκριϐείας
1247 1332 1505 1394 πράττειν
1566 1330 1813 1396 ἀνάγκην

257 1429 424 1480 πᾶσιν
450 1426 726 1494 ἐπιθήσω·
757 1426 814 1476 οὐ
851 1427 950 1490 τῆς
978 1423 1248 1492 ὑμετέρας
1279 1424 1444 1475 ἕνεκα
1489 1421 1813 1487 κηδεμονίας

259 1517 440 1586 μόνον,
474 1516 606 1567 ἀλλά
643 1517 716 1585 μὴ
763 1516 970 1567 ἐλάττω
1015 1515 1112 1582 τὴν
1158 1516 1333 1583 ἀρχὴν
1383 1518 1448 1583 ἣν
1480 1513 1810 1582 παρέλαϐον,

255 1607 394 1660 ἀλλά
423 1610 514 1660 και
540 1608 713 1675 μείζω
735 1608 830 1660 καὶ
859 1607 1053 1676 βελτίω
1082 1605 1273 1675 καιροῦ
1301 1606 1591 1666 καλοῦντος
1611 1603 1812 1669 ἀποδῶ,

255 1697 393 1748 ἀλλὰ
422 1699 516 1749 καὶ
547 1697 857 1767 φιλοτιμίας
886 1699 979 1749 καὶ
998 1698 1154 1765 δόξης
1188 1697 1350 1748 ’ἑνεκα
1381 1697 1541 1762 ἐμῆς.
1568 1696 1640 1749 Τὸ
1666 1696 1722 1748 δέ
1751 1712 1812 1761 γε

252 1784 465 1836 τούτων
497 1786 714 1837 πάντων
753 1785 846 1836 καὶ
890 1786 1074 1853 μεῖζον
1108 1787 1200 1836 καὶ
1234 1783 1607 1852 φοϐερώτερον
1665 1782 1810 1850 ἐμοὶ,

253 1873 358 1939 τῆς
391 1875 601 1926 ἐκεῖθεν
652 1875 760 1928 τῶν
787 1876 1178 1944 πραττομένων
1227 1871 1526 1937 ἐξετάσεως
1584 1864 1820 1925 καὶτῶν

253 1963 494 2014 εὐθυνῶν
515 1961 580 2024 ἃς
608 1963 770 2023 αὐτὸς
803 1961 1023 2028 ὑφέξειν
1053 1963 1144 2014 ἐπὶ
1173 1965 1264 2012 τοῦ
1298 1960 1527 2030 φοϐεροῦ
1559 1961 1816 2027 δικαστη-

254 2049 374 2115 ρίου
397 2047 536 2115 ὑπὲρ
568 2048 675 2098 τῶν
706 2043 765 2100 εὖ
810 2048 842 2117 ἢ
893 2047 1077 2108 κακῶς
1119 2047 1472 2116 διῳκημένων
1507 2047 1702 2115 μέλλω.
1738 2047 1818 2100 Τὰ

251 2138 310 2190 δὲ
357 2139 602 2202 τοιαῦτα,
647 2142 757 2201 τοῖς
787 2138 1120 2206 εἰθισμένοις
1169 2139 1393 2208 ἀμελεῖν
1437 2139 1530 2192 καὶ
1567 2139 1820 2208 λυμαίνε-

254 2229 382 2282 σθαι
409 2232 521 2290 τοῖς
549 2229 848 2298 δημοσίοις.
876 2231 970 2282 καὶ
1003 2230 1070 2280 τὰ
1104 2229 1209 2282 ἴδια
1243 2231 1304 2281 ἐκ
1330 2232 1424 2298 τῆς
1455 2230 1661 2298 φθορᾶς
1681 2231 1820 2282 ἐκεί-

253 2336 362 2370 νων
405 2318 610 2382 αῦξειν,
647 2321 809 2372 παντί
839 2334 896 2372 τε
945 2320 1104 2384 δῆλον
1144 2319 1218 2380 ὼς
1262 2321 1360 2371 οὐκ
1403 2319 1556 2372 ἔσται
1593 2323 1816 2372 ἀνεκτά.

253 2407 421 2458 “arra
447 2409 644 2470 αὐτοὺς
677 2410 822 2472 εἰκὸς
849 2409 937 2461 τὸν
964 2411 1062 2477 τὴν
1090 2411 1348 2472 τοιαύτην
1373 2411 1614 2480 ἀνάγκην
1637 2412 1820 2474 αὐτοῖς

253 2501 609 2565 ἐπαγαγόντα
642 2502 918 2569 ὲκομέσου
954 2503 1128 2553 ποιεῖν
1158 2501 1406 2552 τίθεσθαι
1437 2501 1526 2552 διὰ
1559 2502 1820 2568 σπουδῆς.

253 2591 432 2644 Τοῦτο
476 2592 533 2644 δὲ
567 2592 742 2654 ἄλλως
778 2593 960 2654 αὐτοῖς
1000 2593 1098 2644 οὑκ
1125 2592 1192 2645 ἂν
1223 2593 1458 2656 ἐξέσται,
1503 2593 1550 2644 εἰ
1585 2595 1658 2662 μὴ
1686 2595 1822 2662 πρό-

250 2703 414 2756 τερον
443 2687 614 2738 πολλὰ
641 2687 807 2754 dus-36o
855 2687 1346 2752 xatouxogawta;
1381 2686 1704 2746 πλάσαντες,
1736 2689 1824 2739 ὲκ-

251 2779 675 2846 πολεμώσουσιν
707 2779 856 2846 ἡμᾶς
887 2778 1164 2846 ἀλλήλοις.
1201 2779 1292 2840 Εἰς
1338 2779 1462 2830 ὅσον
1507 2778 1561 2830 δὲ
1593 2779 1822 2840 ἀτοπίας

251 2872 502 2936 ἐξελάσει
539 2873 604 2922 τά
639 2871 938 2940 πράγματα
967 2873 1101 2940 ἡμῖν
1132 2871 1197 2923 ἂν
1241 2870 1424 2940 συμϐῇ
1456 2871 1697 2931 τοιαῦτα,
1731 2871 1825 2922 καὶ

253 2965 400 3034 αὑτὴ
432 2966 528 3034 μὲν
571 2965 636 3014 ἂν
669 2963 948 3034 συνορῴης
973 2963 1106 3016 οὖσα
1136 2965 1356 3032 συνετὴ,
1405 2964 1737 3031 σαφέστερον
1768 2963 1824 3014 δὲ

249 3057 454 3120 διδάξω
477 3058 572 3110 καὶ
596 3057 778 3116 αὑτός.
811 3058 880 3108 Ἢ
932 3058 1038 3124 γὰρ
1070 3057 1167 3124 ἐμὲ
1219 3056 1369 3124 παρὰ
1397 3060 1574 3107 πάντα
1615 3053 1822 3106 δικαίου

1913 611 2184 675 imponam
2237 609 2516 670 omnibus,
2543 625 2649 661 non
2709 611 2882 662 solum
2913 609 2983 660 ob
3045 606 3468 661 sollicitudinem

1912 704 2098 762 vestri,
2135 717 2203 755 ne
2235 703 2416 754 minus
2445 717 2606 770 quam
2661 703 2868 769 accepi,
2915 701 3006 754 sed
3059 710 3113 754 et
3166 701 3358 767 majus,
3419 709 3470 749 rt

1913 794 2108 846 melius
2142 809 2242 846 suo
2273 803 2514 860 tempore
2575 794 2863 861 imperium
2919 793 3228 852 restituam,
3280 807 3468 842 verum

1911 885 2072 936 etiam
2111 893 2334 951 propter
2387 884 2672 937 incensum
2735 883 3007 952 quoddam
3063 882 3301 934 nominis
3365 881 3468 931 ma-i

1913 976 2247 1045 prepagaudi
2307 953 2573 1030 studium.
2637 975 2899 1043 Quodque
2967 974 3054 1027 his
3104 973 3360 1025 omnibus
3417 980 3472 1023 ιιι.

1917 1068 2116 1134 potius,
2154 1075 2209 1119 et
2247 1067 2547 1120 terribilius
2575 1066 2708 1117 mihi
2736 1075 2840 1128 est,
2873 1073 3096 1132 propter
3128 1078 3354 1116 examen
3393 1064 3474 1114 ιιι--

1914 1171 2124 1212 ciorum
2162 1173 2428 1220 meorum,
2463 1157 2606 1225 quod
2643 1171 2728 1208 me
2763 1155 2872 1208 illic
2925 1165 3106 1206 manet
3137 1172 3152 1205 ι
3198 1163 3252 1206 et
3314 1157 3476 1206 ratior

1914 1265 2033 1311 nes,
2099 1265 2234 1318 quas
2281 1247 2423 1316 apud
2469 1248 2811 1301 tremendum
2849 1245 3130 1306 tribunal,
3187 1255 3332 1298 recte
3381 1255 3476 1296 aut

1915 1355 2074 1394 secus
2127 1339 2522 1394 administratae
2563 1338 2880 1406 reipublicae
2933 1335 3302 1404 reposcendus
3329 1351 3472 1386 sum.

1914 1428 2043 1493 Quae
2073 1428 2416 1490 socordibus,
2439 1437 2494 1481 et
2521 1443 2642 1480 cum
2671 1427 2883 1495 jactura
2909 1426 3186 1478 counnuni
3213 1439 3338 1477 suas
3369 1426 3489 1492 pri--

1916 1521 2080 1574 vatim
2109 1537 2242 1590 opes
2271 1520 2594 1586 augentibus
2627 1517 2965 1572 intoleranda
2991 1518 3126 1576 fore,
3155 1531 3314 1569 uerno
3367 1530 3473 1568 non

1917 1613 2083 1666 videt.
2123 1613 2307 1679 Itaque
2343 1610 2624 1680 probabile
2659 1609 2736 1670 ﬁt,
2770 1625 2894 1660 eum
2947 1609 3039 1673 qui
3081 1607 3170 1658 tali
3209 1607 3354 1673 ipsos
3380 1621 3474 1657 ne-

1917 1703 2254 1758 cessitudine
2281 1703 2629 1764 constrinxit,
2654 1717 2682 1754 e
2715 1701 2894 1754 medio
2929 1701 3119 1753 tollere
3139 1709 3434 1752 cenaturos
3462 1716 3473 1748 :

1847 1842 1890 1896 Β
1918 1795 2066 1865 quod
2099 1795 2258 1848 aliter
2299 1810 2402 1847 non
2437 1794 2714 1862 procedet.
2761 1793 2816 1844 ni
2850 1799 2979 1844 ante
3015 1791 3201 1843 multis
3230 1791 3478 1872 conlitlis

1920 1887 2240 1948 mendaciis,
2291 1897 2350 1938 et
2382 1885 2630 1937 consutis
2662 1881 3033 1952 sycophantiis
3087 1895 3183 1932 nos
3228 1862 3476 1931 mulu'um

1915 1976 2380 2046 exasperaverint.
2407 1975 2524 2040 Quo
2557 1956 2684 2028 vero
2715 1971 3072 2040 turpitudinis
3123 1985 3208 2022 res
3247 1984 3478 2022 evasura

1917 2072 2011 2133 sit,
2075 2069 2138 2124 δί’
2173 2069 2278 2122 hoc
2311 2067 2734 2136 contigeritnct
2794 2075 2847 2117 tu
2890 2079 2990 2132 pro
3036 2071 3128 2116 tua
3187 2061 3476 2130 prudentia

1917 2167 2102 2219 videre
2145 2175 2320 2232 potes,
2352 2162 2538 2230 etipse
2563 2160 2918 2214 nihilominus
2943 2157 3169 2211 docebo.
3201 2156 3308 2209 Aut
3333 2157 3480 2208 enim

1917 2273 2004 2310 me
2036 2256 2322 2310 calumniae
2363 2252 2665 2307 obnoxium
2713 2261 3108 2318 praetenomne
3153 2247 3243 2315 jus
3291 2246 3482 2313 fasque

1919 2350 2057 2404 mori
2091 2361 2312 2402 necesse
2353 2353 2456 2408 est,
2484 2344 2763 2396 hominem
2791 2333 2900 2394 non
2928 2341 3103 2394 solum
3143 2337 3483 2406 imperatori,

1920 2451 1972 2497 et
2005 2440 2165 2494 vobis
2188 2436 2504 2506 sanguineis
2526 2435 2644 2502 ejus
2676 2434 2934 2494 amicum,
2963 2431 3150 2484 tandiu
3187 2430 3483 2498 diligenter

1919 2533 2262 2601 exploratum
2289 2539 2344 2582 et
2378 2529 2428 2580 in
2469 2543 2526 2579 re
2545 2525 2787 2578 Romana
2815 2540 2937 2577 cum
2989 2523 3092 2576 lide
3143 2521 3486 2590 integritate-

1922 2640 2028 2694 que
2076 2619 2508 2677 administranda
2559 2626 2868 2678 versatum;
2922 2629 3108 2684 quem,
3157 2615 3202 2667 si
3262 2612 3482 2666 fortuna

1924 2719 2105 2785 aliqua
2136 2714 2294 2782 ,apud
2353 2713 2654 2774 Barbaros,
2706 2709 2893 2778 procul
2945 2709 3320 2762 Romanorum
3375 2715 3485 2759 ter-

1926 2809 2004 2861 ris
2056 2808 2281 2874 degeret
2309 2845 2323 2864 .
2364 2805 2523 2858 valde
2561 2799 3032 2870 reprehendendi,
3091 2807 3148 2852 et
3195 2799 3484 2850 accusandi

1927 2900 2124 2952 merito
2179 2895 2543 2950 censeremini
2578 2933 2591 2952 ,
2653 2891 2756 2945 nisi
2815 2905 2938 2944 eum
2999 2889 3372 2942 reducendum
3427 2903 3490 2940 ac

1929 2989 2292 3042 revocandum
2335 2986 2483 3039 omni
2541 2999 2670 3036 cura
2710 2997 2774 3035 ac
2805 2979 3096 3034 sedulitate
3151 2977 3446 3030 studeretis
3475 3018 3488 3033 .

1927 3083 2044 3144 eius
2074 3095 2238 3147 opera
2276 3077 2513 3129 utdeeet
2544 3073 2698 3128 usuri
2743 3091 2756 3125 :
2809 3080 2904 3126 aut
2947 3071 3110 3140 368
3151 3069 3196 3121 si
3259 3079 3489 3122 mortem

253 3151 417 3216 λόγον
443 3152 655 3219 ἀνάγκη
691 3150 1076 3219 ἀποθνήσκειν,
1127 3149 1288 3217 ἔργον
1337 3149 1706 3216 γεγενημένον
1740 3165 1824 3199 συι

1930 3155 2162 3240 fugiens.
2200 3170 2358 3222 saluti
2397 3166 2900 3234 meaa'proSpiccrc,
2935 3179 3034 3216 nec
3083 3177 3202 3215 eam
3253 3163 3492 3214 inimicis

255 3246 557 3309 κοφαντίας
589 3243 681 3294 καὶ
709 3241 979 3310 διαϐολῆς,
1010 3241 1296 3309 ἄνθρωπον
1325 3244 1384 3292 οὐ
1433 3241 1592 3308 μόνον
1635 3239 1820 3291 εὔνουν

256 3329 478 3399 βασιλεῖ
507 3334 600 3384 καὶ
628 3334 738 3392 τοῖς
793 3333 985 3401 ἐκείνῳ
1014 3334 1389 3402 προσήκουσιν
1419 3331 1546 3399 ὑμῖν
1595 3332 1690 3381 ἐπὶ
1739 3347 1824 3381 το-

255 3421 452 3469 σοῦτον
483 3420 674 3486 χρόνον
728 3419 1094 3488 ἔξητασμὲνον
1133 3419 1396 3488 ἀκριϐῶς,
1431 3417 1567 3470 ἀλλὰ
1625 3417 1717 3469 καὶ
1757 3419 1826 3468 τά

265 3508 560 3578 ⁹Ι”ω;ιαὶιι›ν
611 3511 910 3578 πράγματα
951 3510 1158 3572 ἀδόλως
1207 3509 1301 3563 καὶ
1335 3509 1594 3577 καθαρῶς
1629 3507 1829 3576 διῳκη-

253 3599 416 3650 κότα.
459 3601 556 3650 ’⁸ον
579 3599 628 3650 el
653 3601 796 3650 κατά
822 3599 886 3668 δή
912 3617 1034 3650 τινα
1065 3597 1236 3667 τύχην
1261 3597 1412 3670 παρά
1441 3596 1738 3666 βαρϐάροις
1762 3595 1824 3664 δή

252 3709 373 3742 τισι
405 3691 684 3744 συνέϐαινε
711 3692 1010 3762 διατρίϐειν
1043 3692 1232 3760 πόρρω
1256 3691 1353 3760 τῆς
1391 3691 1681 3758 Ῥωμαίων
1703 3692 1826 3756 γῆς,

253 3783 467 3853 πολλῆς
497 3784 562 3836 ἂν
587 3778 686 3854 ἦτε
728 3783 992 3852 μέμψεως
1039 3782 1180 3848 ἄξιοι
1210 3781 1436 3842 δικαίως
1464 3781 1560 3832 καὶ
1601 3795 1836 3848 κατηγο-

253 3878 408 3947 ρίας,
471 3879 518 3927 ει
567 3875 642 3945 μὴ
677 3865 868 3927 ’πᾶσαν
894 3873 1082 3926 ἔθεσθε
1117 3873 1360 3942 σπουδὴν
1395 3866 1694 3937 ὲπὰνάγειν
1740 3872 1834 3924 καὶ

249 3969 650 4023 ἀνακαλεῖσθαι
681 3959 1070 4038 χρησόμενοιῇ
1098 3966 1250 4036 αὐτῷ
1273 3965 1646 4034 προσῆκεν.’“11
1678 3965 1724 4016 ει
1759 3963 1834 4034 μὴ

251 4063 427 4124 αὐτὸς
484 4059 626 4114 ἑκὼν
667 4062 978 4129 αἱρήσομαι·
1024 4061 1116 4112 τὸν
1148 4057 1399 4118 θάνατον,
1430 4057 1543 4110 ἀλλ’
1591 4057 1836 4120 ἐθελήσω

253 4153 526 4224 ⁸ιτρονοεας
579 4152 817 4222 ἐμαυτὸν
863 4151 1070 4216 ἀξιοῦν,
1119 4152 1211 4204 καὶ
1269 4153 1342 4220 μὴ
1401 4149 1847 4220 καταπροῖεσθαι.

249 4249 373 4307 τοῖς
409 4245 752 4313 βουλομένοις
781 4244 879 4311 τὴν
916 4245 1210 4311 σωτηρίαν.
1249 4244 1462 4312 ἀνάγκη
1491 4243 1585 4294 σοῦ
1609 4242 1840 4309 ἀφίστα-

249 4339 390 4391 σθαι
427 4337 522 4389 καὶ
555 4335 750 4400 σώζειν
783 4335 1043 4402 ἐμαυτόν.
1081 4337 1286 4388 Τούτου
1332 4336 1388 4388 δὲ
1434 4337 1728 4405 γενομένου
1759 4335 1840 4388 ὅτι

244 4431 481 4490 πλείους
528 4431 651 4496 ἐμοὶ
705 4427 812 4479 τῶν
849 4427 1140 4496 Ῥωμαίων
1179 4427 1422 4496 ἕψονται,
1467 4429 1560 4481 καὶ
1599 4427 1838 4496 πόλεμος

1928 3262 2159 3338 prodere
2182 3261 2426 3323 voluero,
2463 3268 2523 3312 ιιι
2553 3274 2637 3311 me
2657 3257 2834 3326 ipsum
2868 3271 3105 3318 servem,
3136 3258 3233 3310 abs
3259 3268 3308 3309 te
3333 3271 3495 3328 cogar

1927 3355 2183 3408 deiicere.
2214 3351 2332 3418 Quo
2361 3351 2504 3404 facto
2533 3350 2717 3418 plures
2755 3349 3123 3402 Romanorum
3160 3365 3244 3403 mc
3275 3356 3498 3402 secutu-

1927 3463 2036 3505 ros,
2061 3445 2374 3511 bellumque
2389 3442 2546 3495 civile
2561 3457 2785 3504 saevum,
2808 3451 2858 3494 et
2883 3441 3106 3494 crudele
3127 3455 3492 3500 emersurum,

1932 3539 2096 3590 urbes
2123 3545 2179 3589 et
2206 3534 2308 3588 alia
2357 3534 2646 3587 innumera
2681 3533 2958 3600 perditum
2987 3535 3076 3597 iri,
3104 3542 3157 3586 et
3188 3533 3492 3586 Romanum

1931 3631 2323 3700 principatum,
2371 3637 2432 3679 ut
2459 3642 2568 3680 uno
2625 3626 2793 3680 verbo
2857 3627 3220 3696 complectar,
3273 3641 3501 3678 occasu-

1931 3737 2075 3779 rum.
2125 3721 2398 3773 nemiuem
2427 3731 2652 3786 prorsus
2683 3725 2962 3783 utcunque
3011 3715 3237 3766 rationis
3272 3713 3498 3780 partici-

1935 3828 2059 3883 pem
2097 3827 2205 3863 uon
2240 3825 2465 3863 eernere
2502 3809 2720 3876 Opinor.
2742 3806 2986 3871 Quorum
3021 3819 3208 3872 pmnas
3239 3804 3305 3855 ab
3337 3805 3499 3856 utris-

1935 3915 2043 3970 que
2071 3909 2320 3951 nostrum
2373 3905 2630 3962 tanquam
2677 3893 3210 3946 auctoribushorum
3256 3889 3497 3940 omnium

1937 3993 1994 4044 in
2025 3990 2230 4059 judicio
2276 3989 2367 4041 illo
2410 3987 2684 4040 horrcndo
2733 3993 2970 4052 expetet.
3012 3983 3104 4050 qui
3154 3981 3307 4033 vivos
3351 3996 3500 4031 mor-

1940 4095 2169 4150 tuosque
2228 4079 2676 4150 jndicabiteimo
2723 4074 2825 4128 abs
2855 4087 2904 4128 te
2947 4075 3058 4128 sola
3111 4075 3329 4142 potius,
3382 4087 3502 4142 qua:

1939 4185 2118 4240 neque
2159 4185 2256 4239 per
2318 4177 2370 4222 te
2432 4167 2791 4228 intellexeris,
2854 4165 2984 4234 quid
3045 4176 3096 4218 te
3137 4165 3314 4220 facere
3373 4181 3502 4219 cou-

1941 4262 2203 4320 veniret,
2255 4261 2432 4326 neque
2507 4270 2592 4308 me
2663 4254 2856 4307 docere
2919 4254 3189 4307 volentem
3252 4255 3503 4307 attende-

1943 4351 2038 4404 ris.
2091 4347 2356 4414 Equidem
2403 4345 2512 4398 Deo
2567 4343 2705 4397 bene
2749 4343 2982 4412 propitio
3037 4343 3104 4395 ab
3175 4341 3337 4396 ollicii
3399 4327 3509 4397 fra-

1945 4442 2076 4496 mite
2139 4453 2402 4507 nusquam
2457 4433 2793 4488 deﬂexurum
2865 4451 2948 4488 me
3005 4450 3259 4489 assevero
3311 4452 3323 4487 :
3403 4451 3506 4489 nec

247 4523 525 4596 ἐμφύλιος
554 4521 726 4584 ἔσται,
751 4520 982 4588 χαλεπὸς
1001 4519 1056 4572 δὲ
1097 4520 1328 4572 πολειων
1365 4521 1714 4582 ἀναστάσεις,
1747 4527 1838 4577 καὶ

1897 4521 1921 4574 )
1965 4530 2277 4586 mortalium
2321 4527 2464 4580 ullus
2510 4527 2644 4579 mihi
2697 4525 3068 4594 persuadebit,
3123 4535 3184 4578 ut
3235 4518 3386 4580 bello
3418 4542 3510 4581 0c—

251 4612 476 4684 μυρίων
497 4611 694 4680 φθοραὶ
714 4610 1075 4680 πραγμάτων,
1101 4613 1192 4662 καὶ
1214 4611 1530 4680 συμπάσης,
1550 4611 1624 4674 ὼς
1642 4613 1836 4677 εἰπεῖν,

247 4705 562 4766 κατάλυσις
587 4703 993 4772 τῆςῬωμαίων
1031 4703 1353 4772 ἡγεμονίας,
1386 4703 1564 4755 πάντα
1596 4703 1838 4756 ὁντινοῦν

247 4801 451 4866 οἴομαι
487 4797 562 4865 μὴ
587 4797 805 4863 ἀγνοεῖν
830 4795 921 4848 τὸν
953 4795 1048 4846 καὶ
1096 4794 1347 4848 ὁπωσοῦν
1403 4795 1618 4863 φρενῶν
1657 4811 1839 4864 μετει-

246 4890 488 4958 ληχότα.
517 4883 618 4940 Ὧν
679 4888 779 4951 τὰς
826 4887 980 4947 δίκας
1033 4889 1164 4956 παρ’
1213 4887 1540 4957 ἀμφοτέρων
1604 4887 1838 4958 λήψεται

243 4985 286 5049 ὴ
306 4980 427 5044 μῶν
458 4981 548 5030 ἐπὶ
579 4979 676 5046 τῆς
710 4978 866 5046 δίκης
909 4977 1125 5046 ἐκείνης
1155 4980 1252 5046 τῆς
1304 4979 1541 5046 φοϐερᾶς
1565 4981 1591 5030 ὁ
1634 4981 1839 5041 πάντας

251 5070 482 5141 μέλλων
513 5071 720 5139 κρίνειν
755 5069 966 5145 ζῶντας
997 5069 1090 5120 καὶ
1112 5070 1364 5136 νεκροὺς,
1393 5069 1464 5131 ὡς
1500 5069 1707 5121 τούτων
1753 5071 1842 5121 αἰ-

245 5167 418 5224 τίους
445 5165 664 5217 πάντων
699 5163 1122 5232 γενησομένους.
1159 5163 1378 5216 Μᾶλλον
1400 5163 1454 5214 δὲ
1490 5164 1642 5234 παρὰ
1676 5164 1840 5231 μόνης

253 5257 394 5318 σεῦ,
433 5259 530 5325 τῆς
564 5258 700 5326 μήτε
731 5256 863 5326 παρ’
893 5256 1092 5325 ἑαυτῆς
1125 5255 1184 5306 τὸ
1216 5255 1337 5306 δέον
1367 5256 1669 5324 συνιείσης,
1702 5257 1839 5323 μήτε

251 5347 403 5417 παρ’
447 5347 578 5418 ἐμοῦ
619 5347 812 5416 μαθεῖν
850 5345 1191 5410 διδάσκοντος
1226 5346 1651 5416 βουλησομένης.
1699 5344 1842 5412 Ἐγὼ

247 5444 380 5510 γὰρ
442 5439 602 5501 αὐτὸς
663 5437 1070 5508 διῖσχυρίζομαι
1121 5439 1216 5492 καὶ
1271 5435 1366 5508 τῆς
1419 5439 1626 5492 ἀνωθεν
1659 5439 1839 5508 χειρὸς

247 5531 780 5600 συνεφαπτομένης,
812 5530 886 5592 ὡς
932 5529 1085 5581 οὐδὲν
1119 5530 1511 5600 παραϐήσομαι
1556 5531 1663 5581 τῶν
1691 5529 1838 5581 δεόν-

241 5643 378 5679 των
401 5637 412 5650 '
450 5623 555 5674 οὐδ’
601 5623 748 5675 ἐστιν
783 5623 810 5675 ὃ
843 5638 910 5692 με
945 5622 1122 5674 πείσει
1160 5609 1436 5694 πρόφασιν
1490 5622 1569 5692 τῷ
1617 5622 1840 5692 πολέμῳ

249 5715 674 5794 παρασχέσθαι.
721 5715 784 5768 ΕΞ
837 5715 937 5783 μὲν
979 5715 1072 5768 οῦν
1126 5715 1269 5769 οὕτω
1303 5717 1572 5778 πέπεικας
1611 5715 1836 5784 σαυτὴν,

248 5811 416 5866 ὥστε
451 5807 614 5878 μηδὲν
645 5807 918 5879 μηδέποτε
946 5807 1145 5876 φαῦλον
1180 5808 1490 5877 λογίζεσθαι
1527 5809 1651 5876 περὶ
1677 5807 1834 5877 ἐμοῦ,

1943 4623 2216 4678 casionem
2255 4618 2549 4687 praebeam.
2585 4617 2761 4682 Quare
2792 4616 2836 4668 si
2873 4633 2936 4670 ea
2971 4616 3068 4668 tibi
3114 4633 3286 4682 mens,
3326 4627 3384 4670 ut
3429 4620 3508 4670 ni-

1943 4715 2020 4768 hil
2052 4713 2331 4767 sinistrum
2359 4707 2654 4778 aliquando
2684 4708 2750 4762 de
2811 4723 2894 4762 me
2957 4709 3200 4776 cogitare
3237 4711 3386 4772 relis,
3416 4711 3507 4762 sed

1941 4805 2279 4866 existimare,
2312 4801 2494 4853 omnia
2547 4793 2632 4852 i'ue
2688 4799 2854 4862 facta,
2893 4809 2948 4854 et
2983 4799 3216 4868 cegitata
3251 4801 3316 4852 ad
3349 4810 3501 4853 tueu-

1942 4897 2064 4950 dam
2103 4891 2448 4962 imperatoris
2480 4889 2574 4942 lilii
2613 4889 2688 4941 tui
2723 4890 3127 4953 auctoritatem,
3163 4889 3504 4958 dignitatem-

1941 5003 2049 5057 que
2101 4985 2364 5054 dirigere,
2426 4992 2776 5034 accusatores
2829 4989 3010 5034 autem
3045 4997 3199 5035 meos
3247 4982 3300 5034 in
3352 4996 3510 5050 syco-

1944 5078 2197 5147 phantis,
2245 5073 2741 5140 comnnmihusque
2803 5072 3040 5125 inimicis
3095 5071 3342 5134 ducere,
3413 5059 3538 5124 neci

1945 5183 2184 5237 unquam
2214 5167 2322 5218 illis
2347 5175 2404 5218 ut
2437 5164 2728 5218 veracibus
2757 5162 3014 5227 credere;
3054 5163 3276 5215 credere
3307 5172 3510 5222 autem,

1943 5262 2052 5314 imo
2077 5275 2178 5313 nec
2210 5259 2276 5312 ad
2309 5273 2472 5310 aures
2504 5255 2726 5324 quidem
2773 5269 2870 5308 eos
2897 5255 3211 5315 admittere,
3257 5255 3426 5322 juste,
3458 5264 3512 5308 et

1944 5351 2086 5422 quod
2117 5347 2235 5414 tibi,
2266 5363 2328 5401 ac
2361 5346 2513 5410 mihi,
2545 5345 2858 5414 pariterque
2887 5343 3149 5398 Romanis
3175 5343 3362 5412 prosit,
3399 5351 3514 5413 sta-

1900 5471 1904 5476 -
1945 5441 2138 5502 tueris,
2167 5449 2223 5492 et
2271 5439 2374 5490 hac
2421 5434 2736 5489 conditione
2800 5433 3168 5502 gubernacula
3228 5427 3522 5496 recipiam-

1943 5530 2037 5584 Sin
2064 5539 2244 5582 autem
2273 5527 2337 5580 ad
2366 5527 2480 5579 haac
2509 5521 3220 5594 przestanda.inﬁrmitatem
3247 5519 3516 5588 perspicis

1942 5621 2110 5674 animi
2141 5623 2240 5682 tui,
2281 5635 2342 5673 ac
2372 5619 2439 5672 de
2493 5632 2576 5672 me
2631 5617 2901 5670 ﬂuctuant
2965 5614 3324 5684 cogitationes
3379 5621 3518 5673 tua:,.

1945 5711 2076 5781 quid
2109 5727 2245 5780 opus
2289 5721 2370 5765 est
2405 5711 2560 5770 mihi,
2614 5725 2676 5762 ac
2727 5708 2880 5761 vobis
2935 5706 3126 5759 i'acessi
3185 5704 3516 5773 negotium"

1946 5821 2042 5860 cur
2073 5823 2178 5861 non
2225 5807 2403 5874 potius
2434 5803 2564 5857 mihi
2605 5805 2742 5858 bene
2797 5802 3038 5857 monenti
3070 5802 3510 5868 obtemperatur,
