4212 6444
225 415 330 482 731

1336 415 1864 476 IllSTOiiiAiiUh-I
1911 413 2130 472 LiBEil
2176 414 2289 474 lii.

3337 419 3440 478 73S

225 530 336 600 ιδῃ,
367 529 476 581 οὐδ’
515 529 655 581 οὕτω
683 529 1006 598 δυνήσεσθαι
1037 531 1200 582 αὑτὸν
1255 533 1502 596 μισῆσαι,
1529 531 1660 582 ἀλλὰ
1691 531 1784 592 τὴν
1819 533 1856 586 Α

1775 545 1784 577 ν
1819 533 1856 586 Α
1889 526 2212 592 imperatore
2247 523 2504 592 magistro
2533 533 2736 576 tantum
2772 525 2874 578 sibi
2913 525 3222 594 prudentia,
3261 537 3314 580 et
3340 547 3438 584 usu

225 621 346 686 ῐσην
369 619 579 670 εὔνοιαν
610 619 758 688 αὑτῷ
792 621 884 671 καὶ
908 622 1096 672 τούτου
1131 623 1520 687 πεπραγμένου
1553 622 1776 687 τηρήσει

222 709 320 759 καὶ
348 709 550 775 φιλίαν,
589 702 632 774 ᾧ
671 726 772 777 περ
804 709 1010 774 ἔφασκε
1038 710 1299 776 χρωμένη
1320 710 1642 778 διδασκάλῳ,
1685 717 1778 760 καὶ

221 801 362 866 αὑτὴ
407 799 662 851 τοσοῦτον
713 801 1028 866 ὑπερέχοντι
1077 800 1245 867 αὐτῆς
1297 801 1390 850 καὶ
1433 803 1648 850 συνέσει
1685 799 1776 850 καὶ

153 895 160 902 ’
223 891 564 956 πραγμάτων
595 890 854 955 ἐμπειρία
884 891 950 940 τὰ
987 888 1077 941 ἴσα
1109 893 1236 956 περ’».
1269 889 1430 939 αὑτοῦ
1461 891 1552 940 καὶ
1584 889 1774 952 γινώσσ

221 993 338 1028 κειν
367 979 461 1028 καὶ
497 978 853 1046 πειράσεσθαι
903 978 1178 1044 φυλάξειν,
1217 980 1312 1030 καὶ⁸
1366 979 1778 1048 παρεθάρρυνεν

219 1067 405 1126 αὑτὸν,
445 1067 612 1132 μηδὲν
636 1069 764 1134 περὶ
813 1070 982 1137 αὑτῆς
1013 1071 1341 1123 ὑποπτεύειν
1367 1072 1586 1137 ἀγεννές
1613 1087 1626 1102 ·
1660 1071 1776 1124 ἀλλ’

217 1149 360 1204 εἶναι
393 1153 626 1220 βεϐαίως
659 1159 1022 1225 πεπεισμένον
1055 1158 1128 1219 ὡς
1158 1160 1307 1211 οὐδὲν
1345 1161 1499 1212 ἔσται
1529 1159 1780 1225 τηλικοῦ-

215 1260 308 1295 τον
347 1245 376 1295 ὃ
421 1244 708 1312 δυνήσεται
756 1251 879 1308 τοὺς
920 1249 1091 1316 αὐτῆς
1125 1252 1444 1302 κατασεῖσαι
1489 1250 1777 1319 λογισμοὺς

217 1338 310 1386 καὶ
335 1338 460 1404 περὶ
487 1337 650 1388 αὑτοῦ
678 1341 821 1391 κακὰ
853 1341 1164 1406 λογίζεσθαι
1197 1343 1632 1410 παρασκευάσει.
1653 1342 1777 1394 Ἐπὶ

213 1427 426 1488 τούτοις
452 1427 506 1478 δὲ
539 1430 568 1480 ὁ
617 1431 791 1496 μέγας
821 1431 1162 1498 δομέστικοζ,
1211 1432 1310 1500 τὴν
1356 1431 1454 1496 μὲν
1483 1431 1778 1500 ὁμολογίαν

219 1515 490 1583 βασιλίδος
517 1517 794 1582 ἀρκοῦσαν
827 1518 1032 1585 οἰηθεὶς
1063 1519 1338 1584 ἀπόδειξιν
1365 1519 1500 1585 πρὸς
1528 1521 1586 1570 τὸ
1612 1517 1777 1586 μηδὲν

215 1598 358 1657 εἶναι
393 1606 643 1671 ἐμποδὼν
675 1609 722 1658 εί
748 1606 1000 1660 ἐϐούλετο
1047 1608 1214 1670 κακὸς
1257 1609 1506 1676 ὀφθῆναι,
1543 1608 1778 1674 μάλιστα

215 1694 272 1747 δέ
303 1695 598 1766 δυνάμενος
633 1699 812 1750 ἑκοντὶ
856 1699 1068 1764 τάγαθὰ
1102 1699 1196 1750 καὶ
1245 1699 1430 1750 δίκαια
1480 1698 1773 1765 αἱρεῖσθαι.

219 1784 352 1838 Εἶτα
385 1786 479 1839 καὶ
515 1787 614 1856 τῆς
636 1787 1041 1854 καλοκάγαθίας
1079 1789 1170 1840 καὶ
1195 1789 1291 1854 τῆς
1322 1792 1400 1850 είς
1429 1788 1589 1840 αὑτὸν
1622 1805 1778 1856 στορ-

1881 611 2188 682 prmStante,
2226 616 2418 668 eadem
2455 615 2520 666 de
2555 615 2644 666 illo
2670 617 2898 674 sentire,
2949 627 3002 668 et
3037 619 3154 683 ejus
3187 618 3438 676 admoni-

1881 709 2009 760 tio:ii
2035 709 2328 775 parituram
2351 723 2366 768 ;
2393 706 2856 772 eonﬁrmahatqne
2877 706 3026 758 illum
3053 709 3266 774 nequid
3291 709 3356 761 de
3382 724 3438 761 se

1878 801 2146 868 abjcetum
2211 799 2600 864 suspicaretur,
2655 797 2748 848 sed
2807 806 3120 850 constanter
3169 799 3436 860 crederet,

1879 891 2012 943 lllltil
2049 891 2178 941 tanti
2227 888 2364 950 fore,
2396 889 2538 939 unde
2573 887 2684 952 ipsa
2727 887 2793 938 de
2827 887 3096 940 sententia
3128 887 3436 950 deturbata,

1877 979 2017 1032 male
2067 979 2134 1031 dc
2160 992 2225 1030 eo
2281 977 2636 1030 existimaret.
2673 977 2918 1028 I‘oslhwc
2974 993 3199 1044 magnus
3251 979 3440 1032 dome-

1877 1071 2048 1123 sticus
2079 1067 2442 1136 imperatricis
2473 1067 2813 1120 confessione
2845 1067 2980 1118 satis
3009 1071 3440 1122 demonstratum

1878 1159 2196 1220 arbitratus,
2245 1158 2382 1208 nihil
2437 1157 2537 1210 sibi
2572 1171 2694 1208 esse
2739 1157 3054 1222 obstaculo,
3103 1159 3147 1210 si
3195 1159 3441 1226 improbe

1881 1247 2006 1300 velit
2033 1261 2211 1315 agere,
2245 1255 2300 1299 et
2329 1261 2486 1313 posse
2516 1255 2706 1312 sponte
2741 1259 2836 1296 sua
2875 1245 3030 1304 bene.
3068 1247 3318 1314 justeque
3359 1247 3442 1298 fa-

1877 1347 2044 1386 cere:
2097 1332 2296 1386 deinde
2351 1333 2422 1386 ob
2465 1332 2851 1399 integritatem,
2901 1341 2952 1385 et
2992 1347 3228 1385 amorem
3279 1334 3331 1385 in
3383 1349 3442 1388 se

1877 1423 2212 1476 declaratum
2252 1424 2439 1490 gratiis
2467 1424 2622 1482 actis,
2655 1421 2836 1473 denuo
2863 1420 2940 1473 sic
2974 1422 3067 1474 ait.
3103 1423 3211 1474 Nec
3245 1425 3439 1490 ipsam,

1877 1525 1978 1565 nec
2009 1512 2378 1580 patriarcham
2427 1511 2590 1564 verba
2625 1525 2718 1562 sua
2767 1519 3017 1578 suspecta
3055 1512 3249 1564 habere
3281 1527 3445 1579 opor-

1879 1609 2012 1662 tere,
2048 1602 2202 1670 quasi
2244 1603 2318 1655 ita
2355 1603 2702 1655 securitatem
2736 1601 2836 1652 sibi
2875 1612 3156 1668 praeparet,
3182 1612 3240 1654 ut
3269 1619 3445 1670 neque

1877 1693 1923 1746 si
1960 1695 2082 1761 quis
2109 1703 2166 1746 ut
2200 1693 2506 1760 improbum
2541 1707 2664 1744 eum
2688 1706 2944 1744 accusare
2967 1703 3151 1760 queat,
3183 1703 3236 1746 et
3262 1695 3440 1746 dicam

1879 1783 2206 1852 impingere,
2257 1783 2558 1851 recipiatur
2601 1783 2719 1850 ejus
2767 1783 2976 1846 oratiu;
3014 1799 3118 1834 non
3147 1785 3288 1834 enim
3339 1783 3443 1835 sibi

213 1879 320 1948 γῆς
353 1881 584 1949 χάριτας
611 1880 950 1949 ὁμολογήσας
981 1880 1212 1949 βασιλίδι
1249 1879 1406 1942 αὖθις
1435 1879 1773 1948 ἀνελάμϐανε
1807 1857 1848 1915 Β

1807 1857 1988 1926 llhoc.
2029 1874 2192 1938 velle,
2256 1874 2348 1926 sed
2405 1874 2448 1928 si
2505 1876 2722 1942 quidam
2781 1875 3073 1938 aliquando
3122 1874 3188 1925 de
3245 1875 3444 1926 talibus

213 1971 306 2020 τὸν
339 1969 497 2036 λόγον
523 1985 536 1998 ’
575 1972 648 2039 μὴ
701 1969 764 2039 δὴ
811 1970 899 2022 διὰ
929 1969 1101 2022 ταῦτα
1143 1970 1384 2038 φάσκων,
1423 1971 1543 2039 μήτ’
1584 1971 1773 2035 αὐτὴν,

221 2062 359 2130 μήτε
391 2061 739 2132 πατριάρχην
780 2062 1109 2115 ὑποπτεύειν
1141 2062 1288 2130 αὐτῷ
1326 2063 1451 2124 τοὺς
1483 2062 1672 2130 λόγους
1702 2061 1777 2124 ὼς

217 2153 541 2220 πανούργως
565 2149 912 2223 εἰρημένους,
937 2156 1121 2208 ἄδειαν
1149 2155 1295 2224 αὑτῷ
1321 2153 1779 2224 προπαρασκευά-

217 2243 365 2306 Cum
393 2244 452 2295 τὸ
510 2245 634 2312 μηδ’
665 2244 728 2298 ἄν
781 2262 864 2307 τις
909 2245 1081 2314 άληθῆ
1109 2245 1288 2312 λέγειν
1321 2245 1420 2316 ἔχῃ
1457 2248 1579 2312 περὶ
1613 2245 1777 2297 αὑτοῦ

217 2337 312 2388 καὶ
340 2335 714 2389 ἀποδεικνύειν
771 2337 1082 2408 ἀδικοῦντα,
1115 2338 1275 2388 τόπον
1309 2337 1452 2405 ἔχειν
1501 2335 1637 2404 πρὸς
1679 2335 1779 2404 τὴν

215 2431 340 2482 κατ’
379 2430 544 2482 αὑτοῦ
576 2431 913 2498 κατηγορίαν
958 2431 1051 2482 καὶ
1086 2431 1328 2498 γραφήν.
1360 2429 1434 2482 Οὐ
1469 2429 1576 2498 γὰρ
1622 2427 1780 2480 τοῦτο

215 2520 510 2589 βούλεσθαι
537 2517 834 2589 αὑτῷτοῦς
872 2519 1060 2586 λόγους
1083 2535 1095 2548 '
1134 2519 1245 2572 ἀλλ’
1279 2519 1326 2570 εἰ
1365 2518 1464 2586 μέν
1503 2535 1640 2578 τινες
1667 2533 1780 2568 τοι·

214 2612 358 2664 αὕτα
393 2611 591 2680 δήποτε
620 2587 980 2674 κατθγοροϊεν
1013 2605 1098 2661 οἷα
1127 2609 1264 2661 αὑτὰ
1296 2608 1384 2675 ὑφ’
1426 2607 1632 2660 ἑαυτῶν
1663 2607 1782 2670 ἐξε-

214 2698 514 2768 λέγχεσθαι
541 2697 612 2760 ὡς
639 2699 747 2748 εἰσὶ
783 2697 1143 2762 συκοφαντίαι
1169 2697 1262 2748 καὶ
1288 2693 1548 2752 διαϐολαὶ,
1575 2693 1780 2746 τούτων

219 2791 432 2861 μηδένα
472 2790 741 2842 ποιεῖσθαι
764 2789 920 2854 λόγον
947 2829 962 2854 ,
997 2788 1133 2840 ἀλλὰ
1168 2788 1260 2838 καὶ
1291 2787 1414 2846 τοὺς
1449 2785 1780 2848 πλάττοντας

221 2883 427 2952 μισεῖν.
461 2882 523 2936 Εἰ
559 2881 604 2934 δ’
642 2881 751 2950 ἄρα
798 2879 970 2942 οὕτως
1001 2879 1092 2945 εἴη
1135 2879 1356 2942 πιθανά,
1392 2877 1519 2930 ὥστ’
1549 2877 1782 2945 ἀμφιϐο-

212 2976 341 3028 λίαν
367 2976 610 3042 ἐμποιεῖν
634 2974 682 3024 εί
713 2972 912 3042 μᾶλλον
937 2974 1042 3040 χρὴ
1072 2969 1350 3023 πιστεύειν
1377 2971 1407 3039 ἢ
1439 2969 1782 3022 παντάπασιν

213 3069 492 3128 ἀπιστεῖν,
555 3065 630 3134 μὴ
689 3065 906 3134 ἐρήμην
957 3064 1118 3125 εὐθὺς
1171 3061 1653 3131 καταψηφίζεσθαι
1689 3061 1781 3113 καὶ

213 3157 454 3218 ἀπόντος
483 3173 497 3187 ·
539 3155 653 3208 ἀλλ’
679 3155 758 3214 είς
781 3154 1135 3222 δικαστήριον
1169 3151 1375 3217 καλεῖν,
1409 3151 1508 3204 κᾶν
1544 3151 1782 3204 ἁλίσκω-

218 3266 324 3318 μαι
353 3247 577 3310 άδικῶν,
608 3246 668 3298 οὑ
697 3244 1069 3312 παραιτοῦμαι
1097 3243 1193 3310 τῆς
1223 3241 1558 3310 κακουργίας
1583 3241 1781 3292 διδόναι

215 3337 400 3397 δίκας.
455 3334 568 3402 Τῆς
603 3332 872 3401 βασιλίδος
923 3331 980 3384 δέ
1014 3331 1106 3382 τὸν
1141 3331 1268 3398 περὶ
1301 3329 1398 3398 τῆς
1427 3328 1582 3396 δίκης
1627 3327 1784 3396 λόγον

215 3425 648 3494 ἀποσειομένης,
683 3423 778 3475 καὶ
829 3421 955 3491 μηδ’
1020 3421 1085 3473 ἂν
1118 3421 1170 3473 ετ
1215 3438 1266 3472 τι
1323 3421 1528 3486 γένοιτο
1561 3419 1784 3470 τοιαῦτα

217 3517 355 3586 περὶ
394 3513 560 3567 αὑτοῦ
619 3513 912 3583 φρονήσειν
945 3510 1376 3579 διατεινομένης,
1418 3508 1558 3560 ὥστε
1591 3508 1683 3560 καὶ
1707 3507 1785 3560 δι-

216 3605 537 3674 καστηρίων
565 3601 853 3672 δεήσεσθαι
879 3600 1014 3670 πρὸς
1043 3599 1226 3661 αὑτὸν,
1259 3601 1356 3650 οὑκ
1381 3597 1618 3667 ἔφασκεν
1647 3599 1788 3649 ἐκεῖ-

217 3713 309 3759 νος
346 3697 657 3765 ἀγαπήσειν
689 3695 735 3746 εί
767 3692 842 3762 μὴ
879 3693 970 3745 καὶ
1005 3693 1131 3760 περὶ
1159 3689 1347 3743 τούτου
1379 3689 1619 3742 πείθοιτο
1640 3687 1788 3756 αὐτῷ

214 3788 334 3841 τῶν
357 3787 531 3841 ἄλλων
565 3786 764 3856 μᾶλλον
791 3781 1026 3851 ἐνεκα,ἢ
1061 3782 1227 3851 αὑτῆς
1249 3797 1261 3811 ·
1289 3781 1428 3833 ὥστε
1455 3780 1538 3833 διὰ
1571 3781 1788 3832 πάντων

219 3878 412 3938 αὑτοῖς
451 3872 895 3944 άποφράττεσθαι
929 3873 1024 3934 τὰς
1057 3871 1337 3938 γλώσσας,
1361 3871 1454 3922 καὶ
1479 3870 1554 3940 μὴ
1580 3870 1790 3937 πρόφα-

222 3985 312 4022 σιν
363 3971 429 4019 ἐκ
479 3965 673 4018 τούτου
726 3963 1068 4032 κακουργίας
1126 3962 1219 4014 καὶ
1272 3960 1522 4027 διαϐολῆς
1583 3959 1788 4014 λαϐεῖν.

231 4055 718 4127 Ἀπαγορευούσης
753 4053 810 4107 δὲ
847 4055 1016 4122 αὐτῆς
1067 4053 1162 4103 καὶ
1192 4052 1292 4102 οὐκ
1334 4051 1622 4117 ἐθελούσης
1664 4049 1789 4100 πείρ

220 4151 438 4208 θέσθαι.
481 4150 664 4203 ἔπεισε
709 4145 880 4198 πολλὰ
924 4142 1092 4196 εἰπὼν
1154 4142 1228 4204 ὡς
1287 4142 1415 4210 περὶ
1469 4139 1788 4207 ἀναγκαίου,

221 4244 474 4298 ἄκουσαν
505 4241 627 4310 μὲν,
657 4240 750 4290 καὶ
774 4237 898 4303 τόγε
925 4235 1001 4297 είς
1031 4235 1201 4304 αὑτὴν
1239 4229 1372 4304 ἧκον
1402 4231 1510 4284 τῶν
1534 4231 1792 4283 τοιούτων

224 4335 306 4406 μὴ
353 4331 614 4401 δεομένην
665 4329 1018 4398 ζητημάτων.
1065 4325 1349 4378 Ἐπείθετο
1400 4321 1444 4375 δ’
1491 4322 1586 4375 οὖν
1632 4323 1794 4374 ’ἑνεκα

219 4421 417 4478 αὑτοῦ.
458 4421 578 4476 Ἐπὶ
609 4419 819 4477 τούτοις
846 4415 901 4469 δὲ
925 4417 1017 4468 καὶ
1051 4413 1211 4474 αὐτὸς
1245 4413 1456 4481 ἡσθεὶς,
1487 4409 1581 4463 καὶ
1612 4409 1793 4460 πᾶσαν

1880 1979 2004 2017 eum
2032 1976 2372 2029 accusarent,
2406 1979 2526 2034 qua:
2556 1981 2732 2020 meras
2760 1981 2878 2021 esse
2907 1963 3227 2024 calumnias,
3279 1973 3334 2015 et
3359 1979 3446 2032 sy-

1877 2053 2198 2120 cophantias
2230 2053 2332 2122 ipsi
2371 2069 2401 2106 a
2441 2055 2749 2123 semetipsis
2778 2055 3254 2115 convincerentur,
3283 2052 3447 2122 368

1882 2145 2078 2196 horum
2115 2145 2320 2196 nullam
2349 2144 2475 2198 duci
2529 2145 2790 2200 rationein
2839 2145 3059 2204 debere,
3088 2143 3181 2196 sed
3233 2157 3354 2194 cum
3383 2144 3448 2196 li-

1881 2233 2116 2302 gmentis
2147 2233 2264 2286 suis
2292 2233 2639 2287 aversandos.
2667 2224 2759 2288 Sin
2793 2235 2863 2286 ita
2904 2233 3202 2302 probabilia
3247 2231 3446 2294 iorent,

1880 2334 1942 2378 ut
1968 2325 2336 2386 dubitaretur,
2356 2325 2721 2388 credendanc,
2755 2341 2820 2378 an
2848 2340 3084 2393 prorsus
3115 2325 3448 2391 repudianda

1881 2425 2086 2478 essent,
2129 2429 2236 2468 non
2273 2413 2456 2468 statim
2488 2413 2688 2468 indicta
2709 2430 2892 2477 causa,
2921 2425 2974 2468 et
3006 2415 3285 2466 absentem
3318 2427 3450 2465 con-

1881 2507 2271 2572 demnandum,
2294 2509 2390 2562 sed
2425 2510 2478 2560 in
2501 2509 2762 2578 judicium
2785 2507 3108 2568 vocandum,
3133 2508 3206 2560 ibi
3227 2506 3450 2559 sceleris

1881 2600 2186 2654 convictum
2243 2614 2362 2654 sese
2411 2617 2600 2663 pinnas
2662 2618 2766 2654 non
2820 2602 2988 2654 invite
3042 2609 3447 2667 suscepturum.

1881 2690 2018 2745 Cum
2057 2690 2378 2759 imperatrix
2407 2693 2738 2745 mentionem
2777 2707 2949 2760 preme
3003 2708 3106 2744 non
3150 2690 3334 2746 ferret.
3369 2691 3447 2740 af-

1883 2777 2239 2850 firmare'tque
2265 2821 2278 2842 ,
2313 2781 2576 2850 quidquid
2630 2783 2842 2835 tandem
2871 2783 3115 2836 eveniret
3171 2795 3447 2848 nunquam

1883 2869 1955 2922 ita
1978 2869 2045 2922 de
2077 2870 2196 2937 ipso
2225 2871 2610 2938 cogitaturum,
2651 2877 2709 2921 ut
2741 2871 2946 2938 judicio
2978 2871 3124 2922 illum
3152 2879 3452 2921 arcesseret

1884 2974 1988 3012 non
2047 2974 2104 3012 se
2143 2961 2458 3026 quieturum
2507 2961 2838 3014 domesticus
2887 2961 3250 3026 resiiondehat
3279 2997 3293 3020 ,
3351 2956 3452 3010 nisi

1893 3058 1948 3102 et
1995 3047 2048 3102 in
2091 3049 2192 3102 hoc
2225 3049 2330 3103 sibi
2383 3049 2802 3118 obsequeretur,
2865 3051 3094 3102 aliorum
3143 3064 3310 3102 causa
3343 3063 3436 3099 ma-

1883 3141 1964 3200 gis
1993 3155 2155 3208 quam
2219 3156 2339 3206 sua,
2374 3151 2432 3194 ut
2475 3141 2555 3195 sic
2601 3157 2694 3209 per
2732 3142 2912 3195 omnia
2946 3142 3052 3194 illis
3088 3155 3180 3193 ora
3209 3140 3444 3192 obstruc-

1888 3241 2118 3295 rentur,
2177 3241 2234 3286 et
2289 3247 2352 3286 ne
2407 3232 2536 3285 hinc
2591 3233 2821 3302 maligne
2885 3231 3249 3286 calumniandi
3297 3246 3448 3284 orca-

1886 3320 2094 3373 sione'm
2168 3329 2471 3374 sumerent.
2534 3317 2824 3374 liecusanti
2908 3335 3038 3373 vero
3109 3329 3164 3373 et
3223 3321 3451 3382 invitae,

1886 3408 2031 3478 quod
2104 3425 2161 3463 se
2223 3409 2534 3479 huiusmodi
2611 3411 3010 3478 quaestionibus
3105 3425 3210 3464 non
3289 3425 3454 3477 egere

1887 3500 2120 3564 diceret,
2145 3501 2328 3554 multis
2351 3505 2530 3556 verbis
2555 3511 2612 3556 ut
2642 3517 2754 3556 rem
2778 3503 3136 3556 necessariam
3161 3505 3454 3570 persuasit.

1887 3593 2178 3647 Domestici
2232 3595 2398 3662 igitur
2455 3609 2618 3648 causa
2647 3595 2900 3648 assensit.
2925 3594 3196 3658 Quocirca
3232 3604 3288 3646 et
3341 3595 3456 3660 ipse

1888 3683 2251 3747 exhilaratus,
2285 3684 2544 3751 omnique
2565 3684 2950 3752 cogitationum
2983 3685 3338 3752 perplexitate
3364 3685 3456 3738 de-

1889 3775 2088 3843 posita,
2115 3791 2172 3828 se
2203 3776 2312 3844 jam
2344 3790 2468 3828 cum
2499 3775 2694 3842 gaudio
2721 3775 2786 3827 ad
2834 3775 3124 3843 imperium
3167 3777 3456 3828 moderan-

1890 3864 2018 3916 dum
2057 3879 2177 3920 esse
2207 3879 2578 3934 regressurum
2626 3865 2784 3930 dixit,
2817 3867 2862 3920 si
2895 3867 3060 3918 etiam
3113 3875 3456 3920 sacramento

1891 3954 2039 4009 dicta
2109 3955 2508 4021 ﬁrmarentur;
2565 3955 2710 4024 quod
2773 3971 2895 4008 mox
2938 3958 3004 4010 ab
3079 3966 3306 4024 utroque
3365 3973 3458 4012 eo-

1893 4061 2006 4099 ram
2061 4047 2370 4115 patriarcha
2411 4047 2613 4099 factum
2677 4057 2780 4101 est.
2837 4047 3078 4100 Perfecta
3109 4049 3274 4117 igitur
3310 4050 3458 4120 paci-

1895 4141 2142 4194 heatiOne
2201 4140 2518 4208 impcratrix
2555 4141 2700 4193 domi
2741 4143 2960 4194 mansit.
3001 4140 3220 4210 Magnus
3271 4152 3456 4194 autem

1894 4231 2228 4286 domesticus
2261 4233 2426 4285 totius
2459 4231 2674 4300 imperii
2706 4225 3096 4302 gubernatione
3129 4234 3233 4289 sibi
3259 4237 3460 4289 conﬁr-

1895 4331 2059 4381 mata,
2095 4323 2564 4389 cumpatriarcha
2596 4324 2843 4390 recessit,
2875 4333 2930 4378 et
2957 4326 3100 4393 apud
3131 4335 3301 4380 autem
3345 4343 3460 4382 ma-

1895 4410 1984 4481 gni
2012 4409 2266 4478 martyris
2296 4409 2556 4464 Demetrii
2613 4411 2754 4464 intra
2790 4414 2966 4466 aulam
2991 4415 3150 4484 longo
3181 4432 3306 4469 eum
3339 4431 3462 4470 ser-

218 4512 502 4584 λογισμῶν
537 4509 872 4579 ἀμφιϐολίαν
902 4506 1260 4574 ἀποθέμενος,
1305 4501 1791 4571 χαίρων-ἔφασκεν
1825 4518 1867 4574 ι)

1825 4518 1867 4574 ι)
1897 4515 2056 4554 mone
2094 4501 2330 4554 detinuit
2362 4539 2375 4563 ,
2410 4517 2601 4571 nempe
2627 4503 2761 4556 hoc:
2797 4505 2908 4573 Ego
2939 4521 3178 4574 quoque,
3209 4524 3330 4561 non-
3355 4510 3459 4562 ali-

217 4607 327 4679 ἥδη
353 4601 772 4672 παραλήψεσθαι
810 4599 910 4668 τὴν
939 4597 1141 4666 ἀρχὴν,
1191 4595 1240 4646 εἰ
1278 4597 1370 4646 καὶ
1399 4591 1468 4644 δι’
1491 4593 1668 4661 ὅρκων
1701 4591 1792 4658 γέ-

217 4711 370 4753 νοιτο
415 4694 582 4746 πιστὰ
619 4693 686 4744 τά
741 4689 1031 4759 εἰρημένα.
1095 4687 1204 4738 Καὶ
1243 4685 1442 4737 αὐτίκα
1512 4682 1791 4735 ἐτελοῦντο

220 4791 326 4842 καὶ
372 4787 438 4839 οἱ.
471 4787 623 4856 ὅρκοι
673 4782 802 4852 παρ’
838 4780 1118 4848 ἑκατέρων
1147 4777 1240 4830 ἐπὶ
1286 4775 1380 4828 τοῦ
1425 4775 1788 4844 πατριάρχου.

231 4879 393 4932 Ἐπεὶ
417 4877 473 4929 δὲ
503 4875 713 4935 οὐδενὸς
749 4873 935 4935 αὐτοῖς
974 4871 1144 4922 ἐνέδει
1174 4869 1252 4921 ἐτι
1300 4867 1434 4938 πρὸς
1468 4866 1564 4928 τὰς
1608 4865 1792 4917 διαλύ-

219 4953 362 5033 σεις,
416 4967 625 5038 βασιλὶς
682 4965 782 5035 μὲν
832 4965 969 5016 οἴκοι
1025 4962 1367 5015 ὑπελείπετο.
1419 4959 1477 5010 ’0
1513 4961 1681 5027 μέγας
1732 4957 1788 5008 δὲ

216 5063 546 5130 δομέστικος
576 5060 676 5130 ἤδη
729 5060 910 5110 πᾶσαν
965 5058 1066 5124 τὴν
1121 5055 1294 5124 ἀρχὴν
1345 5053 1578 5123 βεϐαίως
1628 5053 1788 5120 ἔχων,

217 5153 456 5224 ἐξῄεσαν
503 5153 619 5220 ἅμα
659 5149 1014 5221 πατριάρχῃ·
1081 5148 1178 5200 καὶ
1239 5147 1373 5216 πρὸς
1429 5145 1504 5215 τῷ
1550 5145 1661 5212 ναῷ
1696 5144 1787 5196 τοῦ

223 5244 719 5313 μεγαλομάρτυρος
755 5243 1040 5309 γενόμενοι
1075 5241 1414 5309 Δημητρίου,
1466 5237 1524 5298 ὃς
1551 5239 1657 5288 τῶν
1692 5237 1788 5305 βα-

221 5335 450 5390 σιλείων
478 5333 794 5404 ᾠκοδόμητο
825 5332 994 5409 ἐντδς,
1029 5331 1202 5383 πολλὰ
1233 5331 1322 5382 καὶ
1354 5330 1489 5398 πρὸς
1517 5328 1791 5398 πατριάρ-

219 5445 332 5498 χην
369 5427 397 5478 ὁ
436 5425 604 5494 μέγας
637 5424 957 5494 δομέστικος
1002 5421 1294 5490 διειλέχθη.
1328 5421 1470 5488 Ἔφη
1521 5421 1662 5488 γάρ·
1697 5436 1793 5471 πε-

221 5516 451 5570 πεῖσθαι
492 5519 589 5586 μὲν
635 5519 728 5570 καὶ
759 5517 924 5569 αὑτὸν
971 5515 1158 5582 σαφῶς
1204 5514 1279 5576 ὡς
1330 5515 1474 5574 οἴους
1509 5515 1540 5582 ἠ
1581 5511 1794 5581 βασιλὶς

221 5607 530 5677 ἐφθέγξατο
561 5609 774 5672 λόγους,
815 5607 1056 5660 τοιοῦτον
1095 5607 1189 5658 καὶ
1239 5605 1297 5658 τὸ
1333 5606 1588 5674 φρόνημα
1622 5603 1788 5672 ἔχειν.

219 5691 588 5766 Θορυϐεῐσθάι
623 5698 679 5750 δέ
709 5695 862 5762 αὖθις
899 5701 958 5750 οὐ
1000 5697 1213 5765 μικρῶς
1241 5697 1337 5764 τὴν
1369 5695 1654 5746 ἀσθένειαν
1693 5697 1792 5764 τῆς

221 5791 545 5858 γυνεικείας
599 5790 832 5859 φύσεως,
890 5790 1067 5842 εἰδότα
1126 5789 1198 5852 ὡς
1257 5783 1660 5856 εὐμετάϐλητος
1705 5785 1791 5837 διὰ

1902 4601 1981 4646 ter
2037 4606 2200 4660 quam
2245 4593 2493 4657 sentiret,
2577 4594 2978 4662 imperati-irem
3034 4598 3269 4650 locutam
3316 4613 3460 4664 esse,

1900 4685 2059 4754 plane
2088 4684 2274 4740 credo.
2317 4686 2616 4740 Perturbor
2667 4696 2850 4740 tamen
2916 4703 3022 4740 non
3067 4691 3460 4754 mediocriter,

1899 4779 2042 4847 quod
2066 4783 2270 4830 natura:
2290 4777 2574 4830 muliebris
2595 4778 3044 4839 imbecillitatem,
3063 4795 3223 4848 quam
3249 4782 3462 4835 scilicet

1901 4871 2070 4934 varia,
2103 4881 2157 4924 et
2183 4869 2252 4922 ob
2283 4868 2626 4922 timiditatem
2663 4870 2936 4924 mutabilis
2972 4873 3040 4923 sit
3071 4889 3378 4941 cognosco:
3407 4885 3460 4926 et

1911 4963 2048 5016 male
2076 4971 2280 5024 metuo,
2322 4977 2388 5014 ne
2413 4977 2511 5030 ego
2540 4962 2757 5030 quidem
2793 4979 3026 5031 semper
3053 4975 3279 5033 pr0pter
3323 4966 3462 5018 bella

1901 5070 2022 5108 cum
2051 5053 2296 5106 finitimis
2329 5053 2584 5106 Barbaris
2613 5055 2804 5107 abesse
2841 5055 3058 5125 longius
3081 5073 3263 5125 cogar,
3307 5073 3464 5126 syco-

1901 5147 2118 5215 phantae
2181 5153 2362 5198 autem
2413 5146 2558 5198 domi
2607 5147 2942 5210 desidentes,
2990 5149 3281 5216 aliquando
3315 5151 3460 5203 illam

1899 5245 2212 5307 pervertant
2272 5235 2426 5300 Quod
2473 5247 2528 5290 et
2579 5237 2714 5290 viris
2774 5237 2824 5288 in
2853 5253 3030 5307 pugna
3065 5239 3461 5296 intbrllissintis

1900 5329 2150 5384 accidere
2174 5329 2439 5392 videmus,
2469 5331 2612 5398 quia
2643 5330 2960 5384 domesticis
2993 5335 3256 5400 probrose
3293 5337 3469 5389 inere-

1900 5421 2018 5492 pili,
2049 5431 2104 5476 et
2128 5421 2677 5476 contumeliosissime
2711 5425 2885 5476 vexati
2921 5439 2984 5476 ac
3009 5427 3142 5477 nihil
3177 5441 3280 5478 non
3303 5430 3468 5496 grave

1900 5513 2164 5582 perpessi.
2203 5525 2356 5567 extra
2395 5514 2640 5582 praelium
2671 5516 2852 5570 verbis
2901 5519 3230 5586 scjactitant
3258 5524 3469 5589 magni—

1901 5603 2020 5668 ﬁce,
2047 5613 2102 5655 et
2127 5605 2292 5672 jurati
2329 5606 2620 5669 at‘tirmant,
2663 5606 2730 5661 de
2770 5619 2964 5662 cartero
2990 5625 3090 5662 non
3145 5621 3349 5679 tergunt
3379 5615 3472 5666 ho-

1901 5693 2078 5746 sti-bus
2107 5694 2459 5762 pra-.bituros,
2491 5698 2580 5747 sed
2606 5711 2865 5763 generose
2893 5711 3080 5750 contra
3111 5709 3367 5766 ιιιιειιιιιιμ
3387 5719 3470 5753 os.

1899 5785 2192 5850 Postquam
2226 5793 2407 5838 autem
2441 5799 2538 5840 eos
2585 5787 2910 5844 accedentes
2940 5803 3382 5852 censuerim-unt.
3417 5803 3474 5846 et
