  <div class='ocr_page' id='page_1' title='image "/cluster/home/n/w/nwhite01/storage/ocr_20150623/153/nnc1.0046981039/381.png"; bbox 0 0 4212 6444; ppageno 0'>
   <div class='ocr_carea' id='block_1_1' title="bbox 741 379 864 444">
    <p class='ocr_par' dir='ltr' id='par_1_1' title="bbox 741 379 864 444">
     <span class='ocr_line' id='line_1_1' title="bbox 741 379 864 444; baseline 0.033 -3"><span class='ocrx_word' id='word_1_1' title='bbox 741 379 864 444; x_wconf 71' lang='grc'><strong>’199</strong></span> 
     </span>
    </p>
   </div>
   <div class='ocr_carea' id='block_1_2' title="bbox 746 764 2311 841">
    <p class='ocr_par' dir='ltr' id='par_1_2' title="bbox 746 764 2311 841">
     <span class='ocr_line' id='line_1_2' title="bbox 746 764 2311 841; baseline 0.012 -28"><span class='ocrx_word' id='word_1_2' title='bbox 746 764 911 815; x_wconf 88' lang='lat' dir='ltr'><strong>etiam</strong></span> <span class='ocrx_word' id='word_1_3' title='bbox 939 767 1083 831; x_wconf 92' lang='lat' dir='ltr'><strong>quod</strong></span> <span class='ocrx_word' id='word_1_4' title='bbox 1131 770 1271 834; x_wconf 87' lang='lat' dir='ltr'><strong>apud</strong></span> <span class='ocrx_word' id='word_1_5' title='bbox 1303 770 1493 823; x_wconf 83' lang='lat' dir='ltr'><strong>Persas</strong></span> <span class='ocrx_word' id='word_1_6' title='bbox 1543 771 1670 824; x_wconf 84' lang='lat' dir='ltr'><strong>ferri</strong></span> <span class='ocrx_word' id='word_1_7' title='bbox 1718 777 2068 841; x_wconf 82' lang='lat' dir='ltr'><strong>proverbium</strong></span> <span class='ocrx_word' id='word_1_8' title='bbox 2102 778 2266 830; x_wconf 89' lang='lat' dir='ltr'><strong>audio</strong></span> <span class='ocrx_word' id='word_1_9' title='bbox 2298 798 2311 832; x_wconf 90' lang='lat'>:</span> 
     </span>
    </p>
   </div>
   <div class='ocr_carea' id='block_1_3' title="bbox 749 855 2314 934">
    <p class='ocr_par' dir='ltr' id='par_1_3' title="bbox 749 855 2314 934">
     <span class='ocr_line' id='line_1_3' title="bbox 749 855 2314 934; baseline 0.011 -27"><span class='ocrx_word' id='word_1_10' title='bbox 749 855 968 907; x_wconf 80' lang='lat' dir='ltr'><strong>Femina</strong></span> <span class='ocrx_word' id='word_1_11' title='bbox 1003 866 1198 908; x_wconf 62' lang='lat' dir='ltr'><strong>terram</strong></span> <span class='ocrx_word' id='word_1_12' title='bbox 1227 859 1404 911; x_wconf 84' lang='lat' dir='ltr'><strong>adhuc</strong></span> <span class='ocrx_word' id='word_1_13' title='bbox 1431 861 1621 928; x_wconf 73' lang='lat' dir='ltr'><strong>tangit,</strong></span> <span class='ocrx_word' id='word_1_14' title='bbox 1655 865 1905 929; x_wconf 75' lang='lat' dir='ltr'><strong>quamvis</strong></span> <span class='ocrx_word' id='word_1_15' title='bbox 1933 868 2110 934; x_wconf 89' lang='lat' dir='ltr'><strong>capite</strong></span> <span class='ocrx_word' id='word_1_16' title='bbox 2143 870 2314 923; x_wconf 79' lang='lat' dir='ltr'><strong>nubes</strong></span> 
     </span>
    </p>
   </div>
   <div class='ocr_carea' id='block_1_4' title="bbox 745 945 2310 1024">
    <p class='ocr_par' dir='ltr' id='par_1_4' title="bbox 745 945 2310 1024">
     <span class='ocr_line' id='line_1_4' title="bbox 745 945 2310 1024; baseline 0.013 -30"><span class='ocrx_word' id='word_1_17' title='bbox 745 945 982 1012; x_wconf 73' lang='lat' dir='ltr'><strong>tetigerit</strong></span> <span class='ocrx_word' id='word_1_18' title='bbox 1008 947 1161 1013; x_wconf 78' lang='lat'><strong>(97‘).</strong></span> <span class='ocrx_word' id='word_1_19' title='bbox 1187 948 1350 1017; x_wconf 78' lang='lat'><strong>369</strong></span> <span class='ocrx_word' id='word_1_20' title='bbox 1380 950 1498 1014; x_wconf 88' lang='lat' dir='ltr'><strong>Quo</strong></span> <span class='ocrx_word' id='word_1_21' title='bbox 1529 953 1850 1020; x_wconf 72' lang='lat' dir='ltr'><strong>significant,</strong></span> <span class='ocrx_word' id='word_1_22' title='bbox 1884 957 2216 1024; x_wconf 88' lang='lat' dir='ltr'><strong>opinor,etsi</strong></span> <span class='ocrx_word' id='word_1_23' title='bbox 2245 961 2310 1014; x_wconf 87' lang='lat' dir='ltr'><strong>ad</strong></span> 
     </span>
    </p>
   </div>
   <div class='ocr_carea' id='block_1_5' title="bbox 743 1040 2312 1109">
    <p class='ocr_par' dir='ltr' id='par_1_5' title="bbox 743 1040 2312 1109">
     <span class='ocr_line' id='line_1_5' title="bbox 743 1040 2312 1109; baseline 0.011 -23"><span class='ocrx_word' id='word_1_24' title='bbox 743 1049 1015 1087; x_wconf 86' lang='lat' dir='ltr'><strong>summum</strong></span> <span class='ocrx_word' id='word_1_25' title='bbox 1039 1040 1362 1104; x_wconf 57' lang='lat' dir='ltr'><strong>prudentie,</strong></span> <span class='ocrx_word' id='word_1_26' title='bbox 1384 1044 1862 1109; x_wconf 72' lang='lat' dir='ltr'><strong>magnanimitatis,</strong></span> <span class='ocrx_word' id='word_1_27' title='bbox 1896 1053 1954 1099; x_wconf 84' lang='lat' dir='ltr'><strong>et</strong></span> <span class='ocrx_word' id='word_1_28' title='bbox 1975 1047 2312 1103; x_wconf 86' lang='lat' dir='ltr'><strong>fortitudinis</strong></span> 
     </span>
    </p>
   </div>
   <div class='ocr_carea' id='block_1_6' title="bbox 743 1126 2304 1199">
    <p class='ocr_par' dir='ltr' id='par_1_6' title="bbox 743 1126 2304 1199">
     <span class='ocr_line' id='line_1_6' title="bbox 743 1126 2304 1199; baseline 0.012 -25"><span class='ocrx_word' id='word_1_29' title='bbox 743 1128 954 1176; x_wconf 82' lang='lat' dir='ltr'><strong>venerit</strong></span> <span class='ocrx_word' id='word_1_30' title='bbox 985 1126 1200 1189; x_wconf 82' lang='lat' dir='ltr'><strong>mulier,</strong></span> <span class='ocrx_word' id='word_1_31' title='bbox 1238 1129 1596 1184; x_wconf 74' lang='lat' dir='ltr'><strong>nihilominus</strong></span> <span class='ocrx_word' id='word_1_32' title='bbox 1623 1175 1636 1196; x_wconf 95' lang='lat'><strong>,</strong></span> <span class='ocrx_word' id='word_1_33' title='bbox 1676 1145 1735 1186; x_wconf 93' lang='lat' dir='ltr'><strong>ut</strong></span> <span class='ocrx_word' id='word_1_34' title='bbox 1785 1145 1967 1199; x_wconf 86' lang='lat' dir='ltr'><strong>antea,</strong></span> <span class='ocrx_word' id='word_1_35' title='bbox 1998 1153 2120 1192; x_wconf 82' lang='lat' dir='ltr'><strong>esse</strong></span> <span class='ocrx_word' id='word_1_36' title='bbox 2182 1156 2304 1192; x_wconf 89' lang='lat' dir='ltr'><strong>mn-</strong></span> 
     </span>
    </p>
   </div>
   <div class='ocr_carea' id='block_1_7' title="bbox 743 1211 2307 1286">
    <p class='ocr_par' dir='ltr' id='par_1_7' title="bbox 743 1211 2307 1286">
     <span class='ocr_line' id='line_1_7' title="bbox 743 1211 2307 1286; baseline 0.015 -24"><span class='ocrx_word' id='word_1_37' title='bbox 743 1211 968 1276; x_wconf 86' lang='lat' dir='ltr'><strong>licrein;</strong></span> <span class='ocrx_word' id='word_1_38' title='bbox 1021 1216 1123 1268; x_wconf 83' lang='lat' dir='ltr'><strong>hoc</strong></span> <span class='ocrx_word' id='word_1_39' title='bbox 1167 1226 1251 1270; x_wconf 87' lang='lat' dir='ltr'><strong>est</strong></span> <span class='ocrx_word' id='word_1_40' title='bbox 1275 1221 1633 1286; x_wconf 83' lang='lat' dir='ltr'><strong>naturalibus,</strong></span> <span class='ocrx_word' id='word_1_41' title='bbox 1666 1225 1730 1276; x_wconf 76' lang='lat' dir='ltr'><strong>&#39;et</strong></span> <span class='ocrx_word' id='word_1_42' title='bbox 1762 1227 2129 1283; x_wconf 81' lang='lat' dir='ltr'><strong>muliebribus</strong></span> <span class='ocrx_word' id='word_1_43' title='bbox 2175 1231 2307 1284; x_wconf 83' lang='lat' dir='ltr'><strong>affe-</strong></span> 
     </span>
    </p>
   </div>
   <div class='ocr_carea' id='block_1_8' title="bbox 725 1305 2302 1375">
    <p class='ocr_par' dir='ltr' id='par_1_8' title="bbox 725 1305 2302 1375">
     <span class='ocr_line' id='line_1_8' title="bbox 725 1305 2302 1375; baseline 0.011 -19"><span class='ocrx_word' id='word_1_44' title='bbox 725 1305 1016 1357; x_wconf 20' lang='lat' dir='ltr'><strong>tctionibus</strong></span> <span class='ocrx_word' id='word_1_45' title='bbox 1049 1307 1342 1362; x_wconf 81' lang='lat' dir='ltr'><strong>subditam.</strong></span> <span class='ocrx_word' id='word_1_46' title='bbox 1377 1310 1506 1375; x_wconf 70' lang='lat' dir='ltr'><strong>Quae</strong></span> <span class='ocrx_word' id='word_1_47' title='bbox 1533 1318 1712 1366; x_wconf 91' lang='lat' dir='ltr'><strong>omnia</strong></span> <span class='ocrx_word' id='word_1_48' title='bbox 1750 1332 1833 1369; x_wconf 91' lang='lat' dir='ltr'><strong>me</strong></span> <span class='ocrx_word' id='word_1_49' title='bbox 1861 1320 2302 1375; x_wconf 75' lang='lat' dir='ltr'><strong>reminiseenten)</strong></span> 
     </span>
    </p>
   </div>
   <div class='ocr_carea' id='block_1_9' title="bbox 740 1395 2302 1480">
    <p class='ocr_par' dir='ltr' id='par_1_9' title="bbox 740 1395 2302 1480">
     <span class='ocr_line' id='line_1_9' title="bbox 740 1395 2302 1480; baseline 0.013 -35"><span class='ocrx_word' id='word_1_50' title='bbox 740 1395 1063 1457; x_wconf 78' lang='lat' dir='ltr'><strong>sollicitant,</strong></span> <span class='ocrx_word' id='word_1_51' title='bbox 1099 1410 1151 1452; x_wconf 87' lang='lat' dir='ltr'><strong>et</strong></span> <span class='ocrx_word' id='word_1_52' title='bbox 1202 1404 1442 1454; x_wconf 92' lang='lat' dir='ltr'><strong>animum</strong></span> <span class='ocrx_word' id='word_1_53' title='bbox 1485 1415 1632 1458; x_wconf 90' lang='lat' dir='ltr'><strong>metu</strong></span> <span class='ocrx_word' id='word_1_54' title='bbox 1667 1407 1914 1474; x_wconf 88' lang='lat' dir='ltr'><strong>implent,</strong></span> <span class='ocrx_word' id='word_1_55' title='bbox 1956 1427 2044 1473; x_wconf 90' lang='lat' dir='ltr'><strong>ne,</strong></span> <span class='ocrx_word' id='word_1_56' title='bbox 2075 1413 2119 1464; x_wconf 87' lang='lat' dir='ltr'><strong>si</strong></span> <span class='ocrx_word' id='word_1_57' title='bbox 2148 1415 2302 1480; x_wconf 89' lang='lat' dir='ltr'><strong>quid,</strong></span> 
     </span>
    </p>
   </div>
   <div class='ocr_carea' id='block_1_10' title="bbox 740 1486 2302 1570">
    <p class='ocr_par' dir='ltr' id='par_1_10' title="bbox 740 1486 2302 1570">
     <span class='ocr_line' id='line_1_10' title="bbox 740 1486 2302 1570; baseline 0.013 -34"><span class='ocrx_word' id='word_1_58' title='bbox 740 1497 799 1536; x_wconf 91' lang='lat' dir='ltr'><strong>ut</strong></span> <span class='ocrx_word' id='word_1_59' title='bbox 823 1486 1064 1550; x_wconf 67' lang='lat' dir='ltr'><strong>feminae,</strong></span> <span class='ocrx_word' id='word_1_60' title='bbox 1108 1490 1443 1558; x_wconf 84' lang='lat' dir='ltr'><strong>iinperatrici</strong></span> <span class='ocrx_word' id='word_1_61' title='bbox 1507 1497 1792 1558; x_wconf 87' lang='lat' dir='ltr'><strong>acciderit,</strong></span> <span class='ocrx_word' id='word_1_62' title='bbox 1823 1514 1928 1552; x_wconf 93' lang='lat' dir='ltr'><strong>non</strong></span> <span class='ocrx_word' id='word_1_63' title='bbox 1965 1517 2067 1570; x_wconf 77' lang='lat' dir='ltr'><strong>ego</strong></span> <span class='ocrx_word' id='word_1_64' title='bbox 2101 1505 2302 1565; x_wconf 85' lang='lat' dir='ltr'><strong>solum,</strong></span> 
     </span>
    </p>
   </div>
   <div class='ocr_carea' id='block_1_11' title="bbox 736 1579 2305 1652">
    <p class='ocr_par' dir='ltr' id='par_1_11' title="bbox 736 1579 2305 1652">
     <span class='ocr_line' id='line_1_11' title="bbox 736 1579 2305 1652; baseline 0.01 -22"><span class='ocrx_word' id='word_1_65' title='bbox 736 1579 830 1631; x_wconf 85' lang='lat' dir='ltr'><strong>sed</strong></span> <span class='ocrx_word' id='word_1_66' title='bbox 849 1586 904 1630; x_wconf 88' lang='lat' dir='ltr'><strong>et</strong></span> <span class='ocrx_word' id='word_1_67' title='bbox 929 1579 1154 1633; x_wconf 77' lang='lat' dir='ltr'><strong>Romani</strong></span> <span class='ocrx_word' id='word_1_68' title='bbox 1176 1596 1366 1636; x_wconf 90' lang='lat' dir='ltr'><strong>omnes</strong></span> <span class='ocrx_word' id='word_1_69' title='bbox 1386 1586 1575 1639; x_wconf 84' lang='lat' dir='ltr'><strong>multis</strong></span> <span class='ocrx_word' id='word_1_70' title='bbox 1600 1586 1826 1642; x_wconf 79' lang='lat' dir='ltr'><strong>involuti</strong></span> <span class='ocrx_word' id='word_1_71' title='bbox 1851 1590 2024 1652; x_wconf 86' lang='lat' dir='ltr'><strong>malis,</strong></span> <span class='ocrx_word' id='word_1_72' title='bbox 2045 1595 2305 1648; x_wconf 80' lang='lat' dir='ltr'><strong>extremis</strong></span> 
     </span>
    </p>
   </div>
   <div class='ocr_carea' id='block_1_12' title="bbox 737 1667 2298 1746">
    <p class='ocr_par' dir='ltr' id='par_1_12' title="bbox 737 1667 2298 1746">
     <span class='ocr_line' id='line_1_12' title="bbox 737 1667 2298 1746; baseline 0.008 -27"><span class='ocrx_word' id='word_1_73' title='bbox 737 1667 992 1733; x_wconf 80' lang='lat' dir='ltr'><strong>periculis</strong></span> <span class='ocrx_word' id='word_1_74' title='bbox 1025 1669 1542 1725; x_wconf 86' lang='lat' dir='ltr'><strong>circutnveniamur.</strong></span> <span class='ocrx_word' id='word_1_75' title='bbox 1568 1672 1749 1736; x_wconf 84' lang='lat' dir='ltr'><strong>Quare</strong></span> <span class='ocrx_word' id='word_1_76' title='bbox 1797 1678 2032 1742; x_wconf 89' lang='lat' dir='ltr'><strong>primum</strong></span> <span class='ocrx_word' id='word_1_77' title='bbox 2078 1680 2298 1746; x_wconf 82' lang='lat' dir='ltr'><strong>quidem</strong></span> 
     </span>
    </p>
   </div>
   <div class='ocr_carea' id='block_1_13' title="bbox 735 1753 2300 1824">
    <p class='ocr_par' dir='ltr' id='par_1_13' title="bbox 735 1753 2300 1824">
     <span class='ocr_line' id='line_1_13' title="bbox 735 1753 2300 1824; baseline 0.009 -17"><span class='ocrx_word' id='word_1_78' title='bbox 735 1753 878 1808; x_wconf 85' lang='lat' dir='ltr'><strong>ultro</strong></span> <span class='ocrx_word' id='word_1_79' title='bbox 909 1757 1274 1824; x_wconf 66' lang='lat' dir='ltr'><strong>pwstitorum</strong></span> <span class='ocrx_word' id='word_1_80' title='bbox 1309 1760 1404 1813; x_wconf 87' lang='lat' dir='ltr'><strong>tibi</strong></span> <span class='ocrx_word' id='word_1_81' title='bbox 1435 1776 1465 1814; x_wconf 85' lang='lat' dir='ltr'><strong>a</strong></span> <span class='ocrx_word' id='word_1_82' title='bbox 1499 1777 1584 1817; x_wconf 89' lang='lat' dir='ltr'><strong>me</strong></span> <span class='ocrx_word' id='word_1_83' title='bbox 1615 1764 2009 1819; x_wconf 83' lang='lat' dir='ltr'><strong>beneficiorqu</strong></span> <span class='ocrx_word' id='word_1_84' title='bbox 2041 1776 2092 1821; x_wconf 88' lang='lat' dir='ltr'><strong>tc</strong></span> <span class='ocrx_word' id='word_1_85' title='bbox 2115 1769 2300 1822; x_wconf 79' lang='lat' dir='ltr'><strong>admo—</strong></span> 
     </span>
    </p>
   </div>
   <div class='ocr_carea' id='block_1_14' title="bbox 735 1849 2302 1924">
    <p class='ocr_par' dir='ltr' id='par_1_14' title="bbox 735 1849 2302 1924">
     <span class='ocr_line' id='line_1_14' title="bbox 735 1849 2302 1924; baseline 0.009 -28"><span class='ocrx_word' id='word_1_86' title='bbox 735 1860 880 1909; x_wconf 91' lang='lat' dir='ltr'><strong>neo;</strong></span> <span class='ocrx_word' id='word_1_87' title='bbox 916 1861 1016 1900; x_wconf 87' lang='lat' dir='ltr'><strong>nec</strong></span> <span class='ocrx_word' id='word_1_88' title='bbox 1047 1857 1097 1900; x_wconf 90' lang='lat' dir='ltr'><strong>te</strong></span> <span class='ocrx_word' id='word_1_89' title='bbox 1130 1849 1360 1904; x_wconf 91' lang='lat' dir='ltr'><strong>oblitum</strong></span> <span class='ocrx_word' id='word_1_90' title='bbox 1389 1863 1544 1920; x_wconf 90' lang='lat' dir='ltr'><strong>puto,</strong></span> <span class='ocrx_word' id='word_1_91' title='bbox 1569 1857 2030 1924; x_wconf 88' lang='lat' dir='ltr'><strong>quemadmodum</strong></span> <span class='ocrx_word' id='word_1_92' title='bbox 2084 1859 2150 1911; x_wconf 88' lang='lat' dir='ltr'><strong>ad</strong></span> <span class='ocrx_word' id='word_1_93' title='bbox 2200 1859 2302 1912; x_wconf 87' lang='lat' dir='ltr'><strong>hoc</strong></span> 
     </span>
    </p>
   </div>
   <div class='ocr_carea' id='block_1_15' title="bbox 717 1935 2297 2014">
    <p class='ocr_par' dir='ltr' id='par_1_15' title="bbox 717 1935 2297 2014">
     <span class='ocr_line' id='line_1_15' title="bbox 717 1935 2297 2014; baseline 0.008 -23"><span class='ocrx_word' id='word_1_94' title='bbox 717 1935 916 2003; x_wconf 54' lang='lat' dir='ltr'><strong>gloria:</strong></span> <span class='ocrx_word' id='word_1_95' title='bbox 943 1945 1000 1990; x_wconf 86' lang='lat' dir='ltr'><strong>et</strong></span> <span class='ocrx_word' id='word_1_96' title='bbox 1025 1938 1250 1992; x_wconf 83' lang='lat' dir='ltr'><strong>honoris</strong></span> <span class='ocrx_word' id='word_1_97' title='bbox 1278 1939 1552 2010; x_wconf 76' lang='lat' dir='ltr'><strong>fastigium</strong></span> <span class='ocrx_word' id='word_1_98' title='bbox 1586 1956 1809 2014; x_wconf 81' lang='lat' dir='ltr'><strong>propter</strong></span> <span class='ocrx_word' id='word_1_99' title='bbox 1845 1949 2137 2004; x_wconf 81' lang='lat' dir='ltr'><strong>amicitiam</strong></span> <span class='ocrx_word' id='word_1_100' title='bbox 2193 1967 2297 2004; x_wconf 90' lang='lat' dir='ltr'><strong>no-</strong></span> 
     </span>
    </p>
   </div>
   <div class='ocr_carea' id='block_1_16' title="bbox 731 2029 2300 2100">
    <p class='ocr_par' dir='ltr' id='par_1_16' title="bbox 731 2029 2300 2100">
     <span class='ocr_line' id='line_1_16' title="bbox 731 2029 2300 2100; baseline 0.01 -19"><span class='ocrx_word' id='word_1_101' title='bbox 731 2038 922 2088; x_wconf 89' lang='lat' dir='ltr'><strong>stram,</strong></span> <span class='ocrx_word' id='word_1_102' title='bbox 954 2029 1309 2099; x_wconf 85' lang='lat' dir='ltr'><strong>studiumque</strong></span> <span class='ocrx_word' id='word_1_103' title='bbox 1336 2037 1677 2100; x_wconf 83' lang='lat' dir='ltr'><strong>perveneris.</strong></span> <span class='ocrx_word' id='word_1_104' title='bbox 1708 2037 1823 2090; x_wconf 86' lang='lat' dir='ltr'><strong>Non</strong></span> <span class='ocrx_word' id='word_1_105' title='bbox 1857 2040 2002 2092; x_wconf 92' lang='lat' dir='ltr'><strong>enim</strong></span> <span class='ocrx_word' id='word_1_106' title='bbox 2034 2042 2209 2094; x_wconf 90' lang='lat' dir='ltr'><strong>solum</strong></span> <span class='ocrx_word' id='word_1_107' title='bbox 2246 2053 2300 2096; x_wconf 82' lang='lat' dir='ltr'><strong>te</strong></span> 
     </span>
    </p>
   </div>
   <div class='ocr_carea' id='block_1_17' title="bbox 730 2117 2299 2194">
    <p class='ocr_par' dir='ltr' id='par_1_17' title="bbox 730 2117 2299 2194">
     <span class='ocr_line' id='line_1_17' title="bbox 730 2117 2299 2194; baseline 0.011 -25"><span class='ocrx_word' id='word_1_108' title='bbox 730 2117 900 2170; x_wconf 84' lang='lat' dir='ltr'><strong>infimi</strong></span> <span class='ocrx_word' id='word_1_109' title='bbox 931 2119 1141 2172; x_wconf 89' lang='lat' dir='ltr'><strong>ordinis</strong></span> <span class='ocrx_word' id='word_1_110' title='bbox 1165 2120 1442 2175; x_wconf 88' lang='lat' dir='ltr'><strong>hominem</strong></span> <span class='ocrx_word' id='word_1_111' title='bbox 1475 2124 1822 2194; x_wconf 88' lang='lat' dir='ltr'><strong>imperatoris</strong></span> <span class='ocrx_word' id='word_1_112' title='bbox 1846 2129 2170 2184; x_wconf 85' lang='lat' dir='ltr'><strong>clericorum</strong></span> <span class='ocrx_word' id='word_1_113' title='bbox 2187 2134 2299 2186; x_wconf 92' lang='lat' dir='ltr'><strong>col—</strong></span> 
     </span>
    </p>
   </div>
   <div class='ocr_carea' id='block_1_18' title="bbox 725 2206 2294 2288">
    <p class='ocr_par' dir='ltr' id='par_1_18' title="bbox 725 2206 2294 2288">
     <span class='ocr_line' id='line_1_18' title="bbox 725 2206 2294 2288; baseline 0.011 -29"><span class='ocrx_word' id='word_1_114' title='bbox 725 2206 869 2275; x_wconf 79' lang='lat' dir='ltr'><strong>legio</strong></span> <span class='ocrx_word' id='word_1_115' title='bbox 900 2208 1080 2276; x_wconf 77' lang='lat' dir='ltr'><strong>allegi,</strong></span> <span class='ocrx_word' id='word_1_116' title='bbox 1108 2219 1165 2262; x_wconf 90' lang='lat' dir='ltr'><strong>et</strong></span> <span class='ocrx_word' id='word_1_117' title='bbox 1195 2225 1327 2263; x_wconf 92' lang='lat' dir='ltr'><strong>cura</strong></span> <span class='ocrx_word' id='word_1_118' title='bbox 1361 2213 1528 2267; x_wconf 88' lang='lat' dir='ltr'><strong>multa</strong></span> <span class='ocrx_word' id='word_1_119' title='bbox 1558 2231 1665 2269; x_wconf 93' lang='lat' dir='ltr'><strong>non</strong></span> <span class='ocrx_word' id='word_1_120' title='bbox 1700 2227 1909 2271; x_wconf 87' lang='lat' dir='ltr'><strong>tantum</strong></span> <span class='ocrx_word' id='word_1_121' title='bbox 1939 2221 2086 2274; x_wconf 86' lang='lat' dir='ltr'><strong>domi</strong></span> <span class='ocrx_word' id='word_1_122' title='bbox 2135 2237 2294 2288; x_wconf 65' lang='lat' dir='ltr'><strong>meae,</strong></span> 
     </span>
    </p>
   </div>
   <div class='ocr_carea' id='block_1_19' title="bbox 725 2294 2296 2384">
    <p class='ocr_par' dir='ltr' id='par_1_19' title="bbox 725 2294 2296 2384">
     <span class='ocr_line' id='line_1_19' title="bbox 725 2294 2296 2384; baseline 0.013 -34"><span class='ocrx_word' id='word_1_123' title='bbox 725 2301 818 2351; x_wconf 86' lang='lat' dir='ltr'><strong>sed</strong></span> <span class='ocrx_word' id='word_1_124' title='bbox 858 2301 969 2368; x_wconf 87' lang='lat' dir='ltr'><strong>jam</strong></span> <span class='ocrx_word' id='word_1_125' title='bbox 1009 2316 1039 2354; x_wconf 89' lang='lat' dir='ltr'><strong>c</strong></span> <span class='ocrx_word' id='word_1_126' title='bbox 1078 2301 1395 2358; x_wconf 78' lang='lat' dir='ltr'><strong>domesticis</strong></span> <span class='ocrx_word' id='word_1_127' title='bbox 1437 2294 1784 2373; x_wconf 79' lang='lat' dir='ltr'><strong>imperatoris</strong></span> <span class='ocrx_word' id='word_1_128' title='bbox 1817 2324 1984 2364; x_wconf 90' lang='lat' dir='ltr'><strong>unum</strong></span> <span class='ocrx_word' id='word_1_129' title='bbox 2037 2314 2296 2384; x_wconf 73' lang='lat' dir='ltr'><strong>dignatus</strong></span> 
     </span>
    </p>
   </div>
   <div class='ocr_carea' id='block_1_20' title="bbox 723 2394 2291 2471">
    <p class='ocr_par' dir='ltr' id='par_1_20' title="bbox 723 2394 2291 2471">
     <span class='ocr_line' id='line_1_20' title="bbox 723 2394 2291 2471; baseline 0.011 -29"><span class='ocrx_word' id='word_1_130' title='bbox 723 2405 866 2452; x_wconf 89' lang='lat' dir='ltr'><strong>sum,</strong></span> <span class='ocrx_word' id='word_1_131' title='bbox 909 2406 1219 2459; x_wconf 83' lang='lat' dir='ltr'><strong>quanquam</strong></span> <span class='ocrx_word' id='word_1_132' title='bbox 1261 2394 1314 2447; x_wconf 89' lang='lat' dir='ltr'><strong>id</strong></span> <span class='ocrx_word' id='word_1_133' title='bbox 1355 2399 1654 2452; x_wconf 86' lang='lat' dir='ltr'><strong>necessitas</strong></span> <span class='ocrx_word' id='word_1_134' title='bbox 1685 2400 1831 2453; x_wconf 88' lang='lat' dir='ltr'><strong>nulla</strong></span> <span class='ocrx_word' id='word_1_135' title='bbox 1874 2407 2135 2471; x_wconf 53' lang='lat' dir='ltr'><strong>exigeret,</strong></span> <span class='ocrx_word' id='word_1_136' title='bbox 2197 2409 2291 2460; x_wconf 90' lang='lat' dir='ltr'><strong>sed</strong></span> 
     </span>
    </p>
   </div>
   <div class='ocr_carea' id='block_1_21' title="bbox 719 2485 2336 2565">
    <p class='ocr_par' dir='ltr' id='par_1_21' title="bbox 719 2485 2336 2565">
     <span class='ocr_line' id='line_1_21' title="bbox 719 2485 2336 2565; baseline 0.011 -29"><span class='ocrx_word' id='word_1_137' title='bbox 719 2498 775 2536; x_wconf 90' lang='lat' dir='ltr'><strong>et</strong></span> <span class='ocrx_word' id='word_1_138' title='bbox 807 2485 1016 2552; x_wconf 84' lang='lat' dir='ltr'><strong>primos</strong></span> <span class='ocrx_word' id='word_1_139' title='bbox 1053 2485 1127 2537; x_wconf 89' lang='lat' dir='ltr'><strong>tui</strong></span> <span class='ocrx_word' id='word_1_140' title='bbox 1155 2488 1486 2542; x_wconf 87' lang='lat' dir='ltr'><strong>mentionem</strong></span> <span class='ocrx_word' id='word_1_141' title='bbox 1513 2490 1637 2554; x_wconf 88' lang='lat' dir='ltr'><strong>feci,</strong></span> <span class='ocrx_word' id='word_1_142' title='bbox 1671 2501 1727 2544; x_wconf 89' lang='lat' dir='ltr'><strong>et</strong></span> <span class='ocrx_word' id='word_1_143' title='bbox 1755 2504 1947 2547; x_wconf 80' lang='lat' dir='ltr'><strong>auctor</strong></span> <span class='ocrx_word' id='word_1_144' title='bbox 1973 2497 2288 2565; x_wconf 76' lang='lat' dir='ltr'><strong>imperatori</strong></span> <span class='ocrx_word' id='word_1_145' title='bbox 2326 2506 2336 2516; x_wconf 85' lang='lat'><strong>‘</strong></span> 
     </span>
    </p>
   </div>
   <div class='ocr_carea' id='block_1_22' title="bbox 718 2576 2287 2656">
    <p class='ocr_par' dir='ltr' id='par_1_22' title="bbox 718 2576 2287 2656">
     <span class='ocr_line' id='line_1_22' title="bbox 718 2576 2287 2656; baseline 0.013 -30"><span class='ocrx_word' id='word_1_146' title='bbox 718 2576 820 2636; x_wconf 88' lang='lat' dir='ltr'><strong>fui,</strong></span> <span class='ocrx_word' id='word_1_147' title='bbox 841 2587 898 2627; x_wconf 89' lang='lat' dir='ltr'><strong>ut</strong></span> <span class='ocrx_word' id='word_1_148' title='bbox 927 2587 976 2628; x_wconf 82' lang='lat' dir='ltr'><strong>te</strong></span> <span class='ocrx_word' id='word_1_149' title='bbox 1002 2578 1054 2629; x_wconf 92' lang='lat' dir='ltr'><strong>in</strong></span> <span class='ocrx_word' id='word_1_150' title='bbox 1082 2579 1339 2631; x_wconf 92' lang='lat' dir='ltr'><strong>thronum</strong></span> <span class='ocrx_word' id='word_1_151' title='bbox 1365 2582 1788 2649; x_wconf 87' lang='lat' dir='ltr'><strong>patriarchicum</strong></span> <span class='ocrx_word' id='word_1_152' title='bbox 1815 2589 2105 2644; x_wconf 78' lang='lat' dir='ltr'><strong>extolleret</strong></span> <span class='ocrx_word' id='word_1_153' title='bbox 2142 2592 2287 2656; x_wconf 90' lang='lat' dir='ltr'><strong>Quin</strong></span> 
     </span>
    </p>
   </div>
   <div class='ocr_carea' id='block_1_23' title="bbox 717 2669 2286 2748">
    <p class='ocr_par' dir='ltr' id='par_1_23' title="bbox 717 2669 2286 2748">
     <span class='ocr_line' id='line_1_23' title="bbox 717 2669 2286 2748; baseline 0.013 -31"><span class='ocrx_word' id='word_1_154' title='bbox 717 2669 882 2719; x_wconf 84' lang='lat' dir='ltr'><strong>etiam</strong></span> <span class='ocrx_word' id='word_1_155' title='bbox 925 2683 1048 2720; x_wconf 82' lang='lat' dir='ltr'><strong>eum</strong></span> <span class='ocrx_word' id='word_1_156' title='bbox 1103 2670 1172 2722; x_wconf 91' lang='lat' dir='ltr'><strong>ab</strong></span> <span class='ocrx_word' id='word_1_157' title='bbox 1211 2671 1483 2739; x_wconf 84' lang='lat' dir='ltr'><strong>episcopis</strong></span> <span class='ocrx_word' id='word_1_158' title='bbox 1535 2677 1881 2729; x_wconf 85' lang='lat' dir='ltr'><strong>concorditer</strong></span> <span class='ocrx_word' id='word_1_159' title='bbox 1932 2681 2286 2748; x_wconf 88' lang='lat' dir='ltr'><strong>repellererc,</strong></span> 
     </span>
    </p>
   </div>
   <div class='ocr_carea' id='block_1_24' title="bbox 720 2757 2285 2833">
    <p class='ocr_par' dir='ltr' id='par_1_24' title="bbox 720 2757 2285 2833">
     <span class='ocr_line' id='line_1_24' title="bbox 720 2757 2285 2833; baseline 0.012 -24"><span class='ocrx_word' id='word_1_160' title='bbox 720 2757 1140 2826; x_wconf 81' lang='lat' dir='ltr'><strong>diligentissime</strong></span> <span class='ocrx_word' id='word_1_161' title='bbox 1158 2761 1460 2827; x_wconf 80' lang='lat' dir='ltr'><strong>elaboravi,</strong></span> <span class='ocrx_word' id='word_1_162' title='bbox 1490 2773 1549 2817; x_wconf 90' lang='lat' dir='ltr'><strong>ut</strong></span> <span class='ocrx_word' id='word_1_163' title='bbox 1574 2765 1667 2817; x_wconf 91' lang='lat' dir='ltr'><strong>tibi</strong></span> <span class='ocrx_word' id='word_1_164' title='bbox 1700 2768 2019 2833; x_wconf 75' lang='lat' dir='ltr'><strong>praeclaram</strong></span> <span class='ocrx_word' id='word_1_165' title='bbox 2049 2771 2190 2826; x_wconf 92' lang='lat' dir='ltr'><strong>hanc</strong></span> <span class='ocrx_word' id='word_1_166' title='bbox 2229 2786 2285 2830; x_wconf 87' lang='lat' dir='ltr'><strong>et</strong></span> 
     </span>
    </p>
   </div>
   <div class='ocr_carea' id='block_1_25' title="bbox 715 2850 2283 2919">
    <p class='ocr_par' dir='ltr' id='par_1_25' title="bbox 715 2850 2283 2919">
     <span class='ocr_line' id='line_1_25' title="bbox 715 2850 2283 2919; baseline 0.013 -20"><span class='ocrx_word' id='word_1_167' title='bbox 715 2863 816 2916; x_wconf 91' lang='lat' dir='ltr'><strong>pro</strong></span> <span class='ocrx_word' id='word_1_168' title='bbox 844 2865 948 2916; x_wconf 91' lang='lat' dir='ltr'><strong>qua</strong></span> <span class='ocrx_word' id='word_1_169' title='bbox 974 2850 1098 2916; x_wconf 86' lang='lat' dir='ltr'><strong>jure</strong></span> <span class='ocrx_word' id='word_1_170' title='bbox 1119 2861 1376 2913; x_wconf 91' lang='lat' dir='ltr'><strong>certetur,</strong></span> <span class='ocrx_word' id='word_1_171' title='bbox 1405 2855 1722 2909; x_wconf 74' lang='lat' dir='ltr'><strong>cathedram</strong></span> <span class='ocrx_word' id='word_1_172' title='bbox 1755 2857 1970 2912; x_wconf 84' lang='lat' dir='ltr'><strong>darent.</strong></span> <span class='ocrx_word' id='word_1_173' title='bbox 2001 2860 2283 2919; x_wconf 86' lang='lat' dir='ltr'><strong>Postremo</strong></span> 
     </span>
    </p>
   </div>
   <div class='ocr_carea' id='block_1_26' title="bbox 711 2941 2283 3018">
    <p class='ocr_par' dir='ltr' id='par_1_26' title="bbox 711 2941 2283 3018">
     <span class='ocr_line' id='line_1_26' title="bbox 711 2941 2283 3018; baseline 0.012 -26"><span class='ocrx_word' id='word_1_174' title='bbox 711 2953 838 2992; x_wconf 87' lang='lat' dir='ltr'><strong>cum</strong></span> <span class='ocrx_word' id='word_1_175' title='bbox 864 2941 917 2994; x_wconf 90' lang='lat' dir='ltr'><strong>in</strong></span> <span class='ocrx_word' id='word_1_176' title='bbox 942 2945 1059 3010; x_wconf 88' lang='lat' dir='ltr'><strong>ejus</strong></span> <span class='ocrx_word' id='word_1_177' title='bbox 1084 2942 1399 2997; x_wconf 63' lang='lat' dir='ltr'><strong>amittendae</strong></span> <span class='ocrx_word' id='word_1_178' title='bbox 1434 2947 1737 3012; x_wconf 87' lang='lat' dir='ltr'><strong>periculum</strong></span> <span class='ocrx_word' id='word_1_179' title='bbox 1771 2949 2106 3018; x_wconf 63' lang='lat' dir='ltr'><strong>devvnisses,</strong></span> <span class='ocrx_word' id='word_1_180' title='bbox 2132 2957 2283 3011; x_wconf 72' lang='lat' dir='ltr'><strong>solus</strong></span> 
     </span>
    </p>
   </div>
   <div class='ocr_carea' id='block_1_27' title="bbox 709 3030 2280 3112">
    <p class='ocr_par' dir='ltr' id='par_1_27' title="bbox 709 3030 2280 3112">
     <span class='ocr_line' id='line_1_27' title="bbox 709 3030 2280 3112; baseline 0.012 -31"><span class='ocrx_word' id='word_1_181' title='bbox 709 3045 812 3098; x_wconf 74' lang='lat' dir='ltr'><strong>ego</strong></span> <span class='ocrx_word' id='word_1_182' title='bbox 847 3030 1226 3085; x_wconf 79' lang='lat' dir='ltr'><strong>difﬁcultatem</strong></span> <span class='ocrx_word' id='word_1_183' title='bbox 1267 3048 1484 3086; x_wconf 87' lang='lat' dir='ltr'><strong>onmem</strong></span> <span class='ocrx_word' id='word_1_184' title='bbox 1525 3038 1744 3091; x_wconf 87' lang='lat' dir='ltr'><strong>sustuli.</strong></span> <span class='ocrx_word' id='word_1_185' title='bbox 1778 3040 1903 3093; x_wconf 70' lang='lat' dir='ltr'><strong>Haec</strong></span> <span class='ocrx_word' id='word_1_186' title='bbox 1951 3042 2005 3094; x_wconf 92' lang='lat' dir='ltr'><strong>in</strong></span> <span class='ocrx_word' id='word_1_187' title='bbox 2039 3059 2280 3112; x_wconf 70' lang='lat' dir='ltr'><strong>praesens</strong></span> 
     </span>
    </p>
   </div>
   <div class='ocr_carea' id='block_1_28' title="bbox 709 3123 2276 3200">
    <p class='ocr_par' dir='ltr' id='par_1_28' title="bbox 709 3123 2276 3200">
     <span class='ocr_line' id='line_1_28' title="bbox 709 3123 2276 3200; baseline 0.014 -30"><span class='ocrx_word' id='word_1_188' title='bbox 709 3123 1021 3188; x_wconf 80' lang='lat' dir='ltr'><strong>percensui,</strong></span> <span class='ocrx_word' id='word_1_189' title='bbox 1083 3139 1190 3176; x_wconf 92' lang='lat' dir='ltr'><strong>non</strong></span> <span class='ocrx_word' id='word_1_190' title='bbox 1245 3126 1394 3192; x_wconf 91' lang='lat' dir='ltr'><strong>quod</strong></span> <span class='ocrx_word' id='word_1_191' title='bbox 1437 3127 1702 3182; x_wconf 82' lang='lat' dir='ltr'><strong>beneficia</strong></span> <span class='ocrx_word' id='word_1_192' title='bbox 1745 3133 2075 3200; x_wconf 73' lang='lat' dir='ltr'><strong>exprobrare</strong></span> <span class='ocrx_word' id='word_1_193' title='bbox 2116 3139 2276 3192; x_wconf 87' lang='lat' dir='ltr'><strong>velim</strong></span> 
     </span>
    </p>
   </div>
   <div class='ocr_carea' id='block_1_29' title="bbox 711 3214 2349 3294">
    <p class='ocr_par' dir='ltr' id='par_1_29' title="bbox 711 3214 2349 3294">
     <span class='ocr_line' id='line_1_29' title="bbox 711 3214 2349 3294; baseline 0.013 -32"><span class='ocrx_word' id='word_1_194' title='bbox 711 3217 842 3278; x_wconf 84' lang='lat' dir='ltr'><strong>(non</strong></span> <span class='ocrx_word' id='word_1_195' title='bbox 878 3215 1024 3265; x_wconf 89' lang='lat' dir='ltr'><strong>enim</strong></span> <span class='ocrx_word' id='word_1_196' title='bbox 1065 3216 1237 3279; x_wconf 83' lang='lat' dir='ltr'><strong>soleo,</strong></span> <span class='ocrx_word' id='word_1_197' title='bbox 1293 3232 1360 3268; x_wconf 88' lang='lat' dir='ltr'><strong>ne</strong></span> <span class='ocrx_word' id='word_1_198' title='bbox 1405 3217 1450 3271; x_wconf 80' lang='lat' dir='ltr'><strong>si</strong></span> <span class='ocrx_word' id='word_1_199' title='bbox 1501 3219 1662 3289; x_wconf 80' lang='lat' dir='ltr'><strong>longe</strong></span> <span class='ocrx_word' id='word_1_200' title='bbox 1701 3223 1856 3290; x_wconf 90' lang='lat' dir='ltr'><strong>plura</strong></span> <span class='ocrx_word' id='word_1_201' title='bbox 1905 3227 2121 3294; x_wconf 89' lang='lat' dir='ltr'><strong>quidem</strong></span> <span class='ocrx_word' id='word_1_202' title='bbox 2153 3270 2168 3294; x_wconf 94' lang='lat'><strong>,</strong></span> <span class='ocrx_word' id='word_1_203' title='bbox 2222 3240 2279 3284; x_wconf 90' lang='lat' dir='ltr'><strong>et</strong></span> <span class='ocrx_word' id='word_1_204' title='bbox 2307 3214 2349 3261; x_wconf 61' lang='grc' dir='ltr'><strong>θ</strong></span> 
     </span>
    </p>
   </div>
   <div class='ocr_carea' id='block_1_30' title="bbox 707 3302 2272 3384">
    <p class='ocr_par' dir='ltr' id='par_1_30' title="bbox 707 3302 2272 3384">
     <span class='ocr_line' id='line_1_30' title="bbox 707 3302 2272 3384; baseline 0.013 -31"><span class='ocrx_word' id='word_1_205' title='bbox 707 3302 911 3370; x_wconf 83' lang='lat' dir='ltr'><strong>majora</strong></span> <span class='ocrx_word' id='word_1_206' title='bbox 945 3315 1176 3374; x_wconf 86' lang='lat' dir='ltr'><strong>essent),</strong></span> <span class='ocrx_word' id='word_1_207' title='bbox 1216 3307 1310 3359; x_wconf 82' lang='lat' dir='ltr'><strong>sed</strong></span> <span class='ocrx_word' id='word_1_208' title='bbox 1335 3314 1394 3360; x_wconf 86' lang='lat' dir='ltr'><strong>ut</strong></span> <span class='ocrx_word' id='word_1_209' title='bbox 1426 3311 1807 3378; x_wconf 83' lang='lat' dir='ltr'><strong>ostenderem,</strong></span> <span class='ocrx_word' id='word_1_210' title='bbox 1834 3329 2050 3384; x_wconf 67' lang='lat' dir='ltr'><strong>aequum</strong></span> <span class='ocrx_word' id='word_1_211' title='bbox 2078 3321 2272 3384; x_wconf 80' lang='lat' dir='ltr'><strong>videri,</strong></span> 
     </span>
    </p>
   </div>
   <div class='ocr_carea' id='block_1_31' title="bbox 708 3395 2275 3480">
    <p class='ocr_par' dir='ltr' id='par_1_31' title="bbox 708 3395 2275 3480">
     <span class='ocr_line' id='line_1_31' title="bbox 708 3395 2275 3480; baseline 0.015 -36"><span class='ocrx_word' id='word_1_212' title='bbox 708 3401 768 3445; x_wconf 90' lang='lat' dir='ltr'><strong>ut</strong></span> <span class='ocrx_word' id='word_1_213' title='bbox 799 3409 827 3444; x_wconf 91' lang='lat' dir='ltr'><strong>a</strong></span> <span class='ocrx_word' id='word_1_214' title='bbox 855 3409 965 3462; x_wconf 93' lang='lat' dir='ltr'><strong>quo</strong></span> <span class='ocrx_word' id='word_1_215' title='bbox 997 3395 1150 3464; x_wconf 86' lang='lat' dir='ltr'><strong>plura</strong></span> <span class='ocrx_word' id='word_1_216' title='bbox 1179 3398 1290 3466; x_wconf 87' lang='lat' dir='ltr'><strong>jam</strong></span> <span class='ocrx_word' id='word_1_217' title='bbox 1329 3400 1538 3466; x_wconf 83' lang='lat' dir='ltr'><strong>pridem</strong></span> <span class='ocrx_word' id='word_1_218' title='bbox 1571 3403 1854 3472; x_wconf 61' lang='lat' dir='ltr'><strong>amicitia,</strong></span> <span class='ocrx_word' id='word_1_219' title='bbox 1898 3417 1953 3461; x_wconf 90' lang='lat' dir='ltr'><strong>et</strong></span> <span class='ocrx_word' id='word_1_220' title='bbox 1976 3411 2275 3480; x_wconf 78' lang='lat' dir='ltr'><strong>singularis</strong></span> 
     </span>
    </p>
   </div>
   <div class='ocr_carea' id='block_1_32' title="bbox 705 3484 2269 3571">
    <p class='ocr_par' dir='ltr' id='par_1_32' title="bbox 705 3484 2269 3571">
     <span class='ocr_line' id='line_1_32' title="bbox 705 3484 2269 3571; baseline 0.015 -37"><span class='ocrx_word' id='word_1_221' title='bbox 705 3484 988 3553; x_wconf 84' lang='lat' dir='ltr'><strong>cujusdam</strong></span> <span class='ocrx_word' id='word_1_222' title='bbox 1017 3492 1224 3541; x_wconf 87' lang='lat' dir='ltr'><strong>amoris</strong></span> <span class='ocrx_word' id='word_1_223' title='bbox 1255 3503 1578 3560; x_wconf 74' lang='lat' dir='ltr'><strong>argumenta</strong></span> <span class='ocrx_word' id='word_1_224' title='bbox 1598 3493 1785 3558; x_wconf 85' lang='lat' dir='ltr'><strong>habes.</strong></span> <span class='ocrx_word' id='word_1_225' title='bbox 1823 3498 1987 3568; x_wconf 87' lang='lat' dir='ltr'><strong>idque</strong></span> <span class='ocrx_word' id='word_1_226' title='bbox 2009 3505 2269 3571; x_wconf 77' lang='lat' dir='ltr'><strong>gratuito,</strong></span> 
     </span>
    </p>
   </div>
   <div class='ocr_carea' id='block_1_33' title="bbox 701 3574 2270 3658">
    <p class='ocr_par' dir='ltr' id='par_1_33' title="bbox 701 3574 2270 3658">
     <span class='ocr_line' id='line_1_33' title="bbox 701 3574 2270 3658; baseline 0.017 -35"><span class='ocrx_word' id='word_1_227' title='bbox 701 3574 750 3626; x_wconf 68' lang='lat' dir='ltr'><strong>ei</strong></span> <span class='ocrx_word' id='word_1_228' title='bbox 781 3590 926 3627; x_wconf 93' lang='lat' dir='ltr'><strong>nunc</strong></span> <span class='ocrx_word' id='word_1_229' title='bbox 960 3577 1051 3629; x_wconf 84' lang='lat' dir='ltr'><strong>tali</strong></span> <span class='ocrx_word' id='word_1_230' title='bbox 1087 3587 1332 3647; x_wconf 87' lang='lat' dir='ltr'><strong>tempore</strong></span> <span class='ocrx_word' id='word_1_231' title='bbox 1359 3598 1654 3637; x_wconf 88' lang='lat' dir='ltr'><strong>memorem</strong></span> <span class='ocrx_word' id='word_1_232' title='bbox 1693 3595 1744 3639; x_wconf 89' lang='lat' dir='ltr'><strong>te</strong></span> <span class='ocrx_word' id='word_1_233' title='bbox 1771 3627 1784 3650; x_wconf 93' lang='lat'><strong>,</strong></span> <span class='ocrx_word' id='word_1_234' title='bbox 1810 3598 1864 3641; x_wconf 90' lang='lat' dir='ltr'><strong>et</strong></span> <span class='ocrx_word' id='word_1_235' title='bbox 1897 3591 2074 3658; x_wconf 83' lang='lat' dir='ltr'><strong>reipsa</strong></span> <span class='ocrx_word' id='word_1_236' title='bbox 2102 3598 2270 3648; x_wconf 88' lang='lat' dir='ltr'><strong>meri-</strong></span> 
     </span>
    </p>
   </div>
   <div class='ocr_carea' id='block_1_34' title="bbox 701 3659 2269 3746">
    <p class='ocr_par' dir='ltr' id='par_1_34' title="bbox 701 3659 2269 3746">
     <span class='ocr_line' id='line_1_34' title="bbox 701 3659 2269 3746; baseline 0.018 -33"><span class='ocrx_word' id='word_1_237' title='bbox 701 3663 770 3714; x_wconf 88' lang='lat' dir='ltr'><strong>tis</strong></span> <span class='ocrx_word' id='word_1_238' title='bbox 807 3659 1228 3732; x_wconf 81' lang='lat' dir='ltr'><strong>compensandis</strong></span> <span class='ocrx_word' id='word_1_239' title='bbox 1267 3681 1479 3737; x_wconf 81' lang='lat' dir='ltr'><strong>gratum</strong></span> <span class='ocrx_word' id='word_1_240' title='bbox 1527 3675 1808 3731; x_wconf 82' lang='lat' dir='ltr'><strong>exhibeas.</strong></span> <span class='ocrx_word' id='word_1_241' title='bbox 1837 3679 2011 3746; x_wconf 84' lang='lat' dir='ltr'><strong>Adde,</strong></span> <span class='ocrx_word' id='word_1_242' title='bbox 2038 3698 2162 3736; x_wconf 91' lang='lat' dir='ltr'><strong>cum</strong></span> <span class='ocrx_word' id='word_1_243' title='bbox 2193 3688 2269 3741; x_wconf 88' lang='lat' dir='ltr'><strong>sis</strong></span> 
     </span>
    </p>
   </div>
   <div class='ocr_carea' id='block_1_35' title="bbox 699 3753 2267 3842">
    <p class='ocr_par' dir='ltr' id='par_1_35' title="bbox 699 3753 2267 3842">
     <span class='ocr_line' id='line_1_35' title="bbox 699 3753 2267 3842; baseline 0.017 -38"><span class='ocrx_word' id='word_1_244' title='bbox 699 3753 854 3807; x_wconf 84' lang='lat' dir='ltr'><strong>Pater</strong></span> <span class='ocrx_word' id='word_1_245' title='bbox 876 3759 1179 3823; x_wconf 82' lang='lat' dir='ltr'><strong>spiritualis</strong></span> <span class='ocrx_word' id='word_1_246' title='bbox 1201 3763 1469 3830; x_wconf 88' lang='lat' dir='ltr'><strong>onmimn,</strong></span> <span class='ocrx_word' id='word_1_247' title='bbox 1492 3779 1752 3834; x_wconf 86' lang='lat' dir='ltr'><strong>quantam</strong></span> <span class='ocrx_word' id='word_1_248' title='bbox 1769 3773 2067 3842; x_wconf 88' lang='lat' dir='ltr'><strong>unicuique</strong></span> <span class='ocrx_word' id='word_1_249' title='bbox 2082 3777 2267 3831; x_wconf 89' lang='lat' dir='ltr'><strong>ovium</strong></span> 
     </span>
    </p>
   </div>
   <div class='ocr_carea' id='block_1_36' title="bbox 696 3853 2326 3938">
    <p class='ocr_par' dir='ltr' id='par_1_36' title="bbox 696 3853 2326 3938">
     <span class='ocr_line' id='line_1_36' title="bbox 696 3853 2326 3938; baseline 0.018 -42"><span class='ocrx_word' id='word_1_250' title='bbox 696 3854 931 3909; x_wconf 86' lang='lat' dir='ltr'><strong>tuarum,</strong></span> <span class='ocrx_word' id='word_1_251' title='bbox 960 3857 1170 3902; x_wconf 86' lang='lat' dir='ltr'><strong>tantam</strong></span> <span class='ocrx_word' id='word_1_252' title='bbox 1199 3860 1255 3904; x_wconf 90' lang='lat' dir='ltr'><strong>et</strong></span> <span class='ocrx_word' id='word_1_253' title='bbox 1287 3853 1445 3917; x_wconf 85' lang='lat' dir='ltr'><strong>mihi,</strong></span> <span class='ocrx_word' id='word_1_254' title='bbox 1484 3857 1592 3910; x_wconf 90' lang='lat' dir='ltr'><strong>imo</strong></span> <span class='ocrx_word' id='word_1_255' title='bbox 1619 3874 1746 3913; x_wconf 90' lang='lat' dir='ltr'><strong>vero</strong></span> <span class='ocrx_word' id='word_1_256' title='bbox 1787 3864 1960 3918; x_wconf 90' lang='lat' dir='ltr'><strong>multo</strong></span> <span class='ocrx_word' id='word_1_257' title='bbox 1996 3867 2262 3938; x_wconf 88' lang='lat' dir='ltr'><strong>majorem</strong></span> <span class='ocrx_word' id='word_1_258' title='bbox 2313 3861 2326 3873; x_wconf 85' lang='grc'><em>’</em></span> 
     </span>
    </p>
   </div>
   <div class='ocr_carea' id='block_1_37' title="bbox 691 3938 2262 4031">
    <p class='ocr_par' dir='ltr' id='par_1_37' title="bbox 691 3938 2262 4031">
     <span class='ocr_line' id='line_1_37' title="bbox 691 3938 2262 4031; baseline 0.018 -44"><span class='ocrx_word' id='word_1_259' title='bbox 691 3951 854 4004; x_wconf 89' lang='lat' dir='ltr'><strong>quam</strong></span> <span class='ocrx_word' id='word_1_260' title='bbox 888 3938 1059 3994; x_wconf 91' lang='lat' dir='ltr'><strong>ferme</strong></span> <span class='ocrx_word' id='word_1_261' title='bbox 1083 3944 1342 3999; x_wconf 89' lang='lat' dir='ltr'><strong>omnibus</strong></span> <span class='ocrx_word' id='word_1_262' title='bbox 1392 3949 1822 4008; x_wconf 83' lang='lat' dir='ltr'><strong>sollicitudinem</strong></span> <span class='ocrx_word' id='word_1_263' title='bbox 1873 3957 2078 4014; x_wconf 86' lang='lat' dir='ltr'><strong>debes:</strong></span> <span class='ocrx_word' id='word_1_264' title='bbox 2115 3963 2262 4031; x_wconf 92' lang='lat' dir='ltr'><strong>quod</strong></span> 
     </span>
    </p>
   </div>
   <div class='ocr_carea' id='block_1_38' title="bbox 693 4035 2263 4109">
    <p class='ocr_par' dir='ltr' id='par_1_38' title="bbox 693 4035 2263 4109">
     <span class='ocr_line' id='line_1_38' title="bbox 693 4035 2263 4109; baseline 0.017 -28"><span class='ocrx_word' id='word_1_265' title='bbox 693 4043 884 4083; x_wconf 85' lang='lat' dir='ltr'><strong>omnes</strong></span> <span class='ocrx_word' id='word_1_266' title='bbox 911 4035 1326 4089; x_wconf 91' lang='lat' dir='ltr'><strong>commodorum</strong></span> <span class='ocrx_word' id='word_1_267' title='bbox 1380 4055 1665 4109; x_wconf 89' lang='lat' dir='ltr'><strong>meorum,</strong></span> <span class='ocrx_word' id='word_1_268' title='bbox 1720 4046 2263 4108; x_wconf 88' lang='lat' dir='ltr'><strong>incommodorumve</strong></span> 
     </span>
    </p>
   </div>
   <div class='ocr_carea' id='block_1_39' title="bbox 691 4122 2260 4213">
    <p class='ocr_par' dir='ltr' id='par_1_39' title="bbox 691 4122 2260 4213">
     <span class='ocr_line' id='line_1_39' title="bbox 691 4122 2260 4213; baseline 0.018 -42"><span class='ocrx_word' id='word_1_269' title='bbox 691 4122 984 4190; x_wconf 84' lang='lat' dir='ltr'><strong>participes</strong></span> <span class='ocrx_word' id='word_1_270' title='bbox 1014 4128 1183 4178; x_wconf 82' lang='lat' dir='ltr'><strong>futuri</strong></span> <span class='ocrx_word' id='word_1_271' title='bbox 1217 4137 1367 4213; x_wconf 71' lang='lat' dir='ltr'><strong>sunt.</strong></span> <span class='ocrx_word' id='word_1_272' title='bbox 1393 4131 1549 4196; x_wconf 85' lang='lat' dir='ltr'><strong>Quod</strong></span> <span class='ocrx_word' id='word_1_273' title='bbox 1580 4147 1764 4190; x_wconf 88' lang='lat' dir='ltr'><strong>autem</strong></span> <span class='ocrx_word' id='word_1_274' title='bbox 1791 4149 1842 4193; x_wconf 92' lang='lat' dir='ltr'><strong>te</strong></span> <span class='ocrx_word' id='word_1_275' title='bbox 1869 4157 1990 4207; x_wconf 84' lang='lat' dir='ltr'><strong>oro,</strong></span> <span class='ocrx_word' id='word_1_276' title='bbox 2023 4143 2126 4197; x_wconf 90' lang='lat' dir='ltr'><strong>hoc</strong></span> <span class='ocrx_word' id='word_1_277' title='bbox 2153 4156 2260 4213; x_wconf 84' lang='lat' dir='ltr'><strong>est,</strong></span> 
     </span>
    </p>
   </div>
   <div class='ocr_carea' id='block_1_40' title="bbox 688 4199 2259 4303">
    <p class='ocr_par' dir='ltr' id='par_1_40' title="bbox 688 4199 2259 4303">
     <span class='ocr_line' id='line_1_40' title="bbox 688 4199 2259 4303; baseline 0.018 -39"><span class='ocrx_word' id='word_1_278' title='bbox 688 4223 749 4266; x_wconf 87' lang='lat' dir='ltr'><strong>ut</strong></span> <span class='ocrx_word' id='word_1_279' title='bbox 778 4214 945 4268; x_wconf 74' lang='lat' dir='ltr'><strong>simul</strong></span> <span class='ocrx_word' id='word_1_280' title='bbox 973 4230 1035 4270; x_wconf 91' lang='lat' dir='ltr'><strong>ac</strong></span> <span class='ocrx_word' id='word_1_281' title='bbox 1063 4199 1311 4274; x_wconf 51' lang='lat' dir='ltr'><strong>debuer’o</strong></span> <span class='ocrx_word' id='word_1_282' title='bbox 1337 4221 1473 4278; x_wconf 88' lang='lat' dir='ltr'><strong>foris</strong></span> <span class='ocrx_word' id='word_1_283' title='bbox 1500 4227 1704 4282; x_wconf 81' lang='lat' dir='ltr'><strong>bellum</strong></span> <span class='ocrx_word' id='word_1_284' title='bbox 1736 4246 1930 4298; x_wconf 80' lang='lat' dir='ltr'><strong>gerere</strong></span> <span class='ocrx_word' id='word_1_285' title='bbox 1957 4199 2082 4303; x_wconf 77' lang='lat' dir='ltr'><strong>(nec</strong></span> <span class='ocrx_word' id='word_1_286' title='bbox 2108 4199 2259 4292; x_wconf 63' lang='lat' dir='ltr'><strong>enini</strong></span> 
     </span>
    </p>
   </div>
   <div class='ocr_carea' id='block_1_41' title="bbox 683 4304 2258 4386">
    <p class='ocr_par' dir='ltr' id='par_1_41' title="bbox 683 4304 2258 4386">
     <span class='ocr_line' id='line_1_41' title="bbox 683 4304 2258 4386; baseline 0.018 -31"><span class='ocrx_word' id='word_1_287' title='bbox 683 4304 767 4356; x_wconf 66' lang='lat' dir='ltr'><strong>vel</strong></span> <span class='ocrx_word' id='word_1_288' title='bbox 797 4305 931 4358; x_wconf 89' lang='lat' dir='ltr'><strong>mihi</strong></span> <span class='ocrx_word' id='word_1_289' title='bbox 964 4307 1350 4377; x_wconf 79' lang='lat' dir='ltr'><strong>honorificum,</strong></span> <span class='ocrx_word' id='word_1_290' title='bbox 1397 4315 1483 4368; x_wconf 86' lang='lat' dir='ltr'><strong>vel</strong></span> <span class='ocrx_word' id='word_1_291' title='bbox 1521 4318 1675 4372; x_wconf 84' lang='lat' dir='ltr'><strong>vobis</strong></span> <span class='ocrx_word' id='word_1_292' title='bbox 1708 4321 1838 4375; x_wconf 89' lang='lat' dir='ltr'><strong>utile</strong></span> <span class='ocrx_word' id='word_1_293' title='bbox 1867 4361 1880 4386; x_wconf 94' lang='lat'><strong>,</strong></span> <span class='ocrx_word' id='word_1_294' title='bbox 1921 4324 2012 4378; x_wconf 89' lang='lat' dir='ltr'><strong>hic</strong></span> <span class='ocrx_word' id='word_1_295' title='bbox 2061 4327 2258 4382; x_wconf 79' lang='lat' dir='ltr'><strong>seden-</strong></span> 
     </span>
    </p>
   </div>
   <div class='ocr_carea' id='block_1_42' title="bbox 685 4398 2256 4479">
    <p class='ocr_par' dir='ltr' id='par_1_42' title="bbox 685 4398 2256 4479">
     <span class='ocr_line' id='line_1_42' title="bbox 685 4398 2256 4479; baseline 0.019 -33"><span class='ocrx_word' id='word_1_296' title='bbox 685 4406 793 4448; x_wconf 83' lang='lat' dir='ltr'><strong>tem</strong></span> <span class='ocrx_word' id='word_1_297' title='bbox 826 4398 896 4450; x_wconf 85' lang='lat' dir='ltr'><strong>ab</strong></span> <span class='ocrx_word' id='word_1_298' title='bbox 950 4398 1206 4456; x_wconf 83' lang='lat' dir='ltr'><strong>hostibus</strong></span> <span class='ocrx_word' id='word_1_299' title='bbox 1245 4419 1407 4472; x_wconf 79' lang='lat' dir='ltr'><strong>agros</strong></span> <span class='ocrx_word' id='word_1_300' title='bbox 1463 4421 1680 4466; x_wconf 88' lang='lat' dir='ltr'><strong>nostros</strong></span> <span class='ocrx_word' id='word_1_301' title='bbox 1731 4419 1957 4479; x_wconf 88' lang='lat' dir='ltr'><strong>vastari,</strong></span> <span class='ocrx_word' id='word_1_302' title='bbox 2004 4419 2256 4477; x_wconf 83' lang='lat' dir='ltr'><strong>civitates</strong></span> 
     </span>
    </p>
   </div>
   <div class='ocr_carea' id='block_1_43' title="bbox 679 4487 2247 4582">
    <p class='ocr_par' dir='ltr' id='par_1_43' title="bbox 679 4487 2247 4582">
     <span class='ocr_line' id='line_1_43' title="bbox 679 4487 2247 4582; baseline 0.02 -46"><span class='ocrx_word' id='word_1_303' title='bbox 679 4487 946 4555; x_wconf 84' lang='lat' dir='ltr'><strong>obsideri,</strong></span> <span class='ocrx_word' id='word_1_304' title='bbox 971 4493 1166 4549; x_wconf 89' lang='lat' dir='ltr'><strong>obvios</strong></span> <span class='ocrx_word' id='word_1_305' title='bbox 1199 4496 1254 4549; x_wconf 96' lang='lat' dir='ltr'><strong>in</strong></span> <span class='ocrx_word' id='word_1_306' title='bbox 1285 4501 1606 4556; x_wconf 84' lang='lat' dir='ltr'><strong>servitutem</strong></span> <span class='ocrx_word' id='word_1_307' title='bbox 1646 4507 1843 4561; x_wconf 87' lang='lat' dir='ltr'><strong>abduci</strong></span> <span class='ocrx_word' id='word_1_308' title='bbox 1887 4514 2247 4582; x_wconf 87' lang='lat' dir='ltr'><strong>permittere),</strong></span> 
     </span>
    </p>
   </div>
   <div class='ocr_carea' id='block_1_44' title="bbox 679 4581 2248 4670">
    <p class='ocr_par' dir='ltr' id='par_1_44' title="bbox 679 4581 2248 4670">
     <span class='ocr_line' id='line_1_44' title="bbox 679 4581 2248 4670; baseline 0.019 -38"><span class='ocrx_word' id='word_1_309' title='bbox 679 4581 818 4632; x_wconf 89' lang='lat' dir='ltr'><strong>nihil</strong></span> <span class='ocrx_word' id='word_1_310' title='bbox 861 4583 1058 4638; x_wconf 87' lang='lat' dir='ltr'><strong>locide</strong></span> <span class='ocrx_word' id='word_1_311' title='bbox 1117 4590 1506 4657; x_wconf 87' lang='lat' dir='ltr'><strong>sycophantis,</strong></span> <span class='ocrx_word' id='word_1_312' title='bbox 1547 4596 1866 4654; x_wconf 89' lang='lat' dir='ltr'><strong>hominibus</strong></span> <span class='ocrx_word' id='word_1_313' title='bbox 1912 4606 2163 4670; x_wconf 88' lang='lat' dir='ltr'><strong>perditis,</strong></span> <span class='ocrx_word' id='word_1_314' title='bbox 2193 4619 2248 4661; x_wconf 89' lang='lat' dir='ltr'><strong>et</strong></span> 
     </span>
    </p>
   </div>
   <div class='ocr_carea' id='block_1_45' title="bbox 679 4673 2248 4762">
    <p class='ocr_par' dir='ltr' id='par_1_45' title="bbox 679 4673 2248 4762">
     <span class='ocr_line' id='line_1_45' title="bbox 679 4673 2248 4762; baseline 0.02 -40"><span class='ocrx_word' id='word_1_315' title='bbox 679 4673 992 4740; x_wconf 66' lang='lat' dir='ltr'><strong>reipublicae</strong></span> <span class='ocrx_word' id='word_1_316' title='bbox 1027 4676 1284 4742; x_wconf 86' lang='lat' dir='ltr'><strong>inimicis,</strong></span> <span class='ocrx_word' id='word_1_317' title='bbox 1319 4685 1413 4750; x_wconf 81' lang='lat' dir='ltr'><strong>qui</strong></span> <span class='ocrx_word' id='word_1_318' title='bbox 1472 4685 1560 4739; x_wconf 91' lang='lat' dir='ltr'><strong>hic</strong></span> <span class='ocrx_word' id='word_1_319' title='bbox 1598 4703 1721 4742; x_wconf 86' lang='lat' dir='ltr'><strong>cum</strong></span> <span class='ocrx_word' id='word_1_320' title='bbox 1771 4692 2015 4762; x_wconf 78' lang='lat' dir='ltr'><strong>Augusta</strong></span> <span class='ocrx_word' id='word_1_321' title='bbox 2065 4712 2248 4752; x_wconf 81' lang='lat' dir='ltr'><strong>versa-</strong></span> 
     </span>
    </p>
   </div>
   <div class='ocr_carea' id='block_1_46' title="bbox 675 4761 2250 4844">
    <p class='ocr_par' dir='ltr' id='par_1_46' title="bbox 675 4761 2250 4844">
     <span class='ocr_line' id='line_1_46' title="bbox 675 4761 2250 4844; baseline 0.022 -32"><span class='ocrx_word' id='word_1_322' title='bbox 675 4761 825 4814; x_wconf 90' lang='lat' dir='ltr'><strong>beris</strong></span> <span class='ocrx_word' id='word_1_323' title='bbox 879 4780 1138 4834; x_wconf 87' lang='lat' dir='ltr'><strong>semper:</strong></span> <span class='ocrx_word' id='word_1_324' title='bbox 1193 4779 1253 4822; x_wconf 90' lang='lat' dir='ltr'><strong>ut</strong></span> <span class='ocrx_word' id='word_1_325' title='bbox 1303 4786 1496 4828; x_wconf 89' lang='lat' dir='ltr'><strong>contra</strong></span> <span class='ocrx_word' id='word_1_326' title='bbox 1553 4795 1636 4831; x_wconf 91' lang='lat' dir='ltr'><strong>me</strong></span> <span class='ocrx_word' id='word_1_327' title='bbox 1668 4781 1970 4841; x_wconf 85' lang='lat' dir='ltr'><strong>calumnias</strong></span> <span class='ocrx_word' id='word_1_328' title='bbox 2019 4791 2250 4844; x_wconf 88' lang='lat' dir='ltr'><strong>commi-</strong></span> 
     </span>
    </p>
   </div>
   <div class='ocr_carea' id='block_1_47' title="bbox 674 4846 2247 4934">
    <p class='ocr_par' dir='ltr' id='par_1_47' title="bbox 674 4846 2247 4934">
     <span class='ocr_line' id='line_1_47' title="bbox 674 4846 2247 4934; baseline 0.021 -31"><span class='ocrx_word' id='word_1_329' title='bbox 674 4853 851 4917; x_wconf 88' lang='lat' dir='ltr'><strong>nisci,</strong></span> <span class='ocrx_word' id='word_1_330' title='bbox 905 4865 961 4908; x_wconf 89' lang='lat' dir='ltr'><strong>et</strong></span> <span class='ocrx_word' id='word_1_331' title='bbox 1015 4846 1162 4911; x_wconf 89' lang='lat' dir='ltr'><strong>illam</strong></span> <span class='ocrx_word' id='word_1_332' title='bbox 1222 4863 1287 4914; x_wconf 91' lang='lat' dir='ltr'><strong>ad</strong></span> <span class='ocrx_word' id='word_1_333' title='bbox 1345 4865 1746 4925; x_wconf 73' lang='lat' dir='ltr'><strong>obtrectatores</strong></span> <span class='ocrx_word' id='word_1_334' title='bbox 1805 4887 1865 4927; x_wconf 87' lang='lat' dir='ltr'><strong>ut</strong></span> <span class='ocrx_word' id='word_1_335' title='bbox 1924 4877 2064 4933; x_wconf 86' lang='lat' dir='ltr'><strong>bene</strong></span> <span class='ocrx_word' id='word_1_336' title='bbox 2118 4896 2247 4934; x_wconf 82' lang='lat' dir='ltr'><strong>con-</strong></span> 
     </span>
    </p>
   </div>
   <div class='ocr_carea' id='block_1_48' title="bbox 672 4943 2246 5030">
    <p class='ocr_par' dir='ltr' id='par_1_48' title="bbox 672 4943 2246 5030">
     <span class='ocr_line' id='line_1_48' title="bbox 672 4943 2246 5030; baseline 0.021 -37"><span class='ocrx_word' id='word_1_337' title='bbox 672 4943 920 5000; x_wconf 78' lang='lat' dir='ltr'><strong>snlentes</strong></span> <span class='ocrx_word' id='word_1_338' title='bbox 953 4948 1258 5005; x_wconf 84' lang='lat' dir='ltr'><strong>audiendos</strong></span> <span class='ocrx_word' id='word_1_339' title='bbox 1287 4994 1302 5014; x_wconf 82' lang='lat'><strong>,</strong></span> <span class='ocrx_word' id='word_1_340' title='bbox 1367 4969 1430 5007; x_wconf 85' lang='lat' dir='ltr'><strong>ac</strong></span> <span class='ocrx_word' id='word_1_341' title='bbox 1468 4973 1552 5011; x_wconf 89' lang='lat' dir='ltr'><strong>me</strong></span> <span class='ocrx_word' id='word_1_342' title='bbox 1598 4975 1694 5026; x_wconf 87' lang='lat' dir='ltr'><strong>pro</strong></span> <span class='ocrx_word' id='word_1_343' title='bbox 1749 4963 1906 5019; x_wconf 88' lang='lat' dir='ltr'><strong>hoste</strong></span> <span class='ocrx_word' id='word_1_344' title='bbox 1933 5005 1948 5030; x_wconf 93' lang='lat'><strong>,</strong></span> <span class='ocrx_word' id='word_1_345' title='bbox 1990 4979 2046 5023; x_wconf 91' lang='lat' dir='ltr'><strong>ct</strong></span> <span class='ocrx_word' id='word_1_346' title='bbox 2111 4972 2246 5026; x_wconf 86' lang='lat' dir='ltr'><strong>insi-</strong></span> 
     </span>
    </p>
   </div>
   <div class='ocr_carea' id='block_1_49' title="bbox 667 5035 2246 5120">
    <p class='ocr_par' dir='ltr' id='par_1_49' title="bbox 667 5035 2246 5120">
     <span class='ocr_line' id='line_1_49' title="bbox 667 5035 2246 5120; baseline 0.022 -34"><span class='ocrx_word' id='word_1_347' title='bbox 667 5035 881 5090; x_wconf 89' lang='lat' dir='ltr'><strong>diatore</strong></span> <span class='ocrx_word' id='word_1_348' title='bbox 913 5055 1014 5093; x_wconf 87' lang='lat' dir='ltr'><strong>suo</strong></span> <span class='ocrx_word' id='word_1_349' title='bbox 1038 5053 1263 5116; x_wconf 83' lang='lat' dir='ltr'><strong>propter</strong></span> <span class='ocrx_word' id='word_1_350' title='bbox 1298 5045 1589 5116; x_wconf 88' lang='lat' dir='ltr'><strong>imperium</strong></span> <span class='ocrx_word' id='word_1_351' title='bbox 1624 5054 1932 5112; x_wconf 84' lang='lat' dir='ltr'><strong>habendum</strong></span> <span class='ocrx_word' id='word_1_352' title='bbox 1983 5062 2246 5120; x_wconf 89' lang='lat' dir='ltr'><strong>inducere</strong></span> 
     </span>
    </p>
   </div>
   <div class='ocr_carea' id='block_1_50' title="bbox 669 5129 2244 5214">
    <p class='ocr_par' dir='ltr' id='par_1_50' title="bbox 669 5129 2244 5214">
     <span class='ocr_line' id='line_1_50' title="bbox 669 5129 2244 5214; baseline 0.022 -35"><span class='ocrx_word' id='word_1_353' title='bbox 669 5129 869 5194; x_wconf 88' lang='lat' dir='ltr'><strong>possis,</strong></span> <span class='ocrx_word' id='word_1_354' title='bbox 903 5133 998 5184; x_wconf 88' lang='lat' dir='ltr'><strong>sed</strong></span> <span class='ocrx_word' id='word_1_355' title='bbox 1043 5137 1132 5203; x_wconf 90' lang='lat' dir='ltr'><strong>jus</strong></span> <span class='ocrx_word' id='word_1_356' title='bbox 1182 5135 1348 5207; x_wconf 83' lang='lat'><strong>370</strong></span> <span class='ocrx_word' id='word_1_357' title='bbox 1399 5156 1580 5195; x_wconf 88' lang='lat' dir='ltr'><strong>meum</strong></span> <span class='ocrx_word' id='word_1_358' title='bbox 1621 5154 1844 5214; x_wconf 85' lang='lat' dir='ltr'><strong>tueare;</strong></span> <span class='ocrx_word' id='word_1_359' title='bbox 1878 5151 2094 5209; x_wconf 89' lang='lat' dir='ltr'><strong>illorum</strong></span> <span class='ocrx_word' id='word_1_360' title='bbox 2129 5174 2244 5212; x_wconf 78' lang='lat' dir='ltr'><strong>tua-</strong></span> 
     </span>
    </p>
   </div>
   <div class='ocr_carea' id='block_1_51' title="bbox 662 5220 2244 5314">
    <p class='ocr_par' dir='ltr' id='par_1_51' title="bbox 662 5220 2244 5314">
     <span class='ocr_line' id='line_1_51' title="bbox 662 5220 2244 5314; baseline 0.021 -43"><span class='ocrx_word' id='word_1_361' title='bbox 662 5220 860 5275; x_wconf 84' lang='lat' dir='ltr'><strong>chinas</strong></span> <span class='ocrx_word' id='word_1_362' title='bbox 887 5222 1158 5294; x_wconf 84' lang='lat' dir='ltr'><strong>dissipes;</strong></span> <span class='ocrx_word' id='word_1_363' title='bbox 1185 5231 1564 5299; x_wconf 86' lang='lat' dir='ltr'><strong>calliditatem,</strong></span> <span class='ocrx_word' id='word_1_364' title='bbox 1595 5252 1657 5291; x_wconf 87' lang='lat' dir='ltr'><strong>ac</strong></span> <span class='ocrx_word' id='word_1_365' title='bbox 1687 5239 1842 5295; x_wconf 90' lang='lat' dir='ltr'><strong>dolos</strong></span> <span class='ocrx_word' id='word_1_366' title='bbox 1875 5243 2155 5314; x_wconf 82' lang='lat' dir='ltr'><strong>inﬁrmes;</strong></span> <span class='ocrx_word' id='word_1_367' title='bbox 2189 5259 2244 5304; x_wconf 89' lang='lat' dir='ltr'><strong>et</strong></span> 
     </span>
    </p>
   </div>
   <div class='ocr_carea' id='block_1_52' title="bbox 663 5311 2239 5410">
    <p class='ocr_par' dir='ltr' id='par_1_52' title="bbox 663 5311 2239 5410">
     <span class='ocr_line' id='line_1_52' title="bbox 663 5311 2239 5410; baseline 0.022 -46"><span class='ocrx_word' id='word_1_368' title='bbox 663 5311 770 5369; x_wconf 88' lang='lat' dir='ltr'><strong>hoc</strong></span> <span class='ocrx_word' id='word_1_369' title='bbox 799 5315 977 5369; x_wconf 88' lang='lat' dir='ltr'><strong>solum</strong></span> <span class='ocrx_word' id='word_1_370' title='bbox 1006 5318 1187 5374; x_wconf 90' lang='lat' dir='ltr'><strong>eidem</strong></span> <span class='ocrx_word' id='word_1_371' title='bbox 1212 5325 1564 5392; x_wconf 87' lang='lat' dir='ltr'><strong>persuadeas,</strong></span> <span class='ocrx_word' id='word_1_372' title='bbox 1590 5346 1657 5385; x_wconf 89' lang='lat' dir='ltr'><strong>ne</strong></span> <span class='ocrx_word' id='word_1_373' title='bbox 1691 5332 1972 5390; x_wconf 88' lang='lat' dir='ltr'><strong>absentem</strong></span> <span class='ocrx_word' id='word_1_374' title='bbox 1997 5339 2239 5410; x_wconf 88' lang='lat' dir='ltr'><strong>damnet,</strong></span> 
     </span>
    </p>
   </div>
   <div class='ocr_carea' id='block_1_53' title="bbox 1942 393 2829 463">
    <p class='ocr_par' dir='ltr' id='par_1_53' title="bbox 1942 393 2829 463">
     <span class='ocr_line' id='line_1_53' title="bbox 1942 393 2829 463; baseline 0.009 -11"><span class='ocrx_word' id='word_1_375' title='bbox 1942 393 2267 452; x_wconf 60' lang='lat' dir='ltr'><strong>JOANNlS</strong></span> <span class='ocrx_word' id='word_1_376' title='bbox 2307 396 2829 463; x_wconf 64' lang='lat' dir='ltr'><strong>CAN&#39;I‘ACUZENI</strong></span> 
     </span>
    </p>
   </div>
   <div class='ocr_carea' id='block_1_54' title="bbox 741 491 2299 593">
    <p class='ocr_par' dir='ltr' id='par_1_54' title="bbox 741 491 2299 571">
     <span class='ocr_line' id='line_1_54' title="bbox 741 491 2299 571; baseline 0.009 -28"><span class='ocrx_word' id='word_1_377' title='bbox 741 494 942 543; x_wconf 76' lang='lat' dir='ltr'><strong>‘tuham</strong></span> <span class='ocrx_word' id='word_1_378' title='bbox 979 491 1103 545; x_wconf 82' lang='lat' dir='ltr'><strong>belli</strong></span> <span class='ocrx_word' id='word_1_379' title='bbox 1134 493 1346 561; x_wconf 64' lang='lat' dir='ltr'><strong>signum</strong></span> <span class='ocrx_word' id='word_1_380' title='bbox 1376 496 1735 550; x_wconf 74' lang='lat' dir='ltr'><strong>exaudierunt</strong></span> <span class='ocrx_word' id='word_1_381' title='bbox 1765 540 1776 561; x_wconf 94' lang='lat'><strong>,</strong></span> <span class='ocrx_word' id='word_1_382' title='bbox 1821 500 1872 551; x_wconf 94' lang='lat' dir='ltr'><strong>in</strong></span> <span class='ocrx_word' id='word_1_383' title='bbox 1926 504 2044 555; x_wconf 83' lang='lat' dir='ltr'><strong>acie</strong></span> <span class='ocrx_word' id='word_1_384' title='bbox 2083 506 2299 571; x_wconf 78' lang='lat' dir='ltr'><strong>amplini</strong></span> 
     </span>
    </p>
   </div>
   <div class='ocr_carea' id='block_1_55' title="bbox 2320 491 3436 593">
    <p class='ocr_par' dir='ltr' id='par_1_55' title="bbox 2347 491 3436 593">
     <span class='ocr_line' id='line_1_55' title="bbox 2347 491 3436 593; baseline 0.012 -33"><span class='ocrx_word' id='word_1_385' title='bbox 2347 518 2386 568; x_wconf 75' lang='grc' dir='ltr'><strong><em>Α</em></strong></span> <span class='ocrx_word' id='word_1_386' title='bbox 2420 509 2644 576; x_wconf 77' lang='grc' dir='ltr'><strong>δειλίαν,</strong></span> <span class='ocrx_word' id='word_1_387' title='bbox 2700 515 2793 566; x_wconf 73' lang='grc' dir='ltr'><strong>καὶ</strong></span> <span class='ocrx_word' id='word_1_388' title='bbox 2819 491 3115 593; x_wconf 32' lang='grc' dir='ltr'><strong>δἐδοριέναι</strong></span> <span class='ocrx_word' id='word_1_389' title='bbox 3153 518 3227 588; x_wconf 74' lang='grc' dir='ltr'><strong>μή</strong></span> <span class='ocrx_word' id='word_1_390' title='bbox 3277 520 3436 584; x_wconf 75' lang='grc' dir='ltr'><strong>αὐτὸς</strong></span> 
     </span>
    </p>
   </div>
   <div class='ocr_carea' id='block_1_56' title="bbox 749 586 2318 659">
    <p class='ocr_par' dir='ltr' id='par_1_56' title="bbox 749 586 2318 659">
     <span class='ocr_line' id='line_1_56' title="bbox 749 586 2318 659; baseline 0.008 -24"><span class='ocrx_word' id='word_1_391' title='bbox 749 586 1054 637; x_wconf 80' lang='lat' dir='ltr'><strong>consistere</strong></span> <span class='ocrx_word' id='word_1_392' title='bbox 1081 599 1183 636; x_wconf 93' lang='lat' dir='ltr'><strong>non</strong></span> <span class='ocrx_word' id='word_1_393' title='bbox 1210 595 1436 653; x_wconf 81' lang='lat' dir='ltr'><strong>possunt</strong></span> <span class='ocrx_word' id='word_1_394' title='bbox 1463 606 1476 650; x_wconf 83' lang='lat'><strong>;</strong></span> <span class='ocrx_word' id='word_1_395' title='bbox 1502 588 1594 640; x_wconf 88' lang='lat' dir='ltr'><strong>sed</strong></span> <span class='ocrx_word' id='word_1_396' title='bbox 1613 591 1931 658; x_wconf 88' lang='lat' dir='ltr'><strong>juramenti,</strong></span> <span class='ocrx_word' id='word_1_397' title='bbox 1963 603 2018 646; x_wconf 90' lang='lat' dir='ltr'><strong>et</strong></span> <span class='ocrx_word' id='word_1_398' title='bbox 2043 593 2318 659; x_wconf 78' lang='lat' dir='ltr'><strong>jactantia:</strong></span> 
     </span>
    </p>
   </div>
   <div class='ocr_carea' id='block_1_57' title="bbox 750 673 2317 750">
    <p class='ocr_par' dir='ltr' id='par_1_57' title="bbox 750 673 2317 750">
     <span class='ocr_line' id='line_1_57' title="bbox 750 673 2317 750; baseline 0.011 -28"><span class='ocrx_word' id='word_1_399' title='bbox 750 673 955 740; x_wconf 90' lang='lat' dir='ltr'><strong>prioris</strong></span> <span class='ocrx_word' id='word_1_400' title='bbox 979 675 1156 736; x_wconf 83' lang='lat' dir='ltr'><strong>obliti.</strong></span> <span class='ocrx_word' id='word_1_401' title='bbox 1182 677 1372 744; x_wconf 74' lang='lat' dir='ltr'><strong>ignave</strong></span> <span class='ocrx_word' id='word_1_402' title='bbox 1399 695 1461 731; x_wconf 90' lang='lat' dir='ltr'><strong>ac</strong></span> <span class='ocrx_word' id='word_1_403' title='bbox 1482 681 1716 748; x_wconf 89' lang='lat' dir='ltr'><strong>turpiter</strong></span> <span class='ocrx_word' id='word_1_404' title='bbox 1739 681 1971 750; x_wconf 76' lang='lat' dir='ltr'><strong>fugiunt.</strong></span> <span class='ocrx_word' id='word_1_405' title='bbox 1994 684 2204 738; x_wconf 88' lang='lat' dir='ltr'><strong>Scitum</strong></span> <span class='ocrx_word' id='word_1_406' title='bbox 2235 699 2317 741; x_wconf 77' lang='lat' dir='ltr'><strong>est</strong></span> 
     </span>
    </p>
   </div>
   <div class='ocr_carea' id='block_1_58' title="bbox 3874 417 3986 479">
    <p class='ocr_par' dir='ltr' id='par_1_58' title="bbox 3874 417 3986 479">
     <span class='ocr_line' id='line_1_58' title="bbox 3874 417 3986 479; baseline 0.018 -1"><span class='ocrx_word' id='word_1_407' title='bbox 3874 417 3986 479; x_wconf 67' lang='grc'><strong>’140</strong></span> 
     </span>
    </p>
   </div>
   <div class='ocr_carea' id='block_1_59' title="bbox 3489 524 3988 594">
    <p class='ocr_par' dir='ltr' id='par_1_59' title="bbox 3489 524 3988 594">
     <span class='ocr_line' id='line_1_59' title="bbox 3489 524 3988 594; baseline 0.024 -20"><span class='ocrx_word' id='word_1_408' title='bbox 3489 524 3588 590; x_wconf 86' lang='grc' dir='ltr'><strong>μὲν</strong></span> <span class='ocrx_word' id='word_1_409' title='bbox 3616 525 3988 594; x_wconf 70' lang='grc' dir='ltr'><strong>ἀναγκάζοιτο</strong></span> 
     </span>
    </p>
   </div>
   <div class='ocr_carea' id='block_1_60' title="bbox 2419 605 3985 686">
    <p class='ocr_par' dir='ltr' id='par_1_60' title="bbox 2419 605 3985 686">
     <span class='ocr_line' id='line_1_60' title="bbox 2419 605 3985 686; baseline 0.014 -35"><span class='ocrx_word' id='word_1_410' title='bbox 2419 605 2651 656; x_wconf 81' lang='grc' dir='ltr'><strong>πάντοτε</strong></span> <span class='ocrx_word' id='word_1_411' title='bbox 2686 613 2928 678; x_wconf 86' lang='grc' dir='ltr'><strong>μακραῖς</strong></span> <span class='ocrx_word' id='word_1_412' title='bbox 2953 613 3286 678; x_wconf 76' lang='grc' dir='ltr'><strong>ἀποδημίαις</strong></span> <span class='ocrx_word' id='word_1_413' title='bbox 3317 612 3550 680; x_wconf 79' lang='grc' dir='ltr'><strong>χρῆσθαι</strong></span> <span class='ocrx_word' id='word_1_414' title='bbox 3581 615 3669 668; x_wconf 79' lang='grc' dir='ltr'><strong>διὰ</strong></span> <span class='ocrx_word' id='word_1_415' title='bbox 3692 618 3815 680; x_wconf 80' lang='grc' dir='ltr'><strong>τοὺς</strong></span> <span class='ocrx_word' id='word_1_416' title='bbox 3845 622 3985 686; x_wconf 82' lang='grc' dir='ltr'><strong>πρὸς</strong></span> 
     </span>
    </p>
   </div>
   <div class='ocr_carea' id='block_1_61' title="bbox 2415 693 3985 776">
    <p class='ocr_par' dir='ltr' id='par_1_61' title="bbox 2415 693 3985 776">
     <span class='ocr_line' id='line_1_61' title="bbox 2415 693 3985 776; baseline 0.013 -35"><span class='ocrx_word' id='word_1_417' title='bbox 2415 693 2539 754; x_wconf 73' lang='grc' dir='ltr'><strong>τοὺ,</strong></span> <span class='ocrx_word' id='word_1_418' title='bbox 2580 698 2892 764; x_wconf 77' lang='grc' dir='ltr'><strong>περιοίκους</strong></span> <span class='ocrx_word' id='word_1_419' title='bbox 2929 701 3238 770; x_wconf 80' lang='grc' dir='ltr'><strong>βαρϐάρους</strong></span> <span class='ocrx_word' id='word_1_420' title='bbox 3286 704 3579 770; x_wconf 74' lang='grc' dir='ltr'><strong>πολέμους.</strong></span> <span class='ocrx_word' id='word_1_421' title='bbox 3611 707 3662 757; x_wconf 86' lang='grc' dir='ltr'><strong>οἱ</strong></span> <span class='ocrx_word' id='word_1_422' title='bbox 3707 712 3985 776; x_wconf 69' lang='grc' dir='ltr'><strong>συκοφαν-</strong></span> 
     </span>
    </p>
   </div>
   <div class='ocr_carea' id='block_1_62' title="bbox 2412 783 3982 864">
    <p class='ocr_par' dir='ltr' id='par_1_62' title="bbox 2412 783 3982 864">
     <span class='ocr_line' id='line_1_62' title="bbox 2412 783 3982 864; baseline 0.01 -32"><span class='ocrx_word' id='word_1_423' title='bbox 2412 797 2504 832; x_wconf 85' lang='grc' dir='ltr'><strong>ται</strong></span> <span class='ocrx_word' id='word_1_424' title='bbox 2552 783 2607 836; x_wconf 77' lang='grc' dir='ltr'><strong>δὲ</strong></span> <span class='ocrx_word' id='word_1_425' title='bbox 2645 788 3049 856; x_wconf 63' lang='grc' dir='ltr'><strong>οἰκουροῦντες,</strong></span> <span class='ocrx_word' id='word_1_426' title='bbox 3085 792 3318 842; x_wconf 82' lang='grc' dir='ltr'><strong>πείσωσί</strong></span> <span class='ocrx_word' id='word_1_427' title='bbox 3357 809 3488 844; x_wconf 87' lang='grc' dir='ltr'><strong>ποτε</strong></span> <span class='ocrx_word' id='word_1_428' title='bbox 3522 794 3694 864; x_wconf 69' lang='grc' dir='ltr'><strong>αὐτὴν</strong></span> <span class='ocrx_word' id='word_1_429' title='bbox 3746 797 3982 864; x_wconf 76' lang='grc' dir='ltr'><strong>μεταδα-</strong></span> 
     </span>
    </p>
   </div>
   <div class='ocr_carea' id='block_1_63' title="bbox 2412 873 3984 958">
    <p class='ocr_par' dir='ltr' id='par_1_63' title="bbox 2412 873 3984 958">
     <span class='ocr_line' id='line_1_63' title="bbox 2412 873 3984 958; baseline 0.01 -33"><span class='ocrx_word' id='word_1_430' title='bbox 2412 873 2544 935; x_wconf 83' lang='grc' dir='ltr'><strong>λεῖν,</strong></span> <span class='ocrx_word' id='word_1_431' title='bbox 2592 877 2620 928; x_wconf 84' lang='grc' dir='ltr'><strong>ὃ</strong></span> <span class='ocrx_word' id='word_1_432' title='bbox 2678 879 2770 929; x_wconf 85' lang='grc' dir='ltr'><strong>καὶ</strong></span> <span class='ocrx_word' id='word_1_433' title='bbox 2825 882 3053 946; x_wconf 82' lang='grc' dir='ltr'><strong>ἀνδράσι</strong></span> <span class='ocrx_word' id='word_1_434' title='bbox 3086 884 3388 951; x_wconf 68' lang='grc' dir='ltr'><strong>συμϐαῖνον</strong></span> <span class='ocrx_word' id='word_1_435' title='bbox 3442 887 3660 954; x_wconf 75' lang='grc' dir='ltr'><strong>ὁρῶμεν</strong></span> <span class='ocrx_word' id='word_1_436' title='bbox 3699 889 3814 948; x_wconf 80' lang='grc' dir='ltr'><strong>τοῖς</strong></span> <span class='ocrx_word' id='word_1_437' title='bbox 3850 890 3984 958; x_wconf 73' lang='grc' dir='ltr'><strong>περὶ</strong></span> 
     </span>
    </p>
   </div>
   <div class='ocr_carea' id='block_1_64' title="bbox 2416 969 3983 1049">
    <p class='ocr_par' dir='ltr' id='par_1_64' title="bbox 2416 969 3983 1049">
     <span class='ocr_line' id='line_1_64' title="bbox 2416 969 3983 1049; baseline 0.01 -34"><span class='ocrx_word' id='word_1_438' title='bbox 2416 970 2598 1034; x_wconf 79' lang='grc' dir='ltr'><strong>μάχας</strong></span> <span class='ocrx_word' id='word_1_439' title='bbox 2627 969 2713 1020; x_wconf 81' lang='grc' dir='ltr'><strong>διὰ</strong></span> <span class='ocrx_word' id='word_1_440' title='bbox 2743 970 2948 1022; x_wconf 85' lang='grc' dir='ltr'><strong>δειλίαν</strong></span> <span class='ocrx_word' id='word_1_441' title='bbox 2979 974 3407 1040; x_wconf 72' lang='grc' dir='ltr'><strong>ἄτολμωτάτοις.</strong></span> <span class='ocrx_word' id='word_1_442' title='bbox 3446 976 3678 1030; x_wconf 79' lang='grc' dir='ltr'><strong>Ἐκεῖνοι</strong></span> <span class='ocrx_word' id='word_1_443' title='bbox 3730 980 3843 1049; x_wconf 83' lang='grc' dir='ltr'><strong>γὰρ</strong></span> <span class='ocrx_word' id='word_1_444' title='bbox 3878 980 3983 1032; x_wconf 77' lang='grc' dir='ltr'><strong>ὺπδ</strong></span> 
     </span>
    </p>
   </div>
   <div class='ocr_carea' id='block_1_65' title="bbox 2411 1059 3982 1138">
    <p class='ocr_par' dir='ltr' id='par_1_65' title="bbox 2411 1059 3982 1138">
     <span class='ocr_line' id='line_1_65' title="bbox 2411 1059 3982 1138; baseline 0.006 -28"><span class='ocrx_word' id='word_1_445' title='bbox 2411 1059 2521 1110; x_wconf 82' lang='grc' dir='ltr'><strong>τῶν</strong></span> <span class='ocrx_word' id='word_1_446' title='bbox 2555 1063 2774 1113; x_wconf 78' lang='grc' dir='ltr'><strong>οἰκείων</strong></span> <span class='ocrx_word' id='word_1_447' title='bbox 2801 1063 3190 1130; x_wconf 70' lang='grc' dir='ltr'><strong>ὀνειδιζόμενοι</strong></span> <span class='ocrx_word' id='word_1_448' title='bbox 3228 1069 3317 1119; x_wconf 68' lang='grc' dir='ltr'><strong>καὶ</strong></span> <span class='ocrx_word' id='word_1_449' title='bbox 3350 1070 3858 1138; x_wconf 76' lang='grc' dir='ltr'><strong>περιυϐριζόμενοι,</strong></span> <span class='ocrx_word' id='word_1_450' title='bbox 3888 1072 3982 1123; x_wconf 75' lang='grc' dir='ltr'><strong>καὶ</strong></span> 
     </span>
    </p>
   </div>
   <div class='ocr_carea' id='block_1_66' title="bbox 2409 1153 3977 1228">
    <p class='ocr_par' dir='ltr' id='par_1_66' title="bbox 2409 1153 3977 1228">
     <span class='ocr_line' id='line_1_66' title="bbox 2409 1153 3977 1228; baseline 0.008 -26"><span class='ocrx_word' id='word_1_451' title='bbox 2409 1153 2586 1202; x_wconf 79' lang='grc' dir='ltr'><strong>ὁτιοῦν</strong></span> <span class='ocrx_word' id='word_1_452' title='bbox 2612 1153 2980 1219; x_wconf 76' lang='grc' dir='ltr'><strong>ὑπομένοντες</strong></span> <span class='ocrx_word' id='word_1_453' title='bbox 3004 1157 3196 1220; x_wconf 70' lang='grc' dir='ltr'><strong>δεινὸν,</strong></span> <span class='ocrx_word' id='word_1_454' title='bbox 3230 1160 3411 1226; x_wconf 74' lang='grc' dir='ltr'><strong>μάχης</strong></span> <span class='ocrx_word' id='word_1_455' title='bbox 3449 1161 3548 1228; x_wconf 81' lang='grc' dir='ltr'><strong>μὲν</strong></span> <span class='ocrx_word' id='word_1_456' title='bbox 3575 1162 3635 1212; x_wconf 81' lang='grc' dir='ltr'><strong>οὐ</strong></span> <span class='ocrx_word' id='word_1_457' title='bbox 3671 1163 3977 1228; x_wconf 78' lang='grc' dir='ltr'><strong>παρούσης.</strong></span> 
     </span>
    </p>
   </div>
   <div class='ocr_carea' id='block_1_67' title="bbox 2411 1245 3980 1322">
    <p class='ocr_par' dir='ltr' id='par_1_67' title="bbox 2411 1245 3980 1322">
     <span class='ocr_line' id='line_1_67' title="bbox 2411 1245 3980 1322; baseline 0.007 -29"><span class='ocrx_word' id='word_1_458' title='bbox 2411 1245 2759 1308; x_wconf 60' lang='grc' dir='ltr'><strong>κομπάζοισι</strong></span> <span class='ocrx_word' id='word_1_459' title='bbox 2827 1246 2998 1298; x_wconf 75' lang='grc' dir='ltr'><strong>πολλὰ</strong></span> <span class='ocrx_word' id='word_1_460' title='bbox 3057 1251 3152 1300; x_wconf 74' lang='grc' dir='ltr'><strong>καὶ</strong></span> <span class='ocrx_word' id='word_1_461' title='bbox 3205 1252 3582 1318; x_wconf 72' lang='grc' dir='ltr'><strong>ἰσχυρίζονται</strong></span> <span class='ocrx_word' id='word_1_462' title='bbox 3630 1254 3724 1304; x_wconf 75' lang='grc' dir='ltr'><strong>καὶ</strong></span> <span class='ocrx_word' id='word_1_463' title='bbox 3780 1254 3980 1322; x_wconf 79' lang='grc' dir='ltr'><strong>ὅρκους</strong></span> 
     </span>
    </p>
   </div>
   <div class='ocr_carea' id='block_1_68' title="bbox 2409 1337 3980 1414">
    <p class='ocr_par' dir='ltr' id='par_1_68' title="bbox 2409 1337 3980 1414">
     <span class='ocr_line' id='line_1_68' title="bbox 2409 1337 3980 1414; baseline 0.007 -30"><span class='ocrx_word' id='word_1_464' title='bbox 2409 1337 2816 1401; x_wconf 72' lang='grc' dir='ltr'><strong>προστιθέντες,</strong></span> <span class='ocrx_word' id='word_1_465' title='bbox 2849 1341 3043 1414; x_wconf 71' lang='grc' dir='ltr'><strong>μηκέτ’</strong></span> <span class='ocrx_word' id='word_1_466' title='bbox 3083 1340 3238 1404; x_wconf 74' lang='grc' dir='ltr'><strong>αὖθις</strong></span> <span class='ocrx_word' id='word_1_467' title='bbox 3286 1345 3399 1404; x_wconf 82' lang='grc' dir='ltr'><strong>τοῖς</strong></span> <span class='ocrx_word' id='word_1_468' title='bbox 3443 1344 3723 1412; x_wconf 69' lang='grc' dir='ltr'><strong>πολεμίοις</strong></span> <span class='ocrx_word' id='word_1_469' title='bbox 3754 1344 3816 1395; x_wconf 82' lang='grc' dir='ltr'><strong>τδ</strong></span> <span class='ocrx_word' id='word_1_470' title='bbox 3843 1343 3980 1411; x_wconf 69' lang='grc' dir='ltr'><strong>προσ</strong></span> 
     </span>
    </p>
   </div>
   <div class='ocr_carea' id='block_1_69' title="bbox 2410 1430 3977 1504">
    <p class='ocr_par' dir='ltr' id='par_1_69' title="bbox 2410 1430 3977 1504">
     <span class='ocr_line' id='line_1_69' title="bbox 2410 1430 3977 1504; baseline 0.009 -28"><span class='ocrx_word' id='word_1_471' title='bbox 2410 1443 2593 1479; x_wconf 79' lang='grc' dir='ltr'><strong>σωπον</strong></span> <span class='ocrx_word' id='word_1_472' title='bbox 2644 1430 3048 1499; x_wconf 65' lang='grc' dir='ltr'><strong>ἀποστρέψειν.</strong></span> <span class='ocrx_word' id='word_1_473' title='bbox 3099 1433 3364 1500; x_wconf 72' lang='grc' dir='ltr'><strong>ἀνδρείως</strong></span> <span class='ocrx_word' id='word_1_474' title='bbox 3415 1437 3616 1499; x_wconf 74' lang='grc' dir='ltr'><strong>αὐτίκα</strong></span> <span class='ocrx_word' id='word_1_475' title='bbox 3678 1439 3977 1504; x_wconf 74' lang='grc' dir='ltr'><strong>στήσεσθαι</strong></span> 
     </span>
    </p>
   </div>
   <div class='ocr_carea' id='block_1_70' title="bbox 2407 1519 3976 1596">
    <p class='ocr_par' dir='ltr' id='par_1_70' title="bbox 2407 1519 3976 1596">
     <span class='ocr_line' id='line_1_70' title="bbox 2407 1519 3976 1596; baseline 0.006 -28"><span class='ocrx_word' id='word_1_476' title='bbox 2407 1519 2544 1586; x_wconf 78' lang='grc' dir='ltr'><strong>πρὸς</strong></span> <span class='ocrx_word' id='word_1_477' title='bbox 2601 1520 2820 1583; x_wconf 85' lang='grc' dir='ltr'><strong>αὐτούς.</strong></span> <span class='ocrx_word' id='word_1_478' title='bbox 2867 1522 3118 1575; x_wconf 67' lang='grc' dir='ltr'><strong>Ἐπειδὶν</strong></span> <span class='ocrx_word' id='word_1_479' title='bbox 3169 1526 3226 1578; x_wconf 82' lang='grc' dir='ltr'><strong>δὲ</strong></span> <span class='ocrx_word' id='word_1_480' title='bbox 3285 1527 3483 1578; x_wconf 65' lang='grc' dir='ltr'><strong>αὐτούς</strong></span> <span class='ocrx_word' id='word_1_481' title='bbox 3523 1545 3580 1579; x_wconf 85' lang='grc' dir='ltr'><strong>τε</strong></span> <span class='ocrx_word' id='word_1_482' title='bbox 3626 1527 3782 1579; x_wconf 70' lang='grc' dir='ltr'><strong>ἴδωσι</strong></span> <span class='ocrx_word' id='word_1_483' title='bbox 3840 1544 3976 1596; x_wconf 79' lang='grc' dir='ltr'><strong>προ-</strong></span> 
     </span>
    </p>
   </div>
   <div class='ocr_carea' id='block_1_71' title="bbox 2407 1611 3978 1686">
    <p class='ocr_par' dir='ltr' id='par_1_71' title="bbox 2407 1611 3978 1686">
     <span class='ocr_line' id='line_1_71' title="bbox 2407 1611 3978 1686; baseline 0.008 -28"><span class='ocrx_word' id='word_1_484' title='bbox 2407 1611 2641 1672; x_wconf 79' lang='grc' dir='ltr'><strong>σιόντας,</strong></span> <span class='ocrx_word' id='word_1_485' title='bbox 2672 1613 2766 1662; x_wconf 73' lang='grc' dir='ltr'><strong>καὶ</strong></span> <span class='ocrx_word' id='word_1_486' title='bbox 2795 1612 2895 1680; x_wconf 84' lang='grc' dir='ltr'><strong>τῆς</strong></span> <span class='ocrx_word' id='word_1_487' title='bbox 2925 1615 3229 1681; x_wconf 74' lang='grc' dir='ltr'>σάλπιγγος</span> <span class='ocrx_word' id='word_1_488' title='bbox 3270 1618 3546 1668; x_wconf 75' lang='grc' dir='ltr'><strong>ἀκούσωσι</strong></span> <span class='ocrx_word' id='word_1_489' title='bbox 3595 1620 3978 1686; x_wconf 76' lang='grc' dir='ltr'><strong>σημαινούσης</strong></span> 
     </span>
    </p>
   </div>
   <div class='ocr_carea' id='block_1_72' title="bbox 2406 1703 3976 1777">
    <p class='ocr_par' dir='ltr' id='par_1_72' title="bbox 2406 1703 3976 1777">
     <span class='ocr_line' id='line_1_72' title="bbox 2406 1703 3976 1777; baseline 0.006 -26"><span class='ocrx_word' id='word_1_490' title='bbox 2406 1703 2746 1770; x_wconf 81' lang='grc' dir='ltr'><strong>συμπλοκὴν,</strong></span> <span class='ocrx_word' id='word_1_491' title='bbox 2781 1705 2964 1756; x_wconf 76' lang='grc' dir='ltr'><strong>οὐκέτι</strong></span> <span class='ocrx_word' id='word_1_492' title='bbox 3000 1706 3181 1773; x_wconf 76' lang='grc' dir='ltr'><strong>μένειν</strong></span> <span class='ocrx_word' id='word_1_493' title='bbox 3213 1707 3323 1758; x_wconf 71' lang='grc' dir='ltr'><strong>οἰδ’</strong></span> <span class='ocrx_word' id='word_1_494' title='bbox 3358 1709 3449 1759; x_wconf 70' lang='grc' dir='ltr'><strong>ἐπὶ</strong></span> <span class='ocrx_word' id='word_1_495' title='bbox 3481 1709 3579 1777; x_wconf 83' lang='grc' dir='ltr'><strong>τῆς</strong></span> <span class='ocrx_word' id='word_1_496' title='bbox 3609 1709 3976 1774; x_wconf 69' lang='grc' dir='ltr'><strong>παρατάξεως</strong></span> 
     </span>
    </p>
   </div>
   <div class='ocr_carea' id='block_1_73' title="bbox 2402 1786 3972 1868">
    <p class='ocr_par' dir='ltr' id='par_1_73' title="bbox 2402 1786 3972 1868">
     <span class='ocr_line' id='line_1_73' title="bbox 2402 1786 3972 1868; baseline 0.007 -27"><span class='ocrx_word' id='word_1_497' title='bbox 2402 1786 2502 1844; x_wconf 78' lang='grc' dir='ltr'><strong>οἷοί</strong></span> <span class='ocrx_word' id='word_1_498' title='bbox 2524 1793 2582 1844; x_wconf 78' lang='grc' dir='ltr'><strong><em>τὲ</em></strong></span> <span class='ocrx_word' id='word_1_499' title='bbox 2606 1795 2765 1857; x_wconf 75' lang='grc' dir='ltr'><strong>εἰσιν,</strong></span> <span class='ocrx_word' id='word_1_500' title='bbox 2793 1795 2930 1849; x_wconf 70' lang='grc' dir='ltr'><strong>ἀλλὰ</strong></span> <span class='ocrx_word' id='word_1_501' title='bbox 2965 1797 3262 1864; x_wconf 70' lang='grc' dir='ltr'><strong>φεύγουσιν</strong></span> <span class='ocrx_word' id='word_1_502' title='bbox 3307 1799 3548 1868; x_wconf 79' lang='grc' dir='ltr'>αἰσχρῶς</span> <span class='ocrx_word' id='word_1_503' title='bbox 3576 1799 3672 1851; x_wconf 79' lang='grc' dir='ltr'><strong>καὶ</strong></span> <span class='ocrx_word' id='word_1_504' title='bbox 3704 1801 3972 1866; x_wconf 77' lang='grc' dir='ltr'><strong>ἀγεννῶς,</strong></span> 
     </span>
    </p>
   </div>
   <div class='ocr_carea' id='block_1_74' title="bbox 2331 1864 3976 1959">
    <p class='ocr_par' dir='ltr' id='par_1_74' title="bbox 2331 1864 3976 1959">
     <span class='ocr_line' id='line_1_74' title="bbox 2331 1864 3976 1959; baseline 0.007 -28"><span class='ocrx_word' id='word_1_505' title='bbox 2331 1864 2376 1921; x_wconf 78' lang='grc' dir='ltr'><strong><em>Β</em></strong></span> <span class='ocrx_word' id='word_1_506' title='bbox 2404 1883 2562 1948; x_wconf 80' lang='grc' dir='ltr'><strong>ὀλίγα</strong></span> <span class='ocrx_word' id='word_1_507' title='bbox 2588 1886 2968 1954; x_wconf 71' lang='grc' dir='ltr'><strong>φροντίζοντες</strong></span> <span class='ocrx_word' id='word_1_508' title='bbox 3002 1889 3110 1940; x_wconf 82' lang='grc' dir='ltr'><strong>τῶν</strong></span> <span class='ocrx_word' id='word_1_509' title='bbox 3148 1889 3327 1958; x_wconf 82' lang='grc' dir='ltr'><strong>ὅρκων</strong></span> <span class='ocrx_word' id='word_1_510' title='bbox 3366 1892 3461 1942; x_wconf 82' lang='grc' dir='ltr'><strong>καὶ</strong></span> <span class='ocrx_word' id='word_1_511' title='bbox 3489 1891 3599 1942; x_wconf 81' lang='grc' dir='ltr'><strong>τῶν</strong></span> <span class='ocrx_word' id='word_1_512' title='bbox 3633 1895 3976 1959; x_wconf 71' lang='grc' dir='ltr'><strong>κομπασμά-</strong></span> 
     </span>
    </p>
   </div>
   <div class='ocr_carea' id='block_1_75' title="bbox 2401 1975 3971 2053">
    <p class='ocr_par' dir='ltr' id='par_1_75' title="bbox 2401 1975 3971 2053">
     <span class='ocr_line' id='line_1_75' title="bbox 2401 1975 3971 2053; baseline 0.01 -30"><span class='ocrx_word' id='word_1_513' title='bbox 2401 1989 2509 2024; x_wconf 87' lang='grc' dir='ltr'><strong>των</strong></span> <span class='ocrx_word' id='word_1_514' title='bbox 2537 1975 2647 2026; x_wconf 84' lang='grc' dir='ltr'><strong>τῶν</strong></span> <span class='ocrx_word' id='word_1_515' title='bbox 2677 1978 2981 2046; x_wconf 82' lang='grc' dir='ltr'><strong>προτέρων.</strong></span> <span class='ocrx_word' id='word_1_516' title='bbox 3024 1979 3236 2032; x_wconf 79' lang='grc' dir='ltr'><strong>Ἀκούω</strong></span> <span class='ocrx_word' id='word_1_517' title='bbox 3273 1983 3328 2034; x_wconf 82' lang='grc' dir='ltr'><strong>δὲ</strong></span> <span class='ocrx_word' id='word_1_518' title='bbox 3360 1983 3456 2034; x_wconf 77' lang='grc' dir='ltr'><strong>καὶ</strong></span> <span class='ocrx_word' id='word_1_519' title='bbox 3488 1985 3797 2051; x_wconf 76' lang='grc' dir='ltr'><strong>παροιμίας</strong></span> <span class='ocrx_word' id='word_1_520' title='bbox 3829 1986 3971 2053; x_wconf 80' lang='grc' dir='ltr'><strong>ηερο</strong></span> 
     </span>
    </p>
   </div>
   <div class='ocr_carea' id='block_1_76' title="bbox 2402 2064 3974 2141">
    <p class='ocr_par' dir='ltr' id='par_1_76' title="bbox 2402 2064 3974 2141">
     <span class='ocr_line' id='line_1_76' title="bbox 2402 2064 3974 2141; baseline 0.007 -28"><span class='ocrx_word' id='word_1_521' title='bbox 2402 2064 2560 2133; x_wconf 78' lang='grc' dir='ltr'><strong>σικῆς</strong></span> <span class='ocrx_word' id='word_1_522' title='bbox 2584 2065 2766 2134; x_wconf 74' lang='grc' dir='ltr'><strong>ὀρθῶς</strong></span> <span class='ocrx_word' id='word_1_523' title='bbox 2795 2067 2933 2133; x_wconf 70' lang='grc' dir='ltr'><strong>ἄγαν</strong></span> <span class='ocrx_word' id='word_1_524' title='bbox 2958 2070 3052 2121; x_wconf 79' lang='grc' dir='ltr'><strong>καὶ</strong></span> <span class='ocrx_word' id='word_1_525' title='bbox 3082 2071 3321 2132; x_wconf 82' lang='grc' dir='ltr'><strong>συνετῶς</strong></span> <span class='ocrx_word' id='word_1_526' title='bbox 3358 2072 3488 2141; x_wconf 78' lang='grc' dir='ltr'><strong>περὶ</strong></span> <span class='ocrx_word' id='word_1_527' title='bbox 3518 2073 3616 2141; x_wconf 82' lang='grc' dir='ltr'><strong>τῆς</strong></span> <span class='ocrx_word' id='word_1_528' title='bbox 3651 2075 3974 2140; x_wconf 72' lang='grc' dir='ltr'><strong>γυναικείας</strong></span> 
     </span>
    </p>
   </div>
   <div class='ocr_carea' id='block_1_77' title="bbox 2399 2159 3971 2236">
    <p class='ocr_par' dir='ltr' id='par_1_77' title="bbox 2399 2159 3971 2236">
     <span class='ocr_line' id='line_1_77' title="bbox 2399 2159 3971 2236; baseline 0.008 -29"><span class='ocrx_word' id='word_1_529' title='bbox 2399 2159 2697 2227; x_wconf 59' lang='grc' dir='ltr'><strong>εἰρημένης</strong></span> <span class='ocrx_word' id='word_1_530' title='bbox 2744 2159 2959 2225; x_wconf 83' lang='grc' dir='ltr'><strong>φύσεως</strong></span> <span class='ocrx_word' id='word_1_531' title='bbox 2985 2177 3000 2192; x_wconf 79' lang='grc' dir='ltr'><strong>ο</strong></span> <span class='ocrx_word' id='word_1_532' title='bbox 3030 2159 3251 2229; x_wconf 69' lang='grc' dir='ltr'><strong>λίγουσι</strong></span> <span class='ocrx_word' id='word_1_533' title='bbox 3289 2164 3397 2233; x_wconf 81' lang='grc' dir='ltr'><strong>γὰρ</strong></span> <span class='ocrx_word' id='word_1_534' title='bbox 3429 2166 3505 2226; x_wconf 82' lang='grc' dir='ltr'><strong>ὡς</strong></span> <span class='ocrx_word' id='word_1_535' title='bbox 3535 2166 3637 2218; x_wconf 78' lang='grc' dir='ltr'><strong>κᾶν</strong></span> <span class='ocrx_word' id='word_1_536' title='bbox 3685 2168 3854 2236; x_wconf 55' lang='grc' dir='ltr'><strong>μέχρι</strong></span> <span class='ocrx_word' id='word_1_537' title='bbox 3885 2185 3971 2219; x_wconf 81' lang='grc' dir='ltr'><strong>νε-</strong></span> 
     </span>
    </p>
   </div>
   <div class='ocr_carea' id='block_1_78' title="bbox 2399 2249 3969 2328">
    <p class='ocr_par' dir='ltr' id='par_1_78' title="bbox 2399 2249 3969 2328">
     <span class='ocr_line' id='line_1_78' title="bbox 2399 2249 3969 2328; baseline 0.009 -30"><span class='ocrx_word' id='word_1_538' title='bbox 2399 2249 2582 2314; x_wconf 79' lang='grc' dir='ltr'><strong>φελῶν</strong></span> <span class='ocrx_word' id='word_1_539' title='bbox 2647 2251 2914 2320; x_wconf 81' lang='grc' dir='ltr'><strong>ἀφίκηται</strong></span> <span class='ocrx_word' id='word_1_540' title='bbox 2962 2255 2997 2320; x_wconf 80' lang='grc' dir='ltr'>ἠ</span> <span class='ocrx_word' id='word_1_541' title='bbox 3046 2256 3258 2325; x_wconf 76' lang='grc' dir='ltr'><strong>κεφαλὴ</strong></span> <span class='ocrx_word' id='word_1_542' title='bbox 3318 2261 3419 2328; x_wconf 76' lang='grc' dir='ltr'><strong>τῆς</strong></span> <span class='ocrx_word' id='word_1_543' title='bbox 3467 2261 3752 2326; x_wconf 79' lang='grc' dir='ltr'><strong>γυναικδς,</strong></span> <span class='ocrx_word' id='word_1_544' title='bbox 3816 2261 3969 2312; x_wconf 69' lang='grc' dir='ltr'><strong>οὐδὲν</strong></span> 
     </span>
    </p>
   </div>
   <div class='ocr_carea' id='block_1_79' title="bbox 2393 2341 3967 2422">
    <p class='ocr_par' dir='ltr' id='par_1_79' title="bbox 2393 2341 3967 2422">
     <span class='ocr_line' id='line_1_79' title="bbox 2393 2341 3967 2422; baseline 0.01 -32"><span class='ocrx_word' id='word_1_545' title='bbox 2393 2341 2614 2392; x_wconf 73' lang='grc' dir='ltr'><strong>ἔλαττον</strong></span> <span class='ocrx_word' id='word_1_546' title='bbox 2645 2341 2679 2412; x_wconf 80' lang='grc' dir='ltr'>ἢ</span> <span class='ocrx_word' id='word_1_547' title='bbox 2719 2344 2988 2412; x_wconf 76' lang='grc' dir='ltr'><strong>πρότερον</strong></span> <span class='ocrx_word' id='word_1_548' title='bbox 3021 2348 3330 2412; x_wconf 77' lang='grc' dir='ltr'><strong>ἐφάπτεται</strong></span> <span class='ocrx_word' id='word_1_549' title='bbox 3361 2351 3457 2417; x_wconf 86' lang='grc' dir='ltr'><strong>τῆς</strong></span> <span class='ocrx_word' id='word_1_550' title='bbox 3506 2352 3630 2420; x_wconf 81' lang='grc' dir='ltr'><strong>γῆς.</strong></span> <span class='ocrx_word' id='word_1_551' title='bbox 3662 2353 3967 2422; x_wconf 76' lang='grc' dir='ltr'><strong>Σημαίνον-</strong></span> 
     </span>
    </p>
   </div>
   <div class='ocr_carea' id='block_1_80' title="bbox 2392 2430 3965 2515">
    <p class='ocr_par' dir='ltr' id='par_1_80' title="bbox 2392 2430 3965 2515">
     <span class='ocr_line' id='line_1_80' title="bbox 2392 2430 3965 2515; baseline 0.01 -33"><span class='ocrx_word' id='word_1_552' title='bbox 2392 2447 2508 2497; x_wconf 88' lang='grc' dir='ltr'><strong>τες,</strong></span> <span class='ocrx_word' id='word_1_553' title='bbox 2535 2430 2711 2502; x_wconf 80' lang='grc' dir='ltr'><strong>οἶμαι,</strong></span> <span class='ocrx_word' id='word_1_554' title='bbox 2736 2435 2820 2488; x_wconf 68' lang='grc' dir='ltr'><strong>διὰ</strong></span> <span class='ocrx_word' id='word_1_555' title='bbox 2839 2435 2932 2488; x_wconf 84' lang='grc' dir='ltr'><strong>τοῦ</strong></span> <span class='ocrx_word' id='word_1_556' title='bbox 2960 2437 3140 2505; x_wconf 81' lang='grc' dir='ltr'><strong>λόγου,</strong></span> <span class='ocrx_word' id='word_1_557' title='bbox 3162 2440 3236 2502; x_wconf 87' lang='grc' dir='ltr'><strong>ὠς</strong></span> <span class='ocrx_word' id='word_1_558' title='bbox 3262 2442 3365 2492; x_wconf 71' lang='lat' dir='ltr'><strong>xiv</strong></span> <span class='ocrx_word' id='word_1_559' title='bbox 3398 2445 3476 2502; x_wconf 84' lang='grc' dir='ltr'><strong>είς</strong></span> <span class='ocrx_word' id='word_1_560' title='bbox 3507 2443 3677 2513; x_wconf 77' lang='grc' dir='ltr'><strong>ἄκρον</strong></span> <span class='ocrx_word' id='word_1_561' title='bbox 3708 2448 3802 2498; x_wconf 76' lang='grc' dir='ltr'><strong>καὶ</strong></span> <span class='ocrx_word' id='word_1_562' title='bbox 3837 2464 3965 2515; x_wconf 84' lang='grc' dir='ltr'><strong>φρο-</strong></span> 
     </span>
    </p>
   </div>
   <div class='ocr_carea' id='block_1_81' title="bbox 2392 2525 3958 2606">
    <p class='ocr_par' dir='ltr' id='par_1_81' title="bbox 2392 2525 3958 2606">
     <span class='ocr_line' id='line_1_81' title="bbox 2392 2525 3958 2606; baseline 0.01 -32"><span class='ocrx_word' id='word_1_563' title='bbox 2392 2525 2602 2592; x_wconf 77' lang='grc' dir='ltr'><strong>νήσεως</strong></span> <span class='ocrx_word' id='word_1_564' title='bbox 2643 2527 2909 2597; x_wconf 82' lang='grc' dir='ltr'><strong>ἀφίκηται</strong></span> <span class='ocrx_word' id='word_1_565' title='bbox 2965 2529 3062 2581; x_wconf 82' lang='grc' dir='ltr'><strong>καὶ</strong></span> <span class='ocrx_word' id='word_1_566' title='bbox 3105 2533 3512 2600; x_wconf 67' lang='grc' dir='ltr'><strong>μεγαλοψυχίας</strong></span> <span class='ocrx_word' id='word_1_567' title='bbox 3564 2537 3659 2588; x_wconf 79' lang='grc' dir='ltr'><strong>καὶ</strong></span> <span class='ocrx_word' id='word_1_568' title='bbox 3715 2537 3958 2606; x_wconf 78' lang='grc' dir='ltr'><strong>ἀνδρίας,</strong></span> 
     </span>
    </p>
   </div>
   <div class='ocr_carea' id='block_1_82' title="bbox 2389 2610 3966 2701">
    <p class='ocr_par' dir='ltr' id='par_1_82' title="bbox 2389 2610 3966 2701">
     <span class='ocr_line' id='line_1_82' title="bbox 2389 2610 3966 2701; baseline 0.012 -37"><span class='ocrx_word' id='word_1_569' title='bbox 2389 2614 2541 2667; x_wconf 71' lang='grc' dir='ltr'><strong>οὐδὲν</strong></span> <span class='ocrx_word' id='word_1_570' title='bbox 2563 2610 2726 2686; x_wconf 80' lang='grc' dir='ltr'><strong>ἦττον</strong></span> <span class='ocrx_word' id='word_1_571' title='bbox 2755 2617 2786 2686; x_wconf 82' lang='grc' dir='ltr'>ἦ</span> <span class='ocrx_word' id='word_1_572' title='bbox 2820 2620 3088 2688; x_wconf 79' lang='grc' dir='ltr'><strong>πρότερόν</strong></span> <span class='ocrx_word' id='word_1_573' title='bbox 3149 2626 3264 2675; x_wconf 72' lang='grc' dir='ltr'><strong>ἐστι</strong></span> <span class='ocrx_word' id='word_1_574' title='bbox 3303 2625 3442 2694; x_wconf 85' lang='grc' dir='ltr'><strong>γυνὴ</strong></span> <span class='ocrx_word' id='word_1_575' title='bbox 3473 2630 3585 2689; x_wconf 83' lang='grc' dir='ltr'><strong>τοῖς</strong></span> <span class='ocrx_word' id='word_1_576' title='bbox 3616 2633 3869 2695; x_wconf 80' lang='grc' dir='ltr'><strong>φυσικοῖς</strong></span> <span class='ocrx_word' id='word_1_577' title='bbox 3899 2631 3966 2701; x_wconf 74' lang='grc' dir='ltr'><strong>δὴ</strong></span> 
     </span>
    </p>
   </div>
   <div class='ocr_carea' id='block_1_83' title="bbox 2390 2707 3964 2788">
    <p class='ocr_par' dir='ltr' id='par_1_83' title="bbox 2390 2707 3964 2788">
     <span class='ocr_line' id='line_1_83' title="bbox 2390 2707 3964 2788; baseline 0.013 -34"><span class='ocrx_word' id='word_1_578' title='bbox 2390 2707 2723 2770; x_wconf 67' lang='grc' dir='ltr'><strong>γυναικείοις</strong></span> <span class='ocrx_word' id='word_1_579' title='bbox 2755 2710 2984 2761; x_wconf 83' lang='grc' dir='ltr'><strong>πάθεσιν</strong></span> <span class='ocrx_word' id='word_1_580' title='bbox 3012 2712 3328 2784; x_wconf 79' lang='grc' dir='ltr'><strong>ὲνεχομένη,</strong></span> <span class='ocrx_word' id='word_1_581' title='bbox 3362 2715 3476 2785; x_wconf 77' lang='grc' dir='ltr'><strong>ᾰδὴ</strong></span> <span class='ocrx_word' id='word_1_582' title='bbox 3509 2719 3687 2771; x_wconf 74' lang='grc' dir='ltr'><strong>πάντα</strong></span> <span class='ocrx_word' id='word_1_583' title='bbox 3724 2738 3793 2788; x_wconf 84' lang='grc' dir='ltr'><strong>με</strong></span> <span class='ocrx_word' id='word_1_584' title='bbox 3827 2723 3964 2775; x_wconf 79' lang='grc' dir='ltr'><strong>ἀπο·</strong></span> 
     </span>
    </p>
   </div>
   <div class='ocr_carea' id='block_1_84' title="bbox 2389 2797 3959 2883">
    <p class='ocr_par' dir='ltr' id='par_1_84' title="bbox 2389 2797 3959 2883">
     <span class='ocr_line' id='line_1_84' title="bbox 2389 2797 3959 2883; baseline 0.012 -37"><span class='ocrx_word' id='word_1_585' title='bbox 2389 2797 2566 2848; x_wconf 89' lang='grc' dir='ltr'><strong>κναίει</strong></span> <span class='ocrx_word' id='word_1_586' title='bbox 2603 2800 2978 2869; x_wconf 80' lang='grc' dir='ltr'><strong>μεμνημένον,</strong></span> <span class='ocrx_word' id='word_1_587' title='bbox 3034 2807 3124 2856; x_wconf 84' lang='grc' dir='ltr'><strong>καὶ</strong></span> <span class='ocrx_word' id='word_1_588' title='bbox 3171 2806 3340 2857; x_wconf 84' lang='grc' dir='ltr'><strong>πολὺν</strong></span> <span class='ocrx_word' id='word_1_589' title='bbox 3377 2809 3595 2874; x_wconf 81' lang='grc' dir='ltr'><strong>ὲμποιεῖ</strong></span> <span class='ocrx_word' id='word_1_590' title='bbox 3622 2809 3857 2879; x_wconf 71' lang='grc' dir='ltr'><strong>θόρυόιν</strong></span> <span class='ocrx_word' id='word_1_591' title='bbox 3899 2817 3959 2883; x_wconf 79' lang='grc' dir='ltr'><strong>τῇ</strong></span> 
     </span>
    </p>
   </div>
   <div class='ocr_carea' id='block_1_85' title="bbox 2385 2880 3959 2971">
    <p class='ocr_par' dir='ltr' id='par_1_85' title="bbox 2385 2880 3959 2971">
     <span class='ocr_line' id='line_1_85' title="bbox 2385 2880 3959 2971; baseline 0.015 -36"><span class='ocrx_word' id='word_1_592' title='bbox 2385 2885 2552 2955; x_wconf 63' lang='grc' dir='ltr'><strong>ψυχῇ,</strong></span> <span class='ocrx_word' id='word_1_593' title='bbox 2586 2887 2660 2957; x_wconf 83' lang='grc' dir='ltr'><strong>μὴ</strong></span> <span class='ocrx_word' id='word_1_594' title='bbox 2689 2891 2787 2957; x_wconf 76' lang='grc' dir='ltr'><strong>τῆς</strong></span> <span class='ocrx_word' id='word_1_595' title='bbox 2806 2880 3081 2959; x_wconf 81' lang='grc' dir='ltr'><strong>βασιλίδος</strong></span> <span class='ocrx_word' id='word_1_596' title='bbox 3113 2899 3423 2961; x_wconf 80' lang='grc' dir='ltr'><strong>γυναικεῖόν</strong></span> <span class='ocrx_word' id='word_1_597' title='bbox 3453 2917 3503 2951; x_wconf 88' lang='grc' dir='ltr'><strong>τι</strong></span> <span class='ocrx_word' id='word_1_598' title='bbox 3533 2901 3838 2971; x_wconf 73' lang='grc' dir='ltr'><strong>παθούσης.</strong></span> <span class='ocrx_word' id='word_1_599' title='bbox 3861 2880 3959 2958; x_wconf 54' lang='grc' dir='ltr'><strong>οὐκ</strong></span> 
     </span>
    </p>
   </div>
   <div class='ocr_carea' id='block_1_86' title="bbox 2385 2977 3959 3059">
    <p class='ocr_par' dir='ltr' id='par_1_86' title="bbox 2385 2977 3959 3059">
     <span class='ocr_line' id='line_1_86' title="bbox 2385 2977 3959 3059; baseline 0.014 -33"><span class='ocrx_word' id='word_1_600' title='bbox 2385 2977 2547 3040; x_wconf 78' lang='grc' dir='ltr'><strong>αὐτὸς</strong></span> <span class='ocrx_word' id='word_1_601' title='bbox 2583 2980 2765 3047; x_wconf 75' lang='grc' dir='ltr'><strong>μόνον,</strong></span> <span class='ocrx_word' id='word_1_602' title='bbox 2811 2982 2948 3036; x_wconf 82' lang='grc' dir='ltr'><strong>ἀλλά</strong></span> <span class='ocrx_word' id='word_1_603' title='bbox 3005 2988 3098 3040; x_wconf 75' lang='grc' dir='ltr'><strong>καὶ</strong></span> <span class='ocrx_word' id='word_1_604' title='bbox 3135 2987 3401 3056; x_wconf 79' lang='grc' dir='ltr'><strong>Ῥωμαῖοι</strong></span> <span class='ocrx_word' id='word_1_605' title='bbox 3449 2994 3672 3057; x_wconf 79' lang='grc' dir='ltr'><strong>πάντες,</strong></span> <span class='ocrx_word' id='word_1_606' title='bbox 3739 2997 3959 3059; x_wconf 77' lang='grc' dir='ltr'><strong>πολλοῖς</strong></span> 
     </span>
    </p>
   </div>
   <div class='ocr_carea' id='block_1_87' title="bbox 2386 3070 3959 3156">
    <p class='ocr_par' dir='ltr' id='par_1_87' title="bbox 2386 3070 3959 3156">
     <span class='ocr_line' id='line_1_87' title="bbox 2386 3070 3959 3156; baseline 0.014 -36"><span class='ocrx_word' id='word_1_607' title='bbox 2386 3070 2722 3139; x_wconf 77' lang='grc' dir='ltr'><strong>ὁμιλήσομεν</strong></span> <span class='ocrx_word' id='word_1_608' title='bbox 2776 3079 2991 3142; x_wconf 77' lang='grc' dir='ltr'><strong>κακοῖς,</strong></span> <span class='ocrx_word' id='word_1_609' title='bbox 3044 3080 3282 3144; x_wconf 78' lang='grc' dir='ltr'><strong>καὶτοῖς</strong></span> <span class='ocrx_word' id='word_1_610' title='bbox 3321 3084 3574 3154; x_wconf 79' lang='grc' dir='ltr'><strong>ἐσχάτοις</strong></span> <span class='ocrx_word' id='word_1_611' title='bbox 3623 3094 3959 3156; x_wconf 73' lang='grc' dir='ltr'><strong>περιπεσοῦ-</strong></span> 
     </span>
    </p>
   </div>
   <div class='ocr_carea' id='block_1_88' title="bbox 2388 3159 3958 3252">
    <p class='ocr_par' dir='ltr' id='par_1_88' title="bbox 2388 3159 3958 3252">
     <span class='ocr_line' id='line_1_88' title="bbox 2388 3159 3958 3252; baseline 0.015 -42"><span class='ocrx_word' id='word_1_612' title='bbox 2388 3159 2527 3228; x_wconf 86' lang='grc' dir='ltr'><strong>μεθα</strong></span> <span class='ocrx_word' id='word_1_613' title='bbox 2561 3163 2846 3227; x_wconf 84' lang='grc' dir='ltr'><strong>κινδύνοις,</strong></span> <span class='ocrx_word' id='word_1_614' title='bbox 2874 3164 2947 3221; x_wconf 82' lang='grc' dir='ltr'>υῦ</span> <span class='ocrx_word' id='word_1_615' title='bbox 2976 3168 3040 3238; x_wconf 85' lang='grc' dir='ltr'><strong>δὴ</strong></span> <span class='ocrx_word' id='word_1_616' title='bbox 3071 3170 3259 3235; x_wconf 71' lang='grc' dir='ltr'><strong>ἕνεκα,</strong></span> <span class='ocrx_word' id='word_1_617' title='bbox 3293 3177 3487 3240; x_wconf 83' lang='grc' dir='ltr'><strong>πρῶτα</strong></span> <span class='ocrx_word' id='word_1_618' title='bbox 3522 3179 3622 3246; x_wconf 84' lang='grc' dir='ltr'><strong>μὲν</strong></span> <span class='ocrx_word' id='word_1_619' title='bbox 3647 3180 3758 3231; x_wconf 84' lang='grc' dir='ltr'><strong>τῶν</strong></span> <span class='ocrx_word' id='word_1_620' title='bbox 3782 3182 3958 3252; x_wconf 73' lang='grc' dir='ltr'><strong>ὑπηρ-</strong></span> 
     </span>
    </p>
   </div>
   <div class='ocr_carea' id='block_1_89' title="bbox 2386 3250 3955 3336">
    <p class='ocr_par' dir='ltr' id='par_1_89' title="bbox 2386 3250 3955 3336">
     <span class='ocr_line' id='line_1_89' title="bbox 2386 3250 3955 3336; baseline 0.016 -36"><span class='ocrx_word' id='word_1_621' title='bbox 2386 3250 2604 3318; x_wconf 84' lang='grc' dir='ltr'><strong>γμένων</strong></span> <span class='ocrx_word' id='word_1_622' title='bbox 2637 3255 2764 3324; x_wconf 83' lang='grc' dir='ltr'><strong>παρ’</strong></span> <span class='ocrx_word' id='word_1_623' title='bbox 2809 3258 2947 3326; x_wconf 75' lang='grc' dir='ltr'><strong>ἐμοῦ</strong></span> <span class='ocrx_word' id='word_1_624' title='bbox 2984 3276 3067 3312; x_wconf 89' lang='grc' dir='ltr'><strong>σοι</strong></span> <span class='ocrx_word' id='word_1_625' title='bbox 3110 3263 3332 3328; x_wconf 70' lang='grc' dir='ltr'><strong>ἀγαθῶν</strong></span> <span class='ocrx_word' id='word_1_626' title='bbox 3365 3267 3793 3336; x_wconf 74' lang='grc' dir='ltr'><strong>ἀναμιμνήσκω.</strong></span> <span class='ocrx_word' id='word_1_627' title='bbox 3833 3250 3955 3324; x_wconf 70' lang='grc' dir='ltr'><strong>υῦὸ’</strong></span> 
     </span>
    </p>
   </div>
   <div class='ocr_carea' id='block_1_90' title="bbox 2381 3342 3956 3432">
    <p class='ocr_par' dir='ltr' id='par_1_90' title="bbox 2381 3342 3956 3432">
     <span class='ocr_line' id='line_1_90' title="bbox 2381 3342 3956 3432; baseline 0.015 -38"><span class='ocrx_word' id='word_1_628' title='bbox 2381 3342 2540 3394; x_wconf 71' lang='grc' dir='ltr'><strong>αὑτὸν</strong></span> <span class='ocrx_word' id='word_1_629' title='bbox 2594 3345 2724 3408; x_wconf 73' lang='grc' dir='ltr'><strong>ἴσως</strong></span> <span class='ocrx_word' id='word_1_630' title='bbox 2759 3348 3212 3420; x_wconf 78' lang='grc' dir='ltr'><strong>ἐπιλελησμένον,</strong></span> <span class='ocrx_word' id='word_1_631' title='bbox 3245 3357 3321 3418; x_wconf 85' lang='grc' dir='ltr'><strong>ὡς</strong></span> <span class='ocrx_word' id='word_1_632' title='bbox 3370 3359 3449 3419; x_wconf 81' lang='grc' dir='ltr'><strong>είς</strong></span> <span class='ocrx_word' id='word_1_633' title='bbox 3496 3360 3656 3412; x_wconf 77' lang='grc' dir='ltr'><strong>τοῦτο</strong></span> <span class='ocrx_word' id='word_1_634' title='bbox 3710 3364 3956 3432; x_wconf 77' lang='grc' dir='ltr'><strong>εὐδοξέας</strong></span> 
     </span>
    </p>
   </div>
   <div class='ocr_carea' id='block_1_91' title="bbox 2380 3434 3954 3520">
    <p class='ocr_par' dir='ltr' id='par_1_91' title="bbox 2380 3434 3954 3520">
     <span class='ocr_line' id='line_1_91' title="bbox 2380 3434 3954 3520; baseline 0.018 -39"><span class='ocrx_word' id='word_1_635' title='bbox 2380 3434 2475 3486; x_wconf 74' lang='grc' dir='ltr'><strong>καὶ</strong></span> <span class='ocrx_word' id='word_1_636' title='bbox 2505 3437 2672 3506; x_wconf 85' lang='grc' dir='ltr'><strong>τιμῆς</strong></span> <span class='ocrx_word' id='word_1_637' title='bbox 2698 3440 2852 3507; x_wconf 72' lang='grc' dir='ltr'><strong>παρὰ</strong></span> <span class='ocrx_word' id='word_1_638' title='bbox 2887 3442 2986 3511; x_wconf 79' lang='grc' dir='ltr'><strong>τὴν</strong></span> <span class='ocrx_word' id='word_1_639' title='bbox 3017 3446 3296 3516; x_wconf 76' lang='grc' dir='ltr'><strong>ἡμετέραν</strong></span> <span class='ocrx_word' id='word_1_640' title='bbox 3327 3451 3485 3518; x_wconf 77' lang='grc' dir='ltr'><strong>ἥκεις</strong></span> <span class='ocrx_word' id='word_1_641' title='bbox 3521 3455 3615 3504; x_wconf 69' lang='grc' dir='ltr'><strong>καὶ</strong></span> <span class='ocrx_word' id='word_1_642' title='bbox 3643 3454 3829 3520; x_wconf 80' lang='grc' dir='ltr'><strong>φιλίαν</strong></span> <span class='ocrx_word' id='word_1_643' title='bbox 3861 3459 3954 3509; x_wconf 72' lang='grc' dir='ltr'><strong>καὶ</strong></span> 
     </span>
    </p>
   </div>
   <div class='ocr_carea' id='block_1_92' title="bbox 2379 3525 3951 3618">
    <p class='ocr_par' dir='ltr' id='par_1_92' title="bbox 2379 3525 3951 3618">
     <span class='ocr_line' id='line_1_92' title="bbox 2379 3525 3951 3618; baseline 0.019 -46"><span class='ocrx_word' id='word_1_644' title='bbox 2379 3525 2637 3593; x_wconf 64' lang='grc' dir='ltr'><strong>σπουδὴν,</strong></span> <span class='ocrx_word' id='word_1_645' title='bbox 2663 3529 2721 3580; x_wconf 84' lang='grc' dir='ltr'><strong>οὺ</strong></span> <span class='ocrx_word' id='word_1_646' title='bbox 2767 3530 2928 3599; x_wconf 88' lang='grc' dir='ltr'><strong>μόνον</strong></span> <span class='ocrx_word' id='word_1_647' title='bbox 2963 3535 3019 3600; x_wconf 76' lang='grc' dir='ltr'>ἐξ</span> <span class='ocrx_word' id='word_1_648' title='bbox 3049 3537 3312 3604; x_wconf 69' lang='grc' dir='ltr'><strong>ἀφανείας</strong></span> <span class='ocrx_word' id='word_1_649' title='bbox 3344 3537 3546 3612; x_wconf 62' lang='grc' dir='ltr'><strong>πολλῆς</strong></span> <span class='ocrx_word' id='word_1_650' title='bbox 3572 3545 3651 3613; x_wconf 85' lang='grc' dir='ltr'><strong>τῷ</strong></span> <span class='ocrx_word' id='word_1_651' title='bbox 3683 3546 3951 3618; x_wconf 59' lang='grc' dir='ltr'><strong>βασιλικῷ</strong></span> 
     </span>
    </p>
   </div>
   <div class='ocr_carea' id='block_1_93' title="bbox 2375 3616 3948 3706">
    <p class='ocr_par' dir='ltr' id='par_1_93' title="bbox 2375 3616 3948 3706">
     <span class='ocr_line' id='line_1_93' title="bbox 2375 3616 3948 3706; baseline 0.02 -42"><span class='ocrx_word' id='word_1_652' title='bbox 2375 3616 2564 3685; x_wconf 63' lang='grc' dir='ltr'><strong>κλήρῳ</strong></span> <span class='ocrx_word' id='word_1_653' title='bbox 2615 3622 3035 3689; x_wconf 81' lang='grc' dir='ltr'><strong>καταλέξαντος,</strong></span> <span class='ocrx_word' id='word_1_654' title='bbox 3093 3632 3185 3682; x_wconf 78' lang='grc' dir='ltr'><strong>καὶ</strong></span> <span class='ocrx_word' id='word_1_655' title='bbox 3247 3631 3450 3702; x_wconf 66' lang='grc' dir='ltr'><strong>πολλῆς</strong></span> <span class='ocrx_word' id='word_1_656' title='bbox 3514 3640 3779 3706; x_wconf 74' lang='grc' dir='ltr'><strong>προνοίας</strong></span> <span class='ocrx_word' id='word_1_657' title='bbox 3848 3645 3948 3696; x_wconf 80' lang='grc' dir='ltr'><strong>οῦκ</strong></span> 
     </span>
    </p>
   </div>
   <div class='ocr_carea' id='block_1_94' title="bbox 2373 3704 3947 3800">
    <p class='ocr_par' dir='ltr' id='par_1_94' title="bbox 2373 3704 3947 3800">
     <span class='ocr_line' id='line_1_94' title="bbox 2373 3704 3947 3800; baseline 0.02 -45"><span class='ocrx_word' id='word_1_658' title='bbox 2373 3704 2586 3760; x_wconf 74' lang='grc' dir='ltr'><strong>οἴκοθεν</strong></span> <span class='ocrx_word' id='word_1_659' title='bbox 2622 3711 2803 3778; x_wconf 86' lang='grc' dir='ltr'><strong>μόνον,</strong></span> <span class='ocrx_word' id='word_1_660' title='bbox 2837 3714 2975 3767; x_wconf 78' lang='grc' dir='ltr'><strong>ἄλλα</strong></span> <span class='ocrx_word' id='word_1_661' title='bbox 3009 3718 3101 3771; x_wconf 76' lang='grc' dir='ltr'><strong>καὶ</strong></span> <span class='ocrx_word' id='word_1_662' title='bbox 3148 3721 3212 3772; x_wconf 82' lang='grc' dir='ltr'><strong>ἐκ</strong></span> <span class='ocrx_word' id='word_1_663' title='bbox 3242 3723 3353 3774; x_wconf 83' lang='grc' dir='ltr'><strong>τῶν</strong></span> <span class='ocrx_word' id='word_1_664' title='bbox 3384 3726 3683 3794; x_wconf 74' lang='grc' dir='ltr'><strong>βασιλικῶν</strong></span> <span class='ocrx_word' id='word_1_665' title='bbox 3711 3732 3947 3800; x_wconf 76' lang='grc' dir='ltr'><strong>ἠξιωκὸ-</strong></span> 
     </span>
    </p>
   </div>
   <div class='ocr_carea' id='block_1_95' title="bbox 2371 3800 3948 3892">
    <p class='ocr_par' dir='ltr' id='par_1_95' title="bbox 2371 3800 3948 3892">
     <span class='ocr_line' id='line_1_95' title="bbox 2371 3800 3948 3892; baseline 0.02 -46"><span class='ocrx_word' id='word_1_666' title='bbox 2371 3811 2484 3857; x_wconf 86' lang='grc' dir='ltr'><strong>τος,</strong></span> <span class='ocrx_word' id='word_1_667' title='bbox 2533 3800 2626 3849; x_wconf 79' lang='grc' dir='ltr'><strong>καὶ</strong></span> <span class='ocrx_word' id='word_1_668' title='bbox 2672 3803 2864 3872; x_wconf 72' lang='grc' dir='ltr'><strong>καιριῦ</strong></span> <span class='ocrx_word' id='word_1_669' title='bbox 2901 3807 3216 3874; x_wconf 79' lang='grc' dir='ltr'><strong>καλοῦντος,</strong></span> <span class='ocrx_word' id='word_1_670' title='bbox 3255 3813 3390 3882; x_wconf 79' lang='grc' dir='ltr'><strong>ἐμοῦ</strong></span> <span class='ocrx_word' id='word_1_671' title='bbox 3427 3833 3483 3868; x_wconf 88' lang='grc' dir='ltr'><strong>τε</strong></span> <span class='ocrx_word' id='word_1_672' title='bbox 3535 3818 3756 3888; x_wconf 80' lang='grc' dir='ltr'><strong>πρώτου</strong></span> <span class='ocrx_word' id='word_1_673' title='bbox 3806 3842 3948 3892; x_wconf 59' lang='grc' dir='ltr'><strong>μνη.</strong></span> 
     </span>
    </p>
   </div>
   <div class='ocr_carea' id='block_1_96' title="bbox 2371 3885 3946 3981">
    <p class='ocr_par' dir='ltr' id='par_1_96' title="bbox 2371 3885 3946 3981">
     <span class='ocr_line' id='line_1_96' title="bbox 2371 3885 3946 3981; baseline 0.01 -30"><span class='ocrx_word' id='word_1_674' title='bbox 2371 3885 2616 3951; x_wconf 75' lang='grc' dir='ltr'><strong>σθέντος.</strong></span> <span class='ocrx_word' id='word_1_675' title='bbox 2651 3893 2744 3944; x_wconf 85' lang='grc' dir='ltr'><strong>καὶ</strong></span> <span class='ocrx_word' id='word_1_676' title='bbox 2779 3893 3004 3962; x_wconf 80' lang='grc' dir='ltr'><strong>βασιλέα</strong></span> <span class='ocrx_word' id='word_1_677' title='bbox 3043 3901 3333 3966; x_wconf 80' lang='grc' dir='ltr'><strong>πείσαντος</strong></span> <span class='ocrx_word' id='word_1_678' title='bbox 3371 3906 3462 3958; x_wconf 75' lang='grc' dir='ltr'><strong>ἐπὶ</strong></span> <span class='ocrx_word' id='word_1_679' title='bbox 3495 3909 3585 3960; x_wconf 81' lang='grc' dir='ltr'><strong>τδν</strong></span> <span class='ocrx_word' id='word_1_680' title='bbox 3617 3928 3946 3981; x_wconf 70' lang='grc' dir='ltr'><strong>πατριαρχι-</strong></span> 
     </span>
    </p>
   </div>
   <div class='ocr_carea' id='block_1_97' title="bbox 2369 3981 3939 4078">
    <p class='ocr_par' dir='ltr' id='par_1_97' title="bbox 2369 3981 3939 4078">
     <span class='ocr_line' id='line_1_97' title="bbox 2369 3981 3939 4078; baseline 0.017 -47"><span class='ocrx_word' id='word_1_681' title='bbox 2369 3981 2463 4031; x_wconf 70' lang='grc' dir='ltr'><strong>κῖν</strong></span> <span class='ocrx_word' id='word_1_682' title='bbox 2495 3981 2720 4048; x_wconf 73' lang='grc' dir='ltr'><strong>ἀνάγειν</strong></span> <span class='ocrx_word' id='word_1_683' title='bbox 2753 3985 2966 4056; x_wconf 81' lang='grc' dir='ltr'><strong>θρόνον,</strong></span> <span class='ocrx_word' id='word_1_684' title='bbox 2996 3990 3132 4044; x_wconf 72' lang='grc' dir='ltr'><strong>ἀλλὰ</strong></span> <span class='ocrx_word' id='word_1_685' title='bbox 3169 3996 3266 4046; x_wconf 82' lang='grc' dir='ltr'><strong>καί</strong></span> <span class='ocrx_word' id='word_1_686' title='bbox 3303 3997 3415 4047; x_wconf 85' lang='grc' dir='ltr'><strong>τῶν</strong></span> <span class='ocrx_word' id='word_1_687' title='bbox 3441 3996 3750 4070; x_wconf 65' lang='grc' dir='ltr'><strong>ἀρχιερέων</strong></span> <span class='ocrx_word' id='word_1_688' title='bbox 3786 4011 3939 4078; x_wconf 60' lang='grc' dir='ltr'><strong>κοινῇ</strong></span> 
     </span>
    </p>
   </div>
   <div class='ocr_carea' id='block_1_98' title="bbox 2367 4074 3942 4167">
    <p class='ocr_par' dir='ltr' id='par_1_98' title="bbox 2367 4074 3942 4167">
     <span class='ocr_line' id='line_1_98' title="bbox 2367 4074 3942 4167; baseline 0.02 -44"><span class='ocrx_word' id='word_1_689' title='bbox 2367 4074 2564 4144; x_wconf 47' lang='grc' dir='ltr'><strong>γνώμη</strong></span> <span class='ocrx_word' id='word_1_690' title='bbox 2611 4077 2830 4130; x_wconf 81' lang='grc' dir='ltr'><strong>πάντων</strong></span> <span class='ocrx_word' id='word_1_691' title='bbox 2863 4082 3297 4152; x_wconf 75' lang='grc' dir='ltr'><strong>ἁποσειομένων,</strong></span> <span class='ocrx_word' id='word_1_692' title='bbox 3358 4091 3533 4162; x_wconf 83' lang='grc' dir='ltr'><strong>πολλῇ</strong></span> <span class='ocrx_word' id='word_1_693' title='bbox 3588 4103 3942 4167; x_wconf 73' lang='grc' dir='ltr'><strong>χρησαμένου</strong></span> 
     </span>
    </p>
   </div>
   <div class='ocr_carea' id='block_1_99' title="bbox 2365 4162 3941 4253">
    <p class='ocr_par' dir='ltr' id='par_1_99' title="bbox 2365 4162 3941 4253">
     <span class='ocr_line' id='line_1_99' title="bbox 2365 4162 3941 4253; baseline 0.02 -40"><span class='ocrx_word' id='word_1_694' title='bbox 2365 4162 2502 4230; x_wconf 76' lang='grc' dir='ltr'><strong>πρὸς</strong></span> <span class='ocrx_word' id='word_1_695' title='bbox 2526 4167 2723 4229; x_wconf 84' lang='grc' dir='ltr'><strong>αὐτοὺς</strong></span> <span class='ocrx_word' id='word_1_696' title='bbox 2756 4170 2849 4221; x_wconf 80' lang='grc' dir='ltr'><strong>καὶ</strong></span> <span class='ocrx_word' id='word_1_697' title='bbox 2883 4172 3162 4244; x_wconf 74' lang='grc' dir='ltr'><strong>προθυμίᾳ</strong></span> <span class='ocrx_word' id='word_1_698' title='bbox 3199 4178 3293 4229; x_wconf 72' lang='grc' dir='ltr'><strong>καὶ</strong></span> <span class='ocrx_word' id='word_1_699' title='bbox 3335 4183 3540 4253; x_wconf 72' lang='grc' dir='ltr'><strong>σπουδῇ</strong></span> <span class='ocrx_word' id='word_1_700' title='bbox 3577 4184 3719 4239; x_wconf 81' lang='grc' dir='ltr'><strong>ὥστε</strong></span> <span class='ocrx_word' id='word_1_701' title='bbox 3756 4195 3941 4245; x_wconf 72' lang='grc' dir='ltr'><strong>πεῖσαι</strong></span> 
     </span>
    </p>
   </div>
   <div class='ocr_carea' id='block_1_100' title="bbox 2362 4253 3938 4352">
    <p class='ocr_par' dir='ltr' id='par_1_100' title="bbox 2362 4253 3938 4352">
     <span class='ocr_line' id='line_1_100' title="bbox 2362 4253 3938 4352; baseline 0.02 -49"><span class='ocrx_word' id='word_1_702' title='bbox 2362 4253 2668 4322; x_wconf 68' lang='grc' dir='ltr'><strong>ἐγχειρίσαι</strong></span> <span class='ocrx_word' id='word_1_703' title='bbox 2721 4259 2820 4327; x_wconf 79' lang='grc' dir='ltr'><strong>τὴν</strong></span> <span class='ocrx_word' id='word_1_704' title='bbox 2857 4264 3134 4332; x_wconf 81' lang='grc' dir='ltr'><strong>περιφανῆ</strong></span> <span class='ocrx_word' id='word_1_705' title='bbox 3167 4268 3381 4338; x_wconf 77' lang='grc' dir='ltr'><strong>ταύτην</strong></span> <span class='ocrx_word' id='word_1_706' title='bbox 3418 4277 3511 4324; x_wconf 78' lang='grc' dir='ltr'><strong>καὶ</strong></span> <span class='ocrx_word' id='word_1_707' title='bbox 3556 4280 3938 4352; x_wconf 74' lang='grc' dir='ltr'><strong>περιμάχητον</strong></span> 
     </span>
    </p>
   </div>
   <div class='ocr_carea' id='block_1_101' title="bbox 2360 4347 3938 4437">
    <p class='ocr_par' dir='ltr' id='par_1_101' title="bbox 2360 4347 3938 4437">
     <span class='ocr_line' id='line_1_101' title="bbox 2360 4347 3938 4437; baseline 0.02 -41"><span class='ocrx_word' id='word_1_708' title='bbox 2360 4347 2651 4414; x_wconf 78' lang='grc' dir='ltr'><strong>καθέδραν,</strong></span> <span class='ocrx_word' id='word_1_709' title='bbox 2681 4351 2776 4402; x_wconf 80' lang='grc' dir='ltr'><strong>καὶ</strong></span> <span class='ocrx_word' id='word_1_710' title='bbox 2814 4352 2882 4405; x_wconf 87' lang='grc' dir='ltr'><strong>τὰ</strong></span> <span class='ocrx_word' id='word_1_711' title='bbox 2911 4354 3200 4410; x_wconf 82' lang='grc' dir='ltr'><strong>τελευταῖα</strong></span> <span class='ocrx_word' id='word_1_712' title='bbox 3224 4359 3288 4429; x_wconf 80' lang='grc' dir='ltr'><strong>δὴ</strong></span> <span class='ocrx_word' id='word_1_713' title='bbox 3325 4361 3494 4416; x_wconf 80' lang='grc' dir='ltr'><strong>ταῦτα</strong></span> <span class='ocrx_word' id='word_1_714' title='bbox 3530 4371 3938 4437; x_wconf 84' lang='grc' dir='ltr'><strong>κινδυνεύοντος</strong></span> 
     </span>
    </p>
   </div>
   <div class='ocr_carea' id='block_1_102' title="bbox 2360 4441 3938 4540">
    <p class='ocr_par' dir='ltr' id='par_1_102' title="bbox 2360 4441 3938 4540">
     <span class='ocr_line' id='line_1_102' title="bbox 2360 4441 3938 4540; baseline 0.021 -53"><span class='ocrx_word' id='word_1_715' title='bbox 2360 4443 2490 4506; x_wconf 77' lang='grc' dir='ltr'><strong>περὶ</strong></span> <span class='ocrx_word' id='word_1_716' title='bbox 2515 4441 2686 4507; x_wconf 78' lang='grc' dir='ltr'><strong>αὐτὴν</strong></span> <span class='ocrx_word' id='word_1_717' title='bbox 2711 4444 2805 4495; x_wconf 76' lang='grc' dir='ltr'><strong>καὶ</strong></span> <span class='ocrx_word' id='word_1_718' title='bbox 2839 4446 3126 4514; x_wconf 78' lang='grc' dir='ltr'><strong>μέλλοντος</strong></span> <span class='ocrx_word' id='word_1_719' title='bbox 3148 4451 3572 4525; x_wconf 80' lang='grc' dir='ltr'><strong>ἀποστερεῖσθαι</strong></span> <span class='ocrx_word' id='word_1_720' title='bbox 3604 4463 3770 4530; x_wconf 64' lang='grc' dir='ltr'><strong>μόνου</strong></span> <span class='ocrx_word' id='word_1_721' title='bbox 3800 4468 3938 4540; x_wconf 79' lang='grc' dir='ltr'><strong>πρὸς</strong></span> 
     </span>
    </p>
   </div>
   <div class='ocr_carea' id='block_1_103' title="bbox 2279 4525 3933 4615">
    <p class='ocr_par' dir='ltr' id='par_1_103' title="bbox 2279 4525 3933 4615">
     <span class='ocr_line' id='line_1_103' title="bbox 2279 4525 3933 4615; baseline 0.021 -40"><span class='ocrx_word' id='word_1_722' title='bbox 2279 4559 2328 4614; x_wconf 73' lang='lat' dir='ltr'><strong><em>D</em></strong></span> <span class='ocrx_word' id='word_1_723' title='bbox 2357 4525 2684 4597; x_wconf 73' lang='grc' dir='ltr'><strong>ἀπαλλαγὴν</strong></span> <span class='ocrx_word' id='word_1_724' title='bbox 2734 4531 3132 4601; x_wconf 77' lang='grc' dir='ltr'><strong>ἐξαρκέσαντος</strong></span> <span class='ocrx_word' id='word_1_725' title='bbox 3161 4539 3268 4590; x_wconf 78' lang='grc' dir='ltr'><strong>τῶν</strong></span> <span class='ocrx_word' id='word_1_726' title='bbox 3302 4525 3618 4615; x_wconf 37' lang='grc' dir='ltr'><strong>δυσχερῶν..</strong></span> <span class='ocrx_word' id='word_1_727' title='bbox 3648 4525 3853 4607; x_wconf 51' lang='grc' dir='ltr'><strong>Ταῦτ’ἐι.</strong></span> 
     </span>
    </p>
   </div>
   <div class='ocr_carea' id='block_1_104' title="bbox 2353 4618 3930 4717">
    <p class='ocr_par' dir='ltr' id='par_1_104' title="bbox 2353 4618 3930 4717">
     <span class='ocr_line' id='line_1_104' title="bbox 2353 4618 3930 4717; baseline 0.021 -50"><span class='ocrx_word' id='word_1_728' title='bbox 2353 4618 2568 4686; x_wconf 79' lang='grc' dir='ltr'><strong>διῆλθον</strong></span> <span class='ocrx_word' id='word_1_729' title='bbox 2600 4620 2719 4686; x_wconf 88' lang='grc' dir='ltr'><strong>νῦν,</strong></span> <span class='ocrx_word' id='word_1_730' title='bbox 2753 4624 2853 4676; x_wconf 85' lang='grc' dir='ltr'><strong>οὐκ</strong></span> <span class='ocrx_word' id='word_1_731' title='bbox 2878 4625 3160 4692; x_wconf 76' lang='grc' dir='ltr'><strong>ὀνειδίζειν</strong></span> <span class='ocrx_word' id='word_1_732' title='bbox 3214 4639 3600 4706; x_wconf 69' lang='grc' dir='ltr'><strong>προῃρημένος</strong></span> <span class='ocrx_word' id='word_1_733' title='bbox 3630 4644 3730 4706; x_wconf 74' lang='grc' dir='ltr'><strong>τας</strong></span> <span class='ocrx_word' id='word_1_734' title='bbox 3773 4648 3930 4717; x_wconf 81' lang='grc' dir='ltr'><strong>εὐερ-</strong></span> 
     </span>
    </p>
   </div>
   <div class='ocr_carea' id='block_1_105' title="bbox 2351 4712 3930 4797">
    <p class='ocr_par' dir='ltr' id='par_1_105' title="bbox 2351 4712 3930 4797">
     <span class='ocr_line' id='line_1_105' title="bbox 2351 4712 3930 4797; baseline 0.021 -38"><span class='ocrx_word' id='word_1_735' title='bbox 2351 4712 2564 4775; x_wconf 82' lang='grc' dir='ltr'><strong>γεσίας.</strong></span> <span class='ocrx_word' id='word_1_736' title='bbox 2614 4714 2690 4765; x_wconf 85' lang='grc' dir='ltr'><strong>Οὐ</strong></span> <span class='ocrx_word' id='word_1_737' title='bbox 2733 4715 2843 4784; x_wconf 80' lang='grc' dir='ltr'><strong>γὰρ</strong></span> <span class='ocrx_word' id='word_1_738' title='bbox 2875 4716 3068 4786; x_wconf 82' lang='grc' dir='ltr'><strong>ἔμοιγε</strong></span> <span class='ocrx_word' id='word_1_739' title='bbox 3136 4722 3290 4790; x_wconf 89' lang='grc' dir='ltr'><strong>φίλον</strong></span> <span class='ocrx_word' id='word_1_740' title='bbox 3331 4727 3392 4779; x_wconf 78' lang='grc' dir='ltr'><strong>τὸ</strong></span> <span class='ocrx_word' id='word_1_741' title='bbox 3425 4730 3692 4797; x_wconf 84' lang='grc' dir='ltr'><strong>τοιοῦτον,</strong></span> <span class='ocrx_word' id='word_1_742' title='bbox 3725 4736 3838 4790; x_wconf 78' lang='grc' dir='ltr'><strong>οὐδ’</strong></span> <span class='ocrx_word' id='word_1_743' title='bbox 3872 4712 3930 4792; x_wconf 38' lang='grc' dir='ltr'><strong>ἐί</strong></span> 
     </span>
    </p>
   </div>
   <div class='ocr_carea' id='block_1_106' title="bbox 2351 4801 3924 4884">
    <p class='ocr_par' dir='ltr' id='par_1_106' title="bbox 2351 4801 3924 4884">
     <span class='ocr_line' id='line_1_106' title="bbox 2351 4801 3924 4884; baseline 0.022 -34"><span class='ocrx_word' id='word_1_744' title='bbox 2351 4801 2792 4869; x_wconf 81' lang='grc' dir='ltr'><strong>πολλαπλασίους</strong></span> <span class='ocrx_word' id='word_1_745' title='bbox 2850 4804 2993 4878; x_wconf 77' lang='grc' dir='ltr'><strong>ἦσαν</strong></span> <span class='ocrx_word' id='word_1_746' title='bbox 3045 4817 3138 4866; x_wconf 81' lang='grc' dir='ltr'><strong>καὶ</strong></span> <span class='ocrx_word' id='word_1_747' title='bbox 3182 4815 3401 4884; x_wconf 77' lang='grc' dir='ltr'><strong>μείζους</strong></span> <span class='ocrx_word' id='word_1_748' title='bbox 3425 4837 3440 4852; x_wconf 85' lang='grc'><strong>·</strong></span> <span class='ocrx_word' id='word_1_749' title='bbox 3477 4823 3593 4877; x_wconf 80' lang='grc' dir='ltr'><strong>ἀλλ’</strong></span> <span class='ocrx_word' id='word_1_750' title='bbox 3630 4826 3696 4879; x_wconf 84' lang='grc' dir='ltr'><strong>ἶν’</strong></span> <span class='ocrx_word' id='word_1_751' title='bbox 3725 4831 3924 4884; x_wconf 80' lang='grc' dir='ltr'><strong>ἐπιδεί-</strong></span> 
     </span>
    </p>
   </div>
   <div class='ocr_carea' id='block_1_107' title="bbox 2352 4890 3926 4986">
    <p class='ocr_par' dir='ltr' id='par_1_107' title="bbox 2352 4890 3926 4986">
     <span class='ocr_line' id='line_1_107' title="bbox 2352 4890 3926 4986; baseline 0.022 -43"><span class='ocrx_word' id='word_1_752' title='bbox 2352 4890 2528 4960; x_wconf 82' lang='grc' dir='ltr'><strong>ξαιμι,</strong></span> <span class='ocrx_word' id='word_1_753' title='bbox 2561 4895 2637 4959; x_wconf 83' lang='grc' dir='ltr'><strong>ὡς</strong></span> <span class='ocrx_word' id='word_1_754' title='bbox 2695 4899 2905 4952; x_wconf 83' lang='grc' dir='ltr'><strong>ἄνωθεν</strong></span> <span class='ocrx_word' id='word_1_755' title='bbox 2940 4903 3134 4969; x_wconf 80' lang='grc' dir='ltr'><strong>φιλίως</strong></span> <span class='ocrx_word' id='word_1_756' title='bbox 3182 4909 3323 4977; x_wconf 81' lang='grc' dir='ltr'><strong>πρός</strong></span> <span class='ocrx_word' id='word_1_757' title='bbox 3381 4929 3440 4965; x_wconf 87' lang='grc' dir='ltr'><strong>σε</strong></span> <span class='ocrx_word' id='word_1_758' title='bbox 3473 4913 3793 4986; x_wconf 78' lang='grc' dir='ltr'><strong>διατεθέντι,</strong></span> <span class='ocrx_word' id='word_1_759' title='bbox 3831 4927 3926 4978; x_wconf 75' lang='grc' dir='ltr'><strong>καὶ</strong></span> 
     </span>
    </p>
   </div>
   <div class='ocr_carea' id='block_1_108' title="bbox 2352 4985 3928 5085">
    <p class='ocr_par' dir='ltr' id='par_1_108' title="bbox 2352 4985 3928 5085">
     <span class='ocr_line' id='line_1_108' title="bbox 2352 4985 3928 5085; baseline 0.022 -50"><span class='ocrx_word' id='word_1_760' title='bbox 2352 4985 2553 5082; x_wconf 56' lang='grc' dir='ltr'><strong>πολλὰς</strong></span> <span class='ocrx_word' id='word_1_761' title='bbox 2590 4994 2998 5064; x_wconf 73' lang='grc' dir='ltr'><strong>παρεσχημένῳ</strong></span> <span class='ocrx_word' id='word_1_762' title='bbox 3042 4998 3348 5066; x_wconf 75' lang='grc' dir='ltr'><strong>ἀποδείξεις</strong></span> <span class='ocrx_word' id='word_1_763' title='bbox 3390 5005 3489 5075; x_wconf 71' lang='grc' dir='ltr'><strong>τῆς</strong></span> <span class='ocrx_word' id='word_1_764' title='bbox 3516 5015 3651 5078; x_wconf 71' lang='grc' dir='ltr'><strong>πρὸς</strong></span> <span class='ocrx_word' id='word_1_765' title='bbox 3681 5013 3740 5064; x_wconf 86' lang='grc' dir='ltr'><strong>σὲ</strong></span> <span class='ocrx_word' id='word_1_766' title='bbox 3769 5032 3928 5085; x_wconf 84' lang='grc' dir='ltr'><strong>στορ-</strong></span> 
     </span>
    </p>
   </div>
   <div class='ocr_carea' id='block_1_109' title="bbox 2349 5062 3923 5174">
    <p class='ocr_par' dir='ltr' id='par_1_109' title="bbox 2349 5062 3923 5174">
     <span class='ocr_line' id='line_1_109' title="bbox 2970 5062 3899 5085; baseline 0.023 -21"><span class='ocrx_word' id='word_1_767' title='bbox 2970 5062 2978 5064; x_wconf 75' lang='grc'>,</span> <span class='ocrx_word' id='word_1_768' title='bbox 3248 5062 3258 5064; x_wconf 62' lang='lat'>~</span> <span class='ocrx_word' id='word_1_769' title='bbox 3328 5062 3340 5066; x_wconf 55' lang='grc' dir='ltr'><strong>ν</strong></span> <span class='ocrx_word' id='word_1_770' title='bbox 3443 5062 3485 5075; x_wconf 73' lang='grc' dir='ltr'><strong>ι-</strong></span> <span class='ocrx_word' id='word_1_771' title='bbox 3560 5062 3571 5078; x_wconf 77' lang='grc' dir='ltr'>ι</span> <span class='ocrx_word' id='word_1_772' title='bbox 3630 5062 3647 5073; x_wconf 80' lang='lat'>&#39;</span> <span class='ocrx_word' id='word_1_773' title='bbox 3691 5062 3699 5063; x_wconf 58' lang='lat'><strong><em>&#39;</em></strong></span> <span class='ocrx_word' id='word_1_774' title='bbox 3721 5062 3736 5064; x_wconf 84' lang='grc'><strong><em>“</em></strong></span> <span class='ocrx_word' id='word_1_775' title='bbox 3773 5062 3791 5065; x_wconf 83' lang='grc'><strong>’“</strong></span> <span class='ocrx_word' id='word_1_776' title='bbox 3815 5062 3899 5085; x_wconf 72' lang='grc'><strong>⁷⁷1⁷</strong></span> 
     </span>
     <span class='ocr_line' id='line_1_110' title="bbox 2349 5062 3923 5174; baseline 0.022 -49"><span class='ocrx_word' id='word_1_777' title='bbox 2349 5062 2482 5142; x_wconf 54' lang='grc' dir='ltr'><strong>γῆς,</strong></span> <span class='ocrx_word' id='word_1_778' title='bbox 2525 5079 2741 5133; x_wconf 85' lang='grc' dir='ltr'><strong>δίκαιον</strong></span> <span class='ocrx_word' id='word_1_779' title='bbox 2777 5085 2868 5136; x_wconf 89' lang='grc' dir='ltr'><strong>καί</strong></span> <span class='ocrx_word' id='word_1_780' title='bbox 2903 5101 2962 5138; x_wconf 88' lang='grc' dir='ltr'><strong>σε</strong></span> <span class='ocrx_word' id='word_1_781' title='bbox 2993 5089 3104 5142; x_wconf 82' lang='grc' dir='ltr'><strong>τῶν</strong></span> <span class='ocrx_word' id='word_1_782' title='bbox 3132 5097 3480 5162; x_wconf 81' lang='grc' dir='ltr'><strong>πραγμάτων</strong></span> <span class='ocrx_word' id='word_1_783' title='bbox 3521 5105 3923 5174; x_wconf 85' lang='grc' dir='ltr'><strong>παρασχόντων</strong></span> 
     </span>
    </p>
   </div>
   <div class='ocr_carea' id='block_1_110' title="bbox 2347 5166 3920 5266">
    <p class='ocr_par' dir='ltr' id='par_1_110' title="bbox 2347 5166 3920 5266">
     <span class='ocr_line' id='line_1_111' title="bbox 2347 5166 3920 5266; baseline 0.022 -49"><span class='ocrx_word' id='word_1_784' title='bbox 2347 5166 2461 5232; x_wconf 84' lang='grc' dir='ltr'><strong>νῦν,</strong></span> <span class='ocrx_word' id='word_1_785' title='bbox 2497 5171 2816 5243; x_wconf 76' lang='grc' dir='ltr'><strong>εὐγνώμονα</strong></span> <span class='ocrx_word' id='word_1_786' title='bbox 2867 5181 3106 5249; x_wconf 77' lang='grc' dir='ltr'><strong>φανῆναι</strong></span> <span class='ocrx_word' id='word_1_787' title='bbox 3142 5185 3220 5254; x_wconf 84' lang='grc' dir='ltr'><strong>τῷ</strong></span> <span class='ocrx_word' id='word_1_788' title='bbox 3267 5192 3470 5257; x_wconf 88' lang='grc' dir='ltr'><strong>προῖκα</strong></span> <span class='ocrx_word' id='word_1_789' title='bbox 3507 5196 3776 5265; x_wconf 84' lang='grc' dir='ltr'><strong>πρότερον</strong></span> <span class='ocrx_word' id='word_1_790' title='bbox 3819 5199 3920 5266; x_wconf 73' lang='grc' dir='ltr'><strong>ὀφ-</strong></span> 
     </span>
    </p>
   </div>
   <div class='ocr_carea' id='block_1_111' title="bbox 2349 5255 3922 5358">
    <p class='ocr_par' dir='ltr' id='par_1_111' title="bbox 2349 5255 3922 5358">
     <span class='ocr_line' id='line_1_112' title="bbox 2349 5255 3922 5358; baseline 0.023 -51"><span class='ocrx_word' id='word_1_791' title='bbox 2349 5255 2497 5310; x_wconf 82' lang='grc' dir='ltr'><strong>θέντι</strong></span> <span class='ocrx_word' id='word_1_792' title='bbox 2527 5261 2688 5328; x_wconf 84' lang='grc' dir='ltr'><strong>φίλῳ,</strong></span> <span class='ocrx_word' id='word_1_793' title='bbox 2726 5267 2818 5317; x_wconf 77' lang='grc' dir='ltr'><strong>καὶ</strong></span> <span class='ocrx_word' id='word_1_794' title='bbox 2848 5270 3084 5335; x_wconf 71' lang='grc' dir='ltr'><strong>ἀμοιϐὰς</strong></span> <span class='ocrx_word' id='word_1_795' title='bbox 3115 5274 3272 5340; x_wconf 82' lang='grc' dir='ltr'><strong>ἀξίας</strong></span> <span class='ocrx_word' id='word_1_796' title='bbox 3304 5255 3598 5356; x_wconf 66' lang='grc' dir='ltr'><strong>αποδοῦναι</strong></span> <span class='ocrx_word' id='word_1_797' title='bbox 3638 5255 3747 5339; x_wconf 60' lang='grc' dir='ltr'><strong>των</strong></span> <span class='ocrx_word' id='word_1_798' title='bbox 3786 5255 3922 5358; x_wconf 67' lang='grc' dir='ltr'><strong>προσ</strong></span> 
     </span>
    </p>
   </div>
   <div class='ocr_carea' id='block_1_112' title="bbox 2344 5349 3915 5446">
    <p class='ocr_par' dir='ltr' id='par_1_112' title="bbox 2344 5349 3915 5446">
     <span class='ocr_line' id='line_1_113' title="bbox 2344 5349 3915 5446; baseline 0.023 -47"><span class='ocrx_word' id='word_1_799' title='bbox 2344 5349 2520 5420; x_wconf 80' lang='grc' dir='ltr'><strong>τέρων</strong></span> <span class='ocrx_word' id='word_1_800' title='bbox 2549 5355 2907 5424; x_wconf 81' lang='grc' dir='ltr'><strong>εὐεργεσιῶν.</strong></span> <span class='ocrx_word' id='word_1_801' title='bbox 2955 5364 3030 5416; x_wconf 77' lang='grc' dir='ltr'><strong>Οὐ</strong></span> <span class='ocrx_word' id='word_1_802' title='bbox 3069 5367 3232 5435; x_wconf 86' lang='grc' dir='ltr'><strong>μόνον</strong></span> <span class='ocrx_word' id='word_1_803' title='bbox 3268 5371 3476 5426; x_wconf 79' lang='grc' dir='ltr'><strong>τούτων</strong></span> <span class='ocrx_word' id='word_1_804' title='bbox 3506 5375 3669 5430; x_wconf 85' lang='grc' dir='ltr'><strong>ἓνεκα</strong></span> <span class='ocrx_word' id='word_1_805' title='bbox 3712 5381 3915 5446; x_wconf 75' lang='grc' dir='ltr'><strong>αὐτῶν,</strong></span> 
     </span>
    </p>
   </div>
   <div class='ocr_carea' id='block_1_113' title="bbox 1931 5452 2657 5528">
    <p class='ocr_par' dir='ltr' id='par_1_113' title="bbox 1931 5452 2657 5528">
     <span class='ocr_line' id='line_1_114' title="bbox 1931 5452 2657 5528; baseline 0.023 -17"><span class='ocrx_word' id='word_1_806' title='bbox 1931 5452 2146 5516; x_wconf 87' lang='lat' dir='ltr'><strong>Jacobi</strong></span> <span class='ocrx_word' id='word_1_807' title='bbox 2178 5458 2439 5522; x_wconf 88' lang='lat' dir='ltr'><strong>Pontaui</strong></span> <span class='ocrx_word' id='word_1_808' title='bbox 2475 5474 2657 5528; x_wconf 73' lang='lat' dir='ltr'><strong>noue.</strong></span> 
     </span>
    </p>
   </div>
   <div class='ocr_carea' id='block_1_114' title="bbox 735 5551 2234 5651">
    <p class='ocr_par' dir='ltr' id='par_1_114' title="bbox 735 5551 2234 5651">
     <span class='ocr_line' id='line_1_115' title="bbox 735 5551 2234 5651; baseline 0.023 -49"><span class='ocrx_word' id='word_1_809' title='bbox 914 5551 1658 5651; x_wconf 21' lang='lat' dir='ltr'><strong>llaeczparmutiall‘ersica&#39;de</strong></span> <span class='ocrx_word' id='word_1_810' title='bbox 1676 5575 1933 5642; x_wconf 83' lang='lat' dir='ltr'><strong>naturali,</strong></span> <span class='ocrx_word' id='word_1_811' title='bbox 1960 5587 2015 5632; x_wconf 85' lang='lat' dir='ltr'><strong>et</strong></span> <span class='ocrx_word' id='word_1_812' title='bbox 2040 5595 2234 5651; x_wconf 79' lang='lat' dir='ltr'><strong>agnata</strong></span> 
     </span>
    </p>
   </div>
   <div class='ocr_carea' id='block_1_115' title="bbox 663 5622 2233 5719">
    <p class='ocr_par' dir='ltr' id='par_1_115' title="bbox 663 5622 2233 5719">
     <span class='ocr_line' id='line_1_116' title="bbox 663 5622 2233 5719; baseline 0.02 -45"><span class='ocrx_word' id='word_1_813' title='bbox 663 5622 884 5677; x_wconf 81' lang='lat' dir='ltr'><strong>levitate</strong></span> <span class='ocrx_word' id='word_1_814' title='bbox 926 5622 1402 5719; x_wconf 50' lang='lat' dir='ltr'><strong>etmiiiconnstanlta</strong></span> <span class='ocrx_word' id='word_1_815' title='bbox 1458 5622 1768 5717; x_wconf 46' lang='lat' dir='ltr'><strong>niunéénin&#39;</strong></span> <span class='ocrx_word' id='word_1_816' title='bbox 1799 5622 2019 5715; x_wconf 65' lang='lat' dir='ltr'><strong>propter</strong></span> 
     </span>
    </p>
   </div>
   <div class='ocr_carea' id='block_1_116' title="bbox 656 5697 2228 5790">
    <p class='ocr_par' dir='ltr' id='par_1_116' title="bbox 656 5697 2228 5790">
     <span class='ocr_line' id='line_1_117' title="bbox 656 5697 2228 5790; baseline 0.021 -45"><span class='ocrx_word' id='word_1_817' title='bbox 656 5709 936 5790; x_wconf 67' lang='lat' dir='ltr'><strong>nunquam</strong></span> <span class='ocrx_word' id='word_1_818' title='bbox 992 5697 1109 5790; x_wconf 65' lang='lat' dir='ltr'><strong>illisI</strong></span> <span class='ocrx_word' id='word_1_819' title='bbox 1145 5701 1419 5757; x_wconf 77' lang='lat' dir='ltr'><strong>iiden-Jum</strong></span> <span class='ocrx_word' id='word_1_820' title='bbox 1473 5709 1580 5787; x_wconf 71' lang='lat' dir='ltr'><strong>sit,</strong></span> <span class='ocrx_word' id='word_1_821' title='bbox 1616 5697 1988 5790; x_wconf 55' lang='lat' dir='ltr'><strong>quamt&#39;unt&#39;vis</strong></span> <span class='ocrx_word' id='word_1_822' title='bbox 2037 5697 2228 5790; x_wconf 63' lang='lat' dir='ltr'><strong>magna</strong></span> 
     </span>
    </p>
   </div>
   <div class='ocr_carea' id='block_1_117' title="bbox 654 5767 2226 5864">
    <p class='ocr_par' dir='ltr' id='par_1_117' title="bbox 654 5767 2226 5864">
     <span class='ocr_line' id='line_1_118' title="bbox 654 5767 2226 5864; baseline 0.022 -51"><span class='ocrx_word' id='word_1_823' title='bbox 654 5780 763 5831; x_wconf 79' lang='lat' dir='ltr'><strong>pia:</strong></span> <span class='ocrx_word' id='word_1_824' title='bbox 797 5778 853 5817; x_wconf 89' lang='lat' dir='ltr'><strong>sc</strong></span> <span class='ocrx_word' id='word_1_825' title='bbox 894 5767 1195 5826; x_wconf 83' lang='lat' dir='ltr'><strong>ferentibus</strong></span> <span class='ocrx_word' id='word_1_826' title='bbox 1225 5787 1288 5827; x_wconf 77' lang='lat' dir='ltr'><strong>ac</strong></span> <span class='ocrx_word' id='word_1_827' title='bbox 1319 5767 1799 5853; x_wconf 57' lang='lat' dir='ltr'><strong>pron‘iittent&#39;ibns,</strong></span> <span class='ocrx_word' id='word_1_828' title='bbox 1821 5767 2009 5844; x_wconf 65' lang='lat' dir='ltr'><strong>notato</strong></span> 
     </span>
    </p>
   </div>
   <div class='ocr_carea' id='block_1_118' title="bbox 2356 5591 3913 5682">
    <p class='ocr_par' dir='ltr' id='par_1_118' title="bbox 2356 5591 3913 5682">
     <span class='ocr_line' id='line_1_119' title="bbox 2356 5591 3913 5682; baseline 0.025 -43"><span class='ocrx_word' id='word_1_829' title='bbox 2356 5596 2412 5668; x_wconf 76' lang='lat' dir='ltr'><strong>et</strong></span> <span class='ocrx_word' id='word_1_830' title='bbox 2443 5591 2495 5642; x_wconf 91' lang='lat' dir='ltr'><strong>in</strong></span> <span class='ocrx_word' id='word_1_831' title='bbox 2523 5595 2871 5682; x_wconf 64' lang='lat' dir='ltr'><strong>sermonibus</strong></span> <span class='ocrx_word' id='word_1_832' title='bbox 2904 5603 3099 5682; x_wconf 80' lang='lat' dir='ltr'><strong>merito</strong></span> <span class='ocrx_word' id='word_1_833' title='bbox 3145 5613 3452 5678; x_wconf 87' lang='lat' dir='ltr'><strong>usurpanda</strong></span> <span class='ocrx_word' id='word_1_834' title='bbox 3497 5625 3605 5671; x_wconf 86' lang='lat' dir='ltr'><strong>est.</strong></span> <span class='ocrx_word' id='word_1_835' title='bbox 3644 5617 3744 5682; x_wconf 87' lang='lat' dir='ltr'><strong>Qui</strong></span> <span class='ocrx_word' id='word_1_836' title='bbox 3780 5624 3913 5676; x_wconf 70' lang='lat' dir='ltr'><strong>ada‘</strong></span> 
     </span>
    </p>
   </div>
   <div class='ocr_carea' id='block_1_119' title="bbox 2343 5660 3909 5758">
    <p class='ocr_par' dir='ltr' id='par_1_119' title="bbox 2343 5660 3909 5758">
     <span class='ocr_line' id='line_1_120' title="bbox 2343 5660 3909 5758; baseline 0.02 -48"><span class='ocrx_word' id='word_1_837' title='bbox 2343 5660 2425 5758; x_wconf 58' lang='lat' dir='ltr'><strong>gja</strong></span> <span class='ocrx_word' id='word_1_838' title='bbox 2470 5675 2592 5758; x_wconf 70' lang='lat' dir='ltr'><strong>ppst</strong></span> <span class='ocrx_word' id='word_1_839' title='bbox 2617 5665 2903 5758; x_wconf 65' lang='lat' dir='ltr'><strong>Erasmum</strong></span> <span class='ocrx_word' id='word_1_840' title='bbox 2940 5674 3010 5758; x_wconf 76' lang='lat' dir='ltr'><strong>ab</strong></span> <span class='ocrx_word' id='word_1_841' title='bbox 3040 5677 3136 5755; x_wconf 84' lang='lat' dir='ltr'><strong>illo</strong></span> <span class='ocrx_word' id='word_1_842' title='bbox 3165 5660 3909 5758; x_wconf 46' lang='grc' dir='ltr'><strong>ρέιὲἶιξιίιῦὶεεξνυοιῖὲξετῖδῗι.</strong></span> 
     </span>
    </p>
   </div>
   <div class='ocr_carea' id='block_1_120' title="bbox 2340 5734 3909 5829">
    <p class='ocr_par' dir='ltr' id='par_1_120' title="bbox 2340 5734 3909 5829">
     <span class='ocr_line' id='line_1_121' title="bbox 2340 5734 3909 5829; baseline 0.023 -47"><span class='ocrx_word' id='word_1_843' title='bbox 2340 5738 2395 5782; x_wconf 83' lang='lat' dir='ltr'><strong>et</strong></span> <span class='ocrx_word' id='word_1_844' title='bbox 2425 5734 2602 5790; x_wconf 87' lang='lat' dir='ltr'><strong>adhuc</strong></span> <span class='ocrx_word' id='word_1_845' title='bbox 2631 5738 2909 5807; x_wconf 81' lang='lat' dir='ltr'><strong>colligunt,</strong></span> <span class='ocrx_word' id='word_1_846' title='bbox 2944 5744 3045 5799; x_wconf 92' lang='lat' dir='ltr'><strong>hoc</strong></span> <span class='ocrx_word' id='word_1_847' title='bbox 3070 5734 3230 5802; x_wconf 69' lang='lat' dir='ltr'><strong>etiam</strong></span> <span class='ocrx_word' id='word_1_848' title='bbox 3261 5753 3376 5806; x_wconf 83' lang='lat' dir='ltr'><strong>suis</strong></span> <span class='ocrx_word' id='word_1_849' title='bbox 3405 5734 3909 5829; x_wconf 58' lang='grc' dir='ltr'><strong>έᾰῐιὶέἐῇὖῗέἓίἱὶἱὶ-</strong></span> 
     </span>
    </p>
   </div>
  </div>
