  <div class='ocr_page' id='page_1' title='image "/cluster/home/n/w/nwhite01/storage/ocr_20150623/153/nnc1.0046981039/383.png"; bbox 0 0 4212 6444; ppageno 0'>
   <div class='ocr_carea' id='block_1_1' title="bbox 756 402 866 463">
    <p class='ocr_par' dir='ltr' id='par_1_1' title="bbox 756 402 866 463">
     <span class='ocr_line' id='line_1_1' title="bbox 756 402 866 463; baseline -0.009 0"><span class='ocrx_word' id='word_1_1' title='bbox 756 402 866 463; x_wconf 72' lang='grc'><strong>’743</strong></span> 
     </span>
    </p>
   </div>
   <div class='ocr_carea' id='block_1_2' title="bbox 1933 354 2931 481">
    <p class='ocr_par' dir='ltr' id='par_1_2' title="bbox 1933 354 2931 481">
     <span class='ocr_line' id='line_1_2' title="bbox 1933 354 2931 481; baseline -0.003 -20"><span class='ocrx_word' id='word_1_2' title='bbox 1933 402 2257 461; x_wconf 71' lang='lat' dir='ltr'><strong>JOANNlS</strong></span> <span class='ocrx_word' id='word_1_3' title='bbox 2299 400 2823 462; x_wconf 68' lang='lat' dir='ltr'><strong>CANTACUZENI</strong></span> <span class='ocrx_word' id='word_1_4' title='bbox 2873 477 2878 481; x_wconf 21' lang='grc' dir='ltr'><strong>ε</strong></span> <span class='ocrx_word' id='word_1_5' title='bbox 2925 354 2931 357; x_wconf 45' lang='grc'><strong>’</strong></span> 
     </span>
    </p>
   </div>
   <div class='ocr_carea' id='block_1_3' title="bbox 3888 389 3995 457">
    <p class='ocr_par' dir='ltr' id='par_1_3' title="bbox 3888 389 3995 457">
     <span class='ocr_line' id='line_1_3' title="bbox 3888 389 3995 457; baseline 0 -4"><span class='ocrx_word' id='word_1_6' title='bbox 3888 389 3995 457; x_wconf 68' lang='grc' dir='ltr'><strong>’κέ</strong></span> 
     </span>
    </p>
   </div>
   <div class='ocr_carea' id='block_1_4' title="bbox 752 500 2415 585">
    <p class='ocr_par' dir='ltr' id='par_1_4' title="bbox 752 515 2400 585">
     <span class='ocr_line' id='line_1_4' title="bbox 752 515 2400 585; baseline -0.002 -15"><span class='ocrx_word' id='word_1_7' title='bbox 752 520 985 579; x_wconf 79' lang='lat' dir='ltr'><strong>accitos,</strong></span> <span class='ocrx_word' id='word_1_8' title='bbox 1034 516 1166 585; x_wconf 89' lang='lat' dir='ltr'><strong>quid</strong></span> <span class='ocrx_word' id='word_1_9' title='bbox 1217 517 1470 570; x_wconf 81' lang='lat' dir='ltr'><strong>venirent</strong></span> <span class='ocrx_word' id='word_1_10' title='bbox 1501 517 1878 583; x_wconf 70' lang='lat' dir='ltr'><strong>interrogavit.</strong></span> <span class='ocrx_word' id='word_1_11' title='bbox 1912 515 2014 581; x_wconf 85' lang='lat' dir='ltr'><strong>Qui</strong></span> <span class='ocrx_word' id='word_1_12' title='bbox 2042 516 2323 585; x_wconf 80' lang='lat' dir='ltr'><strong>jnrutttctt-</strong></span> <span class='ocrx_word' id='word_1_13' title='bbox 2356 520 2400 574; x_wconf 77' lang='grc' dir='ltr'>Α</span> 
     </span>
    </p>
   </div>
   <div class='ocr_carea' id='block_1_5' title="bbox 2332 500 3995 585">
    <p class='ocr_par' dir='ltr' id='par_1_5' title="bbox 2356 500 3995 583">
     <span class='ocr_line' id='line_1_5' title="bbox 2356 500 3995 583; baseline -0.005 -19"><span class='ocrx_word' id='word_1_14' title='bbox 2356 520 2400 574; x_wconf 76' lang='grc' dir='ltr'>Α</span> <span class='ocrx_word' id='word_1_15' title='bbox 2432 513 2784 583; x_wconf 74' lang='grc' dir='ltr'><strong>πρεσϐευτὰς</strong></span> <span class='ocrx_word' id='word_1_16' title='bbox 2836 510 2919 571; x_wconf 86' lang='grc' dir='ltr'><strong>εἰς</strong></span> <span class='ocrx_word' id='word_1_17' title='bbox 2976 520 3043 559; x_wconf 77' lang='grc' dir='ltr'><strong>τα</strong></span> <span class='ocrx_word' id='word_1_18' title='bbox 3109 505 3358 575; x_wconf 81' lang='grc' dir='ltr'><strong>βασίλεια</strong></span> <span class='ocrx_word' id='word_1_19' title='bbox 3406 505 3684 568; x_wconf 74' lang='grc' dir='ltr'><strong>ἐλθόντας,</strong></span> <span class='ocrx_word' id='word_1_20' title='bbox 3739 506 3871 571; x_wconf 74' lang='grc' dir='ltr'><strong>περὶ</strong></span> <span class='ocrx_word' id='word_1_21' title='bbox 3921 500 3995 556; x_wconf 79' lang='grc' dir='ltr'><strong>ὦν</strong></span> 
     </span>
    </p>
   </div>
   <div class='ocr_carea' id='block_1_6' title="bbox 751 605 2323 675">
    <p class='ocr_par' dir='ltr' id='par_1_6' title="bbox 751 605 2323 675">
     <span class='ocr_line' id='line_1_6' title="bbox 751 605 2323 675; baseline -0.001 -15"><span class='ocrx_word' id='word_1_22' title='bbox 751 616 893 666; x_wconf 88' lang='lat' dir='ltr'><strong>tum,</strong></span> <span class='ocrx_word' id='word_1_23' title='bbox 922 608 1065 674; x_wconf 89' lang='lat' dir='ltr'><strong>quod</strong></span> <span class='ocrx_word' id='word_1_24' title='bbox 1108 608 1405 674; x_wconf 74' lang='lat' dir='ltr'><strong>imperator</strong></span> <span class='ocrx_word' id='word_1_25' title='bbox 1454 608 1765 662; x_wconf 81' lang='lat' dir='ltr'><strong>Alexandro</strong></span> <span class='ocrx_word' id='word_1_26' title='bbox 1796 607 1945 675; x_wconf 81' lang='lat' dir='ltr'>pacis</span> <span class='ocrx_word' id='word_1_27' title='bbox 1970 622 2105 675; x_wconf 79' lang='lat' dir='ltr'><strong>ergo</strong></span> <span class='ocrx_word' id='word_1_28' title='bbox 2155 605 2323 659; x_wconf 89' lang='lat' dir='ltr'><strong>dedc-</strong></span> 
     </span>
    </p>
   </div>
   <div class='ocr_carea' id='block_1_7' title="bbox 750 695 2321 766">
    <p class='ocr_par' dir='ltr' id='par_1_7' title="bbox 750 695 2321 766">
     <span class='ocr_line' id='line_1_7' title="bbox 750 695 2321 766; baseline -0.001 -17"><span class='ocrx_word' id='word_1_29' title='bbox 750 708 857 755; x_wconf 71' lang='lat' dir='ltr'><strong>rot.</strong></span> <span class='ocrx_word' id='word_1_30' title='bbox 900 700 1222 752; x_wconf 78' lang='lat' dir='ltr'><strong>exhibentes</strong></span> <span class='ocrx_word' id='word_1_31' title='bbox 1256 740 1269 758; x_wconf 89' lang='lat'><strong>,</strong></span> <span class='ocrx_word' id='word_1_32' title='bbox 1307 709 1490 766; x_wconf 87' lang='lat' dir='ltr'><strong>petere</strong></span> <span class='ocrx_word' id='word_1_33' title='bbox 1524 700 1717 761; x_wconf 87' lang='lat' dir='ltr'><strong>aiunt,</strong></span> <span class='ocrx_word' id='word_1_34' title='bbox 1752 710 1843 751; x_wconf 90' lang='lat' dir='ltr'><strong>aut</strong></span> <span class='ocrx_word' id='word_1_35' title='bbox 1879 697 2189 751; x_wconf 90' lang='lat' dir='ltr'><strong>Sismanum</strong></span> <span class='ocrx_word' id='word_1_36' title='bbox 2222 695 2321 751; x_wconf 86' lang='lat' dir='ltr'><strong>sibi</strong></span> 
     </span>
    </p>
   </div>
   <div class='ocr_carea' id='block_1_8' title="bbox 756 790 2324 858">
    <p class='ocr_par' dir='ltr' id='par_1_8' title="bbox 756 790 2324 858">
     <span class='ocr_line' id='line_1_8' title="bbox 756 790 2324 858; baseline 0 -16"><span class='ocrx_word' id='word_1_37' title='bbox 756 790 901 858; x_wconf 70' lang='lat' dir='ltr'><strong>regis</strong></span> <span class='ocrx_word' id='word_1_38' title='bbox 932 790 1012 842; x_wconf 86' lang='lat' dir='ltr'><strong>sui</strong></span> <span class='ocrx_word' id='word_1_39' title='bbox 1045 790 1258 841; x_wconf 80' lang='lat' dir='ltr'><strong>hostem</strong></span> <span class='ocrx_word' id='word_1_40' title='bbox 1295 790 1433 841; x_wconf 87' lang='lat' dir='ltr'><strong>tradi</strong></span> <span class='ocrx_word' id='word_1_41' title='bbox 1471 807 1484 841; x_wconf 93' lang='lat'>:</span> <span class='ocrx_word' id='word_1_42' title='bbox 1517 799 1611 841; x_wconf 85' lang='lat' dir='ltr'><strong>aut</strong></span> <span class='ocrx_word' id='word_1_43' title='bbox 1654 790 2048 858; x_wconf 85' lang='lat' dir='ltr'><strong>jnramentum,</strong></span> <span class='ocrx_word' id='word_1_44' title='bbox 2096 798 2155 841; x_wconf 92' lang='lat' dir='ltr'><strong>ut</strong></span> <span class='ocrx_word' id='word_1_45' title='bbox 2192 803 2324 857; x_wconf 82' lang='lat' dir='ltr'><strong>pace</strong></span> 
     </span>
    </p>
   </div>
   <div class='ocr_carea' id='block_1_9' title="bbox 748 876 2327 945">
    <p class='ocr_par' dir='ltr' id='par_1_9' title="bbox 748 876 2327 945">
     <span class='ocr_line' id='line_1_9' title="bbox 748 876 2327 945; baseline 0.001 -20"><span class='ocrx_word' id='word_1_46' title='bbox 748 881 859 945; x_wconf 57' lang='lat' dir='ltr'><strong>jam</strong></span> <span class='ocrx_word' id='word_1_47' title='bbox 901 878 1053 929; x_wconf 77' lang='lat' dir='ltr'><strong>irrita</strong></span> <span class='ocrx_word' id='word_1_48' title='bbox 1111 877 1303 945; x_wconf 91' lang='lat' dir='ltr'><strong>recipi.</strong></span> <span class='ocrx_word' id='word_1_49' title='bbox 1359 876 1545 944; x_wconf 86' lang='lat' dir='ltr'><strong>Neque</strong></span> <span class='ocrx_word' id='word_1_50' title='bbox 1596 876 1742 928; x_wconf 90' lang='lat' dir='ltr'><strong>enim</strong></span> <span class='ocrx_word' id='word_1_51' title='bbox 1798 877 1910 928; x_wconf 89' lang='lat' dir='ltr'><strong>fore</strong></span> <span class='ocrx_word' id='word_1_52' title='bbox 1967 876 2197 943; x_wconf 85' lang='lat' dir='ltr'><strong>justum,</strong></span> <span class='ocrx_word' id='word_1_53' title='bbox 2228 885 2327 927; x_wconf 82' lang='lat' dir='ltr'><strong>aut</strong></span> 
     </span>
    </p>
   </div>
   <div class='ocr_carea' id='block_1_10' title="bbox 757 963 2325 1035">
    <p class='ocr_par' dir='ltr' id='par_1_10' title="bbox 757 963 2325 1035">
     <span class='ocr_line' id='line_1_10' title="bbox 757 963 2325 1035; baseline -0.002 -17"><span class='ocrx_word' id='word_1_54' title='bbox 757 968 1057 1030; x_wconf 82' lang='lat' dir='ltr'><strong>tolerabile,</strong></span> <span class='ocrx_word' id='word_1_55' title='bbox 1093 968 1240 1035; x_wconf 89' lang='lat' dir='ltr'><strong>ipsos</strong></span> <span class='ocrx_word' id='word_1_56' title='bbox 1274 967 1493 1035; x_wconf 87' lang='lat' dir='ltr'><strong>quidem</strong></span> <span class='ocrx_word' id='word_1_57' title='bbox 1523 977 1724 1029; x_wconf 86' lang='lat' dir='ltr'><strong>certos,</strong></span> <span class='ocrx_word' id='word_1_58' title='bbox 1757 975 1812 1018; x_wconf 89' lang='lat' dir='ltr'><strong>ct</strong></span> <span class='ocrx_word' id='word_1_59' title='bbox 1841 972 2159 1018; x_wconf 80' lang='lat' dir='ltr'><strong>constantes</strong></span> <span class='ocrx_word' id='word_1_60' title='bbox 2186 963 2325 1016; x_wconf 86' lang='lat' dir='ltr'><strong>ami-</strong></span> 
     </span>
    </p>
   </div>
   <div class='ocr_carea' id='block_1_11' title="bbox 754 1055 2325 1110">
    <p class='ocr_par' dir='ltr' id='par_1_11' title="bbox 754 1055 2325 1110">
     <span class='ocr_line' id='line_1_11' title="bbox 754 1055 2325 1110; baseline -0.003 0"><span class='ocrx_word' id='word_1_61' title='bbox 754 1074 849 1110; x_wconf 85' lang='lat' dir='ltr'><strong>cos</strong></span> <span class='ocrx_word' id='word_1_62' title='bbox 876 1073 937 1110; x_wconf 82' lang='lat' dir='ltr'><strong>ac</strong></span> <span class='ocrx_word' id='word_1_63' title='bbox 965 1058 1143 1110; x_wconf 90' lang='lat' dir='ltr'><strong>socios</strong></span> <span class='ocrx_word' id='word_1_64' title='bbox 1174 1058 1542 1109; x_wconf 78' lang='lat' dir='ltr'><strong>Romanorum</strong></span> <span class='ocrx_word' id='word_1_65' title='bbox 1572 1070 1693 1109; x_wconf 87' lang='lat' dir='ltr'><strong>esse</strong></span> <span class='ocrx_word' id='word_1_66' title='bbox 1724 1074 1735 1107; x_wconf 94' lang='lat'><strong>:</strong></span> <span class='ocrx_word' id='word_1_67' title='bbox 1774 1055 1895 1108; x_wconf 88' lang='lat' dir='ltr'><strong>illos</strong></span> <span class='ocrx_word' id='word_1_68' title='bbox 1921 1064 2103 1108; x_wconf 86' lang='lat' dir='ltr'><strong>autem</strong></span> <span class='ocrx_word' id='word_1_69' title='bbox 2133 1068 2325 1106; x_wconf 90' lang='lat' dir='ltr'><strong>eorum</strong></span> 
     </span>
    </p>
   </div>
   <div class='ocr_carea' id='block_1_12' title="bbox 756 1143 2324 1213">
    <p class='ocr_par' dir='ltr' id='par_1_12' title="bbox 756 1143 2324 1213">
     <span class='ocr_line' id='line_1_12' title="bbox 756 1143 2324 1213; baseline -0.003 -14"><span class='ocrx_word' id='word_1_70' title='bbox 756 1150 943 1199; x_wconf 80' lang='lat' dir='ltr'><strong>hostes</strong></span> <span class='ocrx_word' id='word_1_71' title='bbox 993 1146 1396 1199; x_wconf 76' lang='lat' dir='ltr'><strong>infensissimos</strong></span> <span class='ocrx_word' id='word_1_72' title='bbox 1444 1145 1807 1213; x_wconf 73' lang='lat' dir='ltr'><strong>recipiendo,</strong></span> <span class='ocrx_word' id='word_1_73' title='bbox 1865 1143 2044 1197; x_wconf 75' lang='lat' dir='ltr'><strong>fmdus</strong></span> <span class='ocrx_word' id='word_1_74' title='bbox 2097 1144 2324 1196; x_wconf 80' lang='lat' dir='ltr'><strong>violare.</strong></span> 
     </span>
    </p>
   </div>
   <div class='ocr_carea' id='block_1_13' title="bbox 764 1233 2328 1305">
    <p class='ocr_par' dir='ltr' id='par_1_13' title="bbox 764 1233 2328 1305">
     <span class='ocr_line' id='line_1_13' title="bbox 764 1233 2328 1305; baseline -0.002 -17"><span class='ocrx_word' id='word_1_75' title='bbox 764 1236 890 1288; x_wconf 71' lang='lat' dir='ltr'><strong>llc-c</strong></span> <span class='ocrx_word' id='word_1_76' title='bbox 924 1237 1108 1304; x_wconf 74' lang='lat' dir='ltr'><strong>legati,</strong></span> <span class='ocrx_word' id='word_1_77' title='bbox 1144 1236 1282 1289; x_wconf 82' lang='lat' dir='ltr'><strong>fastu</strong></span> <span class='ocrx_word' id='word_1_78' title='bbox 1326 1245 1380 1289; x_wconf 91' lang='lat' dir='ltr'><strong>et</strong></span> <span class='ocrx_word' id='word_1_79' title='bbox 1436 1236 1742 1305; x_wconf 74' lang='lat' dir='ltr'><strong>arrogantia</strong></span> <span class='ocrx_word' id='word_1_80' title='bbox 1791 1233 1977 1301; x_wconf 71' lang='lat' dir='ltr'><strong>l‘lcni;</strong></span> <span class='ocrx_word' id='word_1_81' title='bbox 2015 1233 2149 1286; x_wconf 81' lang='lat' dir='ltr'><strong>nihil</strong></span> <span class='ocrx_word' id='word_1_82' title='bbox 2197 1246 2328 1285; x_wconf 87' lang='lat' dir='ltr'><strong>con-</strong></span> 
     </span>
    </p>
   </div>
   <div class='ocr_carea' id='block_1_14' title="bbox 754 1323 2325 1393">
    <p class='ocr_par' dir='ltr' id='par_1_14' title="bbox 754 1323 2325 1393">
     <span class='ocr_line' id='line_1_14' title="bbox 754 1323 2325 1393; baseline -0.003 -12"><span class='ocrx_word' id='word_1_83' title='bbox 754 1328 1088 1381; x_wconf 87' lang='lat' dir='ltr'><strong>tradictnros</strong></span> <span class='ocrx_word' id='word_1_84' title='bbox 1113 1328 1407 1384; x_wconf 77' lang='lat' dir='ltr'><strong>Romanos.</strong></span> <span class='ocrx_word' id='word_1_85' title='bbox 1439 1327 1532 1379; x_wconf 86' lang='lat' dir='ltr'><strong>sed</strong></span> <span class='ocrx_word' id='word_1_86' title='bbox 1558 1327 1831 1393; x_wconf 80' lang='lat' dir='ltr'><strong>extemplo</strong></span> <span class='ocrx_word' id='word_1_87' title='bbox 1856 1324 2165 1378; x_wconf 91' lang='lat' dir='ltr'><strong>Sismauutu</strong></span> <span class='ocrx_word' id='word_1_88' title='bbox 2196 1323 2325 1377; x_wconf 87' lang='lat' dir='ltr'><strong>belli</strong></span> 
     </span>
    </p>
   </div>
   <div class='ocr_carea' id='block_1_15' title="bbox 754 1414 2330 1485">
    <p class='ocr_par' dir='ltr' id='par_1_15' title="bbox 754 1414 2330 1485">
     <span class='ocr_line' id='line_1_15' title="bbox 754 1414 2330 1485; baseline 0 -18"><span class='ocrx_word' id='word_1_89' title='bbox 754 1427 902 1469; x_wconf 79' lang='lat' dir='ltr'><strong>metu</strong></span> <span class='ocrx_word' id='word_1_90' title='bbox 938 1416 1251 1470; x_wconf 78' lang='lat' dir='ltr'><strong>reddituros</strong></span> <span class='ocrx_word' id='word_1_91' title='bbox 1301 1416 1531 1485; x_wconf 83' lang='lat' dir='ltr'><strong>opinati.</strong></span> <span class='ocrx_word' id='word_1_92' title='bbox 1573 1414 1893 1482; x_wconf 79' lang='lat' dir='ltr'><strong>lmperatrix</strong></span> <span class='ocrx_word' id='word_1_93' title='bbox 1939 1430 2193 1483; x_wconf 78' lang='lat' dir='ltr'><strong>magnum</strong></span> <span class='ocrx_word' id='word_1_94' title='bbox 2232 1414 2330 1467; x_wconf 92' lang='lat' dir='ltr'><strong>do-</strong></span> 
     </span>
    </p>
   </div>
   <div class='ocr_carea' id='block_1_16' title="bbox 759 1507 2330 1575">
    <p class='ocr_par' dir='ltr' id='par_1_16' title="bbox 759 1507 2330 1575">
     <span class='ocr_line' id='line_1_16' title="bbox 759 1507 2330 1575; baseline -0.001 -15"><span class='ocrx_word' id='word_1_95' title='bbox 759 1509 1045 1562; x_wconf 86' lang='lat' dir='ltr'><strong>mesticum</strong></span> <span class='ocrx_word' id='word_1_96' title='bbox 1076 1522 1199 1560; x_wconf 88' lang='lat' dir='ltr'><strong>cum</strong></span> <span class='ocrx_word' id='word_1_97' title='bbox 1235 1508 1303 1560; x_wconf 89' lang='lat' dir='ltr'><strong>iis</strong></span> <span class='ocrx_word' id='word_1_98' title='bbox 1331 1524 1513 1575; x_wconf 78' lang='lat' dir='ltr'><strong>agere,</strong></span> <span class='ocrx_word' id='word_1_99' title='bbox 1554 1517 1610 1559; x_wconf 85' lang='lat' dir='ltr'><strong>et</strong></span> <span class='ocrx_word' id='word_1_100' title='bbox 1654 1507 1719 1560; x_wconf 85' lang='lat' dir='ltr'><strong>ad</strong></span> <span class='ocrx_word' id='word_1_101' title='bbox 1753 1508 2075 1574; x_wconf 85' lang='lat' dir='ltr'><strong>petitionem</strong></span> <span class='ocrx_word' id='word_1_102' title='bbox 2105 1521 2330 1574; x_wconf 84' lang='lat' dir='ltr'><strong>respou-</strong></span> 
     </span>
    </p>
   </div>
   <div class='ocr_carea' id='block_1_17' title="bbox 752 1596 2328 1667">
    <p class='ocr_par' dir='ltr' id='par_1_17' title="bbox 752 1596 2328 1667">
     <span class='ocr_line' id='line_1_17' title="bbox 752 1596 2328 1667; baseline 0 -18"><span class='ocrx_word' id='word_1_103' title='bbox 752 1598 886 1651; x_wconf 78' lang='lat' dir='ltr'><strong>dcre</strong></span> <span class='ocrx_word' id='word_1_104' title='bbox 908 1598 1095 1667; x_wconf 87' lang='lat' dir='ltr'><strong>jussit.</strong></span> <span class='ocrx_word' id='word_1_105' title='bbox 1128 1598 1233 1662; x_wconf 86' lang='lat' dir='ltr'><strong>Qui</strong></span> <span class='ocrx_word' id='word_1_106' title='bbox 1265 1598 1502 1666; x_wconf 89' lang='lat' dir='ltr'><strong>primum</strong></span> <span class='ocrx_word' id='word_1_107' title='bbox 1533 1597 1669 1649; x_wconf 86' lang='lat' dir='ltr'><strong>vitio</strong></span> <span class='ocrx_word' id='word_1_108' title='bbox 1694 1596 1864 1660; x_wconf 84' lang='lat' dir='ltr'><strong>dedit,</strong></span> <span class='ocrx_word' id='word_1_109' title='bbox 1898 1596 2042 1665; x_wconf 87' lang='lat' dir='ltr'><strong>quod</strong></span> <span class='ocrx_word' id='word_1_110' title='bbox 2073 1612 2181 1650; x_wconf 88' lang='lat' dir='ltr'><strong>non</strong></span> <span class='ocrx_word' id='word_1_111' title='bbox 2204 1598 2328 1667; x_wconf 83' lang='lat' dir='ltr'><strong>jure</strong></span> 
     </span>
    </p>
   </div>
   <div class='ocr_carea' id='block_1_18' title="bbox 752 1686 2329 1755">
    <p class='ocr_par' dir='ltr' id='par_1_18' title="bbox 752 1686 2329 1755">
     <span class='ocr_line' id='line_1_18' title="bbox 752 1686 2329 1755; baseline 0 -16"><span class='ocrx_word' id='word_1_112' title='bbox 752 1690 1061 1743; x_wconf 58' lang='lat' dir='ltr'><strong>venissent.</strong></span> <span class='ocrx_word' id='word_1_113' title='bbox 1090 1688 1208 1740; x_wconf 77' lang='lat' dir='ltr'><strong>Non</strong></span> <span class='ocrx_word' id='word_1_114' title='bbox 1242 1688 1388 1740; x_wconf 90' lang='lat' dir='ltr'><strong>enim</strong></span> <span class='ocrx_word' id='word_1_115' title='bbox 1450 1686 1758 1755; x_wconf 83' lang='lat' dir='ltr'><strong>oportebat,</strong></span> <span class='ocrx_word' id='word_1_116' title='bbox 1788 1686 1991 1754; x_wconf 85' lang='lat' dir='ltr'><strong>inquit,</strong></span> <span class='ocrx_word' id='word_1_117' title='bbox 2023 1702 2205 1754; x_wconf 81' lang='lat' dir='ltr'><strong>regem</strong></span> <span class='ocrx_word' id='word_1_118' title='bbox 2236 1701 2329 1740; x_wconf 76' lang='lat' dir='ltr'><strong>ve-</strong></span> 
     </span>
    </p>
   </div>
   <div class='ocr_carea' id='block_1_19' title="bbox 2428 594 3997 673">
    <p class='ocr_par' dir='ltr' id='par_1_19' title="bbox 2428 594 3997 673">
     <span class='ocr_line' id='line_1_19' title="bbox 2428 594 3997 673; baseline -0.006 -18"><span class='ocrx_word' id='word_1_119' title='bbox 2428 606 2654 673; x_wconf 68' lang='grc' dir='ltr'><strong>ἣκουσιν</strong></span> <span class='ocrx_word' id='word_1_120' title='bbox 2696 600 3087 667; x_wconf 81' lang='grc' dir='ltr'><strong>ἀπαγγέλλειν.</strong></span> <span class='ocrx_word' id='word_1_121' title='bbox 3128 602 3190 651; x_wconf 88' lang='lat' dir='ltr'><strong>Ol</strong></span> <span class='ocrx_word' id='word_1_122' title='bbox 3216 600 3271 651; x_wconf 83' lang='grc' dir='ltr'><strong>δὲ</strong></span> <span class='ocrx_word' id='word_1_123' title='bbox 3328 594 3486 669; x_wconf 72' lang='grc' dir='ltr'><strong>ἧκον,</strong></span> <span class='ocrx_word' id='word_1_124' title='bbox 3518 599 3610 650; x_wconf 70' lang='grc' dir='ltr'><strong>καὶ</strong></span> <span class='ocrx_word' id='word_1_125' title='bbox 3643 596 3769 658; x_wconf 81' lang='grc' dir='ltr'><strong>τοὺς</strong></span> <span class='ocrx_word' id='word_1_126' title='bbox 3784 598 3997 663; x_wconf 70' lang='grc' dir='ltr'><strong>ἤρκους</strong></span> 
     </span>
    </p>
   </div>
   <div class='ocr_carea' id='block_1_20' title="bbox 2428 687 3994 761">
    <p class='ocr_par' dir='ltr' id='par_1_20' title="bbox 2428 687 3994 761">
     <span class='ocr_line' id='line_1_20' title="bbox 2428 687 3994 761; baseline -0.006 -15"><span class='ocrx_word' id='word_1_127' title='bbox 2428 695 2647 761; x_wconf 69' lang='grc' dir='ltr'><strong>ἔχοντες</strong></span> <span class='ocrx_word' id='word_1_128' title='bbox 2681 691 2774 754; x_wconf 77' lang='grc' dir='ltr'><strong>οὓς</strong></span> <span class='ocrx_word' id='word_1_129' title='bbox 2834 690 3091 760; x_wconf 79' lang='grc' dir='ltr'><strong>βασιλεὺς</strong></span> <span class='ocrx_word' id='word_1_130' title='bbox 3130 692 3267 759; x_wconf 72' lang='grc' dir='ltr'><strong>πρὸς</strong></span> <span class='ocrx_word' id='word_1_131' title='bbox 3312 689 3661 756; x_wconf 62' lang='grc' dir='ltr'><strong>Ἀλέξανδρον</strong></span> <span class='ocrx_word' id='word_1_132' title='bbox 3695 688 3790 740; x_wconf 58' lang='lat' dir='ltr'><strong>ktl.</strong></span> <span class='ocrx_word' id='word_1_133' title='bbox 3822 690 3885 752; x_wconf 76' lang='grc' dir='ltr'><strong>τῇ</strong></span> <span class='ocrx_word' id='word_1_134' title='bbox 3916 687 3994 738; x_wconf 79' lang='grc' dir='ltr'><strong>εί·</strong></span> 
     </span>
    </p>
   </div>
   <div class='ocr_carea' id='block_1_21' title="bbox 2429 779 3994 856">
    <p class='ocr_par' dir='ltr' id='par_1_21' title="bbox 2429 779 3994 856">
     <span class='ocr_line' id='line_1_21' title="bbox 2429 779 3994 856; baseline -0.006 -17"><span class='ocrx_word' id='word_1_135' title='bbox 2429 788 2569 856; x_wconf 80' lang='grc' dir='ltr'><strong>ρὴνῃ</strong></span> <span class='ocrx_word' id='word_1_136' title='bbox 2598 787 2851 844; x_wconf 68' lang='grc' dir='ltr'><strong>ἐποιεῖτο,</strong></span> <span class='ocrx_word' id='word_1_137' title='bbox 2878 783 3108 853; x_wconf 67' lang='grc' dir='ltr'><strong>ῂδυῦντό</strong></span> <span class='ocrx_word' id='word_1_138' title='bbox 3150 799 3209 834; x_wconf 82' lang='grc' dir='ltr'><strong>τε</strong></span> <span class='ocrx_word' id='word_1_139' title='bbox 3263 782 3448 842; x_wconf 77' lang='grc' dir='ltr'><strong>αὐτοῖς</strong></span> <span class='ocrx_word' id='word_1_140' title='bbox 3489 781 3582 832; x_wconf 79' lang='grc' dir='ltr'><strong>τὸν</strong></span> <span class='ocrx_word' id='word_1_141' title='bbox 3605 779 3869 847; x_wconf 78' lang='grc' dir='ltr'><strong>Σίσμανον</strong></span> <span class='ocrx_word' id='word_1_142' title='bbox 3903 780 3994 841; x_wconf 75' lang='grc' dir='ltr'><strong>ἑγ-</strong></span> 
     </span>
    </p>
   </div>
   <div class='ocr_carea' id='block_1_22' title="bbox 2429 870 3994 946">
    <p class='ocr_par' dir='ltr' id='par_1_22' title="bbox 2429 870 3994 946">
     <span class='ocr_line' id='line_1_22' title="bbox 2429 870 3994 946; baseline -0.005 -18"><span class='ocrx_word' id='word_1_143' title='bbox 2429 878 2692 946; x_wconf 75' lang='grc' dir='ltr'><strong>χειρίζειν</strong></span> <span class='ocrx_word' id='word_1_144' title='bbox 2713 876 2978 942; x_wconf 80' lang='grc' dir='ltr'><strong>πολέμιον</strong></span> <span class='ocrx_word' id='word_1_145' title='bbox 3005 874 3134 926; x_wconf 84' lang='grc' dir='ltr'><strong>δντα</strong></span> <span class='ocrx_word' id='word_1_146' title='bbox 3159 872 3236 941; x_wconf 86' lang='grc' dir='ltr'><strong>τῷ</strong></span> <span class='ocrx_word' id='word_1_147' title='bbox 3262 873 3512 940; x_wconf 75' lang='grc' dir='ltr'><strong>σφετέρῳ</strong></span> <span class='ocrx_word' id='word_1_148' title='bbox 3545 870 3778 941; x_wconf 84' lang='grc' dir='ltr'><strong>βασιλεῖ,</strong></span> <span class='ocrx_word' id='word_1_149' title='bbox 3809 870 3842 937; x_wconf 85' lang='grc' dir='ltr'><strong>ἦ</strong></span> <span class='ocrx_word' id='word_1_150' title='bbox 3874 871 3994 930; x_wconf 78' lang='grc' dir='ltr'><strong>τοὺς</strong></span> 
     </span>
    </p>
   </div>
   <div class='ocr_carea' id='block_1_23' title="bbox 2426 960 3993 1038">
    <p class='ocr_par' dir='ltr' id='par_1_23' title="bbox 2426 960 3993 1038">
     <span class='ocr_line' id='line_1_23' title="bbox 2426 960 3993 1038; baseline -0.005 -19"><span class='ocrx_word' id='word_1_151' title='bbox 2426 969 2627 1038; x_wconf 83' lang='grc' dir='ltr'><strong>ὅρκους</strong></span> <span class='ocrx_word' id='word_1_152' title='bbox 2690 965 3125 1033; x_wconf 81' lang='grc' dir='ltr'><strong>ἀπολαμϐάνειν,</strong></span> <span class='ocrx_word' id='word_1_153' title='bbox 3190 964 3266 1027; x_wconf 89' lang='grc' dir='ltr'><strong>ὼς</strong></span> <span class='ocrx_word' id='word_1_154' title='bbox 3356 964 3543 1015; x_wconf 80' lang='grc' dir='ltr'><strong>οὐκέτι</strong></span> <span class='ocrx_word' id='word_1_155' title='bbox 3628 961 3727 1030; x_wconf 83' lang='grc' dir='ltr'><strong>τῆς</strong></span> <span class='ocrx_word' id='word_1_156' title='bbox 3775 960 3993 1029; x_wconf 77' lang='grc' dir='ltr'><strong>εἰρήνης</strong></span> 
     </span>
    </p>
   </div>
   <div class='ocr_carea' id='block_1_24' title="bbox 2429 1052 3994 1128">
    <p class='ocr_par' dir='ltr' id='par_1_24' title="bbox 2429 1052 3994 1128">
     <span class='ocr_line' id='line_1_24' title="bbox 2429 1052 3994 1128; baseline -0.006 -17"><span class='ocrx_word' id='word_1_157' title='bbox 2429 1058 2720 1128; x_wconf 74' lang='grc' dir='ltr'><strong>ἐσομένης.</strong></span> <span class='ocrx_word' id='word_1_158' title='bbox 2754 1056 2908 1126; x_wconf 64' lang='grc' dir='ltr'><strong>Μηδὲ</strong></span> <span class='ocrx_word' id='word_1_159' title='bbox 2951 1055 3061 1125; x_wconf 80' lang='grc' dir='ltr'><strong>γὰρ</strong></span> <span class='ocrx_word' id='word_1_160' title='bbox 3090 1055 3156 1107; x_wconf 84' lang='grc' dir='ltr'>ἃν</span> <span class='ocrx_word' id='word_1_161' title='bbox 3184 1052 3325 1107; x_wconf 82' lang='grc' dir='ltr'><strong>εἰναι</strong></span> <span class='ocrx_word' id='word_1_162' title='bbox 3377 1056 3611 1115; x_wconf 77' lang='grc' dir='ltr'><strong>δίκαιον,</strong></span> <span class='ocrx_word' id='word_1_163' title='bbox 3647 1052 3782 1120; x_wconf 81' lang='grc' dir='ltr'><strong>μηδὲ</strong></span> <span class='ocrx_word' id='word_1_164' title='bbox 3830 1055 3994 1104; x_wconf 78' lang='grc' dir='ltr'><strong>ἀνεκο</strong></span> 
     </span>
    </p>
   </div>
   <div class='ocr_carea' id='block_1_25' title="bbox 2427 1139 3994 1216">
    <p class='ocr_par' dir='ltr' id='par_1_25' title="bbox 2427 1139 3994 1216">
     <span class='ocr_line' id='line_1_25' title="bbox 2427 1139 3994 1216; baseline -0.006 -15"><span class='ocrx_word' id='word_1_165' title='bbox 2427 1151 2521 1203; x_wconf 65' lang='grc' dir='ltr'><strong>τὸν</strong></span> <span class='ocrx_word' id='word_1_166' title='bbox 2561 1150 2767 1214; x_wconf 79' lang='grc' dir='ltr'><strong>αὐτοῖς,</strong></span> <span class='ocrx_word' id='word_1_167' title='bbox 2803 1149 3004 1210; x_wconf 75' lang='grc' dir='ltr'><strong>αὐτοὺς</strong></span> <span class='ocrx_word' id='word_1_168' title='bbox 3034 1149 3134 1216; x_wconf 72' lang='grc' dir='ltr'><strong>μὲν</strong></span> <span class='ocrx_word' id='word_1_169' title='bbox 3165 1144 3432 1213; x_wconf 77' lang='grc' dir='ltr'><strong>ἀσφαλεῖς</strong></span> <span class='ocrx_word' id='word_1_170' title='bbox 3460 1139 3603 1196; x_wconf 85' lang='grc' dir='ltr'><strong>εῙναι</strong></span> <span class='ocrx_word' id='word_1_171' title='bbox 3625 1144 3722 1195; x_wconf 80' lang='grc' dir='ltr'><strong>καὶ</strong></span> <span class='ocrx_word' id='word_1_172' title='bbox 3746 1142 3994 1211; x_wconf 84' lang='grc' dir='ltr'><strong>βεϐαίους</strong></span> 
     </span>
    </p>
   </div>
   <div class='ocr_carea' id='block_1_26' title="bbox 2430 1234 3993 1310">
    <p class='ocr_par' dir='ltr' id='par_1_26' title="bbox 2430 1234 3993 1310">
     <span class='ocr_line' id='line_1_26' title="bbox 2430 1234 3993 1310; baseline -0.006 -17"><span class='ocrx_word' id='word_1_173' title='bbox 2430 1242 2622 1310; x_wconf 86' lang='grc' dir='ltr'><strong>φίλους</strong></span> <span class='ocrx_word' id='word_1_174' title='bbox 2651 1242 2746 1293; x_wconf 80' lang='grc' dir='ltr'><strong>καὶ</strong></span> <span class='ocrx_word' id='word_1_175' title='bbox 2773 1236 3433 1309; x_wconf 81' lang='grc' dir='ltr'><strong>συμμάχουςῬωμαίοις,</strong></span> <span class='ocrx_word' id='word_1_176' title='bbox 3461 1234 3706 1296; x_wconf 76' lang='grc' dir='ltr'><strong>ἐκείνους</strong></span> <span class='ocrx_word' id='word_1_177' title='bbox 3732 1234 3790 1285; x_wconf 75' lang='grc' dir='ltr'><strong>δὲ</strong></span> <span class='ocrx_word' id='word_1_178' title='bbox 3818 1250 3993 1302; x_wconf 84' lang='grc' dir='ltr'><strong>παρα-</strong></span> 
     </span>
    </p>
   </div>
   <div class='ocr_carea' id='block_1_27' title="bbox 2432 1325 3993 1398">
    <p class='ocr_par' dir='ltr' id='par_1_27' title="bbox 2432 1325 3993 1398">
     <span class='ocr_line' id='line_1_27' title="bbox 2432 1325 3993 1398; baseline -0.008 -11"><span class='ocrx_word' id='word_1_179' title='bbox 2432 1335 2684 1387; x_wconf 82' lang='grc' dir='ltr'><strong>σπονδεῖν</strong></span> <span class='ocrx_word' id='word_1_180' title='bbox 2734 1333 2862 1395; x_wconf 82' lang='grc' dir='ltr'><strong>τοὺς</strong></span> <span class='ocrx_word' id='word_1_181' title='bbox 2916 1332 3104 1391; x_wconf 80' lang='grc' dir='ltr'><strong>αὐτοῖς</strong></span> <span class='ocrx_word' id='word_1_182' title='bbox 3155 1330 3605 1398; x_wconf 84' lang='grc' dir='ltr'><strong>πολεμιωτάτους</strong></span> <span class='ocrx_word' id='word_1_183' title='bbox 3661 1325 3993 1394; x_wconf 75' lang='grc' dir='ltr'><strong>ὑποδεχομέο</strong></span> 
     </span>
    </p>
   </div>
   <div class='ocr_carea' id='block_1_28' title="bbox 2429 1412 3994 1493">
    <p class='ocr_par' dir='ltr' id='par_1_28' title="bbox 2429 1412 3994 1493">
     <span class='ocr_line' id='line_1_28' title="bbox 2429 1412 3994 1493; baseline -0.008 -16"><span class='ocrx_word' id='word_1_184' title='bbox 2429 1441 2578 1488; x_wconf 90' lang='grc' dir='ltr'><strong>νους.</strong></span> <span class='ocrx_word' id='word_1_185' title='bbox 2612 1426 2680 1476; x_wconf 87' lang='grc' dir='ltr'><strong>υἰ</strong></span> <span class='ocrx_word' id='word_1_186' title='bbox 2710 1424 2810 1493; x_wconf 64' lang='grc' dir='ltr'><strong>μὲν</strong></span> <span class='ocrx_word' id='word_1_187' title='bbox 2835 1417 2931 1475; x_wconf 82' lang='grc' dir='ltr'><strong>οὖν</strong></span> <span class='ocrx_word' id='word_1_188' title='bbox 2961 1420 3223 1492; x_wconf 86' lang='grc' dir='ltr'><strong>πρέσϐεις</strong></span> <span class='ocrx_word' id='word_1_189' title='bbox 3254 1417 3484 1472; x_wconf 83' lang='grc' dir='ltr'><strong>τοιαῦτα</strong></span> <span class='ocrx_word' id='word_1_190' title='bbox 3510 1412 3687 1478; x_wconf 80' lang='grc' dir='ltr'><strong>εἷπον,</strong></span> <span class='ocrx_word' id='word_1_191' title='bbox 3714 1414 3878 1481; x_wconf 66' lang='grc' dir='ltr'><strong>ὄγκου</strong></span> <span class='ocrx_word' id='word_1_192' title='bbox 3901 1412 3994 1464; x_wconf 78' lang='grc' dir='ltr'><strong>καὶ</strong></span> 
     </span>
    </p>
   </div>
   <div class='ocr_carea' id='block_1_29' title="bbox 2431 1506 3995 1587">
    <p class='ocr_par' dir='ltr' id='par_1_29' title="bbox 2431 1506 3995 1587">
     <span class='ocr_line' id='line_1_29' title="bbox 2431 1506 3995 1587; baseline -0.009 -18"><span class='ocrx_word' id='word_1_193' title='bbox 2431 1519 2790 1587; x_wconf 81' lang='grc' dir='ltr'><strong>φρονήματος</strong></span> <span class='ocrx_word' id='word_1_194' title='bbox 2854 1512 3308 1582; x_wconf 81' lang='grc' dir='ltr'><strong>πεπληρωμένοι,</strong></span> <span class='ocrx_word' id='word_1_195' title='bbox 3373 1511 3468 1563; x_wconf 76' lang='grc' dir='ltr'><strong>καὶ</strong></span> <span class='ocrx_word' id='word_1_196' title='bbox 3524 1508 3647 1561; x_wconf 64' lang='grc' dir='ltr'><strong>οὐδὲ</strong></span> <span class='ocrx_word' id='word_1_197' title='bbox 3721 1506 3995 1559; x_wconf 75' lang='grc' dir='ltr'><strong>ἀντειπεῖν</strong></span> 
     </span>
    </p>
   </div>
   <div class='ocr_carea' id='block_1_30' title="bbox 2427 1598 3996 1677">
    <p class='ocr_par' dir='ltr' id='par_1_30' title="bbox 2427 1598 3996 1677">
     <span class='ocr_line' id='line_1_30' title="bbox 2427 1598 3996 1677; baseline -0.009 -17"><span class='ocrx_word' id='word_1_198' title='bbox 2427 1609 2664 1677; x_wconf 85' lang='grc' dir='ltr'><strong>οἰόμενοι</strong></span> <span class='ocrx_word' id='word_1_199' title='bbox 2704 1606 3033 1674; x_wconf 74' lang='grc' dir='ltr'><strong>Ῥωμαίους,</strong></span> <span class='ocrx_word' id='word_1_200' title='bbox 3064 1603 3179 1656; x_wconf 79' lang='grc' dir='ltr'><strong>ἀλλ’</strong></span> <span class='ocrx_word' id='word_1_201' title='bbox 3206 1602 3405 1655; x_wconf 84' lang='grc' dir='ltr'><strong>αὐτίκα</strong></span> <span class='ocrx_word' id='word_1_202' title='bbox 3442 1600 3772 1669; x_wconf 80' lang='grc' dir='ltr'><strong>ὲγχειρίσειν</strong></span> <span class='ocrx_word' id='word_1_203' title='bbox 3799 1598 3996 1663; x_wconf 81' lang='grc' dir='ltr'><strong>Σίσμα-</strong></span> 
     </span>
    </p>
   </div>
   <div class='ocr_carea' id='block_1_31' title="bbox 2430 1685 3997 1759">
    <p class='ocr_par' dir='ltr' id='par_1_31' title="bbox 2430 1685 3997 1759">
     <span class='ocr_line' id='line_1_31' title="bbox 2430 1685 3997 1759; baseline -0.008 -10"><span class='ocrx_word' id='word_1_204' title='bbox 2430 1714 2519 1749; x_wconf 88' lang='grc' dir='ltr'><strong>νον</strong></span> <span class='ocrx_word' id='word_1_205' title='bbox 2545 1698 2830 1758; x_wconf 81' lang='grc' dir='ltr'><strong>δείσαντας</strong></span> <span class='ocrx_word' id='word_1_206' title='bbox 2851 1695 2942 1747; x_wconf 84' lang='grc' dir='ltr'><strong>τδν</strong></span> <span class='ocrx_word' id='word_1_207' title='bbox 2960 1693 3200 1759; x_wconf 86' lang='grc' dir='ltr'><strong>πόλεμον</strong></span> <span class='ocrx_word' id='word_1_208' title='bbox 3219 1692 3311 1744; x_wconf 81' lang='grc' dir='ltr'><strong>τὸν</strong></span> <span class='ocrx_word' id='word_1_209' title='bbox 3344 1691 3482 1758; x_wconf 74' lang='grc' dir='ltr'><strong>πρὸς</strong></span> <span class='ocrx_word' id='word_1_210' title='bbox 3506 1688 3703 1750; x_wconf 80' lang='grc' dir='ltr'><strong>αὐτούς</strong></span> <span class='ocrx_word' id='word_1_211' title='bbox 3735 1704 3749 1717; x_wconf 78' lang='lat'><strong><em>°</em></strong></span> <span class='ocrx_word' id='word_1_212' title='bbox 3781 1688 3815 1754; x_wconf 79' lang='grc' dir='ltr'><strong>ἡ</strong></span> <span class='ocrx_word' id='word_1_213' title='bbox 3844 1685 3997 1755; x_wconf 88' lang='grc' dir='ltr'><strong>βασι-</strong></span> 
     </span>
    </p>
   </div>
   <div class='ocr_carea' id='block_1_32' title="bbox 746 1773 2409 1850">
    <p class='ocr_par' dir='ltr' id='par_1_32' title="bbox 746 1773 2398 1850">
     <span class='ocr_line' id='line_1_32' title="bbox 746 1773 2398 1850; baseline -0.001 -17"><span class='ocrx_word' id='word_1_214' title='bbox 746 1791 933 1834; x_wconf 74' lang='lat' dir='ltr'><strong>atrum</strong></span> <span class='ocrx_word' id='word_1_215' title='bbox 967 1776 1208 1831; x_wconf 81' lang='lat' dir='ltr'><strong>defuncti</strong></span> <span class='ocrx_word' id='word_1_216' title='bbox 1255 1777 1603 1843; x_wconf 80' lang='lat' dir='ltr'><strong>imperatoris</strong></span> <span class='ocrx_word' id='word_1_217' title='bbox 1643 1773 2133 1831; x_wconf 79' lang='lat' dir='ltr'><strong>Romaniamicum</strong></span> <span class='ocrx_word' id='word_1_218' title='bbox 2162 1787 2327 1846; x_wconf 89' lang='lat' dir='ltr'><strong>atque</strong></span> <span class='ocrx_word' id='word_1_219' title='bbox 2359 1838 2398 1850; x_wconf 83' lang='lat'><strong>_</strong></span> 
     </span>
    </p>
   </div>
   <div class='ocr_carea' id='block_1_33' title="bbox 2332 1773 3995 1850">
    <p class='ocr_par' dir='ltr' id='par_1_33' title="bbox 2359 1780 3995 1850">
     <span class='ocr_line' id='line_1_33' title="bbox 2359 1780 3995 1850; baseline -0.007 -11"><span class='ocrx_word' id='word_1_220' title='bbox 2359 1838 2398 1850; x_wconf 83' lang='lat'><strong>__</strong></span> <span class='ocrx_word' id='word_1_221' title='bbox 2429 1789 2509 1850; x_wconf 78' lang='grc' dir='ltr'><strong>λὶς</strong></span> <span class='ocrx_word' id='word_1_222' title='bbox 2537 1788 2595 1840; x_wconf 84' lang='grc' dir='ltr'><strong>δὲ</strong></span> <span class='ocrx_word' id='word_1_223' title='bbox 2621 1787 2870 1840; x_wconf 68' lang='grc' dir='ltr'><strong>ἐκέλευεν</strong></span> <span class='ocrx_word' id='word_1_224' title='bbox 2900 1785 3082 1846; x_wconf 79' lang='grc' dir='ltr'><strong>αὐτοῖς</strong></span> <span class='ocrx_word' id='word_1_225' title='bbox 3100 1784 3192 1835; x_wconf 85' lang='grc' dir='ltr'><strong>τδν</strong></span> <span class='ocrx_word' id='word_1_226' title='bbox 3230 1783 3404 1849; x_wconf 84' lang='grc' dir='ltr'><strong>μέγαν</strong></span> <span class='ocrx_word' id='word_1_227' title='bbox 3431 1780 3751 1849; x_wconf 83' lang='grc' dir='ltr'><strong>δομέστικον</strong></span> <span class='ocrx_word' id='word_1_228' title='bbox 3782 1792 3995 1846; x_wconf 85' lang='grc' dir='ltr'><strong>χρημα-</strong></span> 
     </span>
    </p>
   </div>
   <div class='ocr_carea' id='block_1_34' title="bbox 753 1838 2416 1945">
    <p class='ocr_par' dir='ltr' id='par_1_34' title="bbox 753 1838 2401 1941">
     <span class='ocr_line' id='line_1_34' title="bbox 753 1838 2401 1941; baseline -0.002 -17"><span class='ocrx_word' id='word_1_229' title='bbox 753 1886 1041 1941; x_wconf 78' lang='lat' dir='ltr'><strong>generum,</strong></span> <span class='ocrx_word' id='word_1_230' title='bbox 1074 1870 1192 1937; x_wconf 84' lang='lat' dir='ltr'><strong>ejus</strong></span> <span class='ocrx_word' id='word_1_231' title='bbox 1218 1838 1408 1922; x_wconf 75' lang='lat' dir='ltr'><strong>liberis</strong></span> <span class='ocrx_word' id='word_1_232' title='bbox 1434 1866 1637 1920; x_wconf 89' lang='lat' dir='ltr'><strong>bellutn</strong></span> <span class='ocrx_word' id='word_1_233' title='bbox 1660 1866 1886 1928; x_wconf 86' lang='lat' dir='ltr'><strong>inferre,</strong></span> <span class='ocrx_word' id='word_1_234' title='bbox 1921 1875 1977 1920; x_wconf 88' lang='lat' dir='ltr'><strong>et</strong></span> <span class='ocrx_word' id='word_1_235' title='bbox 2007 1882 2130 1921; x_wconf 93' lang='lat' dir='ltr'><strong>cum</strong></span> <span class='ocrx_word' id='word_1_236' title='bbox 2160 1838 2325 1921; x_wconf 73' lang='lat' dir='ltr'><strong>causa</strong></span> <span class='ocrx_word' id='word_1_237' title='bbox 2358 1838 2401 1897; x_wconf 70' lang='grc' dir='ltr'><strong><em>Β</em></strong></span> 
     </span>
    </p>
   </div>
   <div class='ocr_carea' id='block_1_35' title="bbox 2323 1838 3986 1945">
    <p class='ocr_par' dir='ltr' id='par_1_35' title="bbox 2323 1838 3986 1945">
     <span class='ocr_line' id='line_1_35' title="bbox 2323 1838 3986 1945; baseline -0.008 -14"><span class='ocrx_word' id='word_1_238' title='bbox 2323 1911 2325 1921; x_wconf 67' lang='grc' dir='ltr'><strong>ι</strong></span> <span class='ocrx_word' id='word_1_239' title='bbox 2358 1838 2401 1897; x_wconf 72' lang='grc' dir='ltr'><strong><em>Β</em></strong></span> <span class='ocrx_word' id='word_1_240' title='bbox 2427 1838 2771 1940; x_wconf 25' lang='grc' dir='ltr'><strong>τίξειν,καὶν</strong></span> <span class='ocrx_word' id='word_1_241' title='bbox 2809 1875 2942 1945; x_wconf 74' lang='grc' dir='ltr'><strong>περὶ</strong></span> <span class='ocrx_word' id='word_1_242' title='bbox 2965 1867 3040 1927; x_wconf 82' lang='grc' dir='ltr'><strong>ὧν</strong></span> <span class='ocrx_word' id='word_1_243' title='bbox 3063 1838 3323 1926; x_wconf 60' lang='grc' dir='ltr'><strong>ἀιτοῡὲηηὶ</strong></span> <span class='ocrx_word' id='word_1_244' title='bbox 3370 1838 3986 1937; x_wconf 33' lang='grc' dir='ltr'><strong>ἀποκρίνεσθαιίπσλ-δέ,</strong></span> 
     </span>
    </p>
   </div>
   <div class='ocr_carea' id='block_1_36' title="bbox 753 1952 2416 2035">
    <p class='ocr_par' dir='ltr' id='par_1_36' title="bbox 753 1957 2327 2032">
     <span class='ocr_line' id='line_1_36' title="bbox 753 1957 2327 2032; baseline -0.001 -16"><span class='ocrx_word' id='word_1_245' title='bbox 753 1964 957 2032; x_wconf 79' lang='lat' dir='ltr'><strong>injusta</strong></span> <span class='ocrx_word' id='word_1_246' title='bbox 990 1960 1180 2013; x_wconf 88' lang='lat' dir='ltr'><strong>conari</strong></span> <span class='ocrx_word' id='word_1_247' title='bbox 1215 1959 1395 2013; x_wconf 66' lang='lat' dir='ltr'><strong>fcedus</strong></span> <span class='ocrx_word' id='word_1_248' title='bbox 1422 1974 1700 2027; x_wconf 86' lang='lat' dir='ltr'><strong>rumpere.</strong></span> <span class='ocrx_word' id='word_1_249' title='bbox 1730 1957 1872 2025; x_wconf 88' lang='lat' dir='ltr'><strong>Quin</strong></span> <span class='ocrx_word' id='word_1_250' title='bbox 1908 1958 1952 2012; x_wconf 90' lang='lat' dir='ltr'><strong>si</strong></span> <span class='ocrx_word' id='word_1_251' title='bbox 1979 1968 2140 2012; x_wconf 83' lang='lat' dir='ltr'><strong>antea</strong></span> <span class='ocrx_word' id='word_1_252' title='bbox 2165 1959 2327 2029; x_wconf 92' lang='lat' dir='ltr'><strong>quid-</strong></span> 
     </span>
    </p>
   </div>
   <div class='ocr_carea' id='block_1_37' title="bbox 2331 1952 3994 2035">
    <p class='ocr_par' dir='ltr' id='par_1_37' title="bbox 2432 1952 3994 2035">
     <span class='ocr_line' id='line_1_37' title="bbox 2432 1952 3994 2035; baseline -0.006 -20"><span class='ocrx_word' id='word_1_253' title='bbox 2432 1964 2625 2035; x_wconf 85' lang='grc' dir='ltr'><strong>πρῶτα</strong></span> <span class='ocrx_word' id='word_1_254' title='bbox 2657 1965 2775 2032; x_wconf 83' lang='grc' dir='ltr'><strong>μὲν,</strong></span> <span class='ocrx_word' id='word_1_255' title='bbox 2802 1963 3087 2032; x_wconf 71' lang='grc' dir='ltr'><strong>ιμέμφετο</strong></span> <span class='ocrx_word' id='word_1_256' title='bbox 3110 1961 3295 2023; x_wconf 80' lang='grc' dir='ltr'><strong>αὐτοῖς</strong></span> <span class='ocrx_word' id='word_1_257' title='bbox 3316 1959 3391 2021; x_wconf 85' lang='grc' dir='ltr'><strong>ὡς</strong></span> <span class='ocrx_word' id='word_1_258' title='bbox 3410 1959 3511 2011; x_wconf 77' lang='grc' dir='ltr'><strong>οὐκ</strong></span> <span class='ocrx_word' id='word_1_259' title='bbox 3537 1958 3622 2027; x_wconf 72' lang='grc' dir='ltr'><strong>ἐφ’</strong></span> <span class='ocrx_word' id='word_1_260' title='bbox 3651 1952 3733 2017; x_wconf 86' lang='grc' dir='ltr'><strong>οίς</strong></span> <span class='ocrx_word' id='word_1_261' title='bbox 3752 1956 3994 2023; x_wconf 79' lang='grc' dir='ltr'><strong>προσῆκε</strong></span> 
     </span>
    </p>
   </div>
   <div class='ocr_carea' id='block_1_38' title="bbox 757 2045 2420 2123">
    <p class='ocr_par' dir='ltr' id='par_1_38' title="bbox 757 2049 2325 2123">
     <span class='ocr_line' id='line_1_38' title="bbox 757 2049 2325 2123; baseline -0.003 -16"><span class='ocrx_word' id='word_1_262' title='bbox 757 2058 904 2123; x_wconf 80' lang='lat' dir='ltr'><strong>piant</strong></span> <span class='ocrx_word' id='word_1_263' title='bbox 946 2068 1068 2106; x_wconf 88' lang='lat' dir='ltr'><strong>cmn</strong></span> <span class='ocrx_word' id='word_1_264' title='bbox 1098 2067 1164 2105; x_wconf 90' lang='lat' dir='ltr'><strong>eo</strong></span> <span class='ocrx_word' id='word_1_265' title='bbox 1199 2052 1313 2104; x_wconf 83' lang='lat' dir='ltr'><strong>litis</strong></span> <span class='ocrx_word' id='word_1_266' title='bbox 1342 2060 1396 2104; x_wconf 90' lang='lat' dir='ltr'><strong>et</strong></span> <span class='ocrx_word' id='word_1_267' title='bbox 1426 2051 1821 2104; x_wconf 64' lang='lat' dir='ltr'><strong>controversiae</strong></span> <span class='ocrx_word' id='word_1_268' title='bbox 1864 2049 2168 2113; x_wconf 86' lang='lat' dir='ltr'><strong>habuisset,</strong></span> <span class='ocrx_word' id='word_1_269' title='bbox 2204 2065 2325 2105; x_wconf 90' lang='lat' dir='ltr'><strong>eam</strong></span> 
     </span>
    </p>
   </div>
   <div class='ocr_carea' id='block_1_39' title="bbox 2333 2045 3996 2123">
    <p class='ocr_par' dir='ltr' id='par_1_39' title="bbox 2431 2045 3996 2123">
     <span class='ocr_line' id='line_1_39' title="bbox 2431 2045 3996 2123; baseline -0.006 -17"><span class='ocrx_word' id='word_1_270' title='bbox 2431 2056 2530 2123; x_wconf 82' lang='grc' dir='ltr'><strong>τὴν</strong></span> <span class='ocrx_word' id='word_1_271' title='bbox 2559 2055 2744 2123; x_wconf 76' lang='grc' dir='ltr'><strong>ἄφιξιν</strong></span> <span class='ocrx_word' id='word_1_272' title='bbox 2779 2052 3198 2123; x_wconf 70' lang='grc' dir='ltr'><strong>πεποιημένοις.</strong></span> <span class='ocrx_word' id='word_1_273' title='bbox 3253 2050 3405 2103; x_wconf 80' lang='grc' dir='ltr'><strong>Ἔδει</strong></span> <span class='ocrx_word' id='word_1_274' title='bbox 3460 2049 3571 2119; x_wconf 72' lang='grc' dir='ltr'><strong>γὰρ</strong></span> <span class='ocrx_word' id='word_1_275' title='bbox 3627 2046 3854 2117; x_wconf 82' lang='grc' dir='ltr'><strong>βασιλέα</strong></span> <span class='ocrx_word' id='word_1_276' title='bbox 3906 2045 3996 2097; x_wconf 71' lang='grc' dir='ltr'><strong>τὸν</strong></span> 
     </span>
    </p>
   </div>
   <div class='ocr_carea' id='block_1_40' title="bbox 758 2131 2421 2215">
    <p class='ocr_par' dir='ltr' id='par_1_40' title="bbox 758 2140 2329 2205">
     <span class='ocr_line' id='line_1_40' title="bbox 758 2140 2329 2205; baseline -0.001 -8"><span class='ocrx_word' id='word_1_277' title='bbox 758 2160 908 2197; x_wconf 91' lang='lat' dir='ltr'><strong>nunc</strong></span> <span class='ocrx_word' id='word_1_278' title='bbox 934 2144 1153 2197; x_wconf 79' lang='lat' dir='ltr'><strong>missam</strong></span> <span class='ocrx_word' id='word_1_279' title='bbox 1182 2142 1387 2205; x_wconf 89' lang='lat' dir='ltr'><strong>facere,</strong></span> <span class='ocrx_word' id='word_1_280' title='bbox 1441 2150 1497 2195; x_wconf 89' lang='lat' dir='ltr'><strong>et</strong></span> <span class='ocrx_word' id='word_1_281' title='bbox 1526 2140 1706 2195; x_wconf 71' lang='lat' dir='ltr'><strong>fmdus</strong></span> <span class='ocrx_word' id='word_1_282' title='bbox 1737 2141 2112 2196; x_wconf 84' lang='lat' dir='ltr'><strong>inviolabilius</strong></span> <span class='ocrx_word' id='word_1_283' title='bbox 2140 2151 2329 2197; x_wconf 82' lang='lat' dir='ltr'><strong>custo-</strong></span> 
     </span>
    </p>
   </div>
   <div class='ocr_carea' id='block_1_41' title="bbox 2333 2131 3996 2215">
    <p class='ocr_par' dir='ltr' id='par_1_41' title="bbox 2434 2131 3996 2215">
     <span class='ocr_line' id='line_1_41' title="bbox 2434 2131 3996 2215; baseline -0.007 -18"><span class='ocrx_word' id='word_1_284' title='bbox 2434 2146 2587 2215; x_wconf 79' lang='grc' dir='ltr'><strong>ὑμῶν</strong></span> <span class='ocrx_word' id='word_1_285' title='bbox 2637 2147 2795 2215; x_wconf 80' lang='grc' dir='ltr'><strong>φίλον</strong></span> <span class='ocrx_word' id='word_1_286' title='bbox 2828 2145 2960 2198; x_wconf 83' lang='grc' dir='ltr'><strong>ϐντα</strong></span> <span class='ocrx_word' id='word_1_287' title='bbox 2998 2144 3093 2197; x_wconf 74' lang='grc' dir='ltr'><strong>καὶ</strong></span> <span class='ocrx_word' id='word_1_288' title='bbox 3132 2142 3351 2210; x_wconf 77' lang='grc' dir='ltr'><strong>πατέρα</strong></span> <span class='ocrx_word' id='word_1_289' title='bbox 3410 2131 3695 2208; x_wconf 78' lang='grc' dir='ltr'><strong>κηδεστοῦ,</strong></span> <span class='ocrx_word' id='word_1_290' title='bbox 3738 2137 3817 2207; x_wconf 88' lang='grc' dir='ltr'><strong>τῷ</strong></span> <span class='ocrx_word' id='word_1_291' title='bbox 3844 2152 3996 2188; x_wconf 81' lang='grc' dir='ltr'><strong>τετε-</strong></span> 
     </span>
    </p>
   </div>
   <div class='ocr_carea' id='block_1_42' title="bbox 754 2232 2331 2307">
    <p class='ocr_par' dir='ltr' id='par_1_42' title="bbox 754 2232 2331 2307">
     <span class='ocr_line' id='line_1_42' title="bbox 754 2232 2331 2307; baseline 0 -19"><span class='ocrx_word' id='word_1_292' title='bbox 754 2236 877 2301; x_wconf 85' lang='lat' dir='ltr'><strong>dire</strong></span> <span class='ocrx_word' id='word_1_293' title='bbox 912 2276 926 2299; x_wconf 90' lang='lat'><strong>,</strong></span> <span class='ocrx_word' id='word_1_294' title='bbox 976 2248 1215 2301; x_wconf 88' lang='lat' dir='ltr'><strong>cumque</strong></span> <span class='ocrx_word' id='word_1_295' title='bbox 1271 2232 1464 2287; x_wconf 88' lang='lat' dir='ltr'><strong>liberis</strong></span> <span class='ocrx_word' id='word_1_296' title='bbox 1518 2232 1659 2307; x_wconf 60' lang='lat' dir='ltr'><strong>ejus,</strong></span> <span class='ocrx_word' id='word_1_297' title='bbox 1709 2233 2008 2287; x_wconf 86' lang='lat' dir='ltr'><strong>amicorum</strong></span> <span class='ocrx_word' id='word_1_298' title='bbox 2062 2234 2331 2303; x_wconf 74' lang='lat' dir='ltr'><strong>pmidiis</strong></span> 
     </span>
    </p>
   </div>
   <div class='ocr_carea' id='block_1_43' title="bbox 757 2323 2332 2394">
    <p class='ocr_par' dir='ltr' id='par_1_43' title="bbox 757 2323 2332 2394">
     <span class='ocr_line' id='line_1_43' title="bbox 757 2323 2332 2394; baseline 0.003 -18"><span class='ocrx_word' id='word_1_299' title='bbox 757 2323 920 2377; x_wconf 91' lang='lat' dir='ltr'><strong>modo</strong></span> <span class='ocrx_word' id='word_1_300' title='bbox 952 2324 1295 2393; x_wconf 88' lang='lat' dir='ltr'><strong>potissimum</strong></span> <span class='ocrx_word' id='word_1_301' title='bbox 1362 2324 1759 2394; x_wconf 84' lang='lat' dir='ltr'><strong>indigentibus,</strong></span> <span class='ocrx_word' id='word_1_302' title='bbox 1789 2334 1980 2379; x_wconf 86' lang='lat' dir='ltr'><strong>contra</strong></span> <span class='ocrx_word' id='word_1_303' title='bbox 2007 2342 2198 2380; x_wconf 89' lang='lat' dir='ltr'><strong>eorum</strong></span> <span class='ocrx_word' id='word_1_304' title='bbox 2234 2326 2332 2380; x_wconf 85' lang='lat' dir='ltr'><strong>Ito-</strong></span> 
     </span>
    </p>
   </div>
   <div class='ocr_carea' id='block_1_44' title="bbox 749 2412 2328 2480">
    <p class='ocr_par' dir='ltr' id='par_1_44' title="bbox 749 2412 2328 2480">
     <span class='ocr_line' id='line_1_44' title="bbox 749 2412 2328 2480; baseline -0.001 -14"><span class='ocrx_word' id='word_1_305' title='bbox 749 2424 888 2475; x_wconf 81' lang='lat' dir='ltr'><strong>stes,</strong></span> <span class='ocrx_word' id='word_1_306' title='bbox 918 2414 961 2469; x_wconf 87' lang='lat' dir='ltr'><strong>si</strong></span> <span class='ocrx_word' id='word_1_307' title='bbox 991 2413 1084 2480; x_wconf 86' lang='lat' dir='ltr'><strong>qui</strong></span> <span class='ocrx_word' id='word_1_308' title='bbox 1124 2412 1349 2477; x_wconf 89' lang='lat' dir='ltr'><strong>fuerint,</strong></span> <span class='ocrx_word' id='word_1_309' title='bbox 1380 2413 1695 2467; x_wconf 87' lang='lat' dir='ltr'><strong>societatem</strong></span> <span class='ocrx_word' id='word_1_310' title='bbox 1731 2413 2021 2467; x_wconf 78' lang='lat' dir='ltr'><strong>instituere</strong></span> <span class='ocrx_word' id='word_1_311' title='bbox 2051 2412 2328 2467; x_wconf 81' lang='lat' dir='ltr'><strong>debuisse.</strong></span> 
     </span>
    </p>
   </div>
   <div class='ocr_carea' id='block_1_45' title="bbox 756 2498 2375 2574">
    <p class='ocr_par' dir='ltr' id='par_1_45' title="bbox 756 2498 2375 2574">
     <span class='ocr_line' id='line_1_45' title="bbox 756 2498 2375 2574; baseline -0.001 -15"><span class='ocrx_word' id='word_1_312' title='bbox 756 2505 957 2559; x_wconf 79' lang='lat' dir='ltr'><strong>Verum</strong></span> <span class='ocrx_word' id='word_1_313' title='bbox 991 2505 1065 2558; x_wconf 90' lang='lat' dir='ltr'><strong>illi</strong></span> <span class='ocrx_word' id='word_1_314' title='bbox 1115 2504 1256 2557; x_wconf 87' lang='lat' dir='ltr'><strong>idem</strong></span> <span class='ocrx_word' id='word_1_315' title='bbox 1284 2545 1297 2566; x_wconf 90' lang='lat'><em>.</em></span> <span class='ocrx_word' id='word_1_316' title='bbox 1361 2506 1504 2574; x_wconf 89' lang='lat' dir='ltr'><strong>quod</strong></span> <span class='ocrx_word' id='word_1_317' title='bbox 1562 2506 1747 2559; x_wconf 90' lang='lat' dir='ltr'><strong>multis</strong></span> <span class='ocrx_word' id='word_1_318' title='bbox 1788 2520 1920 2558; x_wconf 88' lang='lat' dir='ltr'><strong>usus</strong></span> <span class='ocrx_word' id='word_1_319' title='bbox 1975 2506 2163 2559; x_wconf 78' lang='lat' dir='ltr'><strong>venire</strong></span> <span class='ocrx_word' id='word_1_320' title='bbox 2188 2545 2202 2566; x_wconf 89' lang='lat'><strong>.</strong></span> <span class='ocrx_word' id='word_1_321' title='bbox 2237 2507 2330 2574; x_wconf 92' lang='lat' dir='ltr'><strong>qui</strong></span> <span class='ocrx_word' id='word_1_322' title='bbox 2367 2498 2375 2507; x_wconf 86' lang='grc'><strong>’</strong></span> 
     </span>
    </p>
   </div>
   <div class='ocr_carea' id='block_1_46' title="bbox 758 2596 2330 2667">
    <p class='ocr_par' dir='ltr' id='par_1_46' title="bbox 758 2596 2330 2667">
     <span class='ocr_line' id='line_1_46' title="bbox 758 2596 2330 2667; baseline 0 -18"><span class='ocrx_word' id='word_1_323' title='bbox 758 2599 1124 2667; x_wconf 65' lang='lat' dir='ltr'><strong>potentiores,</strong></span> <span class='ocrx_word' id='word_1_324' title='bbox 1158 2598 1311 2651; x_wconf 75' lang='lat' dir='ltr'><strong>vivos</strong></span> <span class='ocrx_word' id='word_1_325' title='bbox 1338 2596 1559 2665; x_wconf 82' lang='lat' dir='ltr'><strong>quidem</strong></span> <span class='ocrx_word' id='word_1_326' title='bbox 1590 2597 1783 2650; x_wconf 80' lang='lat' dir='ltr'><strong>ciliciis</strong></span> <span class='ocrx_word' id='word_1_327' title='bbox 1813 2596 2188 2660; x_wconf 88' lang='lat' dir='ltr'><strong>demerentur,</strong></span> <span class='ocrx_word' id='word_1_328' title='bbox 2219 2612 2330 2649; x_wconf 87' lang='lat' dir='ltr'><strong>non</strong></span> 
     </span>
    </p>
   </div>
   <div class='ocr_carea' id='block_1_47' title="bbox 757 2687 2329 2758">
    <p class='ocr_par' dir='ltr' id='par_1_47' title="bbox 757 2687 2329 2758">
     <span class='ocr_line' id='line_1_47' title="bbox 757 2687 2329 2758; baseline -0.001 -17"><span class='ocrx_word' id='word_1_329' title='bbox 757 2699 873 2742; x_wconf 79' lang='lat' dir='ltr'><strong>tam</strong></span> <span class='ocrx_word' id='word_1_330' title='bbox 908 2690 1148 2758; x_wconf 87' lang='lat' dir='ltr'><strong>ipsorum</strong></span> <span class='ocrx_word' id='word_1_331' title='bbox 1180 2687 1364 2750; x_wconf 89' lang='lat' dir='ltr'><strong>amici,</strong></span> <span class='ocrx_word' id='word_1_332' title='bbox 1394 2703 1557 2756; x_wconf 86' lang='lat' dir='ltr'><strong>quam</strong></span> <span class='ocrx_word' id='word_1_333' title='bbox 1593 2689 1873 2757; x_wconf 83' lang='lat' dir='ltr'><strong>temporis,</strong></span> <span class='ocrx_word' id='word_1_334' title='bbox 1905 2697 1962 2740; x_wconf 83' lang='lat' dir='ltr'><strong>et</strong></span> <span class='ocrx_word' id='word_1_335' title='bbox 1995 2688 2287 2757; x_wconf 68' lang='lat' dir='ltr'><strong>opulentia:</strong></span> <span class='ocrx_word' id='word_1_336' title='bbox 2315 2704 2329 2740; x_wconf 90' lang='lat'><strong>:</strong></span> 
     </span>
    </p>
   </div>
   <div class='ocr_carea' id='block_1_48' title="bbox 2431 2228 3995 2306">
    <p class='ocr_par' dir='ltr' id='par_1_48' title="bbox 2431 2228 3995 2306">
     <span class='ocr_line' id='line_1_48' title="bbox 2431 2228 3995 2306; baseline -0.009 -14"><span class='ocrx_word' id='word_1_337' title='bbox 2431 2239 2717 2305; x_wconf 84' lang='grc' dir='ltr'><strong>λευτηκότι</strong></span> <span class='ocrx_word' id='word_1_338' title='bbox 2745 2236 2958 2306; x_wconf 88' lang='grc' dir='ltr'><strong>βασιλεί</strong></span> <span class='ocrx_word' id='word_1_339' title='bbox 2992 2235 3283 2304; x_wconf 84' lang='grc' dir='ltr'><strong>Ῥωμαίων</strong></span> <span class='ocrx_word' id='word_1_340' title='bbox 3310 2233 3386 2303; x_wconf 84' lang='grc' dir='ltr'><strong>μὴ</strong></span> <span class='ocrx_word' id='word_1_341' title='bbox 3420 2236 3531 2293; x_wconf 84' lang='grc' dir='ltr'><strong>τοίς</strong></span> <span class='ocrx_word' id='word_1_342' title='bbox 3578 2230 3788 2283; x_wconf 76' lang='grc' dir='ltr'><strong>ίκείνου</strong></span> <span class='ocrx_word' id='word_1_343' title='bbox 3843 2228 3995 2280; x_wconf 70' lang='grc' dir='ltr'><strong>παισὶ</strong></span> 
     </span>
    </p>
   </div>
   <div class='ocr_carea' id='block_1_49' title="bbox 2434 2316 3999 2395">
    <p class='ocr_par' dir='ltr' id='par_1_49' title="bbox 2434 2316 3999 2395">
     <span class='ocr_line' id='line_1_49' title="bbox 2434 2316 3999 2395; baseline -0.011 -17"><span class='ocrx_word' id='word_1_344' title='bbox 2434 2326 2672 2395; x_wconf 77' lang='grc' dir='ltr'><strong>πόλεμον</strong></span> <span class='ocrx_word' id='word_1_345' title='bbox 2704 2324 2954 2392; x_wconf 70' lang='grc' dir='ltr'><strong>ἐπάγειν,</strong></span> <span class='ocrx_word' id='word_1_346' title='bbox 2988 2322 3085 2375; x_wconf 77' lang='grc' dir='ltr'><strong>καὶ</strong></span> <span class='ocrx_word' id='word_1_347' title='bbox 3110 2318 3351 2374; x_wconf 83' lang='grc' dir='ltr'><strong>διαλύειν</strong></span> <span class='ocrx_word' id='word_1_348' title='bbox 3385 2316 3680 2387; x_wconf 80' lang='grc' dir='ltr'><strong>πειρᾶσθαι</strong></span> <span class='ocrx_word' id='word_1_349' title='bbox 3706 2317 3806 2378; x_wconf 76' lang='grc' dir='ltr'><strong>τὰς</strong></span> <span class='ocrx_word' id='word_1_350' title='bbox 3841 2330 3999 2365; x_wconf 73' lang='grc' dir='ltr'><strong>σπου.</strong></span> 
     </span>
    </p>
   </div>
   <div class='ocr_carea' id='block_1_50' title="bbox 2431 2405 4000 2479">
    <p class='ocr_par' dir='ltr' id='par_1_50' title="bbox 2431 2405 4000 2479">
     <span class='ocr_line' id='line_1_50' title="bbox 2431 2405 4000 2479; baseline -0.01 -9"><span class='ocrx_word' id='word_1_351' title='bbox 2431 2418 2528 2479; x_wconf 84' lang='grc' dir='ltr'><strong>δὰς</strong></span> <span class='ocrx_word' id='word_1_352' title='bbox 2562 2416 2649 2467; x_wconf 69' lang='grc' dir='ltr'><strong>ἐπ’</strong></span> <span class='ocrx_word' id='word_1_353' title='bbox 2674 2415 2875 2476; x_wconf 77' lang='grc' dir='ltr'><strong>αἰτίαις</strong></span> <span class='ocrx_word' id='word_1_354' title='bbox 2902 2414 2963 2467; x_wconf 85' lang='grc' dir='ltr'><strong>οὐ</strong></span> <span class='ocrx_word' id='word_1_355' title='bbox 2994 2412 3256 2474; x_wconf 76' lang='grc' dir='ltr'><strong>δικαίαις.</strong></span> <span class='ocrx_word' id='word_1_356' title='bbox 3297 2408 3439 2464; x_wconf 82' lang='grc' dir='ltr'><strong>Ἀλλ’</strong></span> <span class='ocrx_word' id='word_1_357' title='bbox 3463 2408 3517 2461; x_wconf 84' lang='grc' dir='ltr'><strong>εί</strong></span> <span class='ocrx_word' id='word_1_358' title='bbox 3537 2423 3659 2460; x_wconf 92' lang='grc' dir='ltr'><strong>τινα</strong></span> <span class='ocrx_word' id='word_1_359' title='bbox 3692 2406 3788 2458; x_wconf 78' lang='grc' dir='ltr'><strong>καὶ</strong></span> <span class='ocrx_word' id='word_1_360' title='bbox 3812 2405 4000 2474; x_wconf 77' lang='grc' dir='ltr'><strong>πρότε-</strong></span> 
     </span>
    </p>
   </div>
   <div class='ocr_carea' id='block_1_51' title="bbox 2438 2497 3998 2579">
    <p class='ocr_par' dir='ltr' id='par_1_51' title="bbox 2438 2497 3998 2579">
     <span class='ocr_line' id='line_1_51' title="bbox 2438 2497 3998 2579; baseline -0.009 -18"><span class='ocrx_word' id='word_1_361' title='bbox 2438 2525 2531 2579; x_wconf 90' lang='grc' dir='ltr'><strong>ρον</strong></span> <span class='ocrx_word' id='word_1_362' title='bbox 2560 2503 2681 2577; x_wconf 78' lang='grc' dir='ltr'><strong>εἶχε</strong></span> <span class='ocrx_word' id='word_1_363' title='bbox 2713 2505 2853 2576; x_wconf 73' lang='grc' dir='ltr'><strong>πρὸς</strong></span> <span class='ocrx_word' id='word_1_364' title='bbox 2880 2506 3092 2557; x_wconf 73' lang='grc' dir='ltr'><strong>ἐκεῖνον</strong></span> <span class='ocrx_word' id='word_1_365' title='bbox 3124 2504 3400 2573; x_wconf 90' lang='grc' dir='ltr'><strong>πρόφασιν</strong></span> <span class='ocrx_word' id='word_1_366' title='bbox 3455 2501 3743 2571; x_wconf 74' lang='grc' dir='ltr'><strong>διαφορᾶς,</strong></span> <span class='ocrx_word' id='word_1_367' title='bbox 3798 2497 3998 2565; x_wconf 86' lang='grc' dir='ltr'><strong>ταύτην</strong></span> 
     </span>
    </p>
   </div>
   <div class='ocr_carea' id='block_1_52' title="bbox 2437 2586 3999 2665">
    <p class='ocr_par' dir='ltr' id='par_1_52' title="bbox 2437 2586 3999 2665">
     <span class='ocr_line' id='line_1_52' title="bbox 2437 2586 3999 2665; baseline -0.008 -14"><span class='ocrx_word' id='word_1_368' title='bbox 2437 2598 2726 2653; x_wconf 77' lang='grc' dir='ltr'><strong>καταλύειν</strong></span> <span class='ocrx_word' id='word_1_369' title='bbox 2759 2596 2873 2661; x_wconf 81' lang='grc' dir='ltr'><strong>νῦν,</strong></span> <span class='ocrx_word' id='word_1_370' title='bbox 2901 2597 2994 2650; x_wconf 80' lang='grc' dir='ltr'><strong>καὶ</strong></span> <span class='ocrx_word' id='word_1_371' title='bbox 3024 2595 3371 2665; x_wconf 86' lang='grc' dir='ltr'><strong>βεϐαιότερον</strong></span> <span class='ocrx_word' id='word_1_372' title='bbox 3425 2593 3458 2663; x_wconf 85' lang='grc' dir='ltr'>ἦ</span> <span class='ocrx_word' id='word_1_373' title='bbox 3501 2592 3765 2660; x_wconf 87' lang='grc' dir='ltr'><strong>πρότερον</strong></span> <span class='ocrx_word' id='word_1_374' title='bbox 3795 2586 3999 2655; x_wconf 72' lang='grc' dir='ltr'><strong>φυλάτ·</strong></span> 
     </span>
    </p>
   </div>
   <div class='ocr_carea' id='block_1_53' title="bbox 2434 2682 4002 2756">
    <p class='ocr_par' dir='ltr' id='par_1_53' title="bbox 2434 2682 4002 2756">
     <span class='ocr_line' id='line_1_53' title="bbox 2434 2682 4002 2756; baseline -0.008 -13"><span class='ocrx_word' id='word_1_375' title='bbox 2434 2707 2547 2743; x_wconf 85' lang='grc' dir='ltr'><strong>τειν</strong></span> <span class='ocrx_word' id='word_1_376' title='bbox 2578 2691 2678 2751; x_wconf 84' lang='grc' dir='ltr'><strong>τὰς</strong></span> <span class='ocrx_word' id='word_1_377' title='bbox 2731 2689 3035 2756; x_wconf 78' lang='grc' dir='ltr'><strong>συνθήκας,</strong></span> <span class='ocrx_word' id='word_1_378' title='bbox 3097 2686 3192 2739; x_wconf 71' lang='grc' dir='ltr'><strong>καὶ</strong></span> <span class='ocrx_word' id='word_1_379' title='bbox 3230 2685 3498 2753; x_wconf 84' lang='grc' dir='ltr'><strong>βασιλέως</strong></span> <span class='ocrx_word' id='word_1_380' title='bbox 3530 2685 3642 2746; x_wconf 83' lang='grc' dir='ltr'><strong>τοῖς</strong></span> <span class='ocrx_word' id='word_1_381' title='bbox 3674 2682 3836 2736; x_wconf 80' lang='grc' dir='ltr'><strong>παισὶ</strong></span> <span class='ocrx_word' id='word_1_382' title='bbox 3864 2696 4002 2747; x_wconf 80' lang='grc' dir='ltr'><strong>συμο</strong></span> 
     </span>
    </p>
   </div>
   <div class='ocr_carea' id='block_1_54' title="bbox 762 2768 2425 2851">
    <p class='ocr_par' dir='ltr' id='par_1_54' title="bbox 762 2777 2334 2842">
     <span class='ocr_line' id='line_1_54' title="bbox 762 2777 2334 2842; baseline 0 -13"><span class='ocrx_word' id='word_1_383' title='bbox 762 2778 851 2831; x_wconf 83' lang='lat' dir='ltr'><strong>ubi</strong></span> <span class='ocrx_word' id='word_1_384' title='bbox 884 2786 1064 2830; x_wconf 88' lang='lat' dir='ltr'><strong>autem</strong></span> <span class='ocrx_word' id='word_1_385' title='bbox 1120 2786 1353 2830; x_wconf 82' lang='lat' dir='ltr'><strong>mortem</strong></span> <span class='ocrx_word' id='word_1_386' title='bbox 1403 2778 1703 2842; x_wconf 91' lang='lat' dir='ltr'><strong>obierunt,</strong></span> <span class='ocrx_word' id='word_1_387' title='bbox 1753 2777 1924 2831; x_wconf 87' lang='lat' dir='ltr'><strong>veluti</strong></span> <span class='ocrx_word' id='word_1_388' title='bbox 1981 2791 2104 2830; x_wconf 91' lang='lat' dir='ltr'><strong>cum</strong></span> <span class='ocrx_word' id='word_1_389' title='bbox 2158 2785 2334 2831; x_wconf 89' lang='lat' dir='ltr'><strong>morte</strong></span> 
     </span>
    </p>
   </div>
   <div class='ocr_carea' id='block_1_55' title="bbox 2336 2768 3999 2851">
    <p class='ocr_par' dir='ltr' id='par_1_55' title="bbox 2441 2768 3999 2851">
     <span class='ocr_line' id='line_1_55' title="bbox 2441 2768 3999 2851; baseline -0.008 -17"><span class='ocrx_word' id='word_1_390' title='bbox 2441 2783 2635 2851; x_wconf 81' lang='grc' dir='ltr'><strong>μαχείν</strong></span> <span class='ocrx_word' id='word_1_391' title='bbox 2667 2780 2762 2832; x_wconf 66' lang='grc' dir='ltr'><strong>ἐπὶ</strong></span> <span class='ocrx_word' id='word_1_392' title='bbox 2787 2780 2913 2841; x_wconf 82' lang='grc' dir='ltr'><strong>τοὺς</strong></span> <span class='ocrx_word' id='word_1_393' title='bbox 2950 2776 3247 2847; x_wconf 87' lang='grc' dir='ltr'><strong>πολεμίους</strong></span> <span class='ocrx_word' id='word_1_394' title='bbox 3286 2776 3352 2829; x_wconf 75' lang='grc' dir='ltr'><strong>ἄν</strong></span> <span class='ocrx_word' id='word_1_395' title='bbox 3384 2793 3528 2838; x_wconf 87' lang='grc' dir='ltr'><strong>τινες</strong></span> <span class='ocrx_word' id='word_1_396' title='bbox 3557 2768 3682 2839; x_wconf 77' lang='grc' dir='ltr'><strong>ὦσι,</strong></span> <span class='ocrx_word' id='word_1_397' title='bbox 3745 2773 3864 2825; x_wconf 77' lang='grc' dir='ltr'><strong>νυνὶ</strong></span> <span class='ocrx_word' id='word_1_398' title='bbox 3897 2771 3999 2839; x_wconf 79' lang='grc' dir='ltr'><strong>μά-</strong></span> 
     </span>
    </p>
   </div>
   <div class='ocr_carea' id='block_1_56' title="bbox 756 2859 2419 2938">
    <p class='ocr_par' dir='ltr' id='par_1_56' title="bbox 756 2867 2337 2938">
     <span class='ocr_line' id='line_1_56' title="bbox 756 2867 2337 2938; baseline -0.001 -15"><span class='ocrx_word' id='word_1_399' title='bbox 756 2868 959 2923; x_wconf 75' lang='lat' dir='ltr'><strong>solutis</strong></span> <span class='ocrx_word' id='word_1_400' title='bbox 989 2868 1244 2921; x_wconf 66' lang='lat' dir='ltr'><strong>amicitiae</strong></span> <span class='ocrx_word' id='word_1_401' title='bbox 1308 2868 1558 2935; x_wconf 72' lang='lat' dir='ltr'><strong>legibus,</strong></span> <span class='ocrx_word' id='word_1_402' title='bbox 1598 2883 1694 2922; x_wconf 90' lang='lat' dir='ltr'><strong>eos</strong></span> <span class='ocrx_word' id='word_1_403' title='bbox 1721 2870 1832 2938; x_wconf 84' lang='lat' dir='ltr'><strong>jam</strong></span> <span class='ocrx_word' id='word_1_404' title='bbox 1893 2877 1951 2921; x_wconf 93' lang='lat' dir='ltr'><strong>ut</strong></span> <span class='ocrx_word' id='word_1_405' title='bbox 2006 2867 2337 2937; x_wconf 80' lang='lat' dir='ltr'><strong>impotentes</strong></span> 
     </span>
    </p>
   </div>
   <div class='ocr_carea' id='block_1_57' title="bbox 2339 2859 4002 2938">
    <p class='ocr_par' dir='ltr' id='par_1_57' title="bbox 2441 2859 4002 2936">
     <span class='ocr_line' id='line_1_57' title="bbox 2441 2859 4002 2936; baseline -0.005 -16"><span class='ocrx_word' id='word_1_406' title='bbox 2441 2869 2601 2921; x_wconf 82' lang='grc' dir='ltr'><strong>λιστα</strong></span> <span class='ocrx_word' id='word_1_407' title='bbox 2621 2867 2720 2936; x_wconf 83' lang='grc' dir='ltr'><strong>τῆς</strong></span> <span class='ocrx_word' id='word_1_408' title='bbox 2748 2867 2901 2935; x_wconf 85' lang='grc' dir='ltr'><strong>παρὰ</strong></span> <span class='ocrx_word' id='word_1_409' title='bbox 2926 2866 3034 2919; x_wconf 86' lang='grc' dir='ltr'><strong>τῶν</strong></span> <span class='ocrx_word' id='word_1_410' title='bbox 3065 2867 3239 2934; x_wconf 77' lang='grc' dir='ltr'><strong>φίλων</strong></span> <span class='ocrx_word' id='word_1_411' title='bbox 3267 2864 3587 2931; x_wconf 73' lang='grc' dir='ltr'><strong>έπικουρίας</strong></span> <span class='ocrx_word' id='word_1_412' title='bbox 3619 2863 3901 2931; x_wconf 80' lang='grc' dir='ltr'><strong>δεομένοις</strong></span> <span class='ocrx_word' id='word_1_413' title='bbox 3929 2877 3939 2887; x_wconf 89' lang='grc'><strong>·</strong></span> <span class='ocrx_word' id='word_1_414' title='bbox 3974 2859 4002 2912; x_wconf 85' lang='grc' dir='ltr'><strong>δ</strong></span> 
     </span>
    </p>
   </div>
   <div class='ocr_carea' id='block_1_58' title="bbox 756 2952 2419 3025">
    <p class='ocr_par' dir='ltr' id='par_1_58' title="bbox 756 2955 2335 3025">
     <span class='ocr_line' id='line_1_58' title="bbox 756 2955 2335 3025; baseline 0.001 -17"><span class='ocrx_word' id='word_1_415' title='bbox 756 2964 1163 3017; x_wconf 89' lang='lat' dir='ltr'><strong>contemnunt,</strong></span> <span class='ocrx_word' id='word_1_416' title='bbox 1223 2955 1589 3024; x_wconf 80' lang='lat' dir='ltr'><strong>facillimeque</strong></span> <span class='ocrx_word' id='word_1_417' title='bbox 1650 2956 1928 3018; x_wconf 87' lang='lat' dir='ltr'><strong>oderunt,</strong></span> <span class='ocrx_word' id='word_1_418' title='bbox 1983 2971 2122 3025; x_wconf 90' lang='lat' dir='ltr'><strong>quos</strong></span> <span class='ocrx_word' id='word_1_419' title='bbox 2184 2956 2335 3024; x_wconf 90' lang='lat' dir='ltr'><strong>prius</strong></span> 
     </span>
    </p>
   </div>
   <div class='ocr_carea' id='block_1_59' title="bbox 2340 2952 4003 3025">
    <p class='ocr_par' dir='ltr' id='par_1_59' title="bbox 2435 2952 4003 3022">
     <span class='ocr_line' id='line_1_59' title="bbox 2435 2952 4003 3022; baseline -0.006 -8"><span class='ocrx_word' id='word_1_420' title='bbox 2435 2961 2481 3014; x_wconf 82' lang='grc' dir='ltr'><strong>δ’</strong></span> <span class='ocrx_word' id='word_1_421' title='bbox 2513 2960 2656 3013; x_wconf 81' lang='grc' dir='ltr'><strong>έοικε</strong></span> <span class='ocrx_word' id='word_1_422' title='bbox 2677 2958 2877 3011; x_wconf 80' lang='grc' dir='ltr'><strong>ταύτδν</strong></span> <span class='ocrx_word' id='word_1_423' title='bbox 2902 2960 3014 3020; x_wconf 85' lang='grc' dir='ltr'><strong>τοῖς</strong></span> <span class='ocrx_word' id='word_1_424' title='bbox 3050 2956 3265 3021; x_wconf 79' lang='grc' dir='ltr'><strong>πολλοῖς</strong></span> <span class='ocrx_word' id='word_1_425' title='bbox 3296 2956 3509 3021; x_wconf 87' lang='grc' dir='ltr'><strong>παθεῖν,</strong></span> <span class='ocrx_word' id='word_1_426' title='bbox 3566 2956 3615 3009; x_wconf 83' lang='grc' dir='ltr'><strong>οἳ</strong></span> <span class='ocrx_word' id='word_1_427' title='bbox 3645 2955 3859 3019; x_wconf 81' lang='grc' dir='ltr'><strong>ζῶντας</strong></span> <span class='ocrx_word' id='word_1_428' title='bbox 3906 2952 4003 3022; x_wconf 72' lang='grc' dir='ltr'><strong>μὲν</strong></span> 
     </span>
    </p>
   </div>
   <div class='ocr_carea' id='block_1_60' title="bbox 762 3045 2335 3115">
    <p class='ocr_par' dir='ltr' id='par_1_60' title="bbox 762 3045 2335 3115">
     <span class='ocr_line' id='line_1_60' title="bbox 762 3045 2335 3115; baseline 0.002 -17"><span class='ocrx_word' id='word_1_429' title='bbox 762 3046 993 3114; x_wconf 77' lang='lat' dir='ltr'><strong>diligere</strong></span> <span class='ocrx_word' id='word_1_430' title='bbox 1055 3045 1405 3099; x_wconf 77' lang='lat' dir='ltr'><strong>videbuntur.</strong></span> <span class='ocrx_word' id='word_1_431' title='bbox 1464 3046 1670 3100; x_wconf 86' lang='lat' dir='ltr'><strong>Deinde</strong></span> <span class='ocrx_word' id='word_1_432' title='bbox 1726 3046 1792 3101; x_wconf 90' lang='lat' dir='ltr'><strong>ad</strong></span> <span class='ocrx_word' id='word_1_433' title='bbox 1850 3047 2169 3115; x_wconf 84' lang='lat' dir='ltr'><strong>petitionem</strong></span> <span class='ocrx_word' id='word_1_434' title='bbox 2229 3045 2335 3101; x_wconf 92' lang='lat' dir='ltr'><strong>hoc</strong></span> 
     </span>
    </p>
   </div>
   <div class='ocr_carea' id='block_1_61' title="bbox 764 3136 2334 3208">
    <p class='ocr_par' dir='ltr' id='par_1_61' title="bbox 764 3136 2334 3208">
     <span class='ocr_line' id='line_1_61' title="bbox 764 3136 2334 3208; baseline 0.001 -17"><span class='ocrx_word' id='word_1_435' title='bbox 764 3153 1087 3208; x_wconf 45' lang='lat' dir='ltr'><strong>responsum</strong></span> <span class='ocrx_word' id='word_1_436' title='bbox 1119 3137 1320 3193; x_wconf 84' lang='lat' dir='ltr'><strong>attulit.</strong></span> <span class='ocrx_word' id='word_1_437' title='bbox 1372 3136 1487 3190; x_wconf 83' lang='lat' dir='ltr'><strong>Non</strong></span> <span class='ocrx_word' id='word_1_438' title='bbox 1518 3150 1600 3192; x_wconf 91' lang='lat' dir='ltr'><strong>est</strong></span> <span class='ocrx_word' id='word_1_439' title='bbox 1627 3138 1715 3192; x_wconf 91' lang='lat' dir='ltr'><strong>hic</strong></span> <span class='ocrx_word' id='word_1_440' title='bbox 1752 3138 1962 3207; x_wconf 86' lang='lat' dir='ltr'><strong>patrius</strong></span> <span class='ocrx_word' id='word_1_441' title='bbox 1991 3153 2109 3192; x_wconf 90' lang='lat' dir='ltr'><strong>mos</strong></span> <span class='ocrx_word' id='word_1_442' title='bbox 2136 3138 2334 3192; x_wconf 85' lang='lat' dir='ltr'><strong>Roma-</strong></span> 
     </span>
    </p>
   </div>
   <div class='ocr_carea' id='block_1_62' title="bbox 762 3228 2331 3299">
    <p class='ocr_par' dir='ltr' id='par_1_62' title="bbox 762 3228 2331 3299">
     <span class='ocr_line' id='line_1_62' title="bbox 762 3228 2331 3299; baseline -0.001 -16"><span class='ocrx_word' id='word_1_443' title='bbox 762 3231 872 3293; x_wconf 89' lang='lat' dir='ltr'><strong>nis,</strong></span> <span class='ocrx_word' id='word_1_444' title='bbox 912 3229 977 3282; x_wconf 84' lang='lat' dir='ltr'><strong>ad</strong></span> <span class='ocrx_word' id='word_1_445' title='bbox 1007 3244 1065 3283; x_wconf 90' lang='lat' dir='ltr'><strong>se</strong></span> <span class='ocrx_word' id='word_1_446' title='bbox 1094 3228 1474 3299; x_wconf 78' lang='lat' dir='ltr'><strong>confugientes</strong></span> <span class='ocrx_word' id='word_1_447' title='bbox 1519 3244 1709 3282; x_wconf 88' lang='lat' dir='ltr'><strong>eorum</strong></span> <span class='ocrx_word' id='word_1_448' title='bbox 1738 3229 1994 3283; x_wconf 86' lang='lat' dir='ltr'><strong>hostibus</strong></span> <span class='ocrx_word' id='word_1_449' title='bbox 2024 3229 2248 3283; x_wconf 88' lang='lat' dir='ltr'><strong>dedere.</strong></span> <span class='ocrx_word' id='word_1_450' title='bbox 2288 3230 2331 3281; x_wconf 81' lang='grc' dir='ltr'><strong>Δ</strong></span> 
     </span>
    </p>
   </div>
   <div class='ocr_carea' id='block_1_63' title="bbox 758 3320 2338 3390">
    <p class='ocr_par' dir='ltr' id='par_1_63' title="bbox 758 3320 2338 3390">
     <span class='ocr_line' id='line_1_63' title="bbox 758 3320 2338 3390; baseline 0 -15"><span class='ocrx_word' id='word_1_451' title='bbox 758 3322 1117 3375; x_wconf 81' lang='lat' dir='ltr'><strong>Constantino</strong></span> <span class='ocrx_word' id='word_1_452' title='bbox 1140 3321 1287 3375; x_wconf 89' lang='lat' dir='ltr'><strong>enim</strong></span> <span class='ocrx_word' id='word_1_453' title='bbox 1325 3322 1511 3389; x_wconf 77' lang='lat' dir='ltr'><strong>Magno</strong></span> <span class='ocrx_word' id='word_1_454' title='bbox 1540 3358 1555 3383; x_wconf 89' lang='lat'><strong>,</strong></span> <span class='ocrx_word' id='word_1_455' title='bbox 1611 3320 1871 3375; x_wconf 75' lang='lat' dir='ltr'><strong>Romanis</strong></span> <span class='ocrx_word' id='word_1_456' title='bbox 1916 3320 2338 3390; x_wconf 85' lang='lat' dir='ltr'><strong>imperatoribus</strong></span> 
     </span>
    </p>
   </div>
   <div class='ocr_carea' id='block_1_64' title="bbox 760 3411 2338 3481">
    <p class='ocr_par' dir='ltr' id='par_1_64' title="bbox 760 3411 2338 3481">
     <span class='ocr_line' id='line_1_64' title="bbox 760 3411 2338 3481; baseline 0 -16"><span class='ocrx_word' id='word_1_457' title='bbox 760 3411 1099 3481; x_wconf 79' lang='lat' dir='ltr'><strong>singularum</strong></span> <span class='ocrx_word' id='word_1_458' title='bbox 1131 3413 1373 3481; x_wconf 71' lang='lat' dir='ltr'><strong>gentium</strong></span> <span class='ocrx_word' id='word_1_459' title='bbox 1414 3426 1605 3479; x_wconf 79' lang='lat' dir='ltr'><strong>reges,</strong></span> <span class='ocrx_word' id='word_1_460' title='bbox 1647 3426 1711 3472; x_wconf 79' lang='lat' dir='ltr'><strong>ac</strong></span> <span class='ocrx_word' id='word_1_461' title='bbox 1763 3412 2015 3465; x_wconf 91' lang='lat' dir='ltr'><strong>dominos</strong></span> <span class='ocrx_word' id='word_1_462' title='bbox 2066 3411 2338 3481; x_wconf 81' lang='lat' dir='ltr'><strong>magnitu-</strong></span> 
     </span>
    </p>
   </div>
   <div class='ocr_carea' id='block_1_65' title="bbox 761 3502 2339 3571">
    <p class='ocr_par' dir='ltr' id='par_1_65' title="bbox 761 3502 2339 3571">
     <span class='ocr_line' id='line_1_65' title="bbox 761 3502 2339 3571; baseline 0.001 -16"><span class='ocrx_word' id='word_1_463' title='bbox 761 3503 890 3557; x_wconf 90' lang='lat' dir='ltr'><strong>dine</strong></span> <span class='ocrx_word' id='word_1_464' title='bbox 921 3518 985 3556; x_wconf 90' lang='lat' dir='ltr'><strong>ac</strong></span> <span class='ocrx_word' id='word_1_465' title='bbox 1018 3502 1302 3557; x_wconf 84' lang='lat' dir='ltr'><strong>nobilitate</strong></span> <span class='ocrx_word' id='word_1_466' title='bbox 1353 3502 1571 3571; x_wconf 86' lang='lat' dir='ltr'><strong>imperii</strong></span> <span class='ocrx_word' id='word_1_467' title='bbox 1624 3502 2089 3557; x_wconf 87' lang='lat' dir='ltr'><strong>antecellentibus</strong></span> <span class='ocrx_word' id='word_1_468' title='bbox 2119 3541 2135 3567; x_wconf 90' lang='lat'><strong>,</strong></span> <span class='ocrx_word' id='word_1_469' title='bbox 2190 3518 2339 3557; x_wconf 87' lang='lat' dir='ltr'><strong>com-</strong></span> 
     </span>
    </p>
   </div>
   <div class='ocr_carea' id='block_1_66' title="bbox 763 3592 2338 3663">
    <p class='ocr_par' dir='ltr' id='par_1_66' title="bbox 763 3592 2338 3663">
     <span class='ocr_line' id='line_1_66' title="bbox 763 3592 2338 3663; baseline 0.001 -17"><span class='ocrx_word' id='word_1_470' title='bbox 763 3595 947 3663; x_wconf 85' lang='lat' dir='ltr'><strong>plures</strong></span> <span class='ocrx_word' id='word_1_471' title='bbox 973 3609 1165 3647; x_wconf 90' lang='lat' dir='ltr'><strong>eorum</strong></span> <span class='ocrx_word' id='word_1_472' title='bbox 1193 3595 1421 3647; x_wconf 85' lang='lat' dir='ltr'><strong>adversa</strong></span> <span class='ocrx_word' id='word_1_473' title='bbox 1466 3594 1684 3646; x_wconf 79' lang='lat' dir='ltr'><strong>fortuna</strong></span> <span class='ocrx_word' id='word_1_474' title='bbox 1719 3592 1803 3647; x_wconf 88' lang='lat' dir='ltr'><strong>usi</strong></span> <span class='ocrx_word' id='word_1_475' title='bbox 1849 3593 1992 3660; x_wconf 82' lang='lat'><strong>(98),</strong></span> <span class='ocrx_word' id='word_1_476' title='bbox 2025 3602 2082 3647; x_wconf 90' lang='lat' dir='ltr'><strong>et</strong></span> <span class='ocrx_word' id='word_1_477' title='bbox 2128 3594 2338 3662; x_wconf 86' lang='lat' dir='ltr'><strong>princi-</strong></span> 
     </span>
    </p>
   </div>
   <div class='ocr_carea' id='block_1_67' title="bbox 761 3684 2335 3755">
    <p class='ocr_par' dir='ltr' id='par_1_67' title="bbox 761 3684 2335 3755">
     <span class='ocr_line' id='line_1_67' title="bbox 761 3684 2335 3755; baseline 0 -16"><span class='ocrx_word' id='word_1_478' title='bbox 761 3696 890 3755; x_wconf 83' lang='lat' dir='ltr'><strong>patu</strong></span> <span class='ocrx_word' id='word_1_479' title='bbox 913 3686 1093 3755; x_wconf 83' lang='lat' dir='ltr'><strong>cjccti,</strong></span> <span class='ocrx_word' id='word_1_480' title='bbox 1116 3685 1392 3755; x_wconf 83' lang='lat' dir='ltr'><strong>supplices</strong></span> <span class='ocrx_word' id='word_1_481' title='bbox 1421 3684 1547 3737; x_wconf 73' lang='lat' dir='ltr'><strong>facti</strong></span> <span class='ocrx_word' id='word_1_482' title='bbox 1574 3695 1735 3749; x_wconf 86' lang='lat' dir='ltr'><strong>sunt;</strong></span> <span class='ocrx_word' id='word_1_483' title='bbox 1767 3685 1856 3737; x_wconf 84' lang='lat' dir='ltr'><strong>alii</strong></span> <span class='ocrx_word' id='word_1_484' title='bbox 1886 3694 2156 3753; x_wconf 82' lang='lat' dir='ltr'><strong>rogantes,</strong></span> <span class='ocrx_word' id='word_1_485' title='bbox 2177 3700 2335 3739; x_wconf 90' lang='lat' dir='ltr'><strong>suum</strong></span> 
     </span>
    </p>
   </div>
   <div class='ocr_carea' id='block_1_68' title="bbox 761 3776 2340 3847">
    <p class='ocr_par' dir='ltr' id='par_1_68' title="bbox 761 3776 2340 3847">
     <span class='ocr_line' id='line_1_68' title="bbox 761 3776 2340 3847; baseline -0.001 -17"><span class='ocrx_word' id='word_1_486' title='bbox 761 3778 865 3831; x_wconf 89' lang='lat' dir='ltr'><strong>sibi</strong></span> <span class='ocrx_word' id='word_1_487' title='bbox 898 3777 1261 3847; x_wconf 91' lang='lat' dir='ltr'><strong>principatum</strong></span> <span class='ocrx_word' id='word_1_488' title='bbox 1288 3777 1641 3845; x_wconf 85' lang='lat' dir='ltr'><strong>recuperari;</strong></span> <span class='ocrx_word' id='word_1_489' title='bbox 1675 3776 1835 3846; x_wconf 73' lang='lat'><strong>372</strong></span> <span class='ocrx_word' id='word_1_490' title='bbox 1857 3776 1939 3829; x_wconf 86' lang='lat' dir='ltr'><strong>sui</strong></span> <span class='ocrx_word' id='word_1_491' title='bbox 1972 3790 2183 3836; x_wconf 88' lang='lat' dir='ltr'><strong>curam,</strong></span> <span class='ocrx_word' id='word_1_492' title='bbox 2212 3792 2340 3845; x_wconf 85' lang='lat' dir='ltr'><strong>pro-</strong></span> 
     </span>
    </p>
   </div>
   <div class='ocr_carea' id='block_1_69' title="bbox 762 3864 2339 3935">
    <p class='ocr_par' dir='ltr' id='par_1_69' title="bbox 762 3864 2339 3935">
     <span class='ocr_line' id='line_1_69' title="bbox 762 3864 2339 3935; baseline 0 -15"><span class='ocrx_word' id='word_1_493' title='bbox 762 3867 1175 3935; x_wconf 77' lang='lat' dir='ltr'><strong>videntiamque</strong></span> <span class='ocrx_word' id='word_1_494' title='bbox 1208 3864 1541 3934; x_wconf 80' lang='lat' dir='ltr'><strong>ﬂagitantes.</strong></span> <span class='ocrx_word' id='word_1_495' title='bbox 1577 3864 1679 3930; x_wconf 85' lang='lat' dir='ltr'><strong>Qui</strong></span> <span class='ocrx_word' id='word_1_496' title='bbox 1732 3874 1987 3933; x_wconf 77' lang='lat' dir='ltr'><strong>tanquam</strong></span> <span class='ocrx_word' id='word_1_497' title='bbox 2019 3879 2339 3920; x_wconf 88' lang='lat' dir='ltr'><strong>communes</strong></span> 
     </span>
    </p>
   </div>
   <div class='ocr_carea' id='block_1_70' title="bbox 764 3956 2339 4026">
    <p class='ocr_par' dir='ltr' id='par_1_70' title="bbox 764 3956 2339 4026">
     <span class='ocr_line' id='line_1_70' title="bbox 764 3956 2339 4026; baseline 0 -15"><span class='ocrx_word' id='word_1_498' title='bbox 764 3958 1212 4012; x_wconf 81' lang='lat' dir='ltr'><strong>calamitosorum</strong></span> <span class='ocrx_word' id='word_1_499' title='bbox 1248 3958 1573 4018; x_wconf 76' lang='lat' dir='ltr'><strong>salvatores,</strong></span> <span class='ocrx_word' id='word_1_500' title='bbox 1624 3971 1689 4009; x_wconf 89' lang='lat' dir='ltr'><strong>ac</strong></span> <span class='ocrx_word' id='word_1_501' title='bbox 1723 3956 1937 4026; x_wconf 88' lang='lat' dir='ltr'><strong>patroni</strong></span> <span class='ocrx_word' id='word_1_502' title='bbox 1976 3956 2045 4009; x_wconf 83' lang='lat' dir='ltr'><strong>ab</strong></span> <span class='ocrx_word' id='word_1_503' title='bbox 2074 3956 2339 4011; x_wconf 89' lang='lat' dir='ltr'><strong>omnibus</strong></span> 
     </span>
    </p>
   </div>
   <div class='ocr_carea' id='block_1_71' title="bbox 762 4046 2337 4117">
    <p class='ocr_par' dir='ltr' id='par_1_71' title="bbox 762 4046 2337 4117">
     <span class='ocr_line' id='line_1_71' title="bbox 762 4046 2337 4117; baseline -0.001 -13"><span class='ocrx_word' id='word_1_504' title='bbox 762 4063 1062 4104; x_wconf 64' lang='lat' dir='ltr'><strong>aerumnam</strong></span> <span class='ocrx_word' id='word_1_505' title='bbox 1097 4047 1450 4117; x_wconf 85' lang='lat' dir='ltr'><strong>depulerunt.</strong></span> <span class='ocrx_word' id='word_1_506' title='bbox 1512 4047 1659 4100; x_wconf 82' lang='lat' dir='ltr'><strong>Nam</strong></span> <span class='ocrx_word' id='word_1_507' title='bbox 1707 4046 1807 4100; x_wconf 91' lang='lat' dir='ltr'><strong>hos</strong></span> <span class='ocrx_word' id='word_1_508' title='bbox 1868 4048 1922 4100; x_wconf 89' lang='lat' dir='ltr'><strong>itt</strong></span> <span class='ocrx_word' id='word_1_509' title='bbox 1980 4046 2208 4116; x_wconf 90' lang='lat' dir='ltr'><strong>imperia</strong></span> <span class='ocrx_word' id='word_1_510' title='bbox 2240 4063 2337 4102; x_wconf 89' lang='lat' dir='ltr'><strong>sua</strong></span> 
     </span>
    </p>
   </div>
   <div class='ocr_carea' id='block_1_72' title="bbox 762 4139 2339 4205">
    <p class='ocr_par' dir='ltr' id='par_1_72' title="bbox 762 4139 2339 4205">
     <span class='ocr_line' id='line_1_72' title="bbox 762 4139 2339 4205; baseline -0.002 -7"><span class='ocrx_word' id='word_1_511' title='bbox 762 4158 888 4198; x_wconf 90' lang='lat' dir='ltr'><strong>cum</strong></span> <span class='ocrx_word' id='word_1_512' title='bbox 916 4142 1093 4195; x_wconf 84' lang='lat' dir='ltr'><strong>valida</strong></span> <span class='ocrx_word' id='word_1_513' title='bbox 1130 4156 1290 4193; x_wconf 88' lang='lat' dir='ltr'><strong>manu</strong></span> <span class='ocrx_word' id='word_1_514' title='bbox 1345 4140 1723 4203; x_wconf 82' lang='lat' dir='ltr'><strong>reduxerunt;</strong></span> <span class='ocrx_word' id='word_1_515' title='bbox 1758 4139 1881 4194; x_wconf 89' lang='lat' dir='ltr'><strong>illos</strong></span> <span class='ocrx_word' id='word_1_516' title='bbox 1921 4139 2225 4205; x_wconf 86' lang='lat' dir='ltr'><strong>beneficiis,</strong></span> <span class='ocrx_word' id='word_1_517' title='bbox 2276 4156 2339 4195; x_wconf 92' lang='lat' dir='ltr'><strong>ac</strong></span> 
     </span>
    </p>
   </div>
   <div class='ocr_carea' id='block_1_73' title="bbox 765 4231 2340 4303">
    <p class='ocr_par' dir='ltr' id='par_1_73' title="bbox 765 4231 2340 4303">
     <span class='ocr_line' id='line_1_73' title="bbox 765 4231 2340 4303; baseline 0 -14"><span class='ocrx_word' id='word_1_518' title='bbox 765 4234 928 4289; x_wconf 90' lang='lat' dir='ltr'><strong>donis</strong></span> <span class='ocrx_word' id='word_1_519' title='bbox 998 4231 1560 4303; x_wconf 80' lang='lat' dir='ltr'><strong>magnificentissimis</strong></span> <span class='ocrx_word' id='word_1_520' title='bbox 1629 4231 2061 4286; x_wconf 86' lang='lat' dir='ltr'><strong>cohonestarunt</strong></span> <span class='ocrx_word' id='word_1_521' title='bbox 2093 4250 2108 4287; x_wconf 91' lang='lat'><strong>:</strong></span> <span class='ocrx_word' id='word_1_522' title='bbox 2141 4233 2340 4302; x_wconf 90' lang='lat' dir='ltr'><strong>quibus</strong></span> 
     </span>
    </p>
   </div>
   <div class='ocr_carea' id='block_1_74' title="bbox 765 4324 2341 4394">
    <p class='ocr_par' dir='ltr' id='par_1_74' title="bbox 765 4324 2341 4394">
     <span class='ocr_line' id='line_1_74' title="bbox 765 4324 2341 4394; baseline -0.001 -12"><span class='ocrx_word' id='word_1_523' title='bbox 765 4341 891 4382; x_wconf 92' lang='lat' dir='ltr'><strong>cum</strong></span> <span class='ocrx_word' id='word_1_524' title='bbox 928 4326 1009 4380; x_wconf 85' lang='lat' dir='ltr'><strong>eis</strong></span> <span class='ocrx_word' id='word_1_525' title='bbox 1039 4340 1260 4379; x_wconf 87' lang='lat' dir='ltr'><strong>suarum</strong></span> <span class='ocrx_word' id='word_1_526' title='bbox 1313 4324 1723 4394; x_wconf 83' lang='lat' dir='ltr'><strong>provinciarum</strong></span> <span class='ocrx_word' id='word_1_527' title='bbox 1782 4324 2100 4378; x_wconf 89' lang='lat' dir='ltr'><strong>memoriam</strong></span> <span class='ocrx_word' id='word_1_528' title='bbox 2142 4340 2341 4380; x_wconf 80' lang='lat' dir='ltr'><strong>excus-</strong></span> 
     </span>
    </p>
   </div>
   <div class='ocr_carea' id='block_1_75' title="bbox 766 4414 2337 4481">
    <p class='ocr_par' dir='ltr' id='par_1_75' title="bbox 766 4414 2337 4481">
     <span class='ocr_line' id='line_1_75' title="bbox 766 4414 2337 4481; baseline 0 -9"><span class='ocrx_word' id='word_1_529' title='bbox 766 4418 992 4479; x_wconf 78' lang='lat' dir='ltr'><strong>sissem,</strong></span> <span class='ocrx_word' id='word_1_530' title='bbox 1021 4426 1081 4471; x_wconf 92' lang='lat' dir='ltr'><strong>ut</strong></span> <span class='ocrx_word' id='word_1_531' title='bbox 1108 4430 1293 4470; x_wconf 87' lang='lat' dir='ltr'><strong>secum</strong></span> <span class='ocrx_word' id='word_1_532' title='bbox 1345 4414 1413 4469; x_wconf 91' lang='lat' dir='ltr'><strong>de</strong></span> <span class='ocrx_word' id='word_1_533' title='bbox 1459 4425 1660 4469; x_wconf 68' lang='lat' dir='ltr'><strong>caetero</strong></span> <span class='ocrx_word' id='word_1_534' title='bbox 1696 4414 1865 4468; x_wconf 85' lang='lat' dir='ltr'><strong>vitam</strong></span> <span class='ocrx_word' id='word_1_535' title='bbox 1926 4415 2193 4481; x_wconf 80' lang='lat' dir='ltr'><strong>viverent,</strong></span> <span class='ocrx_word' id='word_1_536' title='bbox 2237 4433 2337 4472; x_wconf 79' lang='lat' dir='ltr'><strong>au-</strong></span> 
     </span>
    </p>
   </div>
   <div class='ocr_carea' id='block_1_76' title="bbox 2439 3047 4003 3123">
    <p class='ocr_par' dir='ltr' id='par_1_76' title="bbox 2439 3047 4003 3123">
     <span class='ocr_line' id='line_1_76' title="bbox 2439 3047 4003 3123; baseline -0.003 -18"><span class='ocrx_word' id='word_1_537' title='bbox 2439 3052 2808 3123; x_wconf 86' lang='grc' dir='ltr'><strong>θεραπεύουσι</strong></span> <span class='ocrx_word' id='word_1_538' title='bbox 2836 3052 2964 3114; x_wconf 78' lang='grc' dir='ltr'><strong>τοὺς</strong></span> <span class='ocrx_word' id='word_1_539' title='bbox 2994 3050 3277 3115; x_wconf 81' lang='grc' dir='ltr'><strong>δυνατοὺς,</strong></span> <span class='ocrx_word' id='word_1_540' title='bbox 3325 3050 3387 3103; x_wconf 86' lang='grc' dir='ltr'><strong>οὐ</strong></span> <span class='ocrx_word' id='word_1_541' title='bbox 3438 3050 3638 3119; x_wconf 81' lang='grc' dir='ltr'><strong>μᾶλλον</strong></span> <span class='ocrx_word' id='word_1_542' title='bbox 3669 3050 3920 3109; x_wconf 71' lang='grc' dir='ltr'><strong>ἐκείνων,</strong></span> <span class='ocrx_word' id='word_1_543' title='bbox 3970 3047 4003 3116; x_wconf 74' lang='grc' dir='ltr'>ἦ</span> 
     </span>
    </p>
   </div>
   <div class='ocr_carea' id='block_1_77' title="bbox 2439 3140 4003 3214">
    <p class='ocr_par' dir='ltr' id='par_1_77' title="bbox 2439 3140 4003 3214">
     <span class='ocr_line' id='line_1_77' title="bbox 2439 3140 4003 3214; baseline -0.003 -18"><span class='ocrx_word' id='word_1_544' title='bbox 2439 3144 2532 3196; x_wconf 85' lang='grc' dir='ltr'><strong>τοῦ</strong></span> <span class='ocrx_word' id='word_1_545' title='bbox 2555 3145 2751 3214; x_wconf 85' lang='grc' dir='ltr'><strong>καιροῦ</strong></span> <span class='ocrx_word' id='word_1_546' title='bbox 2779 3143 2873 3195; x_wconf 79' lang='grc' dir='ltr'><strong>καὶ</strong></span> <span class='ocrx_word' id='word_1_547' title='bbox 2906 3141 3009 3210; x_wconf 81' lang='grc' dir='ltr'><strong>τῆς</strong></span> <span class='ocrx_word' id='word_1_548' title='bbox 3051 3142 3275 3196; x_wconf 68' lang='grc' dir='ltr'><strong>ἐκείνων</strong></span> <span class='ocrx_word' id='word_1_549' title='bbox 3322 3142 3604 3212; x_wconf 82' lang='grc' dir='ltr'><strong>δυνάμεως</strong></span> <span class='ocrx_word' id='word_1_550' title='bbox 3634 3141 3787 3203; x_wconf 76' lang='grc' dir='ltr'><strong>ὄντες</strong></span> <span class='ocrx_word' id='word_1_551' title='bbox 3818 3140 3963 3208; x_wconf 83' lang='grc' dir='ltr'><strong>φίλοι</strong></span> <span class='ocrx_word' id='word_1_552' title='bbox 3988 3154 4003 3170; x_wconf 76' lang='grc' dir='ltr'><strong>ο</strong></span> 
     </span>
    </p>
   </div>
   <div class='ocr_carea' id='block_1_78' title="bbox 2440 3233 4009 3304">
    <p class='ocr_par' dir='ltr' id='par_1_78' title="bbox 2440 3233 4009 3304">
     <span class='ocr_line' id='line_1_78' title="bbox 2440 3233 4009 3304; baseline -0.001 -18"><span class='ocrx_word' id='word_1_553' title='bbox 2440 3234 2659 3287; x_wconf 78' lang='grc' dir='ltr'><strong>ἐπειδὰν</strong></span> <span class='ocrx_word' id='word_1_554' title='bbox 2688 3235 2746 3287; x_wconf 73' lang='grc' dir='ltr'><strong>δὲ</strong></span> <span class='ocrx_word' id='word_1_555' title='bbox 2783 3233 3143 3304; x_wconf 81' lang='grc' dir='ltr'><strong>ἁποίχωνται,</strong></span> <span class='ocrx_word' id='word_1_556' title='bbox 3180 3234 3288 3287; x_wconf 83' lang='grc' dir='ltr'><strong>τῶν</strong></span> <span class='ocrx_word' id='word_1_557' title='bbox 3344 3235 3532 3288; x_wconf 86' lang='grc' dir='ltr'><strong>αἰτίων</strong></span> <span class='ocrx_word' id='word_1_558' title='bbox 3586 3233 3833 3303; x_wconf 73' lang='grc' dir='ltr'><strong>ὡσπερεὶ</strong></span> <span class='ocrx_word' id='word_1_559' title='bbox 3893 3233 4009 3285; x_wconf 80' lang='grc' dir='ltr'><strong>δια-</strong></span> 
     </span>
    </p>
   </div>
   <div class='ocr_carea' id='block_1_79' title="bbox 2438 3324 4007 3397">
    <p class='ocr_par' dir='ltr' id='par_1_79' title="bbox 2438 3324 4007 3397">
     <span class='ocr_line' id='line_1_79' title="bbox 2438 3324 4007 3397; baseline 0.001 -19"><span class='ocrx_word' id='word_1_560' title='bbox 2438 3325 2708 3378; x_wconf 87' lang='grc' dir='ltr'><strong>λυθέντων</strong></span> <span class='ocrx_word' id='word_1_561' title='bbox 2733 3324 2834 3393; x_wconf 82' lang='grc' dir='ltr'><strong>τῆς</strong></span> <span class='ocrx_word' id='word_1_562' title='bbox 2861 3325 3065 3393; x_wconf 88' lang='grc' dir='ltr'><strong>φιλίας,</strong></span> <span class='ocrx_word' id='word_1_563' title='bbox 3108 3327 3285 3397; x_wconf 77' lang='grc' dir='ltr'><strong>ῥᾷστα</strong></span> <span class='ocrx_word' id='word_1_564' title='bbox 3319 3327 3456 3395; x_wconf 79' lang='grc' dir='ltr'><strong>πρὸς</strong></span> <span class='ocrx_word' id='word_1_565' title='bbox 3487 3325 3689 3397; x_wconf 75' lang='grc' dir='ltr'><strong>ἔχθραν</strong></span> <span class='ocrx_word' id='word_1_566' title='bbox 3718 3325 4007 3394; x_wconf 72' lang='grc' dir='ltr'><strong>έξάγονται</strong></span> 
     </span>
    </p>
   </div>
   <div class='ocr_carea' id='block_1_80' title="bbox 2437 3416 4008 3487">
    <p class='ocr_par' dir='ltr' id='par_1_80' title="bbox 2437 3416 4008 3487">
     <span class='ocr_line' id='line_1_80' title="bbox 2437 3416 4008 3487; baseline 0 -18"><span class='ocrx_word' id='word_1_567' title='bbox 2437 3416 2546 3470; x_wconf 84' lang='grc' dir='ltr'><strong>τῶν</strong></span> <span class='ocrx_word' id='word_1_568' title='bbox 2596 3417 2867 3487; x_wconf 81' lang='grc' dir='ltr'><strong>πρότερον</strong></span> <span class='ocrx_word' id='word_1_569' title='bbox 2895 3417 3200 3487; x_wconf 70' lang='grc' dir='ltr'><strong>δοκούντων</strong></span> <span class='ocrx_word' id='word_1_570' title='bbox 3233 3416 3373 3471; x_wconf 83' lang='grc' dir='ltr'><strong>εἶναι</strong></span> <span class='ocrx_word' id='word_1_571' title='bbox 3406 3418 3577 3483; x_wconf 86' lang='grc' dir='ltr'><strong>φίλων</strong></span> <span class='ocrx_word' id='word_1_572' title='bbox 3611 3418 3697 3471; x_wconf 85' lang='grc' dir='ltr'><strong>διὰ</strong></span> <span class='ocrx_word' id='word_1_573' title='bbox 3741 3420 3843 3487; x_wconf 74' lang='grc' dir='ltr'><strong>τὴν</strong></span> <span class='ocrx_word' id='word_1_574' title='bbox 3880 3417 4008 3471; x_wconf 79' lang='grc' dir='ltr'><strong>ἁδυ-</strong></span> 
     </span>
    </p>
   </div>
   <div class='ocr_carea' id='block_1_81' title="bbox 2439 3505 4009 3577">
    <p class='ocr_par' dir='ltr' id='par_1_81' title="bbox 2439 3505 4009 3577">
     <span class='ocr_line' id='line_1_81' title="bbox 2439 3505 4009 3577; baseline -0.001 -18"><span class='ocrx_word' id='word_1_575' title='bbox 2439 3505 2640 3566; x_wconf 80' lang='grc' dir='ltr'><strong>ναμίαν</strong></span> <span class='ocrx_word' id='word_1_576' title='bbox 2674 3508 2873 3569; x_wconf 77' lang='grc' dir='ltr'><strong>αὐτοὺς</strong></span> <span class='ocrx_word' id='word_1_577' title='bbox 2936 3508 3332 3577; x_wconf 80' lang='grc' dir='ltr'><strong>περιορῶντες.</strong></span> <span class='ocrx_word' id='word_1_578' title='bbox 3386 3509 3615 3561; x_wconf 83' lang='grc' dir='ltr'><strong>Ἔπειτα</strong></span> <span class='ocrx_word' id='word_1_579' title='bbox 3662 3507 3718 3560; x_wconf 64' lang='grc' dir='ltr'><strong>δὲ</strong></span> <span class='ocrx_word' id='word_1_580' title='bbox 3750 3506 4009 3576; x_wconf 77' lang='grc' dir='ltr'><strong>καὶπρὸς</strong></span> 
     </span>
    </p>
   </div>
   <div class='ocr_carea' id='block_1_82' title="bbox 2437 3596 4005 3665">
    <p class='ocr_par' dir='ltr' id='par_1_82' title="bbox 2437 3596 4005 3665">
     <span class='ocr_line' id='line_1_82' title="bbox 2437 3596 4005 3665; baseline -0.001 -16"><span class='ocrx_word' id='word_1_581' title='bbox 2437 3598 2539 3665; x_wconf 80' lang='grc' dir='ltr'><strong>τὴν</strong></span> <span class='ocrx_word' id='word_1_582' title='bbox 2568 3596 2794 3662; x_wconf 81' lang='grc' dir='ltr'><strong>ἀξίωσιν</strong></span> <span class='ocrx_word' id='word_1_583' title='bbox 2823 3596 3028 3660; x_wconf 82' lang='grc' dir='ltr'><strong>αὐτῶν,</strong></span> <span class='ocrx_word' id='word_1_584' title='bbox 3081 3597 3225 3650; x_wconf 76' lang='grc' dir='ltr'><strong>οὕτω</strong></span> <span class='ocrx_word' id='word_1_585' title='bbox 3259 3598 3360 3665; x_wconf 81' lang='grc' dir='ltr'><strong>τὴν</strong></span> <span class='ocrx_word' id='word_1_586' title='bbox 3392 3596 3693 3664; x_wconf 83' lang='grc' dir='ltr'><strong>ἀπολογίαν</strong></span> <span class='ocrx_word' id='word_1_587' title='bbox 3742 3597 4005 3658; x_wconf 70' lang='grc' dir='ltr'><strong>ἐποιεῖτο,</strong></span> 
     </span>
    </p>
   </div>
   <div class='ocr_carea' id='block_1_83' title="bbox 2441 3686 4007 3760">
    <p class='ocr_par' dir='ltr' id='par_1_83' title="bbox 2441 3686 4007 3760">
     <span class='ocr_line' id='line_1_83' title="bbox 2441 3686 4007 3760; baseline -0.001 -20"><span class='ocrx_word' id='word_1_588' title='bbox 2441 3687 2517 3745; x_wconf 74' lang='grc' dir='ltr'><strong>ὡς</strong></span> <span class='ocrx_word' id='word_1_589' title='bbox 2551 3689 2612 3740; x_wconf 86' lang='grc' dir='ltr'><strong>ού</strong></span> <span class='ocrx_word' id='word_1_590' title='bbox 2644 3686 2875 3757; x_wconf 82' lang='grc' dir='ltr'><strong>πάτριον</strong></span> <span class='ocrx_word' id='word_1_591' title='bbox 2902 3690 3015 3752; x_wconf 81' lang='grc' dir='ltr'><strong>τοίς</strong></span> <span class='ocrx_word' id='word_1_592' title='bbox 3056 3688 3344 3760; x_wconf 85' lang='grc' dir='ltr'><strong>Ῥωμαίων</strong></span> <span class='ocrx_word' id='word_1_593' title='bbox 3367 3687 3648 3756; x_wconf 83' lang='grc' dir='ltr'><strong>βασιλεῦσι</strong></span> <span class='ocrx_word' id='word_1_594' title='bbox 3666 3687 3794 3750; x_wconf 79' lang='grc' dir='ltr'><strong>τοὺς</strong></span> <span class='ocrx_word' id='word_1_595' title='bbox 3822 3688 4007 3749; x_wconf 77' lang='grc' dir='ltr'><strong>αὐτοῖς</strong></span> 
     </span>
    </p>
   </div>
   <div class='ocr_carea' id='block_1_84' title="bbox 2439 3777 4010 3851">
    <p class='ocr_par' dir='ltr' id='par_1_84' title="bbox 2439 3777 4010 3851">
     <span class='ocr_line' id='line_1_84' title="bbox 2439 3777 4010 3851; baseline -0.001 -20"><span class='ocrx_word' id='word_1_596' title='bbox 2439 3777 2861 3848; x_wconf 78' lang='grc' dir='ltr'><strong>προσφυγόντας</strong></span> <span class='ocrx_word' id='word_1_597' title='bbox 2894 3782 3006 3842; x_wconf 82' lang='grc' dir='ltr'><strong>τοῖς</strong></span> <span class='ocrx_word' id='word_1_598' title='bbox 3033 3780 3315 3849; x_wconf 87' lang='grc' dir='ltr'><strong>πολεμίοις</strong></span> <span class='ocrx_word' id='word_1_599' title='bbox 3339 3780 3672 3851; x_wconf 86' lang='grc' dir='ltr'><strong>προδιδόναι.</strong></span> <span class='ocrx_word' id='word_1_600' title='bbox 3722 3780 3858 3833; x_wconf 76' lang='grc' dir='ltr'><strong>’Δπδ</strong></span> <span class='ocrx_word' id='word_1_601' title='bbox 3898 3779 4010 3848; x_wconf 72' lang='grc' dir='ltr'><strong>γὰρ</strong></span> 
     </span>
    </p>
   </div>
   <div class='ocr_carea' id='block_1_85' title="bbox 2438 3872 4009 3944">
    <p class='ocr_par' dir='ltr' id='par_1_85' title="bbox 2438 3872 4009 3944">
     <span class='ocr_line' id='line_1_85' title="bbox 2438 3872 4009 3944; baseline 0 -21"><span class='ocrx_word' id='word_1_602' title='bbox 2438 3872 2548 3923; x_wconf 83' lang='grc' dir='ltr'><strong>τῶν</strong></span> <span class='ocrx_word' id='word_1_603' title='bbox 2581 3873 2998 3927; x_wconf 87' lang='grc' dir='ltr'><strong>Κωνσταντίνου</strong></span> <span class='ocrx_word' id='word_1_604' title='bbox 3050 3872 3144 3926; x_wconf 80' lang='grc' dir='ltr'><strong>τοῦ</strong></span> <span class='ocrx_word' id='word_1_605' title='bbox 3176 3874 3433 3941; x_wconf 79' lang='grc' dir='ltr'><strong>Μεγάλου</strong></span> <span class='ocrx_word' id='word_1_606' title='bbox 3465 3874 3674 3944; x_wconf 82' lang='grc' dir='ltr'><strong>χρόνων</strong></span> <span class='ocrx_word' id='word_1_607' title='bbox 3728 3873 3862 3943; x_wconf 75' lang='grc' dir='ltr'><strong>ἄχρι</strong></span> <span class='ocrx_word' id='word_1_608' title='bbox 3911 3872 4009 3925; x_wconf 73' lang='grc' dir='ltr'><strong>νῦν</strong></span> 
     </span>
    </p>
   </div>
   <div class='ocr_carea' id='block_1_86' title="bbox 2438 3959 4008 4033">
    <p class='ocr_par' dir='ltr' id='par_1_86' title="bbox 2438 3959 4008 4033">
     <span class='ocr_line' id='line_1_86' title="bbox 2438 3959 4008 4033; baseline 0.002 -22"><span class='ocrx_word' id='word_1_609' title='bbox 2438 3963 2551 4022; x_wconf 80' lang='grc' dir='ltr'><strong>τοῖς</strong></span> <span class='ocrx_word' id='word_1_610' title='bbox 2584 3959 2876 4031; x_wconf 85' lang='grc' dir='ltr'><strong>Ῥωμαίων</strong></span> <span class='ocrx_word' id='word_1_611' title='bbox 2904 3960 3210 4031; x_wconf 84' lang='grc' dir='ltr'><strong>βασιλεῦσι,</strong></span> <span class='ocrx_word' id='word_1_612' title='bbox 3244 3964 3459 4032; x_wconf 79' lang='grc' dir='ltr'><strong>μείζοσι</strong></span> <span class='ocrx_word' id='word_1_613' title='bbox 3487 3964 3582 4016; x_wconf 73' lang='grc' dir='ltr'><strong>καὶ</strong></span> <span class='ocrx_word' id='word_1_614' title='bbox 3613 3962 4008 4033; x_wconf 83' lang='grc' dir='ltr'><strong>περιφανεστέ-</strong></span> 
     </span>
    </p>
   </div>
   <div class='ocr_carea' id='block_1_87' title="bbox 2442 4051 4012 4124">
    <p class='ocr_par' dir='ltr' id='par_1_87' title="bbox 2442 4051 4012 4124">
     <span class='ocr_line' id='line_1_87' title="bbox 2442 4051 4012 4124; baseline 0.003 -21"><span class='ocrx_word' id='word_1_615' title='bbox 2442 4068 2555 4121; x_wconf 82' lang='grc' dir='ltr'><strong>ροις</strong></span> <span class='ocrx_word' id='word_1_616' title='bbox 2583 4051 2692 4104; x_wconf 82' lang='grc' dir='ltr'><strong>τῶν</strong></span> <span class='ocrx_word' id='word_1_617' title='bbox 2722 4051 2855 4124; x_wconf 84' lang='grc' dir='ltr'><strong>παρ’</strong></span> <span class='ocrx_word' id='word_1_618' title='bbox 2898 4052 3149 4115; x_wconf 71' lang='grc' dir='ltr'><strong>ἑκάστοις</strong></span> <span class='ocrx_word' id='word_1_619' title='bbox 3201 4053 3388 4107; x_wconf 74' lang='grc' dir='ltr'><strong>ιονεσι</strong></span> <span class='ocrx_word' id='word_1_620' title='bbox 3428 4053 3798 4123; x_wconf 75' lang='grc' dir='ltr'><strong>βασιλεῦσινῆ</strong></span> <span class='ocrx_word' id='word_1_621' title='bbox 3850 4053 4012 4108; x_wconf 78' lang='grc' dir='ltr'><strong>δυνά-</strong></span> 
     </span>
    </p>
   </div>
   <div class='ocr_carea' id='block_1_88' title="bbox 2442 4137 4011 4215">
    <p class='ocr_par' dir='ltr' id='par_1_88' title="bbox 2442 4137 4011 4215">
     <span class='ocr_line' id='line_1_88' title="bbox 2442 4137 4011 4215; baseline 0.001 -21"><span class='ocrx_word' id='word_1_622' title='bbox 2442 4158 2602 4204; x_wconf 87' lang='grc' dir='ltr'><strong>σταις</strong></span> <span class='ocrx_word' id='word_1_623' title='bbox 2632 4137 2777 4210; x_wconf 77' lang='grc' dir='ltr'><strong>οὖσι,</strong></span> <span class='ocrx_word' id='word_1_624' title='bbox 2818 4143 3006 4195; x_wconf 80' lang='grc' dir='ltr'><strong>πολλοὶ</strong></span> <span class='ocrx_word' id='word_1_625' title='bbox 3038 4143 3147 4197; x_wconf 86' lang='grc' dir='ltr'><strong>τῶν</strong></span> <span class='ocrx_word' id='word_1_626' title='bbox 3178 4145 3309 4214; x_wconf 79' lang='grc' dir='ltr'><strong>παρ’</strong></span> <span class='ocrx_word' id='word_1_627' title='bbox 3358 4146 3543 4207; x_wconf 83' lang='grc' dir='ltr'><strong>αὐτοῖς</strong></span> <span class='ocrx_word' id='word_1_628' title='bbox 3568 4144 3854 4215; x_wconf 75' lang='grc' dir='ltr'><strong>ἀρχόντων</strong></span> <span class='ocrx_word' id='word_1_629' title='bbox 3883 4145 4011 4197; x_wconf 78' lang='grc' dir='ltr'><strong>ἀτυο</strong></span> 
     </span>
    </p>
   </div>
   <div class='ocr_carea' id='block_1_89' title="bbox 2439 4233 4012 4305">
    <p class='ocr_par' dir='ltr' id='par_1_89' title="bbox 2439 4233 4012 4305">
     <span class='ocr_line' id='line_1_89' title="bbox 2439 4233 4012 4305; baseline -0.005 -8"><span class='ocrx_word' id='word_1_630' title='bbox 2439 4233 2731 4302; x_wconf 72' lang='grc' dir='ltr'><strong>χήπαντες.</strong></span> <span class='ocrx_word' id='word_1_631' title='bbox 2793 4233 2891 4286; x_wconf 76' lang='grc' dir='ltr'><strong>καὶ</strong></span> <span class='ocrx_word' id='word_1_632' title='bbox 2922 4234 3022 4303; x_wconf 84' lang='grc' dir='ltr'><strong>τῆς</strong></span> <span class='ocrx_word' id='word_1_633' title='bbox 3056 4234 3236 4305; x_wconf 72' lang='grc' dir='ltr'><strong>ἀρχῆς</strong></span> <span class='ocrx_word' id='word_1_634' title='bbox 3268 4234 3664 4305; x_wconf 69' lang='grc' dir='ltr'><strong>ἐκϐεϐλημένοι</strong></span> <span class='ocrx_word' id='word_1_635' title='bbox 3716 4236 4012 4304; x_wconf 74' lang='grc' dir='ltr'><strong>γεγόνασιν</strong></span> 
     </span>
    </p>
   </div>
   <div class='ocr_carea' id='block_1_90' title="bbox 2442 4324 4014 4397">
    <p class='ocr_par' dir='ltr' id='par_1_90' title="bbox 2442 4324 4014 4397">
     <span class='ocr_line' id='line_1_90' title="bbox 2442 4324 4014 4397; baseline 0.001 -20"><span class='ocrx_word' id='word_1_636' title='bbox 2442 4326 2656 4377; x_wconf 76' lang='grc' dir='ltr'><strong>ἱκέται·</strong></span> <span class='ocrx_word' id='word_1_637' title='bbox 2690 4325 2742 4376; x_wconf 82' lang='lat' dir='ltr'><strong>cl</strong></span> <span class='ocrx_word' id='word_1_638' title='bbox 2770 4326 2891 4393; x_wconf 75' lang='grc' dir='ltr'><strong>μέν,</strong></span> <span class='ocrx_word' id='word_1_639' title='bbox 2920 4324 3018 4395; x_wconf 79' lang='grc' dir='ltr'><strong>τὴν</strong></span> <span class='ocrx_word' id='word_1_640' title='bbox 3047 4326 3256 4379; x_wconf 76' lang='grc' dir='ltr'><strong>οἰκείαν</strong></span> <span class='ocrx_word' id='word_1_641' title='bbox 3284 4327 3469 4390; x_wconf 76' lang='grc' dir='ltr'><strong>αὐτοῖς</strong></span> <span class='ocrx_word' id='word_1_642' title='bbox 3496 4326 3782 4397; x_wconf 84' lang='grc' dir='ltr'><strong>ἀρχόντων</strong></span> <span class='ocrx_word' id='word_1_643' title='bbox 3811 4327 4014 4396; x_wconf 78' lang='grc' dir='ltr'><strong>ἀτυχήο</strong></span> 
     </span>
    </p>
   </div>
   <div class='ocr_carea' id='block_1_91' title="bbox 2442 4416 4013 4490">
    <p class='ocr_par' dir='ltr' id='par_1_91' title="bbox 2442 4416 4013 4490">
     <span class='ocr_line' id='line_1_91' title="bbox 2442 4416 4013 4490; baseline 0.003 -21"><span class='ocrx_word' id='word_1_644' title='bbox 2442 4433 2660 4482; x_wconf 86' lang='grc' dir='ltr'><strong>σαντες,</strong></span> <span class='ocrx_word' id='word_1_645' title='bbox 2728 4416 2824 4471; x_wconf 78' lang='grc' dir='ltr'><strong>καὶ</strong></span> <span class='ocrx_word' id='word_1_646' title='bbox 2871 4421 2972 4489; x_wconf 81' lang='grc' dir='ltr'><strong>τῆς</strong></span> <span class='ocrx_word' id='word_1_647' title='bbox 3018 4422 3193 4489; x_wconf 80' lang='grc' dir='ltr'><strong>ἀρχῆς</strong></span> <span class='ocrx_word' id='word_1_648' title='bbox 3261 4419 3662 4490; x_wconf 69' lang='grc' dir='ltr'><strong>ἐκϐεϐλημένοι</strong></span> <span class='ocrx_word' id='word_1_649' title='bbox 3721 4420 4013 4488; x_wconf 85' lang='grc' dir='ltr'><strong>γεγόνασιν</strong></span> 
     </span>
    </p>
   </div>
   <div class='ocr_carea' id='block_1_92' title="bbox 766 4503 2429 4583">
    <p class='ocr_par' dir='ltr' id='par_1_92' title="bbox 766 4503 2411 4580">
     <span class='ocr_line' id='line_1_92' title="bbox 766 4503 2411 4580; baseline -0.001 -18"><span class='ocrx_word' id='word_1_650' title='bbox 766 4517 949 4562; x_wconf 90' lang='lat' dir='ltr'><strong>ctores</strong></span> <span class='ocrx_word' id='word_1_651' title='bbox 979 4506 1237 4569; x_wconf 90' lang='lat' dir='ltr'><strong>fuerunt;</strong></span> <span class='ocrx_word' id='word_1_652' title='bbox 1272 4503 1590 4572; x_wconf 82' lang='lat' dir='ltr'><strong>imperatori</strong></span> <span class='ocrx_word' id='word_1_653' title='bbox 1626 4503 1875 4574; x_wconf 61' lang='lat' dir='ltr'><strong>subesse,</strong></span> <span class='ocrx_word' id='word_1_654' title='bbox 1907 4505 2081 4559; x_wconf 84' lang='lat' dir='ltr'><strong>multo</strong></span> <span class='ocrx_word' id='word_1_655' title='bbox 2112 4506 2331 4571; x_wconf 89' lang='lat' dir='ltr'><strong>melius,</strong></span> <span class='ocrx_word' id='word_1_656' title='bbox 2368 4524 2411 4580; x_wconf 79' lang='grc' dir='ltr'><strong>ι)</strong></span> 
     </span>
    </p>
   </div>
   <div class='ocr_carea' id='block_1_93' title="bbox 2349 4503 4012 4583">
    <p class='ocr_par' dir='ltr' id='par_1_93' title="bbox 2368 4509 4012 4583">
     <span class='ocr_line' id='line_1_93' title="bbox 2368 4509 4012 4583; baseline 0.001 -22"><span class='ocrx_word' id='word_1_657' title='bbox 2368 4524 2411 4580; x_wconf 77' lang='grc' dir='ltr'><strong>ι)</strong></span> <span class='ocrx_word' id='word_1_658' title='bbox 2443 4511 2617 4562; x_wconf 78' lang='grc' dir='ltr'><strong>ἱκέται</strong></span> <span class='ocrx_word' id='word_1_659' title='bbox 2665 4509 2715 4562; x_wconf 87' lang='grc' dir='ltr'><strong>οἰ</strong></span> <span class='ocrx_word' id='word_1_660' title='bbox 2773 4511 2874 4579; x_wconf 75' lang='grc' dir='ltr'><strong>μὲν</strong></span> <span class='ocrx_word' id='word_1_661' title='bbox 2905 4512 3005 4580; x_wconf 77' lang='grc' dir='ltr'><strong>τὴν</strong></span> <span class='ocrx_word' id='word_1_662' title='bbox 3051 4511 3263 4565; x_wconf 76' lang='grc' dir='ltr'><strong>οἰκείαν</strong></span> <span class='ocrx_word' id='word_1_663' title='bbox 3326 4512 3513 4576; x_wconf 80' lang='grc' dir='ltr'><strong>αὐτοῖς</strong></span> <span class='ocrx_word' id='word_1_664' title='bbox 3534 4512 3780 4582; x_wconf 87' lang='grc' dir='ltr'><strong>δεόμενοι</strong></span> <span class='ocrx_word' id='word_1_665' title='bbox 3836 4512 4012 4583; x_wconf 74' lang='grc' dir='ltr'><strong>ἀρχὴν</strong></span> 
     </span>
    </p>
   </div>
   <div class='ocr_carea' id='block_1_94' title="bbox 765 4595 2337 4666">
    <p class='ocr_par' dir='ltr' id='par_1_94' title="bbox 765 4595 2337 4666">
     <span class='ocr_line' id='line_1_94' title="bbox 765 4595 2337 4666; baseline -0.002 -13"><span class='ocrx_word' id='word_1_666' title='bbox 765 4605 822 4653; x_wconf 91' lang='lat' dir='ltr'><strong>et</strong></span> <span class='ocrx_word' id='word_1_667' title='bbox 851 4597 1121 4651; x_wconf 90' lang='lat' dir='ltr'><strong>illustrius</strong></span> <span class='ocrx_word' id='word_1_668' title='bbox 1152 4595 1508 4662; x_wconf 80' lang='lat' dir='ltr'><strong>ducentibus,</strong></span> <span class='ocrx_word' id='word_1_669' title='bbox 1562 4610 1723 4665; x_wconf 89' lang='lat' dir='ltr'><strong>quam</strong></span> <span class='ocrx_word' id='word_1_670' title='bbox 1754 4595 1896 4664; x_wconf 86' lang='lat' dir='ltr'><strong>apud</strong></span> <span class='ocrx_word' id='word_1_671' title='bbox 1929 4610 2084 4649; x_wconf 89' lang='lat' dir='ltr'><strong>suam</strong></span> <span class='ocrx_word' id='word_1_672' title='bbox 2119 4605 2337 4666; x_wconf 75' lang='lat' dir='ltr'><strong>gentem</strong></span> 
     </span>
    </p>
   </div>
   <div class='ocr_carea' id='block_1_95' title="bbox 768 4684 2341 4743">
    <p class='ocr_par' dir='ltr' id='par_1_95' title="bbox 768 4684 2341 4743">
     <span class='ocr_line' id='line_1_95' title="bbox 768 4684 2341 4743; baseline -0.002 -1"><span class='ocrx_word' id='word_1_673' title='bbox 768 4703 955 4743; x_wconf 89' lang='lat' dir='ltr'><strong>rerum</strong></span> <span class='ocrx_word' id='word_1_674' title='bbox 996 4686 1242 4741; x_wconf 87' lang='lat' dir='ltr'><strong>habenas</strong></span> <span class='ocrx_word' id='word_1_675' title='bbox 1296 4684 1597 4739; x_wconf 89' lang='lat' dir='ltr'><strong>moderari.</strong></span> <span class='ocrx_word' id='word_1_676' title='bbox 1646 4684 1913 4739; x_wconf 92' lang='lat' dir='ltr'><strong>Similiter</strong></span> <span class='ocrx_word' id='word_1_677' title='bbox 1950 4700 2100 4739; x_wconf 90' lang='lat' dir='ltr'><strong>nunc</strong></span> <span class='ocrx_word' id='word_1_678' title='bbox 2133 4685 2341 4740; x_wconf 81' lang='lat' dir='ltr'><strong>Sisma-</strong></span> 
     </span>
    </p>
   </div>
   <div class='ocr_carea' id='block_1_96' title="bbox 768 4776 2335 4846">
    <p class='ocr_par' dir='ltr' id='par_1_96' title="bbox 768 4776 2335 4846">
     <span class='ocr_line' id='line_1_96' title="bbox 768 4776 2335 4846; baseline -0.003 -12"><span class='ocrx_word' id='word_1_679' title='bbox 768 4795 872 4834; x_wconf 90' lang='lat' dir='ltr'><strong>nus</strong></span> <span class='ocrx_word' id='word_1_680' title='bbox 929 4780 1301 4833; x_wconf 76' lang='lat' dir='ltr'><strong>Romanorum</strong></span> <span class='ocrx_word' id='word_1_681' title='bbox 1358 4776 1693 4845; x_wconf 76' lang='lat' dir='ltr'><strong>maiestatem</strong></span> <span class='ocrx_word' id='word_1_682' title='bbox 1754 4776 1983 4846; x_wconf 81' lang='lat' dir='ltr'><strong>supplex</strong></span> <span class='ocrx_word' id='word_1_683' title='bbox 2042 4776 2335 4841; x_wconf 81' lang='lat' dir='ltr'><strong>invocavit,</strong></span> 
     </span>
    </p>
   </div>
   <div class='ocr_carea' id='block_1_97' title="bbox 765 4866 2336 4938">
    <p class='ocr_par' dir='ltr' id='par_1_97' title="bbox 765 4866 2336 4938">
     <span class='ocr_line' id='line_1_97' title="bbox 765 4866 2336 4938; baseline -0.004 -13"><span class='ocrx_word' id='word_1_684' title='bbox 765 4886 874 4925; x_wconf 89' lang='lat' dir='ltr'><strong>non</strong></span> <span class='ocrx_word' id='word_1_685' title='bbox 912 4870 1003 4923; x_wconf 88' lang='lat' dir='ltr'><strong>ille</strong></span> <span class='ocrx_word' id='word_1_686' title='bbox 1042 4868 1271 4938; x_wconf 86' lang='lat' dir='ltr'><strong>quidem</strong></span> <span class='ocrx_word' id='word_1_687' title='bbox 1322 4875 1382 4920; x_wconf 88' lang='lat' dir='ltr'><strong>ttt</strong></span> <span class='ocrx_word' id='word_1_688' title='bbox 1422 4866 1475 4919; x_wconf 89' lang='lat' dir='ltr'><strong>in</strong></span> <span class='ocrx_word' id='word_1_689' title='bbox 1514 4880 1673 4919; x_wconf 82' lang='lat' dir='ltr'><strong>suum</strong></span> <span class='ocrx_word' id='word_1_690' title='bbox 1709 4879 1938 4936; x_wconf 83' lang='lat' dir='ltr'><strong>regnum</strong></span> <span class='ocrx_word' id='word_1_691' title='bbox 1995 4866 2336 4932; x_wconf 88' lang='lat' dir='ltr'><strong>restituatur,</strong></span> 
     </span>
    </p>
   </div>
   <div class='ocr_carea' id='block_1_98' title="bbox 764 4956 2336 5032">
    <p class='ocr_par' dir='ltr' id='par_1_98' title="bbox 764 4956 2336 5032">
     <span class='ocr_line' id='line_1_98' title="bbox 764 4956 2336 5032; baseline -0.004 -15"><span class='ocrx_word' id='word_1_692' title='bbox 764 4962 860 5017; x_wconf 87' lang='lat' dir='ltr'><strong>sed</strong></span> <span class='ocrx_word' id='word_1_693' title='bbox 898 4970 956 5015; x_wconf 93' lang='lat' dir='ltr'><strong>ut</strong></span> <span class='ocrx_word' id='word_1_694' title='bbox 980 4975 1012 5014; x_wconf 89' lang='lat' dir='ltr'><strong>e</strong></span> <span class='ocrx_word' id='word_1_695' title='bbox 1044 4974 1210 5029; x_wconf 78' lang='lat' dir='ltr'><strong>regno</strong></span> <span class='ocrx_word' id='word_1_696' title='bbox 1238 4957 1560 5028; x_wconf 78' lang='lat' dir='ltr'><strong>proﬂigatus</strong></span> <span class='ocrx_word' id='word_1_697' title='bbox 1585 5006 1600 5032; x_wconf 68' lang='lat'><strong>,</strong></span> <span class='ocrx_word' id='word_1_698' title='bbox 1632 4957 1687 5010; x_wconf 91' lang='lat' dir='ltr'><strong>in</strong></span> <span class='ocrx_word' id='word_1_699' title='bbox 1737 4957 1840 5010; x_wconf 88' lang='lat' dir='ltr'><strong>hac</strong></span> <span class='ocrx_word' id='word_1_700' title='bbox 1874 4956 2075 5011; x_wconf 88' lang='lat' dir='ltr'><strong>misera</strong></span> <span class='ocrx_word' id='word_1_701' title='bbox 2115 4956 2336 5011; x_wconf 87' lang='lat' dir='ltr'><strong>fortuna</strong></span> 
     </span>
    </p>
   </div>
   <div class='ocr_carea' id='block_1_99' title="bbox 764 5046 2339 5118">
    <p class='ocr_par' dir='ltr' id='par_1_99' title="bbox 764 5046 2339 5118">
     <span class='ocr_line' id='line_1_99' title="bbox 764 5046 2339 5118; baseline -0.003 -12"><span class='ocrx_word' id='word_1_702' title='bbox 764 5068 865 5106; x_wconf 89' lang='lat' dir='ltr'><strong>sua</strong></span> <span class='ocrx_word' id='word_1_703' title='bbox 897 5062 1083 5105; x_wconf 90' lang='lat' dir='ltr'><strong>nostra</strong></span> <span class='ocrx_word' id='word_1_704' title='bbox 1133 5064 1263 5103; x_wconf 88' lang='lat' dir='ltr'><strong>cura</strong></span> <span class='ocrx_word' id='word_1_705' title='bbox 1294 5088 1309 5115; x_wconf 89' lang='lat'><strong>,</strong></span> <span class='ocrx_word' id='word_1_706' title='bbox 1347 5046 1842 5118; x_wconf 87' lang='lat' dir='ltr'><strong>procurationeque</strong></span> <span class='ocrx_word' id='word_1_707' title='bbox 1878 5056 2181 5101; x_wconf 88' lang='lat' dir='ltr'><strong>recreetur.</strong></span> <span class='ocrx_word' id='word_1_708' title='bbox 2213 5047 2339 5102; x_wconf 82' lang='lat' dir='ltr'><strong>Ale-</strong></span> 
     </span>
    </p>
   </div>
   <div class='ocr_carea' id='block_1_100' title="bbox 682 5138 2338 5212">
    <p class='ocr_par' dir='ltr' id='par_1_100' title="bbox 682 5138 2338 5212">
     <span class='ocr_line' id='line_1_100' title="bbox 682 5138 2338 5212; baseline -0.004 -11"><span class='ocrx_word' id='word_1_709' title='bbox 682 5206 687 5211; x_wconf 48' lang='grc'><strong>,</strong></span> <span class='ocrx_word' id='word_1_710' title='bbox 766 5145 977 5201; x_wconf 78' lang='lat' dir='ltr'><strong>xander</strong></span> <span class='ocrx_word' id='word_1_711' title='bbox 1008 5158 1171 5212; x_wconf 88' lang='lat' dir='ltr'><strong>porro</strong></span> <span class='ocrx_word' id='word_1_712' title='bbox 1207 5157 1300 5195; x_wconf 77' lang='lat' dir='ltr'><strong>rex</strong></span> <span class='ocrx_word' id='word_1_713' title='bbox 1332 5150 1533 5203; x_wconf 86' lang='lat' dir='ltr'><strong>vester,</strong></span> <span class='ocrx_word' id='word_1_714' title='bbox 1578 5151 1807 5209; x_wconf 87' lang='lat' dir='ltr'><strong>propter</strong></span> <span class='ocrx_word' id='word_1_715' title='bbox 1846 5138 2057 5193; x_wconf 89' lang='lat' dir='ltr'><strong>obitum</strong></span> <span class='ocrx_word' id='word_1_716' title='bbox 2100 5140 2338 5209; x_wconf 87' lang='lat' dir='ltr'><strong>impera-</strong></span> 
     </span>
    </p>
   </div>
   <div class='ocr_carea' id='block_1_101' title="bbox 767 5230 2339 5295">
    <p class='ocr_par' dir='ltr' id='par_1_101' title="bbox 767 5230 2339 5295">
     <span class='ocr_line' id='line_1_101' title="bbox 767 5230 2339 5295; baseline -0.005 -1"><span class='ocrx_word' id='word_1_717' title='bbox 767 5242 903 5294; x_wconf 87' lang='lat' dir='ltr'><strong>toris</strong></span> <span class='ocrx_word' id='word_1_718' title='bbox 935 5239 1001 5291; x_wconf 88' lang='lat' dir='ltr'><strong>de</strong></span> <span class='ocrx_word' id='word_1_719' title='bbox 1039 5230 1407 5289; x_wconf 76' lang='lat' dir='ltr'><strong>Romanorum</strong></span> <span class='ocrx_word' id='word_1_720' title='bbox 1446 5232 1610 5284; x_wconf 89' lang='lat' dir='ltr'><strong>rebus</strong></span> <span class='ocrx_word' id='word_1_721' title='bbox 1660 5242 1841 5284; x_wconf 84' lang='lat' dir='ltr'><strong>actum</strong></span> <span class='ocrx_word' id='word_1_722' title='bbox 1886 5233 2248 5295; x_wconf 70' lang='lat' dir='ltr'><strong>existimans,</strong></span> <span class='ocrx_word' id='word_1_723' title='bbox 2280 5240 2339 5287; x_wconf 90' lang='lat' dir='ltr'><strong>et</strong></span> 
     </span>
    </p>
   </div>
   <div class='ocr_carea' id='block_1_102' title="bbox 706 5318 2336 5399">
    <p class='ocr_par' dir='ltr' id='par_1_102' title="bbox 706 5318 2336 5399">
     <span class='ocr_line' id='line_1_102' title="bbox 706 5318 2336 5399; baseline -0.005 -11"><span class='ocrx_word' id='word_1_724' title='bbox 706 5318 709 5323; x_wconf 54' lang='grc'><em>’</em></span> <span class='ocrx_word' id='word_1_725' title='bbox 767 5332 1044 5388; x_wconf 86' lang='lat' dir='ltr'><strong>ttcmiuettt</strong></span> <span class='ocrx_word' id='word_1_726' title='bbox 1098 5329 1346 5399; x_wconf 85' lang='lat' dir='ltr'><strong>adeptos,</strong></span> <span class='ocrx_word' id='word_1_727' title='bbox 1378 5326 1470 5395; x_wconf 93' lang='lat' dir='ltr'><strong>qui</strong></span> <span class='ocrx_word' id='word_1_728' title='bbox 1524 5340 1618 5379; x_wconf 89' lang='lat' dir='ltr'><strong>eas</strong></span> <span class='ocrx_word' id='word_1_729' title='bbox 1661 5340 1848 5395; x_wconf 79' lang='lat' dir='ltr'><strong>regere</strong></span> <span class='ocrx_word' id='word_1_730' title='bbox 1888 5326 2092 5394; x_wconf 89' lang='lat' dir='ltr'><strong>possit,</strong></span> <span class='ocrx_word' id='word_1_731' title='bbox 2128 5326 2336 5393; x_wconf 78' lang='lat' dir='ltr'><strong>legatos</strong></span> 
     </span>
    </p>
   </div>
   <div class='ocr_carea' id='block_1_103' title="bbox 2440 4600 4013 4675">
    <p class='ocr_par' dir='ltr' id='par_1_103' title="bbox 2440 4600 4013 4675">
     <span class='ocr_line' id='line_1_103' title="bbox 2440 4600 4013 4675; baseline 0.003 -22"><span class='ocrx_word' id='word_1_732' title='bbox 2440 4600 2842 4665; x_wconf 77' lang='grc' dir='ltr'><strong>ἐπανασὼζειν,</strong></span> <span class='ocrx_word' id='word_1_733' title='bbox 2872 4602 2923 4654; x_wconf 89' lang='grc' dir='ltr'><strong>οἰ</strong></span> <span class='ocrx_word' id='word_1_734' title='bbox 2954 4602 3011 4655; x_wconf 76' lang='grc' dir='ltr'><strong>δὲ</strong></span> <span class='ocrx_word' id='word_1_735' title='bbox 3048 4606 3141 4656; x_wconf 68' lang='grc' dir='ltr'><strong>καὶ</strong></span> <span class='ocrx_word' id='word_1_736' title='bbox 3173 4603 3352 4667; x_wconf 76' lang='grc' dir='ltr'><strong>ἄλλως</strong></span> <span class='ocrx_word' id='word_1_737' title='bbox 3399 4605 3664 4674; x_wconf 84' lang='grc' dir='ltr'><strong>προνοίας</strong></span> <span class='ocrx_word' id='word_1_738' title='bbox 3720 4605 3815 4658; x_wconf 84' lang='grc' dir='ltr'><strong>καὶ</strong></span> <span class='ocrx_word' id='word_1_739' title='bbox 3855 4606 4013 4675; x_wconf 83' lang='grc' dir='ltr'><strong>κηδε-</strong></span> 
     </span>
    </p>
   </div>
   <div class='ocr_carea' id='block_1_104' title="bbox 2442 4693 4012 4767">
    <p class='ocr_par' dir='ltr' id='par_1_104' title="bbox 2442 4693 4012 4767">
     <span class='ocr_line' id='line_1_104' title="bbox 2442 4693 4012 4767; baseline 0.004 -25"><span class='ocrx_word' id='word_1_740' title='bbox 2442 4693 2634 4759; x_wconf 89' lang='grc' dir='ltr'><strong>μονίας</strong></span> <span class='ocrx_word' id='word_1_741' title='bbox 2669 4694 2852 4762; x_wconf 83' lang='grc' dir='ltr'><strong>τυχεῖν</strong></span> <span class='ocrx_word' id='word_1_742' title='bbox 2897 4709 3066 4757; x_wconf 83' lang='grc' dir='ltr'><strong>τινος,</strong></span> <span class='ocrx_word' id='word_1_743' title='bbox 3106 4694 3200 4747; x_wconf 78' lang='grc' dir='ltr'><strong>καὶ</strong></span> <span class='ocrx_word' id='word_1_744' title='bbox 3227 4695 3395 4759; x_wconf 69' lang='grc' dir='ltr'><strong>πᾶσιν</strong></span> <span class='ocrx_word' id='word_1_745' title='bbox 3451 4696 3694 4767; x_wconf 73' lang='grc' dir='ltr'><strong>ήρκεσαν</strong></span> <span class='ocrx_word' id='word_1_746' title='bbox 3724 4697 3860 4767; x_wconf 75' lang='grc' dir='ltr'><strong>πρὸς</strong></span> <span class='ocrx_word' id='word_1_747' title='bbox 3914 4697 4012 4761; x_wconf 79' lang='grc' dir='ltr'><strong>τὰς</strong></span> 
     </span>
    </p>
   </div>
   <div class='ocr_carea' id='block_1_105' title="bbox 2441 4782 4011 4859">
    <p class='ocr_par' dir='ltr' id='par_1_105' title="bbox 2441 4782 4011 4859">
     <span class='ocr_line' id='line_1_105' title="bbox 2441 4782 4011 4859; baseline 0.003 -25"><span class='ocrx_word' id='word_1_748' title='bbox 2441 4783 2750 4853; x_wconf 82' lang='grc' dir='ltr'><strong>συμφορὰς,</strong></span> <span class='ocrx_word' id='word_1_749' title='bbox 2808 4782 3000 4855; x_wconf 84' lang='grc' dir='ltr'><strong>ὥσπερ</strong></span> <span class='ocrx_word' id='word_1_750' title='bbox 3040 4787 3209 4839; x_wconf 73' lang='grc' dir='ltr'><strong>κοινοὶ</strong></span> <span class='ocrx_word' id='word_1_751' title='bbox 3263 4787 3535 4855; x_wconf 79' lang='grc' dir='ltr'><strong>σωτῆρες,</strong></span> <span class='ocrx_word' id='word_1_752' title='bbox 3566 4789 3661 4841; x_wconf 79' lang='grc' dir='ltr'><strong>καὶ</strong></span> <span class='ocrx_word' id='word_1_753' title='bbox 3708 4788 4011 4859; x_wconf 77' lang='grc' dir='ltr'><strong>προστάται</strong></span> 
     </span>
    </p>
   </div>
   <div class='ocr_carea' id='block_1_106' title="bbox 2436 4874 4010 4949">
    <p class='ocr_par' dir='ltr' id='par_1_106' title="bbox 2436 4874 4010 4949">
     <span class='ocr_line' id='line_1_106' title="bbox 2436 4874 4010 4949; baseline 0.004 -24"><span class='ocrx_word' id='word_1_754' title='bbox 2436 4874 2546 4925; x_wconf 86' lang='grc' dir='ltr'><strong>τῶν</strong></span> <span class='ocrx_word' id='word_1_755' title='bbox 2591 4874 2833 4942; x_wconf 77' lang='grc' dir='ltr'><strong>δυσκόλῳ</strong></span> <span class='ocrx_word' id='word_1_756' title='bbox 2860 4875 3003 4946; x_wconf 81' lang='grc' dir='ltr'><strong>τύχῃ</strong></span> <span class='ocrx_word' id='word_1_757' title='bbox 3033 4878 3401 4946; x_wconf 79' lang='grc' dir='ltr'><strong>χρησαμένων</strong></span> <span class='ocrx_word' id='word_1_758' title='bbox 3426 4878 3599 4941; x_wconf 80' lang='grc' dir='ltr'><strong>ὄντες.</strong></span> <span class='ocrx_word' id='word_1_759' title='bbox 3637 4881 3749 4932; x_wconf 77' lang='grc' dir='ltr'><strong>Καὶ</strong></span> <span class='ocrx_word' id='word_1_760' title='bbox 3778 4884 3891 4942; x_wconf 82' lang='grc' dir='ltr'><strong>τοῖς</strong></span> <span class='ocrx_word' id='word_1_761' title='bbox 3913 4879 4010 4949; x_wconf 84' lang='grc' dir='ltr'><strong>μὲν</strong></span> 
     </span>
    </p>
   </div>
   <div class='ocr_carea' id='block_1_107' title="bbox 2438 4961 4013 5039">
    <p class='ocr_par' dir='ltr' id='par_1_107' title="bbox 2438 4961 4013 5039">
     <span class='ocr_line' id='line_1_107' title="bbox 2438 4961 4013 5039; baseline 0.004 -24"><span class='ocrx_word' id='word_1_762' title='bbox 2438 4961 2620 5015; x_wconf 75' lang='grc' dir='ltr'><strong>αὐτῶν</strong></span> <span class='ocrx_word' id='word_1_763' title='bbox 2671 4965 2942 5018; x_wconf 81' lang='grc' dir='ltr'><strong>ἀπέδοσαν</strong></span> <span class='ocrx_word' id='word_1_764' title='bbox 2971 4968 3071 5028; x_wconf 71' lang='grc' dir='ltr'><strong>τὰς</strong></span> <span class='ocrx_word' id='word_1_765' title='bbox 3124 4967 3302 5036; x_wconf 76' lang='grc' dir='ltr'><strong>ἀρχὰς</strong></span> <span class='ocrx_word' id='word_1_766' title='bbox 3350 4968 3501 5038; x_wconf 77' lang='grc' dir='ltr'><strong>χειρὶ</strong></span> <span class='ocrx_word' id='word_1_767' title='bbox 3537 4968 3705 5039; x_wconf 78' lang='grc' dir='ltr'><strong>πολλῇ</strong></span> <span class='ocrx_word' id='word_1_768' title='bbox 3766 4986 4013 5035; x_wconf 78' lang='grc' dir='ltr'><strong>καταγαο</strong></span> 
     </span>
    </p>
   </div>
   <div class='ocr_carea' id='block_1_108' title="bbox 2439 5053 4011 5129">
    <p class='ocr_par' dir='ltr' id='par_1_108' title="bbox 2439 5053 4011 5129">
     <span class='ocr_line' id='line_1_108' title="bbox 2439 5053 4011 5129; baseline 0.005 -24"><span class='ocrx_word' id='word_1_769' title='bbox 2439 5053 2653 5119; x_wconf 86' lang='grc' dir='ltr'><strong>γόντες,</strong></span> <span class='ocrx_word' id='word_1_770' title='bbox 2686 5055 2865 5119; x_wconf 76' lang='grc' dir='ltr'><strong>ένίους</strong></span> <span class='ocrx_word' id='word_1_771' title='bbox 2895 5056 2952 5109; x_wconf 76' lang='grc' dir='ltr'><strong>δὲ</strong></span> <span class='ocrx_word' id='word_1_772' title='bbox 2985 5057 3458 5127; x_wconf 82' lang='grc' dir='ltr'><strong>εὐεργετήσαντες</strong></span> <span class='ocrx_word' id='word_1_773' title='bbox 3499 5060 3735 5129; x_wconf 81' lang='grc' dir='ltr'><strong>μεγάλα,</strong></span> <span class='ocrx_word' id='word_1_774' title='bbox 3778 5062 3875 5112; x_wconf 79' lang='grc' dir='ltr'><strong>καὶ</strong></span> <span class='ocrx_word' id='word_1_775' title='bbox 3911 5060 4011 5127; x_wconf 72' lang='grc' dir='ltr'><strong>τῆς</strong></span> 
     </span>
    </p>
   </div>
   <div class='ocr_carea' id='block_1_109' title="bbox 2437 5146 4010 5221">
    <p class='ocr_par' dir='ltr' id='par_1_109' title="bbox 2437 5146 4010 5221">
     <span class='ocr_line' id='line_1_109' title="bbox 2437 5146 4010 5221; baseline 0.004 -25"><span class='ocrx_word' id='word_1_776' title='bbox 2437 5146 2647 5207; x_wconf 67' lang='grc' dir='ltr'><strong>οἰκείας</strong></span> <span class='ocrx_word' id='word_1_777' title='bbox 2704 5148 3032 5215; x_wconf 78' lang='grc' dir='ltr'><strong>ποιήσαντες</strong></span> <span class='ocrx_word' id='word_1_778' title='bbox 3091 5149 3419 5203; x_wconf 76' lang='grc' dir='ltr'><strong>ἐκλαθέσθαι</strong></span> <span class='ocrx_word' id='word_1_779' title='bbox 3456 5153 3523 5221; x_wconf 81' lang='grc' dir='ltr'><strong>τῇ</strong></span> <span class='ocrx_word' id='word_1_780' title='bbox 3575 5151 3850 5221; x_wconf 78' lang='grc' dir='ltr'><strong>ὑπερϐολῇ</strong></span> <span class='ocrx_word' id='word_1_781' title='bbox 3904 5153 4010 5203; x_wconf 66' lang='grc' dir='ltr'><strong>τᾶν</strong></span> 
     </span>
    </p>
   </div>
   <div class='ocr_carea' id='block_1_110' title="bbox 2439 5235 4008 5313">
    <p class='ocr_par' dir='ltr' id='par_1_110' title="bbox 2439 5235 4008 5313">
     <span class='ocr_line' id='line_1_110' title="bbox 2439 5235 4008 5313; baseline 0.005 -27"><span class='ocrx_word' id='word_1_782' title='bbox 2439 5235 2684 5305; x_wconf 83' lang='grc' dir='ltr'><strong>δωρεῶν,</strong></span> <span class='ocrx_word' id='word_1_783' title='bbox 2715 5238 2943 5292; x_wconf 78' lang='grc' dir='ltr'><strong>ἔπεισαν</strong></span> <span class='ocrx_word' id='word_1_784' title='bbox 2974 5241 3159 5303; x_wconf 81' lang='grc' dir='ltr'><strong>αὐτοῖς</strong></span> <span class='ocrx_word' id='word_1_785' title='bbox 3186 5242 3533 5294; x_wconf 80' lang='grc' dir='ltr'><strong>συνείναιδιὰ</strong></span> <span class='ocrx_word' id='word_1_786' title='bbox 3566 5242 3705 5311; x_wconf 81' lang='grc' dir='ltr'><strong>βίου,</strong></span> <span class='ocrx_word' id='word_1_787' title='bbox 3731 5244 3830 5313; x_wconf 81' lang='grc' dir='ltr'><strong>τὴν</strong></span> <span class='ocrx_word' id='word_1_788' title='bbox 3861 5243 4008 5311; x_wconf 78' lang='grc' dir='ltr'><strong>παρὰ</strong></span> 
     </span>
    </p>
   </div>
   <div class='ocr_carea' id='block_1_111' title="bbox 2444 5327 4006 5403">
    <p class='ocr_par' dir='ltr' id='par_1_111' title="bbox 2444 5327 4006 5403">
     <span class='ocr_line' id='line_1_111' title="bbox 2444 5327 4006 5403; baseline 0.003 -24"><span class='ocrx_word' id='word_1_789' title='bbox 2444 5327 2655 5395; x_wconf 87' lang='grc' dir='ltr'><strong>βασιλεί</strong></span> <span class='ocrx_word' id='word_1_790' title='bbox 2683 5328 2930 5383; x_wconf 88' lang='grc' dir='ltr'><strong>δουλείαν</strong></span> <span class='ocrx_word' id='word_1_791' title='bbox 2961 5332 3096 5384; x_wconf 81' lang='grc' dir='ltr'><strong>πολὺ</strong></span> <span class='ocrx_word' id='word_1_792' title='bbox 3131 5332 3323 5402; x_wconf 87' lang='grc' dir='ltr'><strong>βελτίω</strong></span> <span class='ocrx_word' id='word_1_793' title='bbox 3348 5334 3683 5403; x_wconf 80' lang='grc' dir='ltr'><strong>νομίσαντας</strong></span> <span class='ocrx_word' id='word_1_794' title='bbox 3735 5336 3829 5386; x_wconf 82' lang='grc' dir='ltr'><strong>καὶ</strong></span> <span class='ocrx_word' id='word_1_795' title='bbox 3876 5333 4006 5386; x_wconf 85' lang='grc' dir='ltr'><strong>θαυ-</strong></span> 
     </span>
    </p>
   </div>
   <div class='ocr_carea' id='block_1_112' title="bbox 2030 5438 2770 5503">
    <p class='ocr_par' dir='ltr' id='par_1_112' title="bbox 2030 5438 2770 5503">
     <span class='ocr_line' id='line_1_112' title="bbox 2030 5438 2770 5503; baseline 0.008 -6"><span class='ocrx_word' id='word_1_796' title='bbox 2030 5438 2245 5499; x_wconf 82' lang='lat' dir='ltr'><strong>Jacobi</strong></span> <span class='ocrx_word' id='word_1_797' title='bbox 2282 5439 2547 5501; x_wconf 77' lang='lat' dir='ltr'><strong>Pontani</strong></span> <span class='ocrx_word' id='word_1_798' title='bbox 2582 5450 2770 5503; x_wconf 71' lang='lat' dir='ltr'><strong>notua.</strong></span> 
     </span>
    </p>
   </div>
   <div class='ocr_carea' id='block_1_113' title="bbox 840 5563 2331 5638">
    <p class='ocr_par' dir='ltr' id='par_1_113' title="bbox 840 5563 2331 5638">
     <span class='ocr_line' id='line_1_113' title="bbox 840 5563 2331 5638; baseline -0.003 -16"><span class='ocrx_word' id='word_1_799' title='bbox 840 5568 952 5638; x_wconf 86' lang='lat'><strong>(98)</strong></span> <span class='ocrx_word' id='word_1_800' title='bbox 996 5566 1270 5619; x_wconf 80' lang='lat' dir='ltr'><strong>Romanos</strong></span> <span class='ocrx_word' id='word_1_801' title='bbox 1309 5566 1721 5638; x_wconf 59' lang='lat' dir='ltr'><strong>inipcratoresa</strong></span> <span class='ocrx_word' id='word_1_802' title='bbox 1752 5563 2109 5617; x_wconf 80' lang='lat' dir='ltr'><strong>Constantino</strong></span> <span class='ocrx_word' id='word_1_803' title='bbox 2142 5564 2331 5633; x_wconf 76' lang='lat' dir='ltr'><strong>Magno</strong></span> 
     </span>
    </p>
   </div>
   <div class='ocr_carea' id='block_1_114' title="bbox 766 5635 2328 5709">
    <p class='ocr_par' dir='ltr' id='par_1_114' title="bbox 766 5635 2328 5709">
     <span class='ocr_line' id='line_1_114' title="bbox 766 5635 2328 5709; baseline -0.004 -14"><span class='ocrx_word' id='word_1_804' title='bbox 766 5635 1038 5709; x_wconf 68' lang='lat' dir='ltr'><strong>recepisse</strong></span> <span class='ocrx_word' id='word_1_805' title='bbox 1085 5639 1391 5705; x_wconf 74' lang='lat' dir='ltr'><strong>SllllpliCt&#39;S,</strong></span> <span class='ocrx_word' id='word_1_806' title='bbox 1433 5646 1522 5709; x_wconf 62' lang='lat' dir='ltr'><strong>ant</strong></span> <span class='ocrx_word' id='word_1_807' title='bbox 1565 5635 1818 5703; x_wconf 73' lang='lat' dir='ltr'><strong>profugos</strong></span> <span class='ocrx_word' id='word_1_808' title='bbox 1855 5650 2010 5709; x_wconf 58' lang='lat' dir='ltr'><strong>reges</strong></span> <span class='ocrx_word' id='word_1_809' title='bbox 2058 5639 2328 5709; x_wconf 65' lang='lat' dir='ltr'><strong>variarunt</strong></span> 
     </span>
    </p>
   </div>
   <div class='ocr_carea' id='block_1_115' title="bbox 766 5705 2320 5783">
    <p class='ocr_par' dir='ltr' id='par_1_115' title="bbox 766 5705 2320 5783">
     <span class='ocr_line' id='line_1_115' title="bbox 766 5705 2320 5783; baseline -0.006 -18"><span class='ocrx_word' id='word_1_810' title='bbox 766 5705 1233 5783; x_wconf 23' lang='lat' dir='ltr'><strong>gentiutnjhiisque</strong></span> <span class='ocrx_word' id='word_1_811' title='bbox 1271 5706 1629 5783; x_wconf 71' lang='lat' dir='ltr'><strong>cott~ul_u_t_isse,</strong></span> <span class='ocrx_word' id='word_1_812' title='bbox 1670 5717 1821 5783; x_wconf 62' lang='lat' dir='ltr'><strong>patet</strong></span> <span class='ocrx_word' id='word_1_813' title='bbox 1857 5705 2320 5783; x_wconf 51' lang='lat' dir='ltr'><strong>eitltist0ri_is;__lto-</strong></span> 
     </span>
    </p>
   </div>
   <div class='ocr_carea' id='block_1_116' title="bbox 2440 5572 4003 5648">
    <p class='ocr_par' dir='ltr' id='par_1_116' title="bbox 2440 5572 4003 5648">
     <span class='ocr_line' id='line_1_116' title="bbox 2440 5572 4003 5648; baseline 0.01 -30"><span class='ocrx_word' id='word_1_814' title='bbox 2440 5585 2621 5635; x_wconf 84' lang='lat' dir='ltr'><strong>regum</strong></span> <span class='ocrx_word' id='word_1_815' title='bbox 2660 5572 2883 5648; x_wconf 74' lang='lat' dir='ltr'><strong>[ortum</strong></span> <span class='ocrx_word' id='word_1_816' title='bbox 2926 5573 3082 5641; x_wconf 77' lang='lat' dir='ltr'><strong>facile</strong></span> <span class='ocrx_word' id='word_1_817' title='bbox 3114 5576 3393 5629; x_wconf 84' lang='lat' dir='ltr'><strong>multorum</strong></span> <span class='ocrx_word' id='word_1_818' title='bbox 3428 5594 3565 5645; x_wconf 76' lang='lat' dir='ltr'><strong>opes,</strong></span> <span class='ocrx_word' id='word_1_819' title='bbox 3611 5594 3789 5632; x_wconf 80' lang='lat' dir='ltr'><strong>eorum</strong></span> <span class='ocrx_word' id='word_1_820' title='bbox 3825 5581 4003 5646; x_wconf 79' lang='lat' dir='ltr'><strong>impri-</strong></span> 
     </span>
    </p>
   </div>
   <div class='ocr_carea' id='block_1_117' title="bbox 2440 5649 4000 5763">
    <p class='ocr_par' dir='ltr' id='par_1_117' title="bbox 2440 5649 4000 5763">
     <span class='ocr_line' id='line_1_117' title="bbox 2440 5649 4000 5763; baseline 0.008 -75"><span class='ocrx_word' id='word_1_821' title='bbox 2440 5654 2554 5715; x_wconf 73' lang='lat' dir='ltr'><strong>mis,</strong></span> <span class='ocrx_word' id='word_1_822' title='bbox 2586 5656 2673 5706; x_wconf 84' lang='lat' dir='ltr'><strong>qut</strong></span> <span class='ocrx_word' id='word_1_823' title='bbox 2704 5650 2797 5692; x_wconf 84' lang='lat' dir='ltr'><strong>aut</strong></span> <span class='ocrx_word' id='word_1_824' title='bbox 2829 5659 2971 5763; x_wconf 56' lang='lat' dir='ltr'><strong>re?“</strong></span> <span class='ocrx_word' id='word_1_825' title='bbox 2996 5654 3139 5701; x_wconf 76' lang='lat' dir='ltr'><strong>sunt.</strong></span> <span class='ocrx_word' id='word_1_826' title='bbox 3173 5657 3263 5697; x_wconf 81' lang='lat' dir='ltr'><strong>aut</strong></span> <span class='ocrx_word' id='word_1_827' title='bbox 3298 5649 3352 5698; x_wconf 81' lang='lat' dir='ltr'><strong>in</strong></span> <span class='ocrx_word' id='word_1_828' title='bbox 3380 5664 3538 5715; x_wconf 78' lang='lat' dir='ltr'><strong>regno</strong></span> <span class='ocrx_word' id='word_1_829' title='bbox 3570 5651 3766 5707; x_wconf 77' lang='lat' dir='ltr'><strong>vivunt,</strong></span> <span class='ocrx_word' id='word_1_830' title='bbox 3809 5652 3877 5701; x_wconf 80' lang='lat' dir='ltr'><strong>ad</strong></span> <span class='ocrx_word' id='word_1_831' title='bbox 3905 5651 4000 5700; x_wconf 78' lang='lat' dir='ltr'><strong>nti-</strong></span> 
     </span>
     <span class='ocr_line' id='line_1_118' title="bbox 2440 5709 3994 5763; baseline 0.003 -5"><span class='ocrx_word' id='word_1_832' title='bbox 2440 5709 2782 5761; x_wconf 78' lang='lat' dir='ltr'><strong>serrcordiam</strong></span> <span class='ocrx_word' id='word_1_833' title='bbox 2825 5716 2875 5763; x_wconf 78' lang='lat' dir='ltr'><strong>al</strong></span> <span class='ocrx_word' id='word_1_834' title='bbox 2904 5714 3066 5763; x_wconf 76' lang='lat' dir='ltr'><strong>iciuttt</strong></span> <span class='ocrx_word' id='word_1_835' title='bbox 3093 5729 3110 5763; x_wconf 90' lang='lat'><em>:</em></span> <span class='ocrx_word' id='word_1_836' title='bbox 3151 5719 3287 5763; x_wconf 83' lang='lat' dir='ltr'><strong>auod</strong></span> <span class='ocrx_word' id='word_1_837' title='bbox 3333 5718 3507 5763; x_wconf 69' lang='lat' dir='ltr'><strong>regale</strong></span> <span class='ocrx_word' id='word_1_838' title='bbox 3554 5720 3622 5763; x_wconf 71' lang='lat' dir='ltr'><strong>iis</strong></span> <span class='ocrx_word' id='word_1_839' title='bbox 3666 5734 3847 5763; x_wconf 69' lang='lat' dir='ltr'><strong>nomen</strong></span> <span class='ocrx_word' id='word_1_840' title='bbox 3887 5734 3994 5763; x_wconf 72' lang='lat' dir='ltr'><strong>iun-</strong></span> 
     </span>
    </p>
   </div>
   <div class='ocr_carea' id='block_1_118' title="bbox 2439 5709 3994 5787">
    <p class='ocr_par' dir='ltr' id='par_1_118' title="bbox 2439 5709 3994 5787">
     <span class='ocr_line' id='line_1_119' title="bbox 2439 5709 3994 5787; baseline 0.008 -29"><span class='ocrx_word' id='word_1_841' title='bbox 2439 5709 2782 5761; x_wconf 80' lang='lat' dir='ltr'><strong>sertcordiam</strong></span> <span class='ocrx_word' id='word_1_842' title='bbox 2825 5709 3110 5766; x_wconf 78' lang='lat' dir='ltr'><strong>alliciunt:</strong></span> <span class='ocrx_word' id='word_1_843' title='bbox 3151 5719 3287 5783; x_wconf 85' lang='lat' dir='ltr'><strong>quod</strong></span> <span class='ocrx_word' id='word_1_844' title='bbox 3333 5709 3507 5787; x_wconf 68' lang='grc' dir='ltr'><strong>τεθᾶίε</strong></span> <span class='ocrx_word' id='word_1_845' title='bbox 3554 5720 3622 5773; x_wconf 72' lang='lat' dir='ltr'><strong>iis</strong></span> <span class='ocrx_word' id='word_1_846' title='bbox 3666 5734 3847 5773; x_wconf 80' lang='lat' dir='ltr'><strong>nomen</strong></span> <span class='ocrx_word' id='word_1_847' title='bbox 3886 5734 3994 5771; x_wconf 80' lang='lat' dir='ltr'><strong>uta-</strong></span> 
     </span>
    </p>
   </div>
   <div class='ocr_carea' id='block_1_119' title="bbox 766 5774 3389 5846">
    <p class='ocr_par' dir='ltr' id='par_1_119' title="bbox 766 5774 3389 5846">
     <span class='ocr_line' id='line_1_120' title="bbox 766 5774 3389 5846; baseline 0.001 -9"><span class='ocrx_word' id='word_1_848' title='bbox 766 5774 961 5837; x_wconf 72' lang='lat' dir='ltr'><strong>ihunis.</strong></span> <span class='ocrx_word' id='word_1_849' title='bbox 1003 5774 1233 5833; x_wconf 68' lang='lat' dir='ltr'><strong>Nantut</strong></span> <span class='ocrx_word' id='word_1_850' title='bbox 1279 5779 1415 5830; x_wconf 86' lang='lat' dir='ltr'><strong>bene</strong></span> <span class='ocrx_word' id='word_1_851' title='bbox 1450 5776 1637 5831; x_wconf 72' lang='lat' dir='ltr'><strong>Cicero</strong></span> <span class='ocrx_word' id='word_1_852' title='bbox 1669 5776 1723 5829; x_wconf 88' lang='lat' dir='ltr'><strong>in</strong></span> <span class='ocrx_word' id='word_1_853' title='bbox 1759 5774 2045 5827; x_wconf 80' lang='lat' dir='ltr'><strong>Maniliana</strong></span> <span class='ocrx_word' id='word_1_854' title='bbox 2073 5791 2085 5827; x_wconf 92' lang='lat'><strong>:</strong></span> <span class='ocrx_word' id='word_1_855' title='bbox 2115 5774 2327 5843; x_wconf 77' lang='lat' dir='ltr'><strong>Aﬂlicue</strong></span> <span class='ocrx_word' id='word_1_856' title='bbox 2435 5793 2618 5846; x_wconf 88' lang='lat' dir='ltr'><strong>gnum,</strong></span> <span class='ocrx_word' id='word_1_857' title='bbox 2655 5788 2702 5831; x_wconf 88' lang='lat' dir='ltr'><strong>et</strong></span> <span class='ocrx_word' id='word_1_858' title='bbox 2729 5790 2966 5835; x_wconf 72' lang='lat' dir='ltr'><strong>sanctum</strong></span> <span class='ocrx_word' id='word_1_859' title='bbox 2994 5799 3101 5837; x_wconf 71' lang='lat' dir='ltr'><strong>esse</strong></span> <span class='ocrx_word' id='word_1_860' title='bbox 3127 5774 3389 5840; x_wconf 73' lang='lat' dir='ltr'><strong>videatur.</strong></span> 
     </span>
    </p>
   </div>
  </div>
