4212 6444
717 432 823 496 751

1913 435 2238 497 JOANNlS
2277 430 2812 494 CANTACUZENI

3842 422 3986 488 452

716 544 896 598 scelus
921 525 1137 607 usuros.
1159 557 1388 612 eamque
1413 541 1833 610 disperdituros,
1857 551 1913 598 et
1940 542 2091 596 illum
2122 543 2298 596 solum

2405 542 2514 594 τῶν
2539 541 2838 610 προτέρων,
2868 539 2900 610 ἢ
2938 537 3163 592 ἐκείνων
3193 538 3268 610 μὴ
3304 541 3386 603 είς
3419 539 3541 594 δέον
3573 539 3687 601 τοῖς
3728 538 3983 608 χρήμασι

717 649 905 688 rerum
994 635 1279 704 praesidem
1359 634 1585 702 ejusque
1633 648 1855 687 sensum
1912 635 2287 702 perspexerit,

717 726 995 795 quomodo
1027 725 1097 778 ob
1131 739 1478 779 communem
1532 724 1824 778 utilitatem
1863 739 1969 777 non
2007 724 2294 794 pecuniam

718 815 902 879 modo,
937 829 1126 867 verum
1156 823 1212 866 et
1241 813 1414 882 ipsam
1448 815 1706 875 animam,
1745 812 1788 866 si
1819 811 2048 866 facultas
2077 814 2167 874 sit,
2197 826 2296 879 pro

719 905 890 959 nihilo
913 905 1114 959 habere
1139 905 1457 963 meditetur.
1489 915 1542 956 et
1565 919 1776 956 morum
1809 904 1927 974 ejus
1953 903 2294 958 honestatem

710 999 821 1067 jam
858 997 1119 1058 noverit,
1155 997 1411 1050 statuisse
1461 993 1564 1063 ipsi
1616 993 1954 1048 offerendam
2005 994 2295 1063 pecuniam

716 1089 886 1149 illam,
926 1102 1034 1139 non
1067 1086 1293 1139 honeste
1332 1085 1531 1145 solum,
1583 1085 1679 1138 sed
1715 1094 1771 1138 et
1825 1099 1950 1137 cum
1986 1083 2198 1139 ratione
2235 1095 2294 1139 et

715 1181 996 1249 diligentia
1068 1177 1132 1230 ad
1203 1175 1478 1245 publicam
1556 1175 1928 1229 Romanorum
2003 1175 2294 1228 utilitatem

715 1269 1120 1332 insumendum,
1152 1268 1373 1336 quando
1400 1278 1456 1322 et
1487 1267 1553 1319 ab
1589 1267 1720 1336 ipsis
1748 1266 1978 1320 collecta
2010 1267 2104 1321 sit.
2143 1265 2295 1320 llauc

716 1363 885 1431 igitur
953 1376 1173 1415 onmem
1239 1361 1311 1414 illi
1374 1360 1590 1414 venisse
1655 1358 1915 1423 tradere,
1979 1360 2296 1428 ubicunque

713 1453 955 1507 voluerit
992 1452 1272 1507 utendam.
1328 1452 1494 1522 376
1543 1451 1732 1520 Itaque
1785 1461 1969 1520 patere
2011 1451 2293 1516 omnibus,

714 1563 824 1599 non
862 1546 985 1599 ideo
1028 1559 1088 1597 se
1142 1545 1334 1597 adesse
1362 1584 1376 1605 ,
1415 1555 1474 1596 ut
1513 1557 1573 1597 se
1612 1543 1741 1596 huic
1789 1543 2002 1597 muneri
2045 1554 2292 1612 quaestus

716 1635 947 1690 faciendi
973 1649 1136 1690 causa
1163 1635 1367 1703 pra-fici
1413 1642 1604 1704 roget,
1635 1648 1760 1686 cum
1800 1641 1969 1700 .parta
2014 1632 2286 1688 retinendi

717 1746 781 1782 ac
816 1729 884 1782 de
918 1737 1119 1781 cretero
1175 1727 1228 1779 in
1259 1725 1374 1778 otio
1423 1723 1642 1778 vivendi
1677 1724 1907 1778 libertas
1951 1724 2138 1790 fuerit,
2198 1724 2294 1778 sed

716 1823 844 1892 quia
876 1822 974 1890 ipsi
1010 1820 1078 1873 ad
1113 1829 1358 1874 veterem
1399 1817 1716 1872 felicitatem
1761 1817 2022 1871 Romanis
2061 1833 2294 1888 recupe-

718 1913 945 1966 randam
994 1920 1103 1964 tam
1154 1910 1368 1963 intensa
1398 1917 1455 1963 ct
1503 1908 1724 1962 assidua
1775 1923 1911 1962 cura
1960 1908 2296 1964 incumlieuti

719 2003 870 2056 utilis
898 2011 953 2054 et
985 2001 1051 2055 ad
1105 2001 1408 2070 juvanduin
1457 1999 1685 2054 idoneus
1723 1999 1908 2054 videri
1931 2001 2136 2069 cupiat.
2187 1999 2299 2057 Ilac

715 2093 962 2147 oratione
993 2091 1295 2146 delectatus
1324 2105 1552 2159 magnus
1581 2090 1943 2156 domesticus,
1972 2090 2040 2145 de
2067 2092 2296 2160 pecunia

717 2203 775 2238 se
806 2185 880 2239 illi
914 2185 1145 2254 gratiam
1172 2183 1374 2242 habere
1419 2182 1516 2246 ait,
1569 2197 1677 2236 non
1724 2192 1936 2235 tantum
1989 2182 2134 2250 quod
2172 2197 2294 2236 eam

716 2280 784 2332 ad
818 2291 1163 2334 communem
1198 2291 1359 2330 usum
1404 2275 1726 2341 contulerit,
1781 2274 1876 2330 scd
1926 2275 2072 2345 quod
2127 2276 2296 2330 etiam
2339 2303 2344 2309 -

719 2373 825 2426 sibi
854 2373 974 2440 ejus
1001 2368 1386 2438 dispensanda-
1431 2367 1700 2421 rationem
1755 2367 2096 2430 crediderit,
2129 2381 2296 2434 quam

718 2470 866 2516 recte
906 2459 1246 2528 fideliterque
1275 2457 1548 2511 collocare
1607 2456 1761 2511 velit.
1793 2455 1926 2512 Nam
1959 2456 2295 2526 quempiam,

721 2555 808 2609 cui
841 2551 1215 2608 communiqu
1266 2564 1452 2604 rerum
1506 2548 1764 2602 mandata
1809 2556 1896 2602 est
1950 2548 2294 2617 procuratio,

721 2662 830 2698 nun
882 2644 1010 2697 inde
1045 2656 1250 2711 augere
1306 2640 1598 2694 facultates
1642 2655 1794 2708 suas,
1851 2639 1947 2694 sed
2005 2655 2127 2709 quae
2171 2648 2299 2694 ante

723 2736 1107 2806 magistratum
1140 2733 1456 2802 acquisivit,
1484 2732 1538 2785 in
1573 2731 1658 2787 his
1686 2733 1884 2796 emori,
1919 2741 1975 2786 et
2002 2749 2031 2785 a
2063 2732 2298 2802 pecunia

720 2833 987 2884 invictum
1038 2841 1266 2896 prorsus
1300 2840 1611 2894 apparere,
1659 2840 1767 2876 non
1818 2824 2046 2878 difficile
2094 2825 2298 2892 solum,

722 2924 818 2977 sed
847 2936 1130 2989 nunquam
1159 2917 1501 2985 contingere.
1541 2915 1827 2969 Possiderc
1860 2925 2041 2970 autem
2067 2919 2203 2986 jam.
2235 2931 2300 2972 ac

722 3019 791 3068 oh
824 3015 875 3070 id
904 3012 1039 3067 nihil
1085 3009 1386 3064 formidare
1433 3007 1607 3070 mali,
1657 3007 1857 3061 deinde
1909 3023 2072 3076 atquo
2113 3009 2299 3064 animo

724 3109 862 3163 velle
886 3119 1137 3172 erogare,
1171 3111 1228 3156 et
1260 3101 1398 3154 male
1423 3100 1670 3154 collectis
1706 3100 1845 3153 bene
1893 3100 1994 3162 uti,
2036 3100 2140 3154 hoc
2188 3117 2296 3154 non

2403 632 2729 700 δυναμένων
2752 629 3079 699 χρήσασθαι,
3115 630 3148 698 ἦ
3183 629 3388 698 ἐτέρων
3421 630 3645 698 ἁρπαγῇ
3677 621 3982 703 καὶ-ἀδικίᾲ

2399 721 2758 790 χρησαμένων
2811 720 2904 773 καὶ
2951 718 3425 789 διαφθαρούντων,
3473 720 3550 781 ὡς
3579 719 3636 772 δὲ
3679 706 3980 798 σοῦ’μὸνου

2399 812 2774 873 καταστάντος
2805 812 2898 863 ἐπὶ
2950 812 3062 874 τοῖς
3091 811 3405 881 πράγμασι,
3468 812 3564 864 καὶ
3609 812 3708 880 τὴν
3740 810 3981 864 διάνοιαν

2396 905 2665 967 κατεῖδον,
2698 905 2772 966 ὼς
2798 905 2937 971 ὐπέρ
2955 904 3222 972 ὠφελείας
3253 904 3365 958 τῶν
3389 905 3608 968 κοινῶν,
3633 906 3693 966 οὐ
3714 906 3980 974 χρήματα

2401 996 2584 1065 μόνον,
2630 993 2767 1046 ἀλλά
2797 994 2894 1046 καὶ
2935 993 3116 1064 ψυχὴν
3161 994 3332 1064 αὐτὴν
3364 995 3412 1046 εἰ
3454 988 3569 1046 οἷόν
3608 1010 3666 1046 τε
3690 992 3981 1062 προΐεσθαι

2394 1088 2600 1156 διανοῇ,
2638 1087 2736 1138 καὶ
2765 1085 2858 1139 τὸν
2895 1086 3099 1156 τρόπον
3129 1085 3394 1154 προειδὼς
3427 1084 3502 1147 ὡς
3551 1083 3777 1152 ἀγαθὸς,
3809 1084 3979 1150 ἐγνων

2393 1178 2504 1231 δεῖν
2537 1194 2618 1230 σοι
2669 1177 2736 1230 τὰ
2764 1178 3025 1247 χρήματα
3058 1179 3240 1231 ἐκεῖνα
3285 1176 3641 1247 ἐγχειρίζειν,
3676 1175 3755 1238 ὡς
3786 1176 3847 1227 οὐ
3886 1192 3980 1226 κα-

2394 1267 2501 1330 λῶς
2534 1268 2716 1338 μόνον,
2773 1267 2908 1320 ἀλλὰ
2966 1269 3062 1321 καὶ
3110 1268 3350 1335 εὐλόγως
3402 1267 3650 1336 ἀκριϐῶς
3700 1267 3841 1336 ὑπὲρ
3870 1266 3976 1316 τῶν

2396 1362 2549 1428 κοινῇ
2623 1359 2924 1428 Ῥωμαίοις
2987 1360 3378 1430 συμφερόντων
3449 1359 3973 1427 ἀναλωθησομένων,

2399 1448 2586 1519 ἐπειδὴ
2649 1450 2741 1502 καὶ
2787 1449 2853 1504 ἐκ
2899 1448 3104 1502 τούτων
3158 1451 3524 1518 συνελέγησαν
3582 1450 3795 1502 αὐτῶν
3855 1449 3978 1517 ἃδη

2395 1543 2572 1592 πάντα
2601 1541 2722 1611 ἥκω
2749 1541 3095 1611 ἐγχειρίζων,
3135 1540 3220 1608 ἐφ’
3243 1542 3271 1594 ὅ
3299 1558 3351 1594 τι
3375 1541 3442 1594 ἂν
3543 1557 3624 1593 σοι
3651 1542 3978 1611 χρητομένῳ

2399 1633 2674 1701 βούλησις.
2719 1632 2970 1697 Ἔξεστιν
3000 1632 3092 1685 οὖν
3123 1633 3289 1686 παντὶ
3323 1631 3422 1701 τὴν
3455 1633 3732 1696 ἀπόδειξιν
3771 1633 3978 1699 λαμϐά-

2397 1742 2509 1778 νειν
2530 1725 2760 1794 ἐναργῆ,
2796 1726 2873 1788 ῶς
2919 1724 2981 1778 οὐ
3019 1726 3500 1795 χρηματισάμενος
3525 1727 3592 1777 ἐκ
3615 1728 3714 1794 τῆς
3738 1727 3979 1794 ἀπογρα-

2403 1819 2505 1885 φῆς
2528 1818 2651 1887 ἥκω
2667 1817 2920 1887 δεόμενος
2943 1819 3278 1886 καταστῆναι
3311 1818 3447 1888 πρὸς
3475 1818 3651 1886 αὐτήν
3673 1836 3684 1849 ·
3723 1816 3853 1884 ἐξῆν
3875 1819 3977 1884 γὰρ

2329 1877 2372 1932 Β
2403 1877 2597 1978 έχοντα
2630 1909 2666 1963 δι
2692 1877 2992 1978 κέκτημαι,
3045 1877 3210 1978 μηδὲν
3243 1877 3561 1980 περαιτέρω
3585 1877 3978 1978 τὲολυπρὲιγξμζ.

2399 2003 2532 2061 νεῖν,
2584 1999 2723 2054 ἀλλὰ
2756 2001 2840 2054 σοὶ
2878 2001 3163 2069 φανεῖσθαι
3211 2003 3481 2070 χρήσιμος
3530 2000 3842 2068 ἐπιθυμῶν,
3890 2002 3978 2052 καὶ

2401 2089 2571 2142 πολλὰ
2600 2091 2938 2160 συνάρασθαι
2969 2092 3266 2161 δυνάμενος
3321 2091 3460 2161 πρὸς
3504 2092 3566 2144 τὸ
3598 2092 3697 2161 τὴν
3745 2092 3979 2160 ἀρχαίαν

2400 2181 2747 2251 εὐδαιμονίαν
2775 2184 2888 2246 τοῖς
2923 2182 3214 2246 Ῥωμαίοις
3245 2183 3573 2246 ἀνασώζειν,
3623 2181 3826 2247 πολλὴν
3857 2181 3979 2232 τού-

2397 2291 2491 2327 του
2523 2275 2688 2327 ἓνεκα
2721 2278 2814 2329 καὶ
2863 2279 3066 2344 συνεχῆ
3100 2276 3412 2344 ποιουμένῳ
3460 2251 3874 2346 τῆν’φροντῖδα.
3917 2273 3978 2325 ὐ

2397 2367 2455 2420 δέ
2487 2369 2725 2435 ἄσμενος
2760 2367 3164 2439 ἀποδεξάμενος
3190 2371 3316 2431 τούς
3343 2369 3556 2437 λόγους,
3587 2371 3716 2439 περὶ
3751 2369 3852 2437 μὲν
3872 2368 3978 2418 τῶν

2399 2460 2700 2529 χρημάτων
2755 2459 2964 2526 ἔφασκε
2999 2461 3159 2531 χάριν
3194 2461 3344 2532 αὐτῷ
3397 2461 3600 2533 πολλὴν
3643 2461 3863 2523 ειδέναι,
3918 2461 3977 2512 οὐ

2397 2547 2474 2615 τῷ
2495 2546 2638 2614 ὑπὲρ
2663 2547 2771 2599 τῶν
2792 2551 2945 2618 κοινῇ
2971 2549 3366 2618 συμφερόντων
3395 2550 3555 2619 μόνον
3575 2566 3648 2600 πα
3659 2546 3976 2618 ρεσχῆσθαι,

2398 2639 2532 2692 ἀλλὰ
2561 2640 2655 2693 καὶ
2683 2639 2761 2710 τῷ
2791 2640 2970 2694 αὐτῶν
3004 2641 3434 2694 πεπιστευκέναι
3465 2641 3563 2710 τὴν
3587 2641 3860 2709 διοίκησιν
3886 2643 3976 2692 αὐ-

2398 2732 2474 2801 τῷ
2500 2731 2677 2802 ὀρθῶς
2723 2732 3079 2803 πεπεισμένῳ
3111 2735 3206 2786 καὶ
3256 2733 3481 2795 δικαίως
3539 2733 3860 2785 ἀναλώσειν.
3907 2733 3977 2783 Τὸ

2401 2821 2502 2892 μὲν
2537 2825 2645 2891 γάρ
2672 2839 2795 2876 τινα
2820 2823 2927 2876 τῶν
2959 2823 3155 2876 κοινῶν
3189 2823 3514 2888 ἐπιμέλειαν
3559 2823 3980 2892 ἐγκεχειρισμέ-

2400 2931 2509 2980 νον,
2553 2915 2627 2985 μὴ
2678 2915 2776 2985 τὴν
2830 2915 3019 2968 οὐσίαν
3073 2919 3252 2969 ποιεῖν
3307 2917 3524 2985 βελτίω,
3575 2917 3820 2970 ἀλλ’ὃσα
3853 2918 3977 2984 πρὶν

2400 3005 2688 3069 ἅπτεσθαι,
2718 3008 2960 3070 τοσαῦτα
2995 3010 3190 3076 ἔχοντα
3215 3009 3682 3071 ἀπαλλάττεσθαι,
3727 3010 3822 3060 καὶ
3848 3026 3975 3078 χρη-

2404 3100 2588 3168 μάτων
2619 3099 2692 3159 ὠς
2719 3099 2925 3152 ἐπίπαν
2965 3099 3200 3170 ὀφθῆναι
3241 3101 3499 3169 κρείττω.
3536 3100 3597 3152 οὐ
3621 3099 3856 3169 χαλεπὸν
3889 3101 3980 3164 μνι-

728 3200 1052 3260 multorum,
1101 3194 1194 3249 sed
1245 3191 1442 3247 salvari
1515 3190 1818 3243 volentium
1866 3205 1987 3244 esse
2034 3199 2294 3260 certoque

2400 3205 2512 3252 νον,
2548 3191 2682 3242 ἀλλὰ
2724 3193 2816 3244 καὶ
2865 3191 3126 3245 ἀδύνατον
3187 3191 3397 3260 σχεδόν.
3433 3192 3507 3243 Τὸ
3542 3192 3585 3244 δ’
3648 3191 3843 3260 ἔχοντα
3881 3191 3976 3259 ἧῖη

726 3289 1064 3346 credentium
1091 3329 1105 3350 ,
1141 3302 1200 3340 se
1229 3292 1350 3353 post
1385 3283 1549 3338 finem
1581 3282 1746 3347 hujus
1790 3281 1931 3334 lucis
1964 3283 2207 3334 omnium
2239 3284 2294 3336 in

726 3384 834 3436 vita
884 3391 1164 3451 gestorum
1201 3377 1470 3430 rationem
1521 3374 1855 3427 reddituros.
1905 3374 2132 3427 l’rrestat
2176 3375 2298 3442 qui-

725 3473 850 3525 dem
897 3485 1005 3522 non
1045 3481 1269 3535 peccare
1322 3479 1581 3533 prorsus,
1613 3478 1791 3531 neque
1839 3463 2068 3517 maculis
2110 3466 2298 3520 multis

727 3562 931 3616 nudare
955 3558 1194 3612 animam
1223 3572 1238 3620 ;
1272 3555 1316 3608 si
1351 3563 1528 3608 tamen
1562 3553 1615 3606 id
1646 3553 1916 3615 evenerit,
1957 3569 2065 3608 non
2096 3555 2296 3610 iterum

727 3650 987 3722 peccandi
1020 3648 1347 3719 principium
1389 3646 1516 3710 erit,
1559 3661 1670 3698 non
1711 3646 1870 3698 modo
1899 3661 1927 3730 ξ
1959 3645 2177 3699 delictis
2204 3647 2299 3700 ab-

727 3748 973 3806 stinere,
1023 3740 1119 3796 sed
1149 3749 1204 3794 et
1250 3737 1489 3792 admissa
1532 3737 1894 3806 sequentibus
1945 3747 2094 3790 recte
2141 3737 2300 3791 factis

727 3849 1104 3903 compensare.
1157 3830 1368 3884 idcirco
1421 3837 1472 3883 te
1533 3828 1603 3882 ob
1676 3829 1836 3881 istam
1891 3827 2250 3882 mumtioncm
2283 3869 2297 3893 ,

728 3927 876 3998 quod
902 3943 1007 3980 nun
1036 3924 1194 3977 aliter
1225 3936 1387 3990 quam
1423 3919 1491 3973 ad
1526 3934 1873 3974 communem
1919 3919 2157 3973 fructum
2210 3937 2301 3988 pr-

728 4021 948 4076 cnniam
1000 4027 1149 4072 tuam
1197 4013 1508 4068 donamlam
1546 4012 1871 4076 censueris,
1908 4013 2092 4067 laudo.
2142 4013 2296 4079 Quod

733 4091 862 4160 vero
895 4122 1002 4159 non
1057 4112 1285 4158 vocatus
1315 4142 1330 4167 ,
1385 4101 1482 4155 sed
1523 4101 1667 4155 ultro
1715 4101 1784 4155 ad
1824 4116 1911 4156 me
1949 4102 2140 4158 adiens
2177 4104 2300 4157 vitae

731 4197 981 4254 subsidia
1010 4212 1040 4251 a
1070 4193 1339 4249 militibus
1377 4191 1447 4247 de
1488 4191 1712 4261 publico
1745 4191 1908 4261 pendi
1948 4193 2110 4246 solita
2160 4209 2302 4248 cxc-

730 4305 900 4360 quare
938 4287 1199 4357 petivisti,
1250 4295 1462 4338 tantum
1492 4285 1650 4338 abest
1679 4291 1738 4337 ut
1767 4283 2048 4349 damnem,
2081 4293 2142 4339 ut
2173 4301 2299 4340 cum

732 4383 885 4450 νιίιιε
933 4380 1048 4448 ipse
1077 4385 1291 4446 meopte
1325 4375 1564 4445 impulsu
1609 4373 1706 4428 tibi
1754 4374 2302 4445 propterexpericn-

736 4473 866 4524 tiam
923 4469 1029 4523 hoc
1065 4465 1361 4521 ministerii
1416 4460 1763 4527 comniittere
1805 4465 2069 4518 voluerim
2096 4504 2112 4531 ,
2152 4482 2302 4523 nunc

2411 3285 2502 3336 καὶ
2540 3285 2703 3353 μηδὲν
2748 3283 3122 3336 ὐποπτεύοντα
3172 3283 3348 3336 δεινὸν
3394 3284 3523 3353 περὶ
3552 3283 3753 3343 αὐτῶν,
3791 3282 3975 3345 ξπειςκ

2411 3377 2604 3430 ἐκόντα
2648 3377 2974 3447 βουληθῆναι
3011 3375 3332 3436 ἀποθέσθαι,
3371 3376 3462 3428 καὶ
3499 3375 3534 3429 5.
3589 3375 3844 3440 συνέλεξε
3883 3392 3979 3426 x1-

2410 3467 2520 3528 κῶς
2550 3465 2854 3533 Χρῆσασθπι
2892 3467 2969 3526 εἱς
3000 3465 3138 3528 δέον,
3171 3464 3230 3516 Οὐ
3273 3463 3381 3516 τῶν
3416 3463 3649 3524 τεθλλῶν⁸
3697 3463 3833 3516 ἀλλὰ
3873 3464 3974 3514 τῶν

2412 3558 2753 3627 βουλομένων
2815 3557 3125 3621 σώζεσθαι,
3161 3558 3255 3609 καὶ
3311 3557 3698 3625 πεπεισμένων
3738 3557 3977 3624 ἀκριῦῶς

2410 3652 2486 3714 ὡς
2543 3651 2763 3704 πάντων
2817 3652 3145 3720 παρέξουσιν
3202 3650 3434 3707 εὐθύνας
3480 3650 3588 3703 τῶν
3621 3649 3974 3719 βεϐιωμένων

2415 3742 2550 3812 μετὰ
2579 3743 2676 3807 τὴν
2735 3742 2943 3795 ἐνθένδε
2971 3737 3317 3810 ἀπαλλαγήν.
3358 3742 3576 3796 Βέλτιον
3633 3743 3733 3810 μὲν
3766 3743 3874 3809 γὰρ
3911 3743 3979 3810 μὴ

2410 3833 2748 3903 ἁμαρτάνειν
2779 3835 2876 3898 τὴν
2924 3834 3120 3903 ἀρχὴν,
3159 3834 3296 3902 μηδέ
3326 3833 3508 3901 κηλίσι
3541 3833 3763 3894 πολλαῖς
3819 3848 3982 3884 κατα-

2415 3925 2651 3994 μιαίνειν
2699 3925 2795 3994 τὴν
2848 3925 3046 3993 ψυχήν.
3092 3926 3188 3976 “Av
3249 3925 3293 3977 δ’
3325 3925 3433 3996 ἄρα
3483 3924 3642 3977 τοῦτο
3693 3924 3979 3994 συμϐαίνῃ,

2411 4017 2669 4085 δευτέρας
2699 4016 3114 4085 ἀναμαρτησίας
3145 4016 3308 4086 ἀρχὴ,
3343 4016 3404 4068 τὸ
3437 4015 3512 4086 μὴ
3553 4016 3713 4086 μόνον
3755 4034 3814 4068 τε
3849 4017 3982 4068 παῦε

2415 4107 2611 4158 σασθαι
2633 4105 2742 4158 τῶν
2768 4106 2977 4173 κακῶν,
2999 4105 3135 4159 ἀλλὰ
3165 4109 3260 4160 καὶ
3305 4107 3634 4178 ἀντίρροπον
3673 4109 3981 4160 ἐπιδείκνλ-

2413 4195 2534 4248 σθαι
2563 4195 2670 4248 τῶν
2700 4196 2922 4263 ἀγαθῶν
2978 4198 3077 4264 τὴν
3111 4197 3396 4265 ἐργασίαν.
3458 4196 3559 4249 Διὰ
3589 4196 3766 4250 ταῦτα
3796 4197 3862 4266 δὴ
3897 4197 3984 4247 καὶ

2413 4287 2620 4340 ἐπαινῶ
2651 4304 2710 4339 σε
2744 4287 2844 4356 τῆς
2888 4287 3214 4358 μεταδολῆς.
3257 4289 3348 4341 καὶ
3391 4287 3485 4340 τοῦ
3537 4288 3611 4357 μὴ
3637 4289 3841 4357 τρόπον
3876 4289 3986 4339 ἓτε-

2415 4397 2528 4450 ρον,
2562 4378 2675 4434 ἀλλ⁹
2707 4379 2846 4454 ὐπέρ
2878 4380 2984 4432 τῶν
3017 4383 3172 4448 κοινῇ
3206 4381 3595 4449 συμφερόντων
3627 4381 3692 4432 τὰ
3725 4383 3984 4449 χρήματι

2416 4469 3094 4538 βουληθῆναιέπιδοῦναι.
3156 4472 3278 4524 Ὀτι
3333 4472 3390 4524 δὲ
3451 4473 3524 4542 μὴ
3594 4475 3982 4540 προσκληθεὶς,

731 4564 970 4633 amplius
1011 4560 1230 4614 credam
1258 4598 1272 4622 ,
1317 4567 1370 4612 te
1411 4557 1465 4611 id
1499 4556 1696 4610 melius
1763 4571 1828 4610 ac
1877 4558 2082 4628 jnstius
2109 4557 2301 4624 obitu-

2408 4560 2542 4614 ἀλλὰ
2572 4563 2838 4632 πρότερος
2880 4562 3198 4632 προσελθὼν
3247 4563 3410 4626 αὐτὸς
3439 4565 3502 4616 τὸ
3544 4556 3845 4616 ἐπανισοῗω
3879 4567 3984 4626 τοῖς

733 4671 876 4710 rum.
905 4653 1024 4706 Non
1050 4650 1196 4706 enim
1223 4663 1374 4718 :rque
1403 4657 1459 4702 et
1483 4649 1576 4716 qui
1605 4649 1891 4717 promissis
1920 4651 2100 4719 largus
2124 4657 2228 4713 est,
2251 4660 2308 4703 et

732 4745 827 4813 qui
876 4742 1014 4796 nihil
1054 4739 1365 4810 promittit,
1406 4738 1675 4806 promissa
1723 4739 1944 4805 implere
1994 4740 2303 4792 enituntur.

735 4835 889 4888 llanc
933 4833 1100 4901 igitur
1151 4827 1490 4899 provinciam
1531 4827 1630 4882 tibi
1672 4828 1919 4897 injungo.
1975 4827 2052 4882 Te
2084 4844 2306 4898 quoque

737 4941 836 4995 par
872 4932 957 4977 est
983 4921 1300 4976 existimare
1327 4958 1343 4984 ,
1377 4934 1485 4974 non
1526 4933 1690 4987 parva
1727 4921 1971 4986 qttuzdam
2030 4928 2087 4973 et
2126 4919 2311 4987 chpi-

737 5015 936 5070 cabilia
969 5015 1068 5067 abs
1098 5024 1150 5066 te
1178 5009 1423 5075 tractari,
1452 5017 1508 5064 ct
1536 5025 1656 5077 qua:
1689 5023 1811 5073 nec,
1836 5008 1878 5062 si
1910 5009 2080 5076 probe
2112 5024 2310 5063 CttrclI--

738 5117 849 5169 tur,
883 5102 1158 5160 communi
1211 5101 1501 5155 admodum
1533 5098 1843 5168 proficiant,
1897 5114 1995 5152 ncc
2040 5115 2148 5154 non
2189 5115 2310 5168 per-

740 5199 866 5252 inde
903 5204 1158 5258 noceant,
1194 5194 1237 5248 si
1272 5195 1513 5261 Segniter
1541 5207 1603 5244 ac
1651 5191 1906 5256 nequiter
1939 5192 2090 5243 tiam.
2151 5191 2303 5256 Quod

739 5305 976 5358 namque
1015 5289 1068 5341 in
1103 5303 1160 5341 re
1193 5287 1417 5355 politica
1461 5284 1649 5353 judex,
1686 5286 1790 5336 hoc
1839 5282 1892 5335 in
1927 5283 2162 5350 piihiicis
2208 5283 2306 5336 sti-

741 5381 958 5453 pcudiis
989 5390 1244 5448 praestare
1295 5376 1467 5446 possit
1497 5386 1830 5444 cxmquator.
1864 5375 2079 5428 Etenim
2130 5384 2185 5430 et
2217 5377 2308 5431 ille

736 5493 804 5530 ex
842 5475 1100 5541 mqiiitatc
1139 5471 1382 5524 arbitriis
1421 5469 1684 5523 faciendis
1729 5478 1784 5522 ct
1843 5469 1909 5522 ad
1952 5469 2130 5538 icgum
2180 5472 2310 5524 obe-

738 5568 1004 5622 dientiam
1055 5565 1327 5632 cogendo,
1370 5564 1574 5616 bonum
1608 5555 1846 5614 civitatis
1892 5569 2091 5614 statum
2125 5562 2310 5615 concio

737 5661 835 5712 liat
862 5676 878 5723 ;
908 5667 961 5711 et
989 5657 1076 5712 hic
1101 5658 1146 5712 si
1174 5653 1352 5726 juslus
1375 5670 1516 5715 esse.
1543 5653 1934 5721 eommunique
1960 5653 2308 5707 commodare

737 5752 892 5816 velit,
923 5751 1060 5804 alios
1088 5748 1364 5818 spoliabit,
1396 5748 1440 5799 si
1476 5748 1615 5798 ultra
1643 5745 1852 5814 justum
1889 5742 2098 5818 fructus
2127 5745 2308 5812 perci-

739 5841 913 5910 piant,
943 5838 1103 5910 377
1124 5838 1246 5893 a!iis
1273 5836 1456 5892 minus
1490 5833 1817 5889 habentibus
1833 5821 1953 5902 plus
1977 5832 2160 5895 addet,
2187 5847 2305 5886 om-

2410 4655 2776 4722 στρατιώταις
2806 4657 2902 4716 τὰς
2929 4657 2994 4708 ἐκ
3029 4656 3137 4708 τῶν
3178 4655 3452 4725 δημοσίων
3488 4656 3695 4725 ﬁat-‘33;
3728 4656 3825 4709 τοῦ
3876 4657 3984 4726 βίον

2407 4749 2682 4817 ἀφορμὰς,
2730 4749 2982 4801 τοσοῦτον
3015 4749 3204 4817 ἀπέχω
3235 4749 3691 4816 καταγινώσκειν,
3723 4749 3870 4801 ὥστε
3898 4751 3985 4800 καὶ

2407 4842 2674 4909 πρότερον
2721 4842 2883 4892 αὐτὸν
2938 4841 3152 4894 οἴκοθεν
3209 4841 3542 4911 ὡρμημένον
3588 4841 3676 4894 διὰ
3723 4843 3822 4910 τὴν
3862 4846 3984 4908 περὶ

2407 4927 2582 4981 ταῦτα
2604 4929 2893 4997 ἐμπειρίαν
2920 4946 3002 4981 σοι
3033 4928 3131 4998 τὴν
3168 4931 3474 4997 ὑπηρεσίαν
3505 4929 3859 4997 ἐγχειρῗζειν,
3898 4931 3985 4980 vl;

2413 5020 2612 5088 μᾶλλον
2638 5020 2928 5080 ἀνέπεισας
2955 5021 3161 5089 βέλτιον
3188 5021 3397 5073 οἴεσθαι
3419 5023 3511 5073 καὶ
3550 5021 3892 5090 δικαιότερον
3923 5025 3982 5071 τὰ

2407 5110 2632 5161 τοιαύτα
2658 5110 2972 5177 διοικήσειν.
3000 5112 3072 5162 οὐ
3103 5110 3205 5178 γὰρ
3223 5111 3426 5177 ὁμοίως
3462 5112 3488 5162 ὅ
3519 5127 3576 5162 τε
3608 5112 3779 5163 πολλὰ
3815 5113 3981 5176 ἐπα-ε’-

2407 5201 2729 5269 γειλάμενος
2761 5202 2852 5252 καὶ
2872 5202 2898 5252 ὁ
2925 5201 3110 5268 μηδὲν,
3142 5203 3268 5270 περὶ
3296 5201 3402 5254 τῶν
3430 5204 3859 5269 ἐπηγγελμένων
3884 5220 3980 5252 τσν

2407 5292 2754 5360 ἐκπλήρωσιν
2810 5293 3190 5346 σπουδκεουσι.
3243 5293 3353 5360 Τὴν
3391 5295 3487 5361 μὲν
3530 5289 3622 5345 οὖν
3677 5295 3978 5360 ὐπηρεςὶλν

2407 5380 2514 5432 τῶν
2565 5380 2819 5432 τοιούτων
2870 5381 3168 5447 ἐπιτρέπω.
3225 5381 3288 5433 Σὲ
3337 5381 3393 5432 δὲ
3426 5383 3515 5432 καὶ
3559 5381 3721 5432 αὐτὸν
3769 5383 3972 5431 οἵεςθει

2408 5474 2701 5539 προσῆκον,
2735 5471 2809 5539 μὴ
2845 5470 3014 5539 μικρά.
3066 5488 3181 5523 τινα
3235 5472 3325 5523 καὶ
3378 5470 3831 5538 εὐκαταφρόνητα
3878 5489 3972 5534 3!:-

2406 5563 2602 5627 τιὲναι,
2650 5563 2771 5630 μηδ’
2818 5557 2927 5623 οἷα,
2984 5564 3118 5632 μήτε
3178 5563 3518 5631 δίοικούμενα
3566 5563 3741 5622 καλῶς
3776 5562 3974 5622 animi

2407 5651 2672 5718 ὠφέλειαν
2702 5652 2961 5720 παρέχειν
2992 5651 3067 5720 τῷ
3094 5653 3277 5720 κοινῷ,
3319 5654 3439 5721 μήτ’
3484 5652 3680 5720 ἐπίσης
3718 5651 3913 5719 βλάπέ
3946 5667 3973 5698 ν

2407 5741 2471 5794 ἂν
2503 5742 2763 5812 ῥαθύμως
2796 5745 3228 5812 mina-1023mm;
3265 5745 3628 5814 πράττωνται.
3669 5745 3838 5810 Ὅπερ
3865 5743 3970 5808 γάρ

2408 5837 2523 5890 ἐστι
2552 5839 2661 5900 τοῖς
2689 5836 2983 5901 πολιτικοῖς
3014 5841 3332 5908 πράγμασιν
3364 5841 3390 5892 ὀ
3431 5837 3646 5907 κριτὴς,
3679 5832 3830 5889 τοῦτο
3860 5836 3966 5899 τοῖς
