  <div class='ocr_page' id='page_1' title='image "/cluster/home/n/w/nwhite01/storage/ocr_20150623/153/nnc1.0046981039/389.png"; bbox 0 0 4212 6444; ppageno 0'>
   <div class='ocr_carea' id='block_1_1' title="bbox 703 411 807 473">
    <p class='ocr_par' dir='ltr' id='par_1_1' title="bbox 703 411 807 473">
     <span class='ocr_line' id='line_1_1' title="bbox 703 411 807 473; baseline 0.038 -5"><span class='ocrx_word' id='word_1_1' title='bbox 703 411 807 473; x_wconf 78' lang='lat'><strong>755</strong></span> 
     </span>
    </p>
   </div>
   <div class='ocr_carea' id='block_1_2' title="bbox 1821 416 2682 478">
    <p class='ocr_par' dir='ltr' id='par_1_2' title="bbox 1821 416 2682 478">
     <span class='ocr_line' id='line_1_2' title="bbox 1821 416 2682 478; baseline 0 -2"><span class='ocrx_word' id='word_1_2' title='bbox 1821 419 2142 476; x_wconf 68' lang='lat' dir='ltr'><strong>JUANNIS</strong></span> <span class='ocrx_word' id='word_1_3' title='bbox 2180 416 2682 478; x_wconf 64' lang='lat' dir='ltr'><strong>CANTACUZEN]</strong></span> 
     </span>
    </p>
   </div>
   <div class='ocr_carea' id='block_1_3' title="bbox 3819 413 3924 479">
    <p class='ocr_par' dir='ltr' id='par_1_3' title="bbox 3819 413 3924 479">
     <span class='ocr_line' id='line_1_3' title="bbox 3819 413 3924 479; baseline 0.019 -2"><span class='ocrx_word' id='word_1_4' title='bbox 3819 413 3924 479; x_wconf 80' lang='lat'><strong>758</strong></span> 
     </span>
    </p>
   </div>
   <div class='ocr_carea' id='block_1_4' title="bbox 703 521 2366 598">
    <p class='ocr_par' dir='ltr' id='par_1_4' title="bbox 703 521 2336 594">
     <span class='ocr_line' id='line_1_4' title="bbox 703 521 2336 594; baseline 0.001 -18"><span class='ocrx_word' id='word_1_5' title='bbox 703 523 911 578; x_wconf 73' lang='lat' dir='ltr'><strong>Placuit</strong></span> <span class='ocrx_word' id='word_1_6' title='bbox 940 521 1225 576; x_wconf 73' lang='lat' dir='ltr'><strong>Consilium</strong></span> <span class='ocrx_word' id='word_1_7' title='bbox 1256 542 1268 587; x_wconf 90' lang='lat'><strong>;</strong></span> <span class='ocrx_word' id='word_1_8' title='bbox 1306 526 1397 576; x_wconf 73' lang='lat' dir='ltr'><strong>se-I</strong></span> <span class='ocrx_word' id='word_1_9' title='bbox 1439 541 1468 576; x_wconf 88' lang='lat' dir='ltr'><strong>e</strong></span> <span class='ocrx_word' id='word_1_10' title='bbox 1517 528 1938 594; x_wconf 79' lang='lat' dir='ltr'><strong>consanguineis</strong></span> <span class='ocrx_word' id='word_1_11' title='bbox 1989 527 2266 578; x_wconf 74' lang='lat' dir='ltr'><strong>nonnullis</strong></span> <span class='ocrx_word' id='word_1_12' title='bbox 2304 539 2336 582; x_wconf 59' lang='grc' dir='ltr'>,κ</span> 
     </span>
    </p>
   </div>
   <div class='ocr_carea' id='block_1_5' title="bbox 2260 521 3923 598">
    <p class='ocr_par' dir='ltr' id='par_1_5' title="bbox 2260 529 3923 598">
     <span class='ocr_line' id='line_1_5' title="bbox 2260 529 3923 598; baseline 0.003 -23"><span class='ocrx_word' id='word_1_13' title='bbox 2260 545 2266 575; x_wconf 70' lang='grc' dir='ltr'><strong>ι</strong></span> <span class='ocrx_word' id='word_1_14' title='bbox 2304 539 2336 582; x_wconf 71' lang='lat' dir='ltr'><strong>.t</strong></span> <span class='ocrx_word' id='word_1_15' title='bbox 2372 535 2616 596; x_wconf 82' lang='grc' dir='ltr'>κοσμεῖν.</span> <span class='ocrx_word' id='word_1_16' title='bbox 2647 530 2868 580; x_wconf 72' lang='grc' dir='ltr'>Ἐπεισέ</span> <span class='ocrx_word' id='word_1_17' title='bbox 2895 547 2957 595; x_wconf 86' lang='grc' dir='ltr'><strong>γε</strong></span> <span class='ocrx_word' id='word_1_18' title='bbox 2985 531 3142 594; x_wconf 77' lang='grc' dir='ltr'>δόξας</span> <span class='ocrx_word' id='word_1_19' title='bbox 3175 529 3521 598; x_wconf 81' lang='grc' dir='ltr'>βουλεύεσθαι</span> <span class='ocrx_word' id='word_1_20' title='bbox 3571 529 3771 590; x_wconf 82' lang='grc' dir='ltr'>καλῶς.</span> <span class='ocrx_word' id='word_1_21' title='bbox 3799 530 3923 580; x_wconf 86' lang='grc' dir='ltr'>Τῶν</span> 
     </span>
    </p>
   </div>
   <div class='ocr_carea' id='block_1_6' title="bbox 703 613 2259 682">
    <p class='ocr_par' dir='ltr' id='par_1_6' title="bbox 703 613 2259 682">
     <span class='ocr_line' id='line_1_6' title="bbox 703 613 2259 682; baseline 0.001 -19"><span class='ocrx_word' id='word_1_22' title='bbox 703 613 1157 667; x_wconf 75' lang='lat' dir='ltr'><strong>dissentientibus</strong></span> <span class='ocrx_word' id='word_1_23' title='bbox 1185 652 1196 672; x_wconf 88' lang='lat'><strong>.</strong></span> <span class='ocrx_word' id='word_1_24' title='bbox 1241 614 1332 682; x_wconf 90' lang='lat' dir='ltr'><strong>qui</strong></span> <span class='ocrx_word' id='word_1_25' title='bbox 1380 615 1628 668; x_wconf 75' lang='lat' dir='ltr'><strong>dicerem</strong></span> <span class='ocrx_word' id='word_1_26' title='bbox 1680 618 1818 668; x_wconf 84' lang='lat' dir='ltr'><strong>haud</strong></span> <span class='ocrx_word' id='word_1_27' title='bbox 1870 631 2082 680; x_wconf 64' lang='lat' dir='ltr'><strong>minuat</strong></span> <span class='ocrx_word' id='word_1_28' title='bbox 2119 630 2259 675; x_wconf 69' lang='lat' dir='ltr'><strong>esse,</strong></span> 
     </span>
    </p>
   </div>
   <div class='ocr_carea' id='block_1_7' title="bbox 705 701 2262 771">
    <p class='ocr_par' dir='ltr' id='par_1_7' title="bbox 705 701 2262 771">
     <span class='ocr_line' id='line_1_7' title="bbox 705 701 2262 771; baseline 0.001 -18"><span class='ocrx_word' id='word_1_29' title='bbox 705 710 862 770; x_wconf 78' lang='lat' dir='ltr'><strong>pa&#39;tre</strong></span> <span class='ocrx_word' id='word_1_30' title='bbox 893 701 1223 768; x_wconf 85' lang='lat' dir='ltr'><strong>imperatore</strong></span> <span class='ocrx_word' id='word_1_31' title='bbox 1254 704 1416 771; x_wconf 89' lang='lat' dir='ltr'><strong>paulo</strong></span> <span class='ocrx_word' id='word_1_32' title='bbox 1449 716 1576 757; x_wconf 87' lang='lat' dir='ltr'><strong>ante</strong></span> <span class='ocrx_word' id='word_1_33' title='bbox 1608 715 1822 758; x_wconf 90' lang='lat' dir='ltr'><strong>mortuo</strong></span> <span class='ocrx_word' id='word_1_34' title='bbox 1854 706 2020 757; x_wconf 85' lang='lat' dir='ltr'><strong>lilium</strong></span> <span class='ocrx_word' id='word_1_35' title='bbox 2057 704 2262 769; x_wconf 65' lang='lat' dir='ltr'><strong>agitare</strong></span> 
     </span>
    </p>
   </div>
   <div class='ocr_carea' id='block_1_8' title="bbox 709 792 2259 863">
    <p class='ocr_par' dir='ltr' id='par_1_8' title="bbox 709 792 2259 863">
     <span class='ocr_line' id='line_1_8' title="bbox 709 792 2259 863; baseline 0.001 -21"><span class='ocrx_word' id='word_1_36' title='bbox 709 792 1004 860; x_wconf 73' lang='lat' dir='ltr'><strong>panegyrin</strong></span> <span class='ocrx_word' id='word_1_37' title='bbox 1039 792 1115 853; x_wconf 83' lang='lat' dir='ltr'><strong>(id</strong></span> <span class='ocrx_word' id='word_1_38' title='bbox 1147 794 1292 862; x_wconf 91' lang='lat' dir='ltr'><strong>quod</strong></span> <span class='ocrx_word' id='word_1_39' title='bbox 1331 793 1438 848; x_wconf 84' lang='lat' dir='ltr'><strong>illis</strong></span> <span class='ocrx_word' id='word_1_40' title='bbox 1467 797 1825 863; x_wconf 80' lang='lat' dir='ltr'><strong>Apocauchus</strong></span> <span class='ocrx_word' id='word_1_41' title='bbox 1855 795 1992 852; x_wconf 71' lang='lat' dir='ltr'><strong>sacci</strong></span> <span class='ocrx_word' id='word_1_42' title='bbox 2025 792 2259 848; x_wconf 82' lang='lat' dir='ltr'><strong>cubiculi</strong></span> 
     </span>
    </p>
   </div>
   <div class='ocr_carea' id='block_1_9' title="bbox 709 882 2262 951">
    <p class='ocr_par' dir='ltr' id='par_1_9' title="bbox 709 882 2262 951">
     <span class='ocr_line' id='line_1_9' title="bbox 709 882 2262 951; baseline 0.001 -19"><span class='ocrx_word' id='word_1_43' title='bbox 709 883 1000 948; x_wconf 65' lang='lat' dir='ltr'><strong>prsel&#39;eetus</strong></span> <span class='ocrx_word' id='word_1_44' title='bbox 1029 882 1370 951; x_wconf 56' lang='lat' dir='ltr'><strong>suggesserat</strong></span> <span class='ocrx_word' id='word_1_45' title='bbox 1394 925 1408 946; x_wconf 86' lang='lat'><strong>,</strong></span> <span class='ocrx_word' id='word_1_46' title='bbox 1456 887 1778 938; x_wconf 82' lang='lat' dir='ltr'><strong>concitatam</strong></span> <span class='ocrx_word' id='word_1_47' title='bbox 1808 885 2005 940; x_wconf 86' lang='lat' dir='ltr'><strong>deinde</strong></span> <span class='ocrx_word' id='word_1_48' title='bbox 2035 885 2262 940; x_wconf 86' lang='lat' dir='ltr'><strong>seditio-</strong></span> 
     </span>
    </p>
   </div>
   <div class='ocr_carea' id='block_1_10' title="bbox 704 970 2263 1043">
    <p class='ocr_par' dir='ltr' id='par_1_10' title="bbox 704 970 2263 1043">
     <span class='ocr_line' id='line_1_10' title="bbox 704 970 2263 1043; baseline 0.004 -23"><span class='ocrx_word' id='word_1_49' title='bbox 704 985 829 1021; x_wconf 91' lang='lat' dir='ltr'><strong>nem</strong></span> <span class='ocrx_word' id='word_1_50' title='bbox 853 970 966 1037; x_wconf 90' lang='lat' dir='ltr'><strong>jam</strong></span> <span class='ocrx_word' id='word_1_51' title='bbox 1005 983 1115 1022; x_wconf 91' lang='lat' dir='ltr'><strong>tum</strong></span> <span class='ocrx_word' id='word_1_52' title='bbox 1151 973 1420 1027; x_wconf 89' lang='lat' dir='ltr'><strong>meditans</strong></span> <span class='ocrx_word' id='word_1_53' title='bbox 1445 1013 1459 1036; x_wconf 90' lang='lat'><strong>,</strong></span> <span class='ocrx_word' id='word_1_54' title='bbox 1512 985 1568 1028; x_wconf 93' lang='lat' dir='ltr'><strong>ut</strong></span> <span class='ocrx_word' id='word_1_55' title='bbox 1599 987 1781 1043; x_wconf 78' lang='lat' dir='ltr'><strong>postea</strong></span> <span class='ocrx_word' id='word_1_56' title='bbox 1813 977 2047 1038; x_wconf 84' lang='lat' dir='ltr'><strong>claruit,</strong></span> <span class='ocrx_word' id='word_1_57' title='bbox 2083 984 2135 1026; x_wconf 80' lang='lat' dir='ltr'><strong>et</strong></span> <span class='ocrx_word' id='word_1_58' title='bbox 2169 990 2263 1026; x_wconf 77' lang='lat' dir='ltr'><strong>nn-</strong></span> 
     </span>
    </p>
   </div>
   <div class='ocr_carea' id='block_1_11' title="bbox 702 1057 2261 1132">
    <p class='ocr_par' dir='ltr' id='par_1_11' title="bbox 702 1057 2261 1132">
     <span class='ocr_line' id='line_1_11' title="bbox 702 1057 2261 1132; baseline 0.003 -22"><span class='ocrx_word' id='word_1_59' title='bbox 702 1057 825 1110; x_wconf 89' lang='lat' dir='ltr'><strong>lens</strong></span> <span class='ocrx_word' id='word_1_60' title='bbox 880 1059 1280 1127; x_wconf 75' lang='lat' dir='ltr'><strong>imperatricem</strong></span> <span class='ocrx_word' id='word_1_61' title='bbox 1335 1063 1725 1117; x_wconf 75' lang='lat' dir='ltr'><strong>benevolentia:</strong></span> <span class='ocrx_word' id='word_1_62' title='bbox 1774 1065 1826 1116; x_wconf 91' lang='lat' dir='ltr'><strong>in</strong></span> <span class='ocrx_word' id='word_1_63' title='bbox 1873 1065 2040 1132; x_wconf 87' lang='lat' dir='ltr'><strong>ipsam</strong></span> <span class='ocrx_word' id='word_1_64' title='bbox 2094 1075 2149 1118; x_wconf 86' lang='lat' dir='ltr'><strong>et</strong></span> <span class='ocrx_word' id='word_1_65' title='bbox 2198 1065 2261 1114; x_wconf 80' lang='lat' dir='ltr'><strong>li-</strong></span> 
     </span>
    </p>
   </div>
   <div class='ocr_carea' id='block_1_12' title="bbox 700 1146 2259 1220">
    <p class='ocr_par' dir='ltr' id='par_1_12' title="bbox 700 1146 2259 1220">
     <span class='ocr_line' id='line_1_12' title="bbox 700 1146 2259 1220; baseline 0.001 -21"><span class='ocrx_word' id='word_1_66' title='bbox 700 1146 838 1200; x_wconf 85' lang='lat' dir='ltr'><strong>lium</strong></span> <span class='ocrx_word' id='word_1_67' title='bbox 893 1147 1052 1201; x_wconf 81' lang='lat' dir='ltr'><strong>lidele</strong></span> <span class='ocrx_word' id='word_1_68' title='bbox 1104 1148 1299 1218; x_wconf 83' lang='lat' dir='ltr'><strong>pignus</strong></span> <span class='ocrx_word' id='word_1_69' title='bbox 1335 1149 1536 1204; x_wconf 84' lang='lat' dir='ltr'><strong>habere</strong></span> <span class='ocrx_word' id='word_1_70' title='bbox 1588 1168 1616 1204; x_wconf 88' lang='lat' dir='ltr'><strong>a</strong></span> <span class='ocrx_word' id='word_1_71' title='bbox 1673 1167 1866 1220; x_wconf 83' lang='lat' dir='ltr'><strong>magno</strong></span> <span class='ocrx_word' id='word_1_72' title='bbox 1917 1153 2259 1218; x_wconf 87' lang='lat' dir='ltr'><strong>domestico),</strong></span> 
     </span>
    </p>
   </div>
   <div class='ocr_carea' id='block_1_13' title="bbox 703 1239 2262 1312">
    <p class='ocr_par' dir='ltr' id='par_1_13' title="bbox 703 1239 2262 1312">
     <span class='ocr_line' id='line_1_13' title="bbox 703 1239 2262 1312; baseline 0.003 -24"><span class='ocrx_word' id='word_1_73' title='bbox 703 1239 947 1304; x_wconf 82' lang='lat' dir='ltr'><strong>Augusta</strong></span> <span class='ocrx_word' id='word_1_74' title='bbox 979 1253 1092 1292; x_wconf 91' lang='lat' dir='ltr'><strong>rem</strong></span> <span class='ocrx_word' id='word_1_75' title='bbox 1123 1239 1176 1292; x_wconf 89' lang='lat' dir='ltr'><strong>in</strong></span> <span class='ocrx_word' id='word_1_76' title='bbox 1206 1239 1348 1293; x_wconf 89' lang='lat' dir='ltr'><strong>diem</strong></span> <span class='ocrx_word' id='word_1_77' title='bbox 1383 1251 1660 1308; x_wconf 86' lang='lat' dir='ltr'><strong>posterum</strong></span> <span class='ocrx_word' id='word_1_78' title='bbox 1689 1243 1901 1295; x_wconf 82' lang='lat' dir='ltr'><strong>distulit</strong></span> <span class='ocrx_word' id='word_1_79' title='bbox 1931 1285 1944 1304; x_wconf 83' lang='lat'><em>.</em></span> <span class='ocrx_word' id='word_1_80' title='bbox 2001 1257 2262 1312; x_wconf 58' lang='lat' dir='ltr'><strong>quorum;</strong></span> 
     </span>
    </p>
   </div>
   <div class='ocr_carea' id='block_1_14' title="bbox 701 1329 2259 1398">
    <p class='ocr_par' dir='ltr' id='par_1_14' title="bbox 701 1329 2259 1398">
     <span class='ocr_line' id='line_1_14' title="bbox 701 1329 2259 1398; baseline 0.003 -20"><span class='ocrx_word' id='word_1_81' title='bbox 701 1334 825 1379; x_wconf 82' lang='lat' dir='ltr'><strong>dam</strong></span> <span class='ocrx_word' id='word_1_82' title='bbox 861 1329 1341 1395; x_wconf 64' lang='lat' dir='ltr'><strong>reprehensionem</strong></span> <span class='ocrx_word' id='word_1_83' title='bbox 1393 1340 1653 1384; x_wconf 88' lang='lat' dir='ltr'><strong>causata:</strong></span> <span class='ocrx_word' id='word_1_84' title='bbox 1721 1331 1814 1398; x_wconf 89' lang='lat' dir='ltr'><strong>qui</strong></span> <span class='ocrx_word' id='word_1_85' title='bbox 1865 1331 2122 1384; x_wconf 81' lang='lat' dir='ltr'><strong>videlicet</strong></span> <span class='ocrx_word' id='word_1_86' title='bbox 2147 1331 2259 1384; x_wconf 81' lang='lat' dir='ltr'><strong>cri-</strong></span> 
     </span>
    </p>
   </div>
   <div class='ocr_carea' id='block_1_15' title="bbox 711 1418 2265 1488">
    <p class='ocr_par' dir='ltr' id='par_1_15' title="bbox 711 1418 2265 1488">
     <span class='ocr_line' id='line_1_15' title="bbox 711 1418 2265 1488; baseline 0.003 -20"><span class='ocrx_word' id='word_1_87' title='bbox 711 1418 846 1472; x_wconf 85' lang='lat' dir='ltr'><strong>mini</strong></span> <span class='ocrx_word' id='word_1_88' title='bbox 886 1419 1083 1472; x_wconf 81' lang='lat' dir='ltr'><strong>darent</strong></span> <span class='ocrx_word' id='word_1_89' title='bbox 1113 1461 1128 1483; x_wconf 90' lang='lat'><strong>,</strong></span> <span class='ocrx_word' id='word_1_90' title='bbox 1176 1420 1453 1488; x_wconf 76' lang='lat' dir='ltr'><strong>negotium</strong></span> <span class='ocrx_word' id='word_1_91' title='bbox 1485 1436 1512 1472; x_wconf 91' lang='lat' dir='ltr'><strong>a</strong></span> <span class='ocrx_word' id='word_1_92' title='bbox 1551 1432 1789 1488; x_wconf 77' lang='lat' dir='ltr'><strong>tempore</strong></span> <span class='ocrx_word' id='word_1_93' title='bbox 1821 1422 2058 1474; x_wconf 83' lang='lat' dir='ltr'><strong>alienum</strong></span> <span class='ocrx_word' id='word_1_94' title='bbox 2093 1421 2265 1474; x_wconf 87' lang='lat' dir='ltr'><strong>susci-</strong></span> 
     </span>
    </p>
   </div>
   <div class='ocr_carea' id='block_1_16' title="bbox 705 1510 2262 1580">
    <p class='ocr_par' dir='ltr' id='par_1_16' title="bbox 705 1510 2262 1580">
     <span class='ocr_line' id='line_1_16' title="bbox 705 1510 2262 1580; baseline 0.003 -20"><span class='ocrx_word' id='word_1_95' title='bbox 705 1523 876 1578; x_wconf 82' lang='lat' dir='ltr'><strong>pere,</strong></span> <span class='ocrx_word' id='word_1_96' title='bbox 909 1520 965 1561; x_wconf 92' lang='lat' dir='ltr'><strong>et</strong></span> <span class='ocrx_word' id='word_1_97' title='bbox 1014 1510 1210 1563; x_wconf 83' lang='lat' dir='ltr'><strong>festum</strong></span> <span class='ocrx_word' id='word_1_98' title='bbox 1262 1511 1462 1564; x_wconf 85' lang='lat' dir='ltr'><strong>dueere</strong></span> <span class='ocrx_word' id='word_1_99' title='bbox 1531 1513 1948 1580; x_wconf 77' lang='lat' dir='ltr'><strong>panegyricum,</strong></span> <span class='ocrx_word' id='word_1_100' title='bbox 2003 1513 2262 1578; x_wconf 85' lang='lat' dir='ltr'><strong>diemque</strong></span> 
     </span>
    </p>
   </div>
   <div class='ocr_carea' id='block_1_17' title="bbox 706 1601 2261 1672">
    <p class='ocr_par' dir='ltr' id='par_1_17' title="bbox 706 1601 2261 1672">
     <span class='ocr_line' id='line_1_17' title="bbox 706 1601 2261 1672; baseline 0.003 -21"><span class='ocrx_word' id='word_1_101' title='bbox 706 1614 972 1667; x_wconf 79' lang='lat' dir='ltr'><strong>peragere</strong></span> <span class='ocrx_word' id='word_1_102' title='bbox 1034 1601 1433 1670; x_wconf 87' lang='lat' dir='ltr'><strong>regalissimum</strong></span> <span class='ocrx_word' id='word_1_103' title='bbox 1467 1643 1480 1665; x_wconf 88' lang='lat'><strong>,</strong></span> <span class='ocrx_word' id='word_1_104' title='bbox 1516 1603 1734 1670; x_wconf 83' lang='lat' dir='ltr'><strong>quando</strong></span> <span class='ocrx_word' id='word_1_105' title='bbox 1782 1603 1959 1656; x_wconf 87' lang='lat' dir='ltr'><strong>adhuc</strong></span> <span class='ocrx_word' id='word_1_106' title='bbox 2007 1603 2261 1672; x_wconf 73' lang='lat' dir='ltr'><strong>plangere</strong></span> 
     </span>
    </p>
   </div>
   <div class='ocr_carea' id='block_1_18' title="bbox 713 1689 2260 1761">
    <p class='ocr_par' dir='ltr' id='par_1_18' title="bbox 713 1689 2260 1761">
     <span class='ocr_line' id='line_1_18' title="bbox 713 1689 2260 1761; baseline 0.002 -19"><span class='ocrx_word' id='word_1_107' title='bbox 713 1689 1109 1761; x_wconf 87' lang='lat' dir='ltr'><strong>lamentarique</strong></span> <span class='ocrx_word' id='word_1_108' title='bbox 1137 1701 1434 1760; x_wconf 83' lang='lat' dir='ltr'><strong>Oporteret.</strong></span> <span class='ocrx_word' id='word_1_109' title='bbox 1465 1692 1611 1758; x_wconf 86' lang='lat' dir='ltr'><strong>Quos</strong></span> <span class='ocrx_word' id='word_1_110' title='bbox 1661 1695 1729 1747; x_wconf 85' lang='lat' dir='ltr'><strong>ita</strong></span> <span class='ocrx_word' id='word_1_111' title='bbox 1760 1695 2046 1761; x_wconf 90' lang='lat' dir='ltr'><strong>loquentes</strong></span> <span class='ocrx_word' id='word_1_112' title='bbox 2108 1709 2260 1760; x_wconf 83' lang='lat' dir='ltr'><strong>pror-</strong></span> 
     </span>
    </p>
   </div>
   <div class='ocr_carea' id='block_1_19' title="bbox 705 1773 2258 1852">
    <p class='ocr_par' dir='ltr' id='par_1_19' title="bbox 705 1773 2258 1852">
     <span class='ocr_line' id='line_1_19' title="bbox 705 1773 2258 1852; baseline 0.003 -19"><span class='ocrx_word' id='word_1_113' title='bbox 705 1795 799 1833; x_wconf 74' lang='lat' dir='ltr'><strong>sas</strong></span> <span class='ocrx_word' id='word_1_114' title='bbox 833 1781 1066 1836; x_wconf 82' lang='lat' dir='ltr'><strong>delirare</strong></span> <span class='ocrx_word' id='word_1_115' title='bbox 1099 1781 1400 1836; x_wconf 77' lang='lat' dir='ltr'><strong>allirmabat</strong></span> <span class='ocrx_word' id='word_1_116' title='bbox 1433 1799 1660 1852; x_wconf 77' lang='lat' dir='ltr'><strong>magnus</strong></span> <span class='ocrx_word' id='word_1_117' title='bbox 1717 1773 2046 1838; x_wconf 72' lang='lat' dir='ltr'><strong>domesticus</strong></span> <span class='ocrx_word' id='word_1_118' title='bbox 2071 1793 2125 1838; x_wconf 86' lang='lat' dir='ltr'><strong>et</strong></span> <span class='ocrx_word' id='word_1_119' title='bbox 2159 1800 2258 1838; x_wconf 84' lang='lat' dir='ltr'><strong>nec</strong></span> 
     </span>
    </p>
   </div>
   <div class='ocr_carea' id='block_1_20' title="bbox 2364 613 3926 685">
    <p class='ocr_par' dir='ltr' id='par_1_20' title="bbox 2364 613 3926 685">
     <span class='ocr_line' id='line_1_20' title="bbox 2364 613 3926 685; baseline -0.001 -17"><span class='ocrx_word' id='word_1_120' title='bbox 2364 619 2419 668; x_wconf 84' lang='grc' dir='ltr'>δὲ</span> <span class='ocrx_word' id='word_1_121' title='bbox 2454 617 2575 668; x_wconf 79' lang='grc' dir='ltr'>καθ’</span> <span class='ocrx_word' id='word_1_122' title='bbox 2605 613 2741 683; x_wconf 76' lang='grc' dir='ltr'>αἷμα</span> <span class='ocrx_word' id='word_1_123' title='bbox 2771 618 3155 685; x_wconf 73' lang='grc' dir='ltr'>προσηκόντων</span> <span class='ocrx_word' id='word_1_124' title='bbox 3183 618 3391 684; x_wconf 82' lang='grc' dir='ltr'>βασιλεῖ</span> <span class='ocrx_word' id='word_1_125' title='bbox 3412 635 3595 680; x_wconf 90' lang='grc' dir='ltr'>τινων,</span> <span class='ocrx_word' id='word_1_126' title='bbox 3615 617 3688 685; x_wconf 81' lang='grc' dir='ltr'>μὴ</span> <span class='ocrx_word' id='word_1_127' title='bbox 3715 617 3926 668; x_wconf 88' lang='grc' dir='ltr'>δίκαιον</span> 
     </span>
    </p>
   </div>
   <div class='ocr_carea' id='block_1_21' title="bbox 2365 703 3927 774">
    <p class='ocr_par' dir='ltr' id='par_1_21' title="bbox 2365 703 3927 774">
     <span class='ocr_line' id='line_1_21' title="bbox 2365 703 3927 774; baseline -0.002 -17"><span class='ocrx_word' id='word_1_128' title='bbox 2365 703 2502 758; x_wconf 71' lang='grc' dir='ltr'>εἶναι</span> <span class='ocrx_word' id='word_1_129' title='bbox 2536 707 2964 773; x_wconf 75' lang='grc' dir='ltr'><strong>παραινούντων,</strong></span> <span class='ocrx_word' id='word_1_130' title='bbox 3004 706 3097 758; x_wconf 74' lang='grc' dir='ltr'>τοῦ</span> <span class='ocrx_word' id='word_1_131' title='bbox 3126 707 3326 774; x_wconf 79' lang='grc' dir='ltr'>πατρδς</span> <span class='ocrx_word' id='word_1_132' title='bbox 3359 707 3522 773; x_wconf 79' lang='grc' dir='ltr'>όλίγῳ</span> <span class='ocrx_word' id='word_1_133' title='bbox 3560 705 3824 774; x_wconf 89' lang='grc' dir='ltr'>πρότερον</span> <span class='ocrx_word' id='word_1_134' title='bbox 3840 720 3927 754; x_wconf 92' lang='grc' dir='ltr'>τε-</span> 
     </span>
    </p>
   </div>
   <div class='ocr_carea' id='block_1_22' title="bbox 2365 791 3923 862">
    <p class='ocr_par' dir='ltr' id='par_1_22' title="bbox 2365 791 3923 862">
     <span class='ocr_line' id='line_1_22' title="bbox 2365 791 3923 862; baseline -0.003 -16"><span class='ocrx_word' id='word_1_135' title='bbox 2365 795 2746 858; x_wconf 71' lang='grc' dir='ltr'>τελευτηκότος</span> <span class='ocrx_word' id='word_1_136' title='bbox 2829 795 3143 862; x_wconf 86' lang='grc' dir='ltr'>βασιλέως,</span> <span class='ocrx_word' id='word_1_137' title='bbox 3209 796 3302 846; x_wconf 73' lang='grc' dir='ltr'>τὸν</span> <span class='ocrx_word' id='word_1_138' title='bbox 3368 794 3481 846; x_wconf 72' lang='grc' dir='ltr'><strong>υίίν</strong></span> <span class='ocrx_word' id='word_1_139' title='bbox 3531 791 3923 860; x_wconf 76' lang='grc' dir='ltr'><strong>πανηγυρίζειν</strong></span> 
     </span>
    </p>
   </div>
   <div class='ocr_carea' id='block_1_23' title="bbox 2365 881 3924 952">
    <p class='ocr_par' dir='ltr' id='par_1_23' title="bbox 2365 881 3924 952">
     <span class='ocr_line' id='line_1_23' title="bbox 2365 881 3924 952; baseline -0.002 -18"><span class='ocrx_word' id='word_1_140' title='bbox 2365 883 2543 947; x_wconf 74' lang='grc' dir='ltr'>(τοῦτο</span> <span class='ocrx_word' id='word_1_141' title='bbox 2596 884 2654 936; x_wconf 82' lang='grc' dir='ltr'>δὲ</span> <span class='ocrx_word' id='word_1_142' title='bbox 2715 885 2897 945; x_wconf 77' lang='grc' dir='ltr'>αὐτοῖς</span> <span class='ocrx_word' id='word_1_143' title='bbox 2949 886 2978 936; x_wconf 84' lang='grc' dir='ltr'>ὁ</span> <span class='ocrx_word' id='word_1_144' title='bbox 3031 883 3526 952; x_wconf 82' lang='grc' dir='ltr'>παρακοιμὼμενος</span> <span class='ocrx_word' id='word_1_145' title='bbox 3584 881 3924 948; x_wconf 78' lang='grc' dir='ltr'>Ἀπόκαυχος</span> 
     </span>
    </p>
   </div>
   <div class='ocr_carea' id='block_1_24' title="bbox 2364 971 3924 1040">
    <p class='ocr_par' dir='ltr' id='par_1_24' title="bbox 2364 971 3924 1040">
     <span class='ocr_line' id='line_1_24' title="bbox 2364 971 3924 1040; baseline -0.003 -16"><span class='ocrx_word' id='word_1_146' title='bbox 2364 973 2608 1025; x_wconf 75' lang='grc' dir='ltr'><strong>ὑπετίθει</strong></span> <span class='ocrx_word' id='word_1_147' title='bbox 2662 974 2862 1040; x_wconf 78' lang='grc' dir='ltr'>λέγειν,</span> <span class='ocrx_word' id='word_1_148' title='bbox 2895 975 2970 1035; x_wconf 81' lang='grc' dir='ltr'>ὡς</span> <span class='ocrx_word' id='word_1_149' title='bbox 3001 975 3062 1026; x_wconf 82' lang='grc' dir='ltr'>ὲκ</span> <span class='ocrx_word' id='word_1_150' title='bbox 3108 973 3218 1025; x_wconf 85' lang='grc' dir='ltr'>τῶν</span> <span class='ocrx_word' id='word_1_151' title='bbox 3265 971 3494 1040; x_wconf 79' lang='grc' dir='ltr'>ὕστερον</span> <span class='ocrx_word' id='word_1_152' title='bbox 3532 971 3722 1038; x_wconf 84' lang='grc' dir='ltr'>γέγονε</span> <span class='ocrx_word' id='word_1_153' title='bbox 3754 986 3924 1021; x_wconf 76' lang='grc' dir='ltr'>καταο</span> 
     </span>
    </p>
   </div>
   <div class='ocr_carea' id='block_1_25' title="bbox 2363 1058 3925 1132">
    <p class='ocr_par' dir='ltr' id='par_1_25' title="bbox 2363 1058 3925 1132">
     <span class='ocr_line' id='line_1_25' title="bbox 2363 1058 3925 1132; baseline -0.004 -17"><span class='ocrx_word' id='word_1_154' title='bbox 2363 1064 2552 1132; x_wconf 82' lang='grc' dir='ltr'>φανὲς,</span> <span class='ocrx_word' id='word_1_155' title='bbox 2589 1063 2686 1132; x_wconf 81' lang='grc' dir='ltr'>τὴν</span> <span class='ocrx_word' id='word_1_156' title='bbox 2729 1064 3104 1132; x_wconf 73' lang='grc' dir='ltr'><strong>γεγενημένην</strong></span> <span class='ocrx_word' id='word_1_157' title='bbox 3153 1063 3342 1115; x_wconf 72' lang='grc' dir='ltr'>στάσιν</span> <span class='ocrx_word' id='word_1_158' title='bbox 3399 1061 3670 1130; x_wconf 78' lang='grc' dir='ltr'><strong>μελετῶν,</strong></span> <span class='ocrx_word' id='word_1_159' title='bbox 3703 1062 3798 1111; x_wconf 76' lang='grc' dir='ltr'><strong>καὶ</strong></span> <span class='ocrx_word' id='word_1_160' title='bbox 3851 1058 3925 1123; x_wconf 80' lang='grc' dir='ltr'>μὴ</span> 
     </span>
    </p>
   </div>
   <div class='ocr_carea' id='block_1_26' title="bbox 2363 1149 3928 1225">
    <p class='ocr_par' dir='ltr' id='par_1_26' title="bbox 2363 1149 3928 1225">
     <span class='ocr_line' id='line_1_26' title="bbox 2363 1149 3928 1225; baseline -0.006 -17"><span class='ocrx_word' id='word_1_161' title='bbox 2363 1155 2686 1225; x_wconf 81' lang='grc' dir='ltr'>βουλόμενος</span> <span class='ocrx_word' id='word_1_162' title='bbox 2740 1154 2989 1221; x_wconf 75' lang='grc' dir='ltr'><strong>βασιλίδα</strong></span> <span class='ocrx_word' id='word_1_163' title='bbox 3030 1154 3131 1223; x_wconf 89' lang='grc' dir='ltr'><strong>τῆς</strong></span> <span class='ocrx_word' id='word_1_164' title='bbox 3180 1155 3260 1213; x_wconf 86' lang='grc' dir='ltr'><strong>εἰς</strong></span> <span class='ocrx_word' id='word_1_165' title='bbox 3311 1153 3481 1220; x_wconf 81' lang='grc' dir='ltr'>αὐτὴν</span> <span class='ocrx_word' id='word_1_166' title='bbox 3535 1151 3630 1203; x_wconf 79' lang='grc' dir='ltr'><strong>καὶ</strong></span> <span class='ocrx_word' id='word_1_167' title='bbox 3687 1150 3779 1201; x_wconf 73' lang='grc' dir='ltr'>τὸν</span> <span class='ocrx_word' id='word_1_168' title='bbox 3813 1149 3928 1200; x_wconf 84' lang='grc' dir='ltr'>υἰδν</span> 
     </span>
    </p>
   </div>
   <div class='ocr_carea' id='block_1_27' title="bbox 2361 1237 3925 1316">
    <p class='ocr_par' dir='ltr' id='par_1_27' title="bbox 2361 1237 3925 1316">
     <span class='ocr_line' id='line_1_27' title="bbox 2361 1237 3925 1316; baseline -0.007 -17"><span class='ocrx_word' id='word_1_169' title='bbox 2361 1247 2572 1308; x_wconf 74' lang='grc' dir='ltr'>εὐνοίας</span> <span class='ocrx_word' id='word_1_170' title='bbox 2621 1247 2852 1316; x_wconf 76' lang='grc' dir='ltr'>ἐνέχυρα</span> <span class='ocrx_word' id='word_1_171' title='bbox 2899 1244 3068 1297; x_wconf 81' lang='grc' dir='ltr'>πιστὰ</span> <span class='ocrx_word' id='word_1_172' title='bbox 3123 1242 3428 1310; x_wconf 86' lang='grc' dir='ltr'>κεκτῆσθαι</span> <span class='ocrx_word' id='word_1_173' title='bbox 3472 1241 3626 1309; x_wconf 73' lang='grc' dir='ltr'>παρὰ</span> <span class='ocrx_word' id='word_1_174' title='bbox 3685 1237 3925 1307; x_wconf 75' lang='grc' dir='ltr'><strong>μεγάλου</strong></span> 
     </span>
    </p>
   </div>
   <div class='ocr_carea' id='block_1_28' title="bbox 2361 1329 3931 1407">
    <p class='ocr_par' dir='ltr' id='par_1_28' title="bbox 2361 1329 3931 1407">
     <span class='ocr_line' id='line_1_28' title="bbox 2361 1329 3931 1407; baseline -0.008 -15"><span class='ocrx_word' id='word_1_175' title='bbox 2361 1337 2731 1407; x_wconf 84' lang='grc' dir='ltr'>δομεστίκου),</span> <span class='ocrx_word' id='word_1_176' title='bbox 2763 1339 2842 1399; x_wconf 78' lang='grc' dir='ltr'><strong>είς</strong></span> <span class='ocrx_word' id='word_1_177' title='bbox 2873 1336 2974 1404; x_wconf 76' lang='grc' dir='ltr'><strong>τὴν</strong></span> <span class='ocrx_word' id='word_1_178' title='bbox 3013 1333 3305 1401; x_wconf 76' lang='grc' dir='ltr'><strong>ὑστεραίαν</strong></span> <span class='ocrx_word' id='word_1_179' title='bbox 3334 1333 3394 1386; x_wconf 83' lang='grc' dir='ltr'><strong>τὸ</strong></span> <span class='ocrx_word' id='word_1_180' title='bbox 3423 1331 3582 1401; x_wconf 69' lang='grc' dir='ltr'>ἔργον</span> <span class='ocrx_word' id='word_1_181' title='bbox 3605 1329 3931 1383; x_wconf 83' lang='grc' dir='ltr'>ἀνεϐάλλετο</span> 
     </span>
    </p>
   </div>
   <div class='ocr_carea' id='block_1_29' title="bbox 2360 1420 3957 1500">
    <p class='ocr_par' dir='ltr' id='par_1_29' title="bbox 2360 1420 3957 1500">
     <span class='ocr_line' id='line_1_29' title="bbox 2360 1420 3957 1500; baseline -0.009 -17"><span class='ocrx_word' id='word_1_182' title='bbox 2360 1433 2392 1500; x_wconf 81' lang='grc' dir='ltr'><strong>η</strong></span> <span class='ocrx_word' id='word_1_183' title='bbox 2422 1430 2651 1498; x_wconf 64' lang='grc' dir='ltr'>βασιλὶς,</span> <span class='ocrx_word' id='word_1_184' title='bbox 2669 1429 2769 1496; x_wconf 84' lang='grc' dir='ltr'><strong>τὴν</strong></span> <span class='ocrx_word' id='word_1_185' title='bbox 2789 1426 3000 1496; x_wconf 79' lang='grc' dir='ltr'>μέμψιν</span> <span class='ocrx_word' id='word_1_186' title='bbox 3030 1425 3190 1478; x_wconf 86' lang='grc' dir='ltr'>τινῶν</span> <span class='ocrx_word' id='word_1_187' title='bbox 3219 1424 3539 1490; x_wconf 70' lang='grc' dir='ltr'><strong>αἰτιωμένη,</strong></span> <span class='ocrx_word' id='word_1_188' title='bbox 3570 1423 3648 1475; x_wconf 81' lang='grc' dir='ltr'><strong>ὅτι</strong></span> <span class='ocrx_word' id='word_1_189' title='bbox 3677 1420 3742 1490; x_wconf 75' lang='grc' dir='ltr'>δὴ</span> <span class='ocrx_word' id='word_1_190' title='bbox 3763 1421 3957 1472; x_wconf 83' lang='grc' dir='ltr'>πυθό-.</span> 
     </span>
    </p>
   </div>
   <div class='ocr_carea' id='block_1_30' title="bbox 2363 1507 3930 1586">
    <p class='ocr_par' dir='ltr' id='par_1_30' title="bbox 2363 1507 3930 1586">
     <span class='ocr_line' id='line_1_30' title="bbox 2363 1507 3930 1586; baseline -0.007 -18"><span class='ocrx_word' id='word_1_191' title='bbox 2363 1533 2512 1586; x_wconf 89' lang='grc' dir='ltr'>μενοι</span> <span class='ocrx_word' id='word_1_192' title='bbox 2539 1515 2924 1584; x_wconf 82' lang='grc' dir='ltr'>κατηγοροῖεν,</span> <span class='ocrx_word' id='word_1_193' title='bbox 2962 1513 3040 1574; x_wconf 78' lang='grc' dir='ltr'>ὡς</span> <span class='ocrx_word' id='word_1_194' title='bbox 3065 1511 3127 1563; x_wconf 79' lang='grc' dir='ltr'><strong>οὐ</strong></span> <span class='ocrx_word' id='word_1_195' title='bbox 3155 1510 3513 1579; x_wconf 77' lang='grc' dir='ltr'>κεχρημένων</span> <span class='ocrx_word' id='word_1_196' title='bbox 3538 1507 3616 1577; x_wconf 82' lang='grc' dir='ltr'>τῷ</span> <span class='ocrx_word' id='word_1_197' title='bbox 3642 1507 3930 1574; x_wconf 81' lang='grc' dir='ltr'>πράγματι</span> 
     </span>
    </p>
   </div>
   <div class='ocr_carea' id='block_1_31' title="bbox 2360 1598 3930 1674">
    <p class='ocr_par' dir='ltr' id='par_1_31' title="bbox 2360 1598 3930 1674">
     <span class='ocr_line' id='line_1_31' title="bbox 2360 1598 3930 1674; baseline -0.009 -14"><span class='ocrx_word' id='word_1_198' title='bbox 2360 1609 2502 1661; x_wconf 70' lang='grc' dir='ltr'>κατὰ</span> <span class='ocrx_word' id='word_1_199' title='bbox 2525 1606 2736 1674; x_wconf 75' lang='grc' dir='ltr'>καιρὸν,</span> <span class='ocrx_word' id='word_1_200' title='bbox 2759 1604 2874 1656; x_wconf 82' lang='grc' dir='ltr'>ἀλλ’</span> <span class='ocrx_word' id='word_1_201' title='bbox 2907 1604 2966 1654; x_wconf 80' lang='grc' dir='ltr'>ἑν</span> <span class='ocrx_word' id='word_1_202' title='bbox 2994 1599 3074 1664; x_wconf 79' lang='grc' dir='ltr'>οἷς</span> <span class='ocrx_word' id='word_1_203' title='bbox 3099 1603 3205 1656; x_wconf 75' lang='grc' dir='ltr'>ἔδει</span> <span class='ocrx_word' id='word_1_204' title='bbox 3238 1600 3541 1654; x_wconf 81' lang='grc' dir='ltr'>κόπτεσθαι</span> <span class='ocrx_word' id='word_1_205' title='bbox 3567 1601 3662 1651; x_wconf 81' lang='grc' dir='ltr'>καὶ</span> <span class='ocrx_word' id='word_1_206' title='bbox 3690 1598 3930 1668; x_wconf 83' lang='grc' dir='ltr'>θρηνεῖν,</span> 
     </span>
    </p>
   </div>
   <div class='ocr_carea' id='block_1_32' title="bbox 2360 1689 3932 1768">
    <p class='ocr_par' dir='ltr' id='par_1_32' title="bbox 2360 1689 3932 1768">
     <span class='ocr_line' id='line_1_32' title="bbox 2360 1689 3932 1768; baseline -0.009 -16"><span class='ocrx_word' id='word_1_207' title='bbox 2360 1698 2844 1768; x_wconf 76' lang='grc' dir='ltr'>πανηγυριζόντων</span> <span class='ocrx_word' id='word_1_208' title='bbox 2902 1695 3099 1758; x_wconf 76' lang='grc' dir='ltr'>αὐτῶν,</span> <span class='ocrx_word' id='word_1_209' title='bbox 3142 1693 3263 1745; x_wconf 74' lang='grc' dir='ltr'>,καὶ</span> <span class='ocrx_word' id='word_1_210' title='bbox 3333 1693 3434 1761; x_wconf 80' lang='grc' dir='ltr'>τὴν</span> <span class='ocrx_word' id='word_1_211' title='bbox 3488 1689 3932 1759; x_wconf 72' lang='grc' dir='ltr'>βασιλικιιιτάτην</span> 
     </span>
    </p>
   </div>
   <div class='ocr_carea' id='block_1_33' title="bbox 2361 1780 3937 1858">
    <p class='ocr_par' dir='ltr' id='par_1_33' title="bbox 2361 1780 3937 1858">
     <span class='ocr_line' id='line_1_33' title="bbox 2361 1780 3937 1858; baseline -0.01 -13"><span class='ocrx_word' id='word_1_212' title='bbox 2361 1793 2655 1846; x_wconf 78' lang='grc' dir='ltr'>τελούντων</span> <span class='ocrx_word' id='word_1_213' title='bbox 2687 1791 2900 1858; x_wconf 78' lang='grc' dir='ltr'>ἑορτήν.</span> <span class='ocrx_word' id='word_1_214' title='bbox 2949 1787 3008 1840; x_wconf 90' lang='lat'><strong>&#39;0</strong></span> <span class='ocrx_word' id='word_1_215' title='bbox 3033 1787 3078 1840; x_wconf 83' lang='grc' dir='ltr'>δ’</span> <span class='ocrx_word' id='word_1_216' title='bbox 3125 1785 3468 1852; x_wconf 79' lang='grc' dir='ltr'>ἀνοηταίνειν</span> <span class='ocrx_word' id='word_1_217' title='bbox 3499 1783 3706 1849; x_wconf 77' lang='grc' dir='ltr'>ἔφασκε</span> <span class='ocrx_word' id='word_1_218' title='bbox 3737 1780 3937 1831; x_wconf 72' lang='grc' dir='ltr'>παντάο</span> 
     </span>
    </p>
   </div>
   <div class='ocr_carea' id='block_1_34' title="bbox 707 1866 2370 1945">
    <p class='ocr_par' dir='ltr' id='par_1_34' title="bbox 707 1866 2370 1945">
     <span class='ocr_line' id='line_1_34' title="bbox 707 1866 2370 1945; baseline 0.004 -19"><span class='ocrx_word' id='word_1_219' title='bbox 707 1873 902 1926; x_wconf 81' lang='lat' dir='ltr'><strong>sa‘ltem</strong></span> <span class='ocrx_word' id='word_1_220' title='bbox 949 1874 1189 1942; x_wconf 86' lang='lat' dir='ltr'><strong>cogitare</strong></span> <span class='ocrx_word' id='word_1_221' title='bbox 1237 1875 1420 1929; x_wconf 90' lang='lat' dir='ltr'><strong>multis</strong></span> <span class='ocrx_word' id='word_1_222' title='bbox 1468 1875 1861 1945; x_wconf 83' lang='lat' dir='ltr'><strong>imperatorum</strong></span> <span class='ocrx_word' id='word_1_223' title='bbox 1908 1877 2262 1931; x_wconf 86' lang='lat' dir='ltr'><strong>morientibus</strong></span> <span class='ocrx_word' id='word_1_224' title='bbox 2297 1866 2370 1918; x_wconf 64' lang='grc' dir='ltr'><strong>³η</strong></span> 
     </span>
    </p>
   </div>
   <div class='ocr_carea' id='block_1_35' title="bbox 2266 1866 3929 1945">
    <p class='ocr_par' dir='ltr' id='par_1_35' title="bbox 2297 1866 3929 1944">
     <span class='ocr_line' id='line_1_35' title="bbox 2297 1866 3929 1944; baseline -0.009 -11"><span class='ocrx_word' id='word_1_225' title='bbox 2297 1866 2339 1918; x_wconf 72' lang='grc' dir='ltr'>Β</span> <span class='ocrx_word' id='word_1_226' title='bbox 2366 1897 2499 1933; x_wconf 84' lang='grc' dir='ltr'>πασι</span> <span class='ocrx_word' id='word_1_227' title='bbox 2551 1879 2676 1939; x_wconf 85' lang='grc' dir='ltr'>τοὺς</span> <span class='ocrx_word' id='word_1_228' title='bbox 2733 1877 3044 1944; x_wconf 85' lang='grc' dir='ltr'>εἰρηκότας,</span> <span class='ocrx_word' id='word_1_229' title='bbox 3090 1875 3181 1925; x_wconf 69' lang='grc' dir='ltr'><strong>καὶ</strong></span> <span class='ocrx_word' id='word_1_230' title='bbox 3226 1873 3362 1940; x_wconf 77' lang='grc' dir='ltr'>μηδὲ</span> <span class='ocrx_word' id='word_1_231' title='bbox 3416 1871 3575 1923; x_wconf 82' lang='grc' dir='ltr'>τοῦτο</span> <span class='ocrx_word' id='word_1_232' title='bbox 3613 1872 3813 1921; x_wconf 73' lang='grc' dir='ltr'>ἐννοεῖν</span> <span class='ocrx_word' id='word_1_233' title='bbox 3856 1868 3929 1928; x_wconf 86' lang='grc' dir='ltr'>ὼς</span> 
     </span>
    </p>
   </div>
   <div class='ocr_carea' id='block_1_36' title="bbox 707 1968 2262 2038">
    <p class='ocr_par' dir='ltr' id='par_1_36' title="bbox 707 1968 2262 2038">
     <span class='ocr_line' id='line_1_36' title="bbox 707 1968 2262 2038; baseline 0.004 -22"><span class='ocrx_word' id='word_1_234' title='bbox 707 1981 1060 2022; x_wconf 82' lang='lat' dir='ltr'><strong>successores</strong></span> <span class='ocrx_word' id='word_1_235' title='bbox 1117 1968 1296 2022; x_wconf 85' lang='lat' dir='ltr'><strong>statim</strong></span> <span class='ocrx_word' id='word_1_236' title='bbox 1337 1972 1704 2038; x_wconf 83' lang='lat' dir='ltr'><strong>promulgatos</strong></span> <span class='ocrx_word' id='word_1_237' title='bbox 1765 1984 1884 2023; x_wconf 83' lang='lat' dir='ltr'><strong>esse</strong></span> <span class='ocrx_word' id='word_1_238' title='bbox 1940 1969 2111 2032; x_wconf 87' lang='lat' dir='ltr'><strong>lilios,</strong></span> <span class='ocrx_word' id='word_1_239' title='bbox 2169 1986 2262 2022; x_wconf 88' lang='lat' dir='ltr'><strong>ne-</strong></span> 
     </span>
    </p>
   </div>
   <div class='ocr_carea' id='block_1_37' title="bbox 710 2057 2262 2128">
    <p class='ocr_par' dir='ltr' id='par_1_37' title="bbox 710 2057 2262 2128">
     <span class='ocr_line' id='line_1_37' title="bbox 710 2057 2262 2128; baseline 0.004 -20"><span class='ocrx_word' id='word_1_240' title='bbox 710 2057 858 2108; x_wconf 89' lang='lat' dir='ltr'><strong>mine</strong></span> <span class='ocrx_word' id='word_1_241' title='bbox 917 2057 1020 2109; x_wconf 85' lang='lat' dir='ltr'><strong>lioe</strong></span> <span class='ocrx_word' id='word_1_242' title='bbox 1075 2067 1134 2110; x_wconf 91' lang='lat' dir='ltr'><strong>ut</strong></span> <span class='ocrx_word' id='word_1_243' title='bbox 1197 2058 1636 2126; x_wconf 80' lang='lat' dir='ltr'><strong>intempestivum</strong></span> <span class='ocrx_word' id='word_1_244' title='bbox 1699 2062 2042 2127; x_wconf 79' lang='lat' dir='ltr'><strong>vituperante</strong></span> <span class='ocrx_word' id='word_1_245' title='bbox 2082 2079 2096 2114; x_wconf 87' lang='lat'><strong>:</strong></span> <span class='ocrx_word' id='word_1_246' title='bbox 2131 2063 2262 2128; x_wconf 61' lang='lat' dir='ltr'><strong>quin</strong></span> 
     </span>
    </p>
   </div>
   <div class='ocr_carea' id='block_1_38' title="bbox 708 2145 2262 2218">
    <p class='ocr_par' dir='ltr' id='par_1_38' title="bbox 708 2145 2262 2218">
     <span class='ocr_line' id='line_1_38' title="bbox 708 2145 2262 2218; baseline 0.001 -20"><span class='ocrx_word' id='word_1_247' title='bbox 708 2145 980 2211; x_wconf 82' lang='lat' dir='ltr'><strong>omnibus,</strong></span> <span class='ocrx_word' id='word_1_248' title='bbox 1021 2156 1181 2211; x_wconf 88' lang='lat' dir='ltr'><strong>prout</strong></span> <span class='ocrx_word' id='word_1_249' title='bbox 1234 2162 1447 2213; x_wconf 69' lang='lat' dir='ltr'><strong>mquam</strong></span> <span class='ocrx_word' id='word_1_250' title='bbox 1478 2160 1615 2210; x_wconf 82' lang='lat' dir='ltr'><strong>erat,</strong></span> <span class='ocrx_word' id='word_1_251' title='bbox 1651 2149 1740 2201; x_wconf 82' lang='lat' dir='ltr'><strong>tali</strong></span> <span class='ocrx_word' id='word_1_252' title='bbox 1777 2150 2004 2218; x_wconf 84' lang='lat' dir='ltr'><strong>tempori</strong></span> <span class='ocrx_word' id='word_1_253' title='bbox 2044 2147 2095 2201; x_wconf 90' lang='lat' dir='ltr'><strong>id</strong></span> <span class='ocrx_word' id='word_1_254' title='bbox 2129 2164 2262 2202; x_wconf 79' lang='lat' dir='ltr'><strong>con-</strong></span> 
     </span>
    </p>
   </div>
   <div class='ocr_carea' id='block_1_39' title="bbox 706 2237 2267 2308">
    <p class='ocr_par' dir='ltr' id='par_1_39' title="bbox 706 2237 2267 2308">
     <span class='ocr_line' id='line_1_39' title="bbox 706 2237 2267 2308; baseline 0.001 -18"><span class='ocrx_word' id='word_1_255' title='bbox 706 2237 1182 2290; x_wconf 76' lang='lat' dir='ltr'><strong>venientissimuni</strong></span> <span class='ocrx_word' id='word_1_256' title='bbox 1222 2238 1616 2308; x_wconf 84' lang='lat' dir='ltr'><strong>judicautibus,</strong></span> <span class='ocrx_word' id='word_1_257' title='bbox 1670 2253 1776 2292; x_wconf 91' lang='lat' dir='ltr'><strong>non</strong></span> <span class='ocrx_word' id='word_1_258' title='bbox 1839 2239 1996 2292; x_wconf 79' lang='lat' dir='ltr'><strong>luxus</strong></span> <span class='ocrx_word' id='word_1_259' title='bbox 2068 2247 2124 2293; x_wconf 90' lang='lat' dir='ltr'><strong>et</strong></span> <span class='ocrx_word' id='word_1_260' title='bbox 2171 2254 2267 2291; x_wconf 85' lang='lat' dir='ltr'><strong>vo-</strong></span> 
     </span>
    </p>
   </div>
   <div class='ocr_carea' id='block_1_40' title="bbox 714 2327 2269 2398">
    <p class='ocr_par' dir='ltr' id='par_1_40' title="bbox 714 2327 2269 2398">
     <span class='ocr_line' id='line_1_40' title="bbox 714 2327 2269 2398; baseline 0 -18"><span class='ocrx_word' id='word_1_261' title='bbox 714 2327 945 2396; x_wconf 86' lang='lat' dir='ltr'><strong>luptatis</strong></span> <span class='ocrx_word' id='word_1_262' title='bbox 991 2329 1164 2397; x_wconf 86' lang='lat' dir='ltr'><strong>gratia</strong></span> <span class='ocrx_word' id='word_1_263' title='bbox 1196 2369 1209 2391; x_wconf 87' lang='grc'><strong>,</strong></span> <span class='ocrx_word' id='word_1_264' title='bbox 1255 2328 1348 2381; x_wconf 90' lang='lat' dir='ltr'><strong>sed</strong></span> <span class='ocrx_word' id='word_1_265' title='bbox 1400 2344 1466 2381; x_wconf 87' lang='lat' dir='ltr'><strong>ne</strong></span> <span class='ocrx_word' id='word_1_266' title='bbox 1516 2345 1622 2398; x_wconf 87' lang='lat' dir='ltr'><strong>qua</strong></span> <span class='ocrx_word' id='word_1_267' title='bbox 1676 2329 1838 2397; x_wconf 69' lang='lat' dir='ltr'><strong>vulgo</strong></span> <span class='ocrx_word' id='word_1_268' title='bbox 1872 2327 2158 2382; x_wconf 89' lang='lat' dir='ltr'><strong>seditionis</strong></span> <span class='ocrx_word' id='word_1_269' title='bbox 2205 2342 2269 2380; x_wconf 88' lang='lat' dir='ltr'><strong>ac</strong></span> 
     </span>
    </p>
   </div>
   <div class='ocr_carea' id='block_1_41' title="bbox 716 2418 2269 2488">
    <p class='ocr_par' dir='ltr' id='par_1_41' title="bbox 716 2418 2269 2488">
     <span class='ocr_line' id='line_1_41' title="bbox 716 2418 2269 2488; baseline 0.001 -17"><span class='ocrx_word' id='word_1_270' title='bbox 716 2418 984 2472; x_wconf 86' lang='lat' dir='ltr'><strong>tumultus</strong></span> <span class='ocrx_word' id='word_1_271' title='bbox 1035 2418 1260 2471; x_wconf 82' lang='lat' dir='ltr'><strong>daretur</strong></span> <span class='ocrx_word' id='word_1_272' title='bbox 1308 2418 1526 2473; x_wconf 87' lang='lat' dir='ltr'><strong>occasio</strong></span> <span class='ocrx_word' id='word_1_273' title='bbox 1576 2438 1588 2471; x_wconf 92' lang='lat'><strong>:</strong></span> <span class='ocrx_word' id='word_1_274' title='bbox 1647 2420 1859 2474; x_wconf 88' lang='lat' dir='ltr'><strong>cunctis</strong></span> <span class='ocrx_word' id='word_1_275' title='bbox 1898 2419 2008 2485; x_wconf 88' lang='lat' dir='ltr'><strong>jam</strong></span> <span class='ocrx_word' id='word_1_276' title='bbox 2045 2433 2269 2488; x_wconf 89' lang='lat' dir='ltr'><strong>prorsus</strong></span> 
     </span>
    </p>
   </div>
   <div class='ocr_carea' id='block_1_42' title="bbox 711 2493 2266 2579">
    <p class='ocr_par' dir='ltr' id='par_1_42' title="bbox 711 2493 2266 2579">
     <span class='ocr_line' id='line_1_42' title="bbox 711 2493 2266 2579; baseline 0.001 -18"><span class='ocrx_word' id='word_1_277' title='bbox 711 2507 1098 2570; x_wconf 75' lang='lat' dir='ltr'><strong>sentientibus,</strong></span> <span class='ocrx_word' id='word_1_278' title='bbox 1138 2525 1193 2563; x_wconf 91' lang='lat' dir='ltr'><strong>se</strong></span> <span class='ocrx_word' id='word_1_279' title='bbox 1214 2493 1538 2577; x_wconf 62' lang='lat' dir='ltr'><strong>imperatori</strong></span> <span class='ocrx_word' id='word_1_280' title='bbox 1572 2510 1866 2579; x_wconf 85' lang='lat' dir='ltr'><strong>subjectos,</strong></span> <span class='ocrx_word' id='word_1_281' title='bbox 1892 2521 1946 2564; x_wconf 89' lang='lat' dir='ltr'><strong>et</strong></span> <span class='ocrx_word' id='word_1_282' title='bbox 1976 2510 2266 2564; x_wconf 81' lang='lat' dir='ltr'><strong>amentiam</strong></span> 
     </span>
    </p>
   </div>
   <div class='ocr_carea' id='block_1_43' title="bbox 715 2599 2266 2671">
    <p class='ocr_par' dir='ltr' id='par_1_43' title="bbox 715 2599 2266 2671">
     <span class='ocr_line' id='line_1_43' title="bbox 715 2599 2266 2671; baseline 0.001 -19"><span class='ocrx_word' id='word_1_283' title='bbox 715 2599 982 2661; x_wconf 82' lang='lat' dir='ltr'><strong>luiturus.</strong></span> <span class='ocrx_word' id='word_1_284' title='bbox 1017 2601 1062 2653; x_wconf 80' lang='lat' dir='ltr'><strong>si</strong></span> <span class='ocrx_word' id='word_1_285' title='bbox 1094 2601 1389 2654; x_wconf 79' lang='lat' dir='ltr'><strong>:cditiones</strong></span> <span class='ocrx_word' id='word_1_286' title='bbox 1431 2601 1733 2670; x_wconf 77' lang='lat' dir='ltr'><strong>agitarint:</strong></span> <span class='ocrx_word' id='word_1_287' title='bbox 1767 2601 2131 2671; x_wconf 90' lang='lat' dir='ltr'><strong>monebatque</strong></span> <span class='ocrx_word' id='word_1_288' title='bbox 2162 2602 2266 2655; x_wconf 85' lang='lat' dir='ltr'><strong>im-</strong></span> 
     </span>
    </p>
   </div>
   <div class='ocr_carea' id='block_1_44' title="bbox 723 2691 2269 2760">
    <p class='ocr_par' dir='ltr' id='par_1_44' title="bbox 723 2691 2269 2760">
     <span class='ocr_line' id='line_1_44' title="bbox 723 2691 2269 2760; baseline 0.005 -20"><span class='ocrx_word' id='word_1_289' title='bbox 723 2691 1048 2757; x_wconf 85' lang='lat' dir='ltr'><strong>peratricem</strong></span> <span class='ocrx_word' id='word_1_290' title='bbox 1080 2732 1094 2752; x_wconf 85' lang='lat'><strong>,</strong></span> <span class='ocrx_word' id='word_1_291' title='bbox 1142 2701 1200 2744; x_wconf 92' lang='lat' dir='ltr'><strong>ut</strong></span> <span class='ocrx_word' id='word_1_292' title='bbox 1235 2693 1411 2744; x_wconf 66' lang='lat' dir='ltr'><strong>valere</strong></span> <span class='ocrx_word' id='word_1_293' title='bbox 1462 2693 1632 2760; x_wconf 82' lang='lat' dir='ltr'><strong>jussis</strong></span> <span class='ocrx_word' id='word_1_294' title='bbox 1663 2707 1852 2746; x_wconf 87' lang='lat' dir='ltr'><strong>eorum</strong></span> <span class='ocrx_word' id='word_1_295' title='bbox 1902 2694 2269 2757; x_wconf 79' lang='lat' dir='ltr'><strong>sermonibus,</strong></span> 
     </span>
    </p>
   </div>
   <div class='ocr_carea' id='block_1_45' title="bbox 707 2784 2270 2854">
    <p class='ocr_par' dir='ltr' id='par_1_45' title="bbox 707 2784 2270 2854">
     <span class='ocr_line' id='line_1_45' title="bbox 707 2784 2270 2854; baseline 0.002 -19"><span class='ocrx_word' id='word_1_296' title='bbox 707 2787 788 2853; x_wconf 28' lang='lat' dir='ltr'><strong>uad</strong></span> <span class='ocrx_word' id='word_1_297' title='bbox 823 2799 959 2850; x_wconf 71' lang='lat' dir='ltr'><strong>ogius</strong></span> <span class='ocrx_word' id='word_1_298' title='bbox 999 2791 1107 2836; x_wconf 84' lang='lat' dir='ltr'><strong>tam</strong></span> <span class='ocrx_word' id='word_1_299' title='bbox 1153 2784 1285 2836; x_wconf 88' lang='lat' dir='ltr'><strong>utile</strong></span> <span class='ocrx_word' id='word_1_300' title='bbox 1335 2801 1498 2852; x_wconf 80' lang='lat' dir='ltr'><strong>quam</strong></span> <span class='ocrx_word' id='word_1_301' title='bbox 1532 2800 1742 2854; x_wconf 67' lang='lat' dir='ltr'><strong>a‘quum</strong></span> <span class='ocrx_word' id='word_1_302' title='bbox 1788 2785 2128 2854; x_wconf 88' lang='lat' dir='ltr'><strong>procederet.</strong></span> <span class='ocrx_word' id='word_1_303' title='bbox 2165 2786 2270 2838; x_wconf 72' lang='lat' dir='ltr'><strong>lmo</strong></span> 
     </span>
    </p>
   </div>
   <div class='ocr_carea' id='block_1_46' title="bbox 717 2875 2271 2945">
    <p class='ocr_par' dir='ltr' id='par_1_46' title="bbox 717 2875 2271 2945">
     <span class='ocr_line' id='line_1_46' title="bbox 717 2875 2271 2945; baseline 0.001 -19"><span class='ocrx_word' id='word_1_304' title='bbox 717 2877 958 2945; x_wconf 61' lang='lat' dir='ltr'><strong>pcratuix</strong></span> <span class='ocrx_word' id='word_1_305' title='bbox 1017 2890 1173 2928; x_wconf 85' lang='lat' dir='ltr'><strong>orare</strong></span> <span class='ocrx_word' id='word_1_306' title='bbox 1207 2915 1220 2939; x_wconf 90' lang='lat'><strong><em>,</em></strong></span> <span class='ocrx_word' id='word_1_307' title='bbox 1271 2888 1495 2943; x_wconf 70' lang='lat' dir='ltr'><strong>ponent</strong></span> <span class='ocrx_word' id='word_1_308' title='bbox 1549 2875 1770 2928; x_wconf 86' lang='lat' dir='ltr'><strong>nimiam</strong></span> <span class='ocrx_word' id='word_1_309' title='bbox 1828 2875 2271 2935; x_wconf 65' lang='lat' dir='ltr'><strong>sollicitudinem.</strong></span> 
     </span>
    </p>
   </div>
   <div class='ocr_carea' id='block_1_47' title="bbox 719 2963 2276 3034">
    <p class='ocr_par' dir='ltr' id='par_1_47' title="bbox 719 2963 2276 3034">
     <span class='ocr_line' id='line_1_47' title="bbox 719 2963 2276 3034; baseline 0.001 -20"><span class='ocrx_word' id='word_1_310' title='bbox 719 2973 776 3016; x_wconf 94' lang='lat' dir='ltr'><strong>et</strong></span> <span class='ocrx_word' id='word_1_311' title='bbox 810 2978 952 3014; x_wconf 88' lang='lat' dir='ltr'><strong>nunc</strong></span> <span class='ocrx_word' id='word_1_312' title='bbox 993 2963 1215 3030; x_wconf 89' lang='lat' dir='ltr'><strong>quidem</strong></span> <span class='ocrx_word' id='word_1_313' title='bbox 1258 2965 1554 3016; x_wconf 91' lang='lat' dir='ltr'><strong>multorum</strong></span> <span class='ocrx_word' id='word_1_314' title='bbox 1590 2965 1830 3031; x_wconf 85' lang='lat' dir='ltr'><strong>Opinioni</strong></span> <span class='ocrx_word' id='word_1_315' title='bbox 1893 2983 1959 3019; x_wconf 90' lang='lat' dir='ltr'><strong>ne</strong></span> <span class='ocrx_word' id='word_1_316' title='bbox 2011 2983 2276 3034; x_wconf 77' lang='lat' dir='ltr'><strong>repugna-</strong></span> 
     </span>
    </p>
   </div>
   <div class='ocr_carea' id='block_1_48' title="bbox 721 3055 2272 3127">
    <p class='ocr_par' dir='ltr' id='par_1_48' title="bbox 721 3055 2272 3127">
     <span class='ocr_line' id='line_1_48' title="bbox 721 3055 2272 3127; baseline 0.003 -20"><span class='ocrx_word' id='word_1_317' title='bbox 721 3064 807 3107; x_wconf 87' lang='lat' dir='ltr'><strong>rct</strong></span> <span class='ocrx_word' id='word_1_318' title='bbox 835 3075 844 3106; x_wconf 89' lang='lat'><strong>:</strong></span> <span class='ocrx_word' id='word_1_319' title='bbox 880 3056 1040 3122; x_wconf 83' lang='lat' dir='ltr'><strong>paulo</strong></span> <span class='ocrx_word' id='word_1_320' title='bbox 1064 3065 1206 3123; x_wconf 69' lang='lat' dir='ltr'><strong>post,</strong></span> <span class='ocrx_word' id='word_1_321' title='bbox 1236 3072 1359 3108; x_wconf 88' lang='lat' dir='ltr'><strong>cum</strong></span> <span class='ocrx_word' id='word_1_322' title='bbox 1389 3055 1574 3110; x_wconf 84' lang='lat' dir='ltr'><strong>licebit</strong></span> <span class='ocrx_word' id='word_1_323' title='bbox 1595 3059 2020 3112; x_wconf 72' lang='lat' dir='ltr'><strong>obtrectationes</strong></span> <span class='ocrx_word' id='word_1_324' title='bbox 2050 3060 2272 3127; x_wconf 87' lang='lat' dir='ltr'><strong>imperi-</strong></span> 
     </span>
    </p>
   </div>
   <div class='ocr_carea' id='block_1_49' title="bbox 2366 1960 3938 2036">
    <p class='ocr_par' dir='ltr' id='par_1_49' title="bbox 2366 1960 3938 2036">
     <span class='ocr_line' id='line_1_49' title="bbox 2366 1960 3938 2036; baseline -0.009 -14"><span class='ocrx_word' id='word_1_325' title='bbox 2366 1972 2577 2031; x_wconf 87' lang='grc' dir='ltr'>πολλοῖς</span> <span class='ocrx_word' id='word_1_326' title='bbox 2611 1969 2716 2020; x_wconf 88' lang='grc' dir='ltr'>τῶν</span> <span class='ocrx_word' id='word_1_327' title='bbox 2752 1965 3019 2036; x_wconf 73' lang='grc' dir='ltr'>βασιλέων</span> <span class='ocrx_word' id='word_1_328' title='bbox 3048 1964 3374 2016; x_wconf 77' lang='grc' dir='ltr'>τελευτῶσιν</span> <span class='ocrx_word' id='word_1_329' title='bbox 3398 1964 3444 2030; x_wconf 66' lang='grc' dir='ltr'><strong>ἡ</strong></span> <span class='ocrx_word' id='word_1_330' title='bbox 3488 1961 3794 2031; x_wconf 73' lang='grc' dir='ltr'>ἀνάρρησις</span> <span class='ocrx_word' id='word_1_331' title='bbox 3823 1960 3938 2019; x_wconf 80' lang='grc' dir='ltr'>ἐγί-</span> 
     </span>
    </p>
   </div>
   <div class='ocr_carea' id='block_1_50' title="bbox 2366 2051 3938 2123">
    <p class='ocr_par' dir='ltr' id='par_1_50' title="bbox 2366 2051 3938 2123">
     <span class='ocr_line' id='line_1_50' title="bbox 2366 2051 3938 2123; baseline -0.009 -10"><span class='ocrx_word' id='word_1_332' title='bbox 2366 2060 2604 2114; x_wconf 66' lang='grc' dir='ltr'>νετοτῶν</span> <span class='ocrx_word' id='word_1_333' title='bbox 2631 2057 2856 2121; x_wconf 78' lang='grc' dir='ltr'>παίδων,</span> <span class='ocrx_word' id='word_1_334' title='bbox 2883 2056 3094 2117; x_wconf 77' lang='grc' dir='ltr'>οὐδενὸς</span> <span class='ocrx_word' id='word_1_335' title='bbox 3118 2055 3301 2113; x_wconf 70' lang='grc' dir='ltr'>αὐτοῖς</span> <span class='ocrx_word' id='word_1_336' title='bbox 3322 2053 3421 2123; x_wconf 79' lang='grc' dir='ltr'>τὴν</span> <span class='ocrx_word' id='word_1_337' title='bbox 3447 2051 3701 2120; x_wconf 80' lang='grc' dir='ltr'>ἀκαιρίαν</span> <span class='ocrx_word' id='word_1_338' title='bbox 3726 2066 3938 2116; x_wconf 73' lang='grc' dir='ltr'>μεμφο-</span> 
     </span>
    </p>
   </div>
   <div class='ocr_carea' id='block_1_51' title="bbox 2371 2139 3935 2223">
    <p class='ocr_par' dir='ltr' id='par_1_51' title="bbox 2371 2139 3935 2223">
     <span class='ocr_line' id='line_1_51' title="bbox 2371 2139 3935 2223; baseline -0.012 -16"><span class='ocrx_word' id='word_1_339' title='bbox 2371 2156 2556 2223; x_wconf 74' lang='grc' dir='ltr'>μένου,</span> <span class='ocrx_word' id='word_1_340' title='bbox 2591 2151 2725 2205; x_wconf 76' lang='grc' dir='ltr'>ἀλλὰ</span> <span class='ocrx_word' id='word_1_341' title='bbox 2750 2149 2965 2202; x_wconf 82' lang='grc' dir='ltr'>πάντων</span> <span class='ocrx_word' id='word_1_342' title='bbox 2997 2146 3185 2214; x_wconf 81' lang='grc' dir='ltr'>ὥσπερ</span> <span class='ocrx_word' id='word_1_343' title='bbox 3217 2145 3427 2198; x_wconf 82' lang='grc' dir='ltr'>δίκαιον</span> <span class='ocrx_word' id='word_1_344' title='bbox 3447 2139 3512 2212; x_wconf 73' lang='grc' dir='ltr'>ἦν</span> <span class='ocrx_word' id='word_1_345' title='bbox 3544 2140 3935 2209; x_wconf 65' lang='grc' dir='ltr'>λογιζομένων,</span> 
     </span>
    </p>
   </div>
   <div class='ocr_carea' id='block_1_52' title="bbox 2372 2233 3912 2313">
    <p class='ocr_par' dir='ltr' id='par_1_52' title="bbox 2372 2233 3912 2313">
     <span class='ocr_line' id='line_1_52' title="bbox 2372 2233 3912 2313; baseline -0.01 -16"><span class='ocrx_word' id='word_1_346' title='bbox 2372 2246 2602 2313; x_wconf 75' lang='grc' dir='ltr'>μάλιστα</span> <span class='ocrx_word' id='word_1_347' title='bbox 2632 2242 2930 2312; x_wconf 78' lang='grc' dir='ltr'>προσήκειν</span> <span class='ocrx_word' id='word_1_348' title='bbox 2955 2241 3008 2291; x_wconf 79' lang='grc' dir='ltr'>ὲν</span> <span class='ocrx_word' id='word_1_349' title='bbox 3036 2241 3148 2299; x_wconf 87' lang='grc' dir='ltr'>τοῖς</span> <span class='ocrx_word' id='word_1_350' title='bbox 3172 2237 3432 2297; x_wconf 69' lang='grc' dir='ltr'>τοιούτοις</span> <span class='ocrx_word' id='word_1_351' title='bbox 3459 2237 3688 2302; x_wconf 84' lang='grc' dir='ltr'>καιροῖς.</span> <span class='ocrx_word' id='word_1_352' title='bbox 3721 2233 3782 2283; x_wconf 75' lang='grc' dir='ltr'>οὗ</span> <span class='ocrx_word' id='word_1_353' title='bbox 3811 2248 3912 2300; x_wconf 79' lang='grc' dir='ltr'><strong>τρυ</strong></span> 
     </span>
    </p>
   </div>
   <div class='ocr_carea' id='block_1_53' title="bbox 2370 2325 3934 2407">
    <p class='ocr_par' dir='ltr' id='par_1_53' title="bbox 2370 2325 3934 2407">
     <span class='ocr_line' id='line_1_53' title="bbox 2370 2325 3934 2407; baseline -0.01 -18"><span class='ocrx_word' id='word_1_354' title='bbox 2370 2338 2474 2407; x_wconf 71' lang='grc' dir='ltr'><strong>φῆς</strong></span> <span class='ocrx_word' id='word_1_355' title='bbox 2499 2337 2659 2388; x_wconf 72' lang='grc' dir='ltr'>ἕνεκα</span> <span class='ocrx_word' id='word_1_356' title='bbox 2693 2333 2787 2385; x_wconf 75' lang='grc' dir='ltr'>καὶ</span> <span class='ocrx_word' id='word_1_357' title='bbox 2818 2331 3030 2400; x_wconf 79' lang='grc' dir='ltr'>ἡδονῆς,</span> <span class='ocrx_word' id='word_1_358' title='bbox 3059 2329 3191 2382; x_wconf 70' lang='grc' dir='ltr'>ἀλλὰ</span> <span class='ocrx_word' id='word_1_359' title='bbox 3219 2328 3314 2380; x_wconf 63' lang='grc' dir='ltr'>τοῦ</span> <span class='ocrx_word' id='word_1_360' title='bbox 3358 2328 3631 2396; x_wconf 80' lang='grc' dir='ltr'>μηδεμίαν</span> <span class='ocrx_word' id='word_1_361' title='bbox 3658 2325 3764 2390; x_wconf 81' lang='grc' dir='ltr'><strong>πρό</strong></span> <span class='ocrx_word' id='word_1_362' title='bbox 3779 2341 3934 2390; x_wconf 63' lang='grc' dir='ltr'><strong>ιοασιν</strong></span> 
     </span>
    </p>
   </div>
   <div class='ocr_carea' id='block_1_54' title="bbox 2373 2414 3941 2491">
    <p class='ocr_par' dir='ltr' id='par_1_54' title="bbox 2373 2414 3941 2491">
     <span class='ocr_line' id='line_1_54' title="bbox 2373 2414 3941 2491; baseline -0.011 -12"><span class='ocrx_word' id='word_1_363' title='bbox 2373 2426 2611 2488; x_wconf 80' lang='grc' dir='ltr'>στάσεως</span> <span class='ocrx_word' id='word_1_364' title='bbox 2640 2427 2730 2477; x_wconf 72' lang='grc' dir='ltr'><strong>καὶ</strong></span> <span class='ocrx_word' id='word_1_365' title='bbox 2759 2421 3003 2491; x_wconf 79' lang='grc' dir='ltr'>ταραχῆς</span> <span class='ocrx_word' id='word_1_366' title='bbox 3039 2419 3354 2487; x_wconf 76' lang='grc' dir='ltr'>ἐγγενέσθαι</span> <span class='ocrx_word' id='word_1_367' title='bbox 3387 2420 3500 2478; x_wconf 76' lang='grc' dir='ltr'>τοῖς</span> <span class='ocrx_word' id='word_1_368' title='bbox 3532 2416 3770 2476; x_wconf 77' lang='grc' dir='ltr'>πολλοῖς.</span> <span class='ocrx_word' id='word_1_369' title='bbox 3803 2414 3941 2464; x_wconf 68' lang='grc' dir='ltr'>πάνυ</span> 
     </span>
    </p>
   </div>
   <div class='ocr_carea' id='block_1_55' title="bbox 2369 2508 3939 2588">
    <p class='ocr_par' dir='ltr' id='par_1_55' title="bbox 2369 2508 3939 2588">
     <span class='ocr_line' id='line_1_55' title="bbox 2369 2508 3939 2588; baseline -0.011 -16"><span class='ocrx_word' id='word_1_370' title='bbox 2369 2538 2476 2572; x_wconf 82' lang='grc' dir='ltr'><strong>των</strong></span> <span class='ocrx_word' id='word_1_371' title='bbox 2503 2519 2602 2588; x_wconf 74' lang='grc' dir='ltr'>ἤδη</span> <span class='ocrx_word' id='word_1_372' title='bbox 2633 2515 3016 2582; x_wconf 79' lang='grc' dir='ltr'>πεπεισμένων</span> <span class='ocrx_word' id='word_1_373' title='bbox 3046 2511 3289 2581; x_wconf 71' lang='grc' dir='ltr'>ἀκριϐῶς</span> <span class='ocrx_word' id='word_1_374' title='bbox 3339 2511 3414 2571; x_wconf 85' lang='grc' dir='ltr'>ὡς</span> <span class='ocrx_word' id='word_1_375' title='bbox 3454 2509 3559 2561; x_wconf 73' lang='grc' dir='ltr'>ὑπὸ</span> <span class='ocrx_word' id='word_1_376' title='bbox 3587 2508 3816 2575; x_wconf 72' lang='grc' dir='ltr'>βασιλέα</span> <span class='ocrx_word' id='word_1_377' title='bbox 3851 2523 3939 2557; x_wconf 84' lang='grc' dir='ltr'>τε·</span> 
     </span>
    </p>
   </div>
   <div class='ocr_carea' id='block_1_56' title="bbox 2372 2599 3945 2672">
    <p class='ocr_par' dir='ltr' id='par_1_56' title="bbox 2372 2599 3945 2672">
     <span class='ocr_line' id='line_1_56' title="bbox 2372 2599 3945 2672; baseline -0.017 -9"><span class='ocrx_word' id='word_1_378' title='bbox 2372 2610 2522 2662; x_wconf 80' lang='grc' dir='ltr'><strong>λοῦσι</strong></span> <span class='ocrx_word' id='word_1_379' title='bbox 2545 2651 2561 2672; x_wconf 94' lang='grc'><strong>,</strong></span> <span class='ocrx_word' id='word_1_380' title='bbox 2603 2609 2695 2660; x_wconf 74' lang='grc' dir='ltr'>καὶ</span> <span class='ocrx_word' id='word_1_381' title='bbox 2723 2607 2877 2667; x_wconf 85' lang='grc' dir='ltr'>δίκας</span> <span class='ocrx_word' id='word_1_382' title='bbox 2901 2605 3132 2657; x_wconf 79' lang='grc' dir='ltr'>δώσουσι</span> <span class='ocrx_word' id='word_1_383' title='bbox 3164 2604 3258 2672; x_wconf 92' lang='grc' dir='ltr'><strong>τῆς</strong></span> <span class='ocrx_word' id='word_1_384' title='bbox 3293 2604 3599 2670; x_wconf 71' lang='grc' dir='ltr'>παρανοίας</span> <span class='ocrx_word' id='word_1_385' title='bbox 3646 2599 3711 2650; x_wconf 79' lang='grc' dir='ltr'>ἂν</span> <span class='ocrx_word' id='word_1_386' title='bbox 3741 2600 3945 2665; x_wconf 71' lang='grc' dir='ltr'>ἑτι-χει.</span> 
     </span>
    </p>
   </div>
   <div class='ocr_carea' id='block_1_57' title="bbox 2377 2690 3942 2772">
    <p class='ocr_par' dir='ltr' id='par_1_57' title="bbox 2377 2690 3942 2772">
     <span class='ocr_line' id='line_1_57' title="bbox 2377 2690 3942 2772; baseline -0.009 -18"><span class='ocrx_word' id='word_1_387' title='bbox 2377 2703 2510 2772; x_wconf 85' lang='grc' dir='ltr'>ρῶσι</span> <span class='ocrx_word' id='word_1_388' title='bbox 2539 2699 2872 2761; x_wconf 78' lang='grc' dir='ltr'>στασιάζειν.</span> <span class='ocrx_word' id='word_1_389' title='bbox 2895 2694 3134 2766; x_wconf 79' lang='grc' dir='ltr'>Παρῄνει</span> <span class='ocrx_word' id='word_1_390' title='bbox 3156 2711 3216 2746; x_wconf 86' lang='grc' dir='ltr'><strong>τε</strong></span> <span class='ocrx_word' id='word_1_391' title='bbox 3247 2693 3409 2762; x_wconf 77' lang='grc' dir='ltr'>αὐτῇ,</span> <span class='ocrx_word' id='word_1_392' title='bbox 3433 2693 3558 2752; x_wconf 67' lang='grc' dir='ltr'>τοὺς</span> <span class='ocrx_word' id='word_1_393' title='bbox 3593 2692 3690 2758; x_wconf 80' lang='grc' dir='ltr'>μὲν</span> <span class='ocrx_word' id='word_1_394' title='bbox 3718 2690 3942 2742; x_wconf 71' lang='grc' dir='ltr'>ἐκείνων</span> 
     </span>
    </p>
   </div>
   <div class='ocr_carea' id='block_1_58' title="bbox 2373 2781 3948 2862">
    <p class='ocr_par' dir='ltr' id='par_1_58' title="bbox 2373 2781 3948 2862">
     <span class='ocr_line' id='line_1_58' title="bbox 2373 2781 3948 2862; baseline -0.01 -15"><span class='ocrx_word' id='word_1_395' title='bbox 2373 2795 2563 2862; x_wconf 81' lang='grc' dir='ltr'>λόγους</span> <span class='ocrx_word' id='word_1_396' title='bbox 2613 2791 2826 2861; x_wconf 82' lang='grc' dir='ltr'>χαίρειν</span> <span class='ocrx_word' id='word_1_397' title='bbox 2871 2789 2987 2858; x_wconf 72' lang='grc' dir='ltr'>ὲᾷν,</span> <span class='ocrx_word' id='word_1_398' title='bbox 3031 2786 3225 2848; x_wconf 74' lang='grc' dir='ltr'>αὐτοὺς</span> <span class='ocrx_word' id='word_1_399' title='bbox 3255 2786 3312 2839; x_wconf 76' lang='grc' dir='ltr'>δὲ</span> <span class='ocrx_word' id='word_1_400' title='bbox 3353 2785 3550 2852; x_wconf 81' lang='grc' dir='ltr'>χωρεῖν</span> <span class='ocrx_word' id='word_1_401' title='bbox 3581 2783 3670 2834; x_wconf 68' lang='grc' dir='ltr'>ἐπὶ</span> <span class='ocrx_word' id='word_1_402' title='bbox 3698 2784 3754 2833; x_wconf 76' lang='grc' dir='ltr'><strong>τδ</strong></span> <span class='ocrx_word' id='word_1_403' title='bbox 3785 2781 3948 2848; x_wconf 74' lang='grc' dir='ltr'>ἔργον</span> 
     </span>
    </p>
   </div>
   <div class='ocr_carea' id='block_1_59' title="bbox 2376 2868 3946 2946">
    <p class='ocr_par' dir='ltr' id='par_1_59' title="bbox 2376 2868 3946 2946">
     <span class='ocr_line' id='line_1_59' title="bbox 2376 2868 3946 2946; baseline -0.011 -12"><span class='ocrx_word' id='word_1_404' title='bbox 2376 2881 2449 2943; x_wconf 84' lang='grc' dir='ltr'>ὼς</span> <span class='ocrx_word' id='word_1_405' title='bbox 2479 2879 2596 2946; x_wconf 70' lang='grc' dir='ltr'>ἅμα</span> <span class='ocrx_word' id='word_1_406' title='bbox 2626 2873 2905 2935; x_wconf 82' lang='grc' dir='ltr'>λυσιτελὲς</span> <span class='ocrx_word' id='word_1_407' title='bbox 2932 2873 3026 2926; x_wconf 80' lang='grc' dir='ltr'>καὶ</span> <span class='ocrx_word' id='word_1_408' title='bbox 3075 2872 3282 2924; x_wconf 88' lang='grc' dir='ltr'>δίκαιον</span> <span class='ocrx_word' id='word_1_409' title='bbox 3328 2872 3408 2923; x_wconf 80' lang='grc' dir='ltr'>δν.</span> <span class='ocrx_word' id='word_1_410' title='bbox 3450 2870 3516 2922; x_wconf 79' lang='grc' dir='ltr'><strong><em>Ἠ</em></strong></span> <span class='ocrx_word' id='word_1_411' title='bbox 3571 2869 3626 2922; x_wconf 74' lang='grc' dir='ltr'>δὲ</span> <span class='ocrx_word' id='word_1_412' title='bbox 3676 2868 3750 2937; x_wconf 78' lang='grc' dir='ltr'>μὴ</span> <span class='ocrx_word' id='word_1_413' title='bbox 3781 2871 3946 2919; x_wconf 80' lang='grc' dir='ltr'>πολυ-</span> 
     </span>
    </p>
   </div>
   <div class='ocr_carea' id='block_1_60' title="bbox 2377 2957 3948 3041">
    <p class='ocr_par' dir='ltr' id='par_1_60' title="bbox 2377 2957 3948 3041">
     <span class='ocr_line' id='line_1_60' title="bbox 2377 2957 3948 3041; baseline -0.011 -18"><span class='ocrx_word' id='word_1_414' title='bbox 2377 2970 2715 3041; x_wconf 80' lang='grc' dir='ltr'>πραγμονεῖν</span> <span class='ocrx_word' id='word_1_415' title='bbox 2746 2968 2938 3027; x_wconf 77' lang='grc' dir='ltr'>ἐδεῖτο,</span> <span class='ocrx_word' id='word_1_416' title='bbox 2975 2963 3112 3018; x_wconf 80' lang='grc' dir='ltr'>ἀλλὰ</span> <span class='ocrx_word' id='word_1_417' title='bbox 3141 2963 3236 3014; x_wconf 77' lang='grc' dir='ltr'>νῦν</span> <span class='ocrx_word' id='word_1_418' title='bbox 3279 2962 3378 3031; x_wconf 76' lang='grc' dir='ltr'><strong>μὲν</strong></span> <span class='ocrx_word' id='word_1_419' title='bbox 3411 2962 3503 3031; x_wconf 73' lang='grc' dir='ltr'>ἐᾷν</span> <span class='ocrx_word' id='word_1_420' title='bbox 3537 2961 3626 3012; x_wconf 72' lang='grc' dir='ltr'>διὰ</span> <span class='ocrx_word' id='word_1_421' title='bbox 3655 2961 3756 3019; x_wconf 72' lang='grc' dir='ltr'><strong>τας</strong></span> <span class='ocrx_word' id='word_1_422' title='bbox 3788 2957 3948 3021; x_wconf 79' lang='grc' dir='ltr'>δόξας</span> 
     </span>
    </p>
   </div>
   <div class='ocr_carea' id='block_1_61' title="bbox 2377 3048 3950 3124">
    <p class='ocr_par' dir='ltr' id='par_1_61' title="bbox 2377 3048 3950 3124">
     <span class='ocr_line' id='line_1_61' title="bbox 2377 3048 3950 3124; baseline -0.01 -10"><span class='ocrx_word' id='word_1_423' title='bbox 2377 3062 2485 3115; x_wconf 81' lang='grc' dir='ltr'><strong>τῶν</strong></span> <span class='ocrx_word' id='word_1_424' title='bbox 2517 3060 2742 3120; x_wconf 69' lang='grc' dir='ltr'>πολλῶν,</span> <span class='ocrx_word' id='word_1_425' title='bbox 2773 3056 2939 3124; x_wconf 83' lang='grc' dir='ltr'>ὀλίγῳ</span> <span class='ocrx_word' id='word_1_426' title='bbox 2985 3054 3042 3108; x_wconf 79' lang='grc' dir='ltr'>δὲ</span> <span class='ocrx_word' id='word_1_427' title='bbox 3090 3052 3315 3123; x_wconf 73' lang='grc' dir='ltr'>ὕστερον</span> <span class='ocrx_word' id='word_1_428' title='bbox 3347 3053 3538 3113; x_wconf 85' lang='grc' dir='ltr'>ποιεῖν,</span> <span class='ocrx_word' id='word_1_429' title='bbox 3567 3051 3729 3121; x_wconf 82' lang='grc' dir='ltr'>ἡνίκα</span> <span class='ocrx_word' id='word_1_430' title='bbox 3758 3049 3826 3101; x_wconf 77' lang='grc' dir='ltr'><strong>ἂν</strong></span> <span class='ocrx_word' id='word_1_431' title='bbox 3854 3048 3950 3115; x_wconf 79' lang='grc' dir='ltr'>ἐξῆ</span> 
     </span>
    </p>
   </div>
   <div class='ocr_carea' id='block_1_62' title="bbox 723 3144 2386 3244">
    <p class='ocr_par' dir='ltr' id='par_1_62' title="bbox 723 3144 2386 3244">
     <span class='ocr_line' id='line_1_62' title="bbox 723 3144 2386 3244; baseline 0.002 -46"><span class='ocrx_word' id='word_1_432' title='bbox 723 3158 898 3198; x_wconf 87' lang='lat' dir='ltr'><strong>torum</strong></span> <span class='ocrx_word' id='word_1_433' title='bbox 927 3144 1166 3214; x_wconf 76' lang='lat' dir='ltr'><strong>ell‘ugere</strong></span> <span class='ocrx_word' id='word_1_434' title='bbox 1189 3184 1203 3207; x_wconf 91' lang='lat'><strong>,</strong></span> <span class='ocrx_word' id='word_1_435' title='bbox 1256 3145 1520 3199; x_wconf 81' lang='lat' dir='ltr'><strong>facturam</strong></span> <span class='ocrx_word' id='word_1_436' title='bbox 1551 3147 1694 3214; x_wconf 89' lang='lat' dir='ltr'><strong>quod</strong></span> <span class='ocrx_word' id='word_1_437' title='bbox 1728 3147 2006 3199; x_wconf 73' lang='lat' dir='ltr'><strong>suaderet.</strong></span> <span class='ocrx_word' id='word_1_438' title='bbox 2047 3148 2137 3201; x_wconf 88' lang='lat' dir='ltr'><strong>Ille</strong></span> <span class='ocrx_word' id='word_1_439' title='bbox 2181 3165 2274 3202; x_wconf 86' lang='lat' dir='ltr'><strong>re-</strong></span> <span class='ocrx_word' id='word_1_440' title='bbox 2305 3186 2346 3244; x_wconf 64' lang='grc' dir='ltr'><strong>ο</strong></span> <span class='ocrx_word' id='word_1_441' title='bbox 2383 3179 2386 3187; x_wconf 70' lang='grc' dir='ltr'><strong>ε</strong></span> 
     </span>
    </p>
   </div>
   <div class='ocr_carea' id='block_1_63' title="bbox 2288 3144 3951 3244">
    <p class='ocr_par' dir='ltr' id='par_1_63' title="bbox 2305 3146 3951 3244">
     <span class='ocr_line' id='line_1_63' title="bbox 2305 3146 3951 3244; baseline -0.015 -32"><span class='ocrx_word' id='word_1_442' title='bbox 2305 3186 2346 3244; x_wconf 77' lang='lat' dir='ltr'><strong>c</strong></span> <span class='ocrx_word' id='word_1_443' title='bbox 2383 3157 2598 3216; x_wconf 74' lang='grc' dir='ltr'>καὶτὰς</span> <span class='ocrx_word' id='word_1_444' title='bbox 2626 3153 2892 3222; x_wconf 83' lang='grc' dir='ltr'>λοιδορίας</span> <span class='ocrx_word' id='word_1_445' title='bbox 2920 3149 3261 3244; x_wconf 75' lang='grc' dir='ltr'>διαφεύγειν.</span> <span class='ocrx_word' id='word_1_446' title='bbox 3301 3150 3361 3201; x_wconf 88' lang='lat'><strong>&#39;0</strong></span> <span class='ocrx_word' id='word_1_447' title='bbox 3405 3149 3576 3244; x_wconf 77' lang='grc' dir='ltr'>μέγας</span> <span class='ocrx_word' id='word_1_448' title='bbox 3619 3147 3675 3198; x_wconf 81' lang='grc' dir='ltr'>δὲ</span> <span class='ocrx_word' id='word_1_449' title='bbox 3699 3146 3951 3244; x_wconf 39' lang='lat' dir='ltr'><strong>bons-ait-</strong></span> 
     </span>
    </p>
   </div>
   <div class='ocr_carea' id='block_1_64' title="bbox 725 3236 2280 3307">
    <p class='ocr_par' dir='ltr' id='par_1_64' title="bbox 725 3236 2280 3307">
     <span class='ocr_line' id='line_1_64' title="bbox 725 3236 2280 3307; baseline 0.001 -15"><span class='ocrx_word' id='word_1_450' title='bbox 725 3237 923 3292; x_wconf 85' lang='lat' dir='ltr'><strong>nuenti</strong></span> <span class='ocrx_word' id='word_1_451' title='bbox 984 3236 1471 3291; x_wconf 86' lang='lat' dir='ltr'><strong>contradicendum</strong></span> <span class='ocrx_word' id='word_1_452' title='bbox 1543 3251 1650 3290; x_wconf 90' lang='lat' dir='ltr'><strong>non</strong></span> <span class='ocrx_word' id='word_1_453' title='bbox 1705 3240 1914 3306; x_wconf 87' lang='lat' dir='ltr'><strong>putavit</strong></span> <span class='ocrx_word' id='word_1_454' title='bbox 1956 3279 1971 3301; x_wconf 89' lang='lat'><strong>,</strong></span> <span class='ocrx_word' id='word_1_455' title='bbox 2029 3241 2280 3307; x_wconf 83' lang='lat' dir='ltr'><strong>quamvis</strong></span> 
     </span>
    </p>
   </div>
   <div class='ocr_carea' id='block_1_65' title="bbox 737 3328 2279 3399">
    <p class='ocr_par' dir='ltr' id='par_1_65' title="bbox 737 3328 2279 3399">
     <span class='ocr_line' id='line_1_65' title="bbox 737 3328 2279 3399; baseline 0.001 -14"><span class='ocrx_word' id='word_1_456' title='bbox 737 3331 946 3385; x_wconf 89' lang='lat' dir='ltr'><strong>doleret</strong></span> <span class='ocrx_word' id='word_1_457' title='bbox 981 3346 1089 3384; x_wconf 87' lang='lat' dir='ltr'><strong>non</strong></span> <span class='ocrx_word' id='word_1_458' title='bbox 1126 3329 1228 3383; x_wconf 88' lang='lat' dir='ltr'><strong>sibi</strong></span> <span class='ocrx_word' id='word_1_459' title='bbox 1280 3330 1373 3397; x_wconf 90' lang='lat' dir='ltr'><strong>qui</strong></span> <span class='ocrx_word' id='word_1_460' title='bbox 1407 3328 1635 3397; x_wconf 84' lang='lat' dir='ltr'><strong>potiora,</strong></span> <span class='ocrx_word' id='word_1_461' title='bbox 1679 3329 1775 3382; x_wconf 88' lang='lat' dir='ltr'><strong>sed</strong></span> <span class='ocrx_word' id='word_1_462' title='bbox 1811 3329 1928 3383; x_wconf 86' lang='lat' dir='ltr'><strong>aliis</strong></span> <span class='ocrx_word' id='word_1_463' title='bbox 1965 3331 2059 3397; x_wconf 89' lang='lat' dir='ltr'><strong>qui</strong></span> <span class='ocrx_word' id='word_1_464' title='bbox 2091 3346 2279 3399; x_wconf 87' lang='lat' dir='ltr'><strong>parum</strong></span> 
     </span>
    </p>
   </div>
   <div class='ocr_carea' id='block_1_66' title="bbox 723 3417 2278 3487">
    <p class='ocr_par' dir='ltr' id='par_1_66' title="bbox 723 3417 2278 3487">
     <span class='ocr_line' id='line_1_66' title="bbox 723 3417 2278 3487; baseline 0.001 -14"><span class='ocrx_word' id='word_1_465' title='bbox 723 3421 985 3487; x_wconf 49' lang='lat' dir='ltr'><strong>frugifera</strong></span> <span class='ocrx_word' id='word_1_466' title='bbox 1011 3418 1366 3473; x_wconf 83' lang='lat' dir='ltr'><strong>consulerent</strong></span> <span class='ocrx_word' id='word_1_467' title='bbox 1398 3431 1603 3469; x_wconf 86' lang='lat' dir='ltr'><strong>morem</strong></span> <span class='ocrx_word' id='word_1_468' title='bbox 1649 3417 1784 3485; x_wconf 88' lang='lat' dir='ltr'><strong>geri.</strong></span> <span class='ocrx_word' id='word_1_469' title='bbox 1816 3417 1893 3470; x_wconf 86' lang='lat' dir='ltr'><strong>lla</strong></span> <span class='ocrx_word' id='word_1_470' title='bbox 1929 3434 2016 3472; x_wconf 88' lang='lat' dir='ltr'><strong>res</strong></span> <span class='ocrx_word' id='word_1_471' title='bbox 2049 3420 2278 3487; x_wconf 77' lang='lat' dir='ltr'><strong>quievit.</strong></span> 
     </span>
    </p>
   </div>
   <div class='ocr_carea' id='block_1_67' title="bbox 725 3509 2281 3581">
    <p class='ocr_par' dir='ltr' id='par_1_67' title="bbox 725 3509 2281 3581">
     <span class='ocr_line' id='line_1_67' title="bbox 725 3509 2281 3581; baseline -0.004 -8"><span class='ocrx_word' id='word_1_472' title='bbox 725 3515 888 3573; x_wconf 79' lang='lat' dir='ltr'><strong>Brevi</strong></span> <span class='ocrx_word' id='word_1_473' title='bbox 928 3513 1155 3568; x_wconf 87' lang='lat' dir='ltr'><strong>nuntius</strong></span> <span class='ocrx_word' id='word_1_474' title='bbox 1206 3519 1527 3579; x_wconf 87' lang='lat' dir='ltr'><strong>apportatur</strong></span> <span class='ocrx_word' id='word_1_475' title='bbox 1553 3551 1566 3574; x_wconf 85' lang='grc'><strong>,</strong></span> <span class='ocrx_word' id='word_1_476' title='bbox 1623 3509 1954 3565; x_wconf 85' lang='lat' dir='ltr'><strong>Sarchanein</strong></span> <span class='ocrx_word' id='word_1_477' title='bbox 1985 3510 2165 3581; x_wconf 78' lang='lat' dir='ltr'><strong>Lydiae</strong></span> <span class='ocrx_word' id='word_1_478' title='bbox 2195 3527 2281 3567; x_wconf 88' lang='lat' dir='ltr'><strong>sa-</strong></span> 
     </span>
    </p>
   </div>
   <div class='ocr_carea' id='block_1_68' title="bbox 728 3601 2276 3675">
    <p class='ocr_par' dir='ltr' id='par_1_68' title="bbox 728 3601 2276 3675">
     <span class='ocr_line' id='line_1_68' title="bbox 728 3601 2276 3675; baseline -0.005 -13"><span class='ocrx_word' id='word_1_479' title='bbox 728 3620 937 3675; x_wconf 76' lang='lat' dir='ltr'><strong>trapam</strong></span> <span class='ocrx_word' id='word_1_480' title='bbox 977 3614 1032 3657; x_wconf 88' lang='lat' dir='ltr'><strong>et</strong></span> <span class='ocrx_word' id='word_1_481' title='bbox 1086 3603 1302 3673; x_wconf 78' lang='lat' dir='ltr'><strong>Gyaxen</strong></span> <span class='ocrx_word' id='word_1_482' title='bbox 1357 3603 1414 3655; x_wconf 91' lang='lat' dir='ltr'><strong>in</strong></span> <span class='ocrx_word' id='word_1_483' title='bbox 1465 3601 1753 3656; x_wconf 83' lang='lat' dir='ltr'><strong>Thraciam</strong></span> <span class='ocrx_word' id='word_1_484' title='bbox 1815 3603 2088 3656; x_wconf 76' lang='lat' dir='ltr'><strong>Romanos</strong></span> <span class='ocrx_word' id='word_1_485' title='bbox 2115 3603 2276 3671; x_wconf 74' lang='lat' dir='ltr'><strong>depo~</strong></span> 
     </span>
    </p>
   </div>
   <div class='ocr_carea' id='block_1_69' title="bbox 729 3691 2287 3765">
    <p class='ocr_par' dir='ltr' id='par_1_69' title="bbox 729 3691 2287 3765">
     <span class='ocr_line' id='line_1_69' title="bbox 729 3691 2287 3765; baseline -0.001 -17"><span class='ocrx_word' id='word_1_486' title='bbox 729 3700 976 3765; x_wconf 70' lang='lat' dir='ltr'><strong>pulatum</strong></span> <span class='ocrx_word' id='word_1_487' title='bbox 1035 3692 1476 3748; x_wconf 64' lang='lat' dir='ltr'><strong>transmissuros.</strong></span> <span class='ocrx_word' id='word_1_488' title='bbox 1530 3691 1701 3756; x_wconf 87' lang='lat' dir='ltr'><strong>Quem</strong></span> <span class='ocrx_word' id='word_1_489' title='bbox 1759 3693 2010 3746; x_wconf 91' lang='lat' dir='ltr'><strong>nuntium</strong></span> <span class='ocrx_word' id='word_1_490' title='bbox 2061 3707 2287 3762; x_wconf 86' lang='lat' dir='ltr'><strong>magnus</strong></span> 
     </span>
    </p>
   </div>
   <div class='ocr_carea' id='block_1_70' title="bbox 727 3783 2286 3854">
    <p class='ocr_par' dir='ltr' id='par_1_70' title="bbox 727 3783 2286 3854">
     <span class='ocr_line' id='line_1_70' title="bbox 727 3783 2286 3854; baseline -0.003 -12"><span class='ocrx_word' id='word_1_491' title='bbox 727 3788 1064 3842; x_wconf 75' lang='lat' dir='ltr'><strong>domesticus</strong></span> <span class='ocrx_word' id='word_1_492' title='bbox 1093 3784 1318 3839; x_wconf 85' lang='lat' dir='ltr'><strong>minime</strong></span> <span class='ocrx_word' id='word_1_493' title='bbox 1345 3783 1724 3853; x_wconf 83' lang='lat' dir='ltr'><strong>negligendum</strong></span> <span class='ocrx_word' id='word_1_494' title='bbox 1764 3793 1914 3839; x_wconf 88' lang='lat' dir='ltr'><strong>ratus</strong></span> <span class='ocrx_word' id='word_1_495' title='bbox 1937 3822 1951 3846; x_wconf 83' lang='lat'><strong>,</strong></span> <span class='ocrx_word' id='word_1_496' title='bbox 1983 3785 2148 3854; x_wconf 82' lang='lat'><strong>379</strong></span> <span class='ocrx_word' id='word_1_497' title='bbox 2175 3795 2286 3838; x_wconf 76' lang='lat' dir='ltr'><strong>sta-</strong></span> 
     </span>
    </p>
   </div>
   <div class='ocr_carea' id='block_1_71' title="bbox 732 3872 2287 3944">
    <p class='ocr_par' dir='ltr' id='par_1_71' title="bbox 732 3872 2287 3944">
     <span class='ocr_line' id='line_1_71' title="bbox 732 3872 2287 3944; baseline 0 -16"><span class='ocrx_word' id='word_1_498' title='bbox 732 3881 828 3932; x_wconf 76' lang='lat' dir='ltr'><strong>t’.:n</strong></span> <span class='ocrx_word' id='word_1_499' title='bbox 859 3879 1130 3938; x_wconf 70' lang='lat' dir='ltr'><strong>triremes,</strong></span> <span class='ocrx_word' id='word_1_500' title='bbox 1179 3883 1314 3944; x_wconf 76' lang='lat' dir='ltr'><strong>quot</strong></span> <span class='ocrx_word' id='word_1_501' title='bbox 1343 3873 1407 3928; x_wconf 85' lang='lat' dir='ltr'><strong>ad</strong></span> <span class='ocrx_word' id='word_1_502' title='bbox 1441 3872 1696 3926; x_wconf 84' lang='lat' dir='ltr'><strong>Barbaris</strong></span> <span class='ocrx_word' id='word_1_503' title='bbox 1725 3875 2123 3928; x_wconf 88' lang='lat' dir='ltr'><strong>occurrendum</strong></span> <span class='ocrx_word' id='word_1_504' title='bbox 2169 3874 2287 3928; x_wconf 81' lang='lat' dir='ltr'><strong>fore</strong></span> 
     </span>
    </p>
   </div>
   <div class='ocr_carea' id='block_1_72' title="bbox 729 3964 2286 4034">
    <p class='ocr_par' dir='ltr' id='par_1_72' title="bbox 729 3964 2286 4034">
     <span class='ocr_line' id='line_1_72' title="bbox 729 3964 2286 4034; baseline -0.003 -12"><span class='ocrx_word' id='word_1_505' title='bbox 729 3967 1232 4030; x_wconf 80' lang='lat' dir='ltr'><strong>satisautnmabat,</strong></span> <span class='ocrx_word' id='word_1_506' title='bbox 1287 3966 1584 4034; x_wconf 81' lang='lat' dir='ltr'><strong>remigibus</strong></span> <span class='ocrx_word' id='word_1_507' title='bbox 1631 3974 1686 4018; x_wconf 90' lang='lat' dir='ltr'><strong>et</strong></span> <span class='ocrx_word' id='word_1_508' title='bbox 1718 3964 1980 4022; x_wconf 85' lang='lat' dir='ltr'><strong>militibus</strong></span> <span class='ocrx_word' id='word_1_509' title='bbox 2033 3965 2286 4020; x_wconf 87' lang='lat' dir='ltr'><strong>adornari</strong></span> 
     </span>
    </p>
   </div>
   <div class='ocr_carea' id='block_1_73' title="bbox 729 4059 2288 4132">
    <p class='ocr_par' dir='ltr' id='par_1_73' title="bbox 729 4059 2288 4132">
     <span class='ocr_line' id='line_1_73' title="bbox 729 4059 2288 4132; baseline -0.003 -16"><span class='ocrx_word' id='word_1_510' title='bbox 729 4075 896 4132; x_wconf 78' lang='lat' dir='ltr'><strong>atque</strong></span> <span class='ocrx_word' id='word_1_511' title='bbox 933 4060 1138 4124; x_wconf 85' lang='lat' dir='ltr'><strong>instrui</strong></span> <span class='ocrx_word' id='word_1_512' title='bbox 1168 4099 1183 4122; x_wconf 88' lang='lat'><strong>,</strong></span> <span class='ocrx_word' id='word_1_513' title='bbox 1235 4070 1636 4127; x_wconf 84' lang='lat' dir='ltr'><strong>sumptumque</strong></span> <span class='ocrx_word' id='word_1_514' title='bbox 1673 4059 1726 4110; x_wconf 87' lang='lat' dir='ltr'><strong>in</strong></span> <span class='ocrx_word' id='word_1_515' title='bbox 1760 4059 1995 4111; x_wconf 89' lang='lat' dir='ltr'><strong>classem</strong></span> <span class='ocrx_word' id='word_1_516' title='bbox 2030 4059 2225 4126; x_wconf 87' lang='lat' dir='ltr'><strong>partim</strong></span> <span class='ocrx_word' id='word_1_517' title='bbox 2259 4075 2288 4112; x_wconf 89' lang='lat' dir='ltr'><strong>a</strong></span> 
     </span>
    </p>
   </div>
   <div class='ocr_carea' id='block_1_74' title="bbox 731 4147 2288 4223">
    <p class='ocr_par' dir='ltr' id='par_1_74' title="bbox 731 4147 2288 4223">
     <span class='ocr_line' id='line_1_74' title="bbox 731 4147 2288 4223; baseline -0.002 -19"><span class='ocrx_word' id='word_1_518' title='bbox 731 4152 1100 4223; x_wconf 72' lang='lat' dir='ltr'><strong>qumstoribus</strong></span> <span class='ocrx_word' id='word_1_519' title='bbox 1127 4167 1192 4203; x_wconf 84' lang='lat' dir='ltr'><strong>ex</strong></span> <span class='ocrx_word' id='word_1_520' title='bbox 1239 4151 1432 4202; x_wconf 64' lang='grc' dir='ltr'>σει-επίο</span> <span class='ocrx_word' id='word_1_521' title='bbox 1467 4147 1802 4216; x_wconf 70' lang='lat' dir='ltr'><strong>suppeditati</strong></span> <span class='ocrx_word' id='word_1_522' title='bbox 1836 4148 2131 4216; x_wconf 67' lang='lat' dir='ltr'><strong>praecepit,</strong></span> <span class='ocrx_word' id='word_1_523' title='bbox 2166 4163 2288 4216; x_wconf 87' lang='lat' dir='ltr'><strong>par-</strong></span> 
     </span>
    </p>
   </div>
   <div class='ocr_carea' id='block_1_75' title="bbox 738 4239 2292 4310">
    <p class='ocr_par' dir='ltr' id='par_1_75' title="bbox 738 4239 2292 4310">
     <span class='ocr_line' id='line_1_75' title="bbox 738 4239 2292 4310; baseline -0.003 -12"><span class='ocrx_word' id='word_1_524' title='bbox 738 4250 834 4298; x_wconf 62' lang='lat' dir='ltr'><strong>tim</strong></span> <span class='ocrx_word' id='word_1_525' title='bbox 885 4244 951 4297; x_wconf 90' lang='lat' dir='ltr'><strong>de</strong></span> <span class='ocrx_word' id='word_1_526' title='bbox 982 4259 1082 4297; x_wconf 91' lang='lat' dir='ltr'><strong>suo</strong></span> <span class='ocrx_word' id='word_1_527' title='bbox 1146 4242 1260 4310; x_wconf 87' lang='lat' dir='ltr'><strong>ipse</strong></span> <span class='ocrx_word' id='word_1_528' title='bbox 1318 4240 1570 4294; x_wconf 89' lang='lat' dir='ltr'><strong>contulit.</strong></span> <span class='ocrx_word' id='word_1_529' title='bbox 1631 4239 1968 4292; x_wconf 86' lang='lat' dir='ltr'><strong>&#39;l&#39;riremibus</strong></span> <span class='ocrx_word' id='word_1_530' title='bbox 2008 4240 2292 4293; x_wconf 88' lang='lat' dir='ltr'><strong>instructis</strong></span> 
     </span>
    </p>
   </div>
   <div class='ocr_carea' id='block_1_76' title="bbox 731 4331 2289 4406">
    <p class='ocr_par' dir='ltr' id='par_1_76' title="bbox 731 4331 2289 4406">
     <span class='ocr_line' id='line_1_76' title="bbox 731 4331 2289 4406; baseline -0.006 -13"><span class='ocrx_word' id='word_1_531' title='bbox 731 4337 1121 4406; x_wconf 76' lang='lat' dir='ltr'><strong>Apr-cauclium</strong></span> <span class='ocrx_word' id='word_1_532' title='bbox 1151 4334 1346 4386; x_wconf 88' lang='lat' dir='ltr'><strong>ducem</strong></span> <span class='ocrx_word' id='word_1_533' title='bbox 1395 4331 1724 4400; x_wconf 63' lang='lat' dir='ltr'><strong>praeposuit;</strong></span> <span class='ocrx_word' id='word_1_534' title='bbox 1757 4331 1844 4383; x_wconf 90' lang='lat' dir='ltr'><strong>cui</strong></span> <span class='ocrx_word' id='word_1_535' title='bbox 1880 4345 2004 4384; x_wconf 90' lang='lat' dir='ltr'><strong>cum</strong></span> <span class='ocrx_word' id='word_1_536' title='bbox 2039 4331 2289 4384; x_wconf 88' lang='lat' dir='ltr'><strong>mandata</strong></span> 
     </span>
    </p>
   </div>
   <div class='ocr_carea' id='block_1_77' title="bbox 735 4422 2292 4487">
    <p class='ocr_par' dir='ltr' id='par_1_77' title="bbox 735 4422 2292 4487">
     <span class='ocr_line' id='line_1_77' title="bbox 735 4422 2292 4487; baseline -0.004 -4"><span class='ocrx_word' id='word_1_537' title='bbox 735 4429 1043 4483; x_wconf 71' lang='lat' dir='ltr'><strong>necessaria</strong></span> <span class='ocrx_word' id='word_1_538' title='bbox 1107 4426 1388 4487; x_wconf 83' lang='lat' dir='ltr'><strong>dedisset,</strong></span> <span class='ocrx_word' id='word_1_539' title='bbox 1427 4433 1483 4477; x_wconf 93' lang='lat' dir='ltr'><strong>et</strong></span> <span class='ocrx_word' id='word_1_540' title='bbox 1525 4438 1677 4475; x_wconf 79' lang='lat' dir='ltr'><strong>oram</strong></span> <span class='ocrx_word' id='word_1_541' title='bbox 1727 4422 2036 4476; x_wconf 79' lang='lat' dir='ltr'><strong>solvendam</strong></span> <span class='ocrx_word' id='word_1_542' title='bbox 2088 4426 2292 4476; x_wconf 84' lang='lat' dir='ltr'><strong>disces-</strong></span> 
     </span>
    </p>
   </div>
   <div class='ocr_carea' id='block_1_78' title="bbox 2383 3236 3952 3314">
    <p class='ocr_par' dir='ltr' id='par_1_78' title="bbox 2383 3236 3952 3314">
     <span class='ocr_line' id='line_1_78' title="bbox 2383 3236 3952 3314; baseline -0.006 -16"><span class='ocrx_word' id='word_1_543' title='bbox 2383 3263 2501 3308; x_wconf 87' lang='grc' dir='ltr'>κος,</span> <span class='ocrx_word' id='word_1_544' title='bbox 2536 3243 2670 3314; x_wconf 97' lang='lat' dir='ltr'><strong>«pb;</strong></span> <span class='ocrx_word' id='word_1_545' title='bbox 2705 3243 2803 3311; x_wconf 79' lang='grc' dir='ltr'><strong>μὲν</strong></span> <span class='ocrx_word' id='word_1_546' title='bbox 2861 3241 2958 3308; x_wconf 92' lang='grc' dir='ltr'><strong>τῆς</strong></span> <span class='ocrx_word' id='word_1_547' title='bbox 2997 3239 3264 3310; x_wconf 76' lang='grc' dir='ltr'>βασιλίδος</span> <span class='ocrx_word' id='word_1_548' title='bbox 3323 3240 3422 3306; x_wconf 80' lang='grc' dir='ltr'><strong>τὴν</strong></span> <span class='ocrx_word' id='word_1_549' title='bbox 3476 3238 3750 3302; x_wconf 76' lang='grc' dir='ltr'>ἔνστασιν,</span> <span class='ocrx_word' id='word_1_550' title='bbox 3799 3236 3952 3289; x_wconf 65' lang='grc' dir='ltr'>οὐδὲν</span> 
     </span>
    </p>
   </div>
   <div class='ocr_carea' id='block_1_79' title="bbox 2383 3326 3953 3402">
    <p class='ocr_par' dir='ltr' id='par_1_79' title="bbox 2383 3326 3953 3402">
     <span class='ocr_line' id='line_1_79' title="bbox 2383 3326 3953 3402; baseline -0.008 -14"><span class='ocrx_word' id='word_1_551' title='bbox 2383 3337 2640 3390; x_wconf 82' lang='grc' dir='ltr'>ἀντεῖπεν</span> <span class='ocrx_word' id='word_1_552' title='bbox 2660 3347 2674 3361; x_wconf 80' lang='grc'><strong>”</strong></span> <span class='ocrx_word' id='word_1_553' title='bbox 2707 3332 2903 3402; x_wconf 69' lang='grc' dir='ltr'>ἤχθετο</span> <span class='ocrx_word' id='word_1_554' title='bbox 2925 3330 2979 3383; x_wconf 88' lang='grc' dir='ltr'>δὲ</span> <span class='ocrx_word' id='word_1_555' title='bbox 3010 3329 3112 3392; x_wconf 75' lang='grc' dir='ltr'>ὅτι,</span> <span class='ocrx_word' id='word_1_556' title='bbox 3145 3328 3244 3382; x_wconf 83' lang='grc' dir='ltr'><strong>οὐκ</strong></span> <span class='ocrx_word' id='word_1_557' title='bbox 3279 3327 3426 3397; x_wconf 78' lang='grc' dir='ltr'><strong>αὐτῷ</strong></span> <span class='ocrx_word' id='word_1_558' title='bbox 3468 3330 3533 3380; x_wconf 78' lang='grc' dir='ltr'><strong>τά</strong></span> <span class='ocrx_word' id='word_1_559' title='bbox 3565 3328 3783 3394; x_wconf 83' lang='grc' dir='ltr'>βελτίω,</span> <span class='ocrx_word' id='word_1_560' title='bbox 3837 3326 3953 3378; x_wconf 80' lang='grc' dir='ltr'>ἀλλ’</span> 
     </span>
    </p>
   </div>
   <div class='ocr_carea' id='block_1_80' title="bbox 2385 3418 3956 3495">
    <p class='ocr_par' dir='ltr' id='par_1_80' title="bbox 2385 3418 3956 3495">
     <span class='ocr_line' id='line_1_80' title="bbox 2385 3418 3956 3495; baseline -0.008 -16"><span class='ocrx_word' id='word_1_561' title='bbox 2385 3427 2594 3495; x_wconf 74' lang='grc' dir='ltr'>ἑτέροις</span> <span class='ocrx_word' id='word_1_562' title='bbox 2629 3423 2918 3488; x_wconf 82' lang='grc' dir='ltr'>ἀλυσιτελῆ</span> <span class='ocrx_word' id='word_1_563' title='bbox 2974 3420 3387 3490; x_wconf 76' lang='grc' dir='ltr'>βουλευομένοις</span> <span class='ocrx_word' id='word_1_564' title='bbox 3427 3419 3692 3469; x_wconf 81' lang='grc' dir='ltr'>πείθοιτο.</span> <span class='ocrx_word' id='word_1_565' title='bbox 3743 3418 3956 3468; x_wconf 80' lang='grc' dir='ltr'>Ἐκεῖνο</span> 
     </span>
    </p>
   </div>
   <div class='ocr_carea' id='block_1_81' title="bbox 2389 3509 3957 3590">
    <p class='ocr_par' dir='ltr' id='par_1_81' title="bbox 2389 3509 3957 3590">
     <span class='ocr_line' id='line_1_81' title="bbox 2389 3509 3957 3590; baseline -0.008 -19"><span class='ocrx_word' id='word_1_566' title='bbox 2389 3521 2486 3590; x_wconf 79' lang='grc' dir='ltr'><strong>μὲν</strong></span> <span class='ocrx_word' id='word_1_567' title='bbox 2537 3516 2709 3577; x_wconf 70' lang='grc' dir='ltr'>οὕτως</span> <span class='ocrx_word' id='word_1_568' title='bbox 2753 3514 3024 3585; x_wconf 72' lang='grc' dir='ltr'>ἐκωλύθη,</span> <span class='ocrx_word' id='word_1_569' title='bbox 3062 3514 3261 3584; x_wconf 84' lang='grc' dir='ltr'>Μικρῷ</span> <span class='ocrx_word' id='word_1_570' title='bbox 3295 3512 3350 3566; x_wconf 79' lang='grc' dir='ltr'>δὲ</span> <span class='ocrx_word' id='word_1_571' title='bbox 3386 3511 3614 3580; x_wconf 71' lang='grc' dir='ltr'>ὕστερον</span> <span class='ocrx_word' id='word_1_572' title='bbox 3659 3509 3957 3578; x_wconf 71' lang='grc' dir='ltr'>ἠγγέλλετο</span> 
     </span>
    </p>
   </div>
   <div class='ocr_carea' id='block_1_82' title="bbox 2385 3597 3956 3678">
    <p class='ocr_par' dir='ltr' id='par_1_82' title="bbox 2385 3597 3956 3678">
     <span class='ocr_line' id='line_1_82' title="bbox 2385 3597 3956 3678; baseline -0.01 -18"><span class='ocrx_word' id='word_1_573' title='bbox 2385 3611 2461 3671; x_wconf 79' lang='grc' dir='ltr'>ὡς</span> <span class='ocrx_word' id='word_1_574' title='bbox 2494 3608 2775 3678; x_wconf 83' lang='grc' dir='ltr'>Σαρχάνης</span> <span class='ocrx_word' id='word_1_575' title='bbox 2827 3608 2854 3658; x_wconf 81' lang='grc' dir='ltr'><strong>ό</strong></span> <span class='ocrx_word' id='word_1_576' title='bbox 2890 3605 3092 3666; x_wconf 79' lang='grc' dir='ltr'>Λυδίας</span> <span class='ocrx_word' id='word_1_577' title='bbox 3123 3602 3410 3672; x_wconf 82' lang='grc' dir='ltr'>σατράπης</span> <span class='ocrx_word' id='word_1_578' title='bbox 3463 3602 3556 3651; x_wconf 78' lang='grc' dir='ltr'>καὶ</span> <span class='ocrx_word' id='word_1_579' title='bbox 3587 3597 3786 3666; x_wconf 78' lang='grc' dir='ltr'>Γιαξὴς</span> <span class='ocrx_word' id='word_1_580' title='bbox 3819 3597 3956 3664; x_wconf 71' lang='lat' dir='ltr'><strong>«pb;</strong></span> 
     </span>
    </p>
   </div>
   <div class='ocr_carea' id='block_1_83' title="bbox 2386 3689 3960 3770">
    <p class='ocr_par' dir='ltr' id='par_1_83' title="bbox 2386 3689 3960 3770">
     <span class='ocr_line' id='line_1_83' title="bbox 2386 3689 3960 3770; baseline -0.01 -17"><span class='ocrx_word' id='word_1_581' title='bbox 2386 3701 2606 3770; x_wconf 80' lang='grc' dir='ltr'>Θρᾴκην</span> <span class='ocrx_word' id='word_1_582' title='bbox 2645 3695 3005 3766; x_wconf 80' lang='grc' dir='ltr'>περαιοῦσθαι</span> <span class='ocrx_word' id='word_1_583' title='bbox 3043 3693 3582 3763; x_wconf 77' lang='grc' dir='ltr'>παρασκευάζονται,</span> <span class='ocrx_word' id='word_1_584' title='bbox 3641 3689 3803 3742; x_wconf 81' lang='grc' dir='ltr'>ναυσὶ</span> <span class='ocrx_word' id='word_1_585' title='bbox 3837 3690 3960 3752; x_wconf 80' lang='grc' dir='ltr'>ληῖ-</span> 
     </span>
    </p>
   </div>
   <div class='ocr_carea' id='block_1_84' title="bbox 2391 3780 3957 3862">
    <p class='ocr_par' dir='ltr' id='par_1_84' title="bbox 2391 3780 3957 3862">
     <span class='ocr_line' id='line_1_84' title="bbox 2391 3780 3957 3862; baseline -0.01 -17"><span class='ocrx_word' id='word_1_586' title='bbox 2391 3793 2606 3862; x_wconf 85' lang='grc' dir='ltr'>σόμενοι</span> <span class='ocrx_word' id='word_1_587' title='bbox 2671 3789 2999 3857; x_wconf 85' lang='grc' dir='ltr'>Ῥωμαίους.</span> <span class='ocrx_word' id='word_1_588' title='bbox 3054 3787 3113 3838; x_wconf 87' lang='grc' dir='ltr'><strong>ὐ</strong></span> <span class='ocrx_word' id='word_1_589' title='bbox 3175 3787 3348 3854; x_wconf 75' lang='grc' dir='ltr'>μέγας</span> <span class='ocrx_word' id='word_1_590' title='bbox 3379 3783 3436 3835; x_wconf 72' lang='grc' dir='ltr'>δὲ</span> <span class='ocrx_word' id='word_1_591' title='bbox 3482 3782 3814 3848; x_wconf 78' lang='grc' dir='ltr'>δομέστικος</span> <span class='ocrx_word' id='word_1_592' title='bbox 3857 3780 3957 3831; x_wconf 74' lang='grc' dir='ltr'><strong>οὐκ</strong></span> 
     </span>
    </p>
   </div>
   <div class='ocr_carea' id='block_1_85' title="bbox 2389 3868 3958 3951">
    <p class='ocr_par' dir='ltr' id='par_1_85' title="bbox 2389 3868 3958 3951">
     <span class='ocr_line' id='line_1_85' title="bbox 2389 3868 3958 3951; baseline -0.011 -16"><span class='ocrx_word' id='word_1_593' title='bbox 2389 3883 2604 3951; x_wconf 66' lang='grc' dir='ltr'>ἡμέλει,</span> <span class='ocrx_word' id='word_1_594' title='bbox 2633 3879 2747 3932; x_wconf 84' lang='grc' dir='ltr'>ἀλλ’</span> <span class='ocrx_word' id='word_1_595' title='bbox 2781 3878 2978 3931; x_wconf 77' lang='grc' dir='ltr'>αὐτίκα</span> <span class='ocrx_word' id='word_1_596' title='bbox 3009 3878 3258 3944; x_wconf 72' lang='grc' dir='ltr'>τριήρεις</span> <span class='ocrx_word' id='word_1_597' title='bbox 3301 3877 3433 3938; x_wconf 87' lang='grc' dir='ltr'>ὅσας</span> <span class='ocrx_word' id='word_1_598' title='bbox 3473 3872 3786 3941; x_wconf 77' lang='grc' dir='ltr'>ἐξαρκέσειν</span> <span class='ocrx_word' id='word_1_599' title='bbox 3822 3868 3958 3940; x_wconf 76' lang='grc' dir='ltr'>ᾤετο</span> 
     </span>
    </p>
   </div>
   <div class='ocr_carea' id='block_1_86' title="bbox 2391 3961 3956 4042">
    <p class='ocr_par' dir='ltr' id='par_1_86' title="bbox 2391 3961 3956 4042">
     <span class='ocr_line' id='line_1_86' title="bbox 2391 3961 3956 4042; baseline -0.011 -16"><span class='ocrx_word' id='word_1_600' title='bbox 2391 3973 2526 4042; x_wconf 79' lang='grc' dir='ltr'>πρὸς</span> <span class='ocrx_word' id='word_1_601' title='bbox 2553 3971 2784 4038; x_wconf 82' lang='grc' dir='ltr'>πόλεμον</span> <span class='ocrx_word' id='word_1_602' title='bbox 2809 3971 2916 4030; x_wconf 88' lang='grc' dir='ltr'>τοῖς</span> <span class='ocrx_word' id='word_1_603' title='bbox 2949 3967 3247 4038; x_wconf 82' lang='grc' dir='ltr'>βαρϐάροις</span> <span class='ocrx_word' id='word_1_604' title='bbox 3278 3966 3496 4020; x_wconf 70' lang='grc' dir='ltr'>ἐκέλευε</span> <span class='ocrx_word' id='word_1_605' title='bbox 3527 3961 3794 4032; x_wconf 74' lang='grc' dir='ltr'>πληροῦν.</span> <span class='ocrx_word' id='word_1_606' title='bbox 3843 3961 3956 4028; x_wconf 82' lang='grc' dir='ltr'><strong>Τὴν</strong></span> 
     </span>
    </p>
   </div>
   <div class='ocr_carea' id='block_1_87' title="bbox 2390 4054 3959 4130">
    <p class='ocr_par' dir='ltr' id='par_1_87' title="bbox 2390 4054 3959 4130">
     <span class='ocr_line' id='line_1_87' title="bbox 2390 4054 3959 4130; baseline -0.011 -11"><span class='ocrx_word' id='word_1_607' title='bbox 2390 4067 2446 4118; x_wconf 75' lang='grc' dir='ltr'><strong>δὲ</strong></span> <span class='ocrx_word' id='word_1_608' title='bbox 2468 4064 2714 4130; x_wconf 80' lang='grc' dir='ltr'>δαπάνην</span> <span class='ocrx_word' id='word_1_609' title='bbox 2743 4061 2849 4113; x_wconf 83' lang='grc' dir='ltr'><strong>τῶν</strong></span> <span class='ocrx_word' id='word_1_610' title='bbox 2880 4061 3169 4129; x_wconf 83' lang='grc' dir='ltr'>τριήρεων,</span> <span class='ocrx_word' id='word_1_611' title='bbox 3198 4058 3298 4125; x_wconf 71' lang='grc' dir='ltr'><strong>τὴν</strong></span> <span class='ocrx_word' id='word_1_612' title='bbox 3325 4058 3422 4126; x_wconf 84' lang='grc' dir='ltr'>μὲν</span> <span class='ocrx_word' id='word_1_613' title='bbox 3454 4060 3516 4109; x_wconf 84' lang='grc' dir='ltr'>ὲκ</span> <span class='ocrx_word' id='word_1_614' title='bbox 3549 4055 3656 4109; x_wconf 81' lang='grc' dir='ltr'><strong>τῶν</strong></span> <span class='ocrx_word' id='word_1_615' title='bbox 3684 4054 3959 4122; x_wconf 80' lang='grc' dir='ltr'>δημοσίων</span> 
     </span>
    </p>
   </div>
   <div class='ocr_carea' id='block_1_88' title="bbox 2391 4145 3961 4222">
    <p class='ocr_par' dir='ltr' id='par_1_88' title="bbox 2391 4145 3961 4222">
     <span class='ocr_line' id='line_1_88' title="bbox 2391 4145 3961 4222; baseline -0.01 -14"><span class='ocrx_word' id='word_1_616' title='bbox 2391 4159 2502 4218; x_wconf 86' lang='grc' dir='ltr'>τοῖς</span> <span class='ocrx_word' id='word_1_617' title='bbox 2529 4152 2751 4222; x_wconf 83' lang='grc' dir='ltr'>ταμίαις</span> <span class='ocrx_word' id='word_1_618' title='bbox 2775 4151 2988 4204; x_wconf 67' lang='grc' dir='ltr'>ἰκέλευε</span> <span class='ocrx_word' id='word_1_619' title='bbox 3020 4150 3300 4216; x_wconf 83' lang='grc' dir='ltr'>παρέχειν,</span> <span class='ocrx_word' id='word_1_620' title='bbox 3334 4149 3432 4212; x_wconf 75' lang='grc' dir='ltr'>τὴν</span> <span class='ocrx_word' id='word_1_621' title='bbox 3477 4147 3521 4198; x_wconf 79' lang='grc' dir='ltr'>δ’</span> <span class='ocrx_word' id='word_1_622' title='bbox 3559 4148 3623 4198; x_wconf 78' lang='grc' dir='ltr'>ἐκ</span> <span class='ocrx_word' id='word_1_623' title='bbox 3671 4146 3783 4196; x_wconf 77' lang='grc' dir='ltr'>τῶν</span> <span class='ocrx_word' id='word_1_624' title='bbox 3816 4145 3961 4196; x_wconf 74' lang='grc' dir='ltr'>ἰδίων</span> 
     </span>
    </p>
   </div>
   <div class='ocr_carea' id='block_1_89' title="bbox 2393 4235 3960 4314">
    <p class='ocr_par' dir='ltr' id='par_1_89' title="bbox 2393 4235 3960 4314">
     <span class='ocr_line' id='line_1_89' title="bbox 2393 4235 3960 4314; baseline -0.01 -14"><span class='ocrx_word' id='word_1_625' title='bbox 2393 4245 2683 4314; x_wconf 83' lang='grc' dir='ltr'>παρείχετο</span> <span class='ocrx_word' id='word_1_626' title='bbox 2713 4241 2893 4303; x_wconf 81' lang='grc' dir='ltr'>αὐτός.</span> <span class='ocrx_word' id='word_1_627' title='bbox 2951 4240 3106 4292; x_wconf 77' lang='grc' dir='ltr'>Ἐπεὶ</span> <span class='ocrx_word' id='word_1_628' title='bbox 3137 4240 3193 4292; x_wconf 81' lang='grc' dir='ltr'>δὲ</span> <span class='ocrx_word' id='word_1_629' title='bbox 3237 4237 3647 4307; x_wconf 76' lang='grc' dir='ltr'>έπεπλήρωντο,</span> <span class='ocrx_word' id='word_1_630' title='bbox 3703 4237 3827 4295; x_wconf 90' lang='grc' dir='ltr'>ταῖς</span> <span class='ocrx_word' id='word_1_631' title='bbox 3865 4235 3960 4303; x_wconf 76' lang='grc' dir='ltr'>μὲν</span> 
     </span>
    </p>
   </div>
   <div class='ocr_carea' id='block_1_90' title="bbox 2395 4327 3963 4403">
    <p class='ocr_par' dir='ltr' id='par_1_90' title="bbox 2395 4327 3963 4403">
     <span class='ocr_line' id='line_1_90' title="bbox 2395 4327 3963 4403; baseline -0.01 -12"><span class='ocrx_word' id='word_1_632' title='bbox 2395 4339 2662 4403; x_wconf 74' lang='grc' dir='ltr'>ἐπέστησε</span> <span class='ocrx_word' id='word_1_633' title='bbox 2693 4333 2994 4402; x_wconf 80' lang='grc' dir='ltr'>στρατηγὸν</span> <span class='ocrx_word' id='word_1_634' title='bbox 3023 4331 3108 4383; x_wconf 80' lang='grc' dir='ltr'>τὸν</span> <span class='ocrx_word' id='word_1_635' title='bbox 3141 4329 3642 4398; x_wconf 81' lang='grc' dir='ltr'>παρακοιμὼμενον</span> <span class='ocrx_word' id='word_1_636' title='bbox 3688 4327 3963 4378; x_wconf 75' lang='grc' dir='ltr'>Ἀπόκιυ-</span> 
     </span>
    </p>
   </div>
   <div class='ocr_carea' id='block_1_91' title="bbox 2394 4415 3960 4498">
    <p class='ocr_par' dir='ltr' id='par_1_91' title="bbox 2394 4415 3960 4498">
     <span class='ocr_line' id='line_1_91' title="bbox 2394 4415 3960 4498; baseline -0.01 -17"><span class='ocrx_word' id='word_1_637' title='bbox 2394 4448 2522 4498; x_wconf 85' lang='grc' dir='ltr'>χον·</span> <span class='ocrx_word' id='word_1_638' title='bbox 2567 4428 2659 4479; x_wconf 80' lang='grc' dir='ltr'>καὶ</span> <span class='ocrx_word' id='word_1_639' title='bbox 2709 4427 2808 4477; x_wconf 83' lang='grc' dir='ltr'><strong>ὅσα</strong></span> <span class='ocrx_word' id='word_1_640' title='bbox 2862 4423 2966 4475; x_wconf 78' lang='grc' dir='ltr'>εδει</span> <span class='ocrx_word' id='word_1_641' title='bbox 3019 4421 3412 4488; x_wconf 79' lang='grc' dir='ltr'>ἐντειλάμενος,</span> <span class='ocrx_word' id='word_1_642' title='bbox 3473 4419 3714 4471; x_wconf 75' lang='grc' dir='ltr'>καὶοτοῦ</span> <span class='ocrx_word' id='word_1_643' title='bbox 3767 4415 3960 4468; x_wconf 80' lang='grc' dir='ltr'>λοιποῦ</span> 
     </span>
    </p>
   </div>
   <div class='ocr_carea' id='block_1_92' title="bbox 732 4507 2395 4590">
    <p class='ocr_par' dir='ltr' id='par_1_92' title="bbox 732 4509 2367 4590">
     <span class='ocr_line' id='line_1_92' title="bbox 732 4509 2367 4590; baseline -0.007 -14"><span class='ocrx_word' id='word_1_644' title='bbox 732 4536 964 4590; x_wconf 78' lang='lat' dir='ltr'><strong>sumque</strong></span> <span class='ocrx_word' id='word_1_645' title='bbox 991 4517 1356 4574; x_wconf 87' lang='lat' dir='ltr'><strong>commisisset</strong></span> <span class='ocrx_word' id='word_1_646' title='bbox 1380 4554 1395 4577; x_wconf 85' lang='lat'><strong>,</strong></span> <span class='ocrx_word' id='word_1_647' title='bbox 1434 4515 1499 4568; x_wconf 89' lang='lat' dir='ltr'><strong>ad</strong></span> <span class='ocrx_word' id='word_1_648' title='bbox 1542 4514 1844 4568; x_wconf 78' lang='lat' dir='ltr'><strong>Orelianem</strong></span> <span class='ocrx_word' id='word_1_649' title='bbox 1894 4513 2178 4568; x_wconf 80' lang='lat' dir='ltr'><strong>orientalis</strong></span> <span class='ocrx_word' id='word_1_650' title='bbox 2206 4513 2292 4566; x_wconf 78' lang='lat' dir='ltr'><strong>lli-</strong></span> <span class='ocrx_word' id='word_1_651' title='bbox 2325 4509 2367 4564; x_wconf 78' lang='lat' dir='ltr'><strong><em>D</em></strong></span> 
     </span>
    </p>
   </div>
   <div class='ocr_carea' id='block_1_93' title="bbox 2296 4507 3959 4590">
    <p class='ocr_par' dir='ltr' id='par_1_93' title="bbox 2325 4507 3959 4583">
     <span class='ocr_line' id='line_1_93' title="bbox 2325 4507 3959 4583; baseline -0.004 -19"><span class='ocrx_word' id='word_1_652' title='bbox 2325 4509 2367 4564; x_wconf 72' lang='grc' dir='ltr'><strong>Β</strong></span> <span class='ocrx_word' id='word_1_653' title='bbox 2398 4517 2658 4578; x_wconf 78' lang='grc' dir='ltr'>κελεύσας</span> <span class='ocrx_word' id='word_1_654' title='bbox 2692 4515 2838 4583; x_wconf 81' lang='grc' dir='ltr'><strong>αὑτῷ</strong></span> <span class='ocrx_word' id='word_1_655' title='bbox 2872 4513 3054 4582; x_wconf 81' lang='grc' dir='ltr'>μέλειν</span> <span class='ocrx_word' id='word_1_656' title='bbox 3101 4511 3192 4564; x_wconf 84' lang='grc' dir='ltr'><strong>τὸν</strong></span> <span class='ocrx_word' id='word_1_657' title='bbox 3219 4507 3692 4569; x_wconf 81' lang='grc' dir='ltr'>άπόπλουν.αὒτὸς</span> <span class='ocrx_word' id='word_1_658' title='bbox 3725 4507 3959 4575; x_wconf 61' lang='grc' dir='ltr'>Ὀρχάςῃ</span> 
     </span>
    </p>
   </div>
   <div class='ocr_carea' id='block_1_94' title="bbox 738 4605 2293 4685">
    <p class='ocr_par' dir='ltr' id='par_1_94' title="bbox 738 4605 2293 4685">
     <span class='ocr_line' id='line_1_94' title="bbox 738 4605 2293 4685; baseline -0.006 -15"><span class='ocrx_word' id='word_1_659' title='bbox 738 4615 937 4685; x_wconf 72' lang='lat' dir='ltr'><strong>tbynia:</strong></span> <span class='ocrx_word' id='word_1_660' title='bbox 995 4621 1267 4678; x_wconf 80' lang='lat' dir='ltr'><strong>satrapam</strong></span> <span class='ocrx_word' id='word_1_661' title='bbox 1305 4608 1379 4677; x_wconf 66' lang='grc' dir='ltr'><strong>(Ξ)</strong></span> <span class='ocrx_word' id='word_1_662' title='bbox 1431 4610 1637 4675; x_wconf 76' lang='lat' dir='ltr'><strong>legatos</strong></span> <span class='ocrx_word' id='word_1_663' title='bbox 1665 4605 1732 4662; x_wconf 91' lang='lat' dir='ltr'><strong>de</strong></span> <span class='ocrx_word' id='word_1_664' title='bbox 1769 4623 1897 4676; x_wconf 88' lang='lat' dir='ltr'><strong>pace</strong></span> <span class='ocrx_word' id='word_1_665' title='bbox 1931 4608 2078 4661; x_wconf 87' lang='lat' dir='ltr'><strong>misit</strong></span> <span class='ocrx_word' id='word_1_666' title='bbox 2119 4623 2133 4660; x_wconf 90' lang='lat'><strong><em>:</em></strong></span> <span class='ocrx_word' id='word_1_667' title='bbox 2188 4624 2293 4660; x_wconf 85' lang='lat' dir='ltr'><strong>non</strong></span> 
     </span>
    </p>
   </div>
   <div class='ocr_carea' id='block_1_95' title="bbox 735 4697 2295 4766">
    <p class='ocr_par' dir='ltr' id='par_1_95' title="bbox 735 4697 2295 4766">
     <span class='ocr_line' id='line_1_95' title="bbox 735 4697 2295 4766; baseline -0.007 -6"><span class='ocrx_word' id='word_1_668' title='bbox 735 4710 884 4760; x_wconf 80' lang='lat' dir='ltr'><strong>enim</strong></span> <span class='ocrx_word' id='word_1_669' title='bbox 945 4707 998 4757; x_wconf 92' lang='lat' dir='ltr'><strong>in</strong></span> <span class='ocrx_word' id='word_1_670' title='bbox 1048 4702 1400 4756; x_wconf 84' lang='lat' dir='ltr'><strong>Occidentem</strong></span> <span class='ocrx_word' id='word_1_671' title='bbox 1457 4700 1762 4762; x_wconf 85' lang='lat' dir='ltr'><strong>ducturus,</strong></span> <span class='ocrx_word' id='word_1_672' title='bbox 1819 4699 2019 4752; x_wconf 89' lang='lat' dir='ltr'><strong>bellum</strong></span> <span class='ocrx_word' id='word_1_673' title='bbox 2076 4697 2295 4766; x_wconf 86' lang='lat' dir='ltr'><strong>aliquod</strong></span> 
     </span>
    </p>
   </div>
   <div class='ocr_carea' id='block_1_96' title="bbox 741 4787 2299 4861">
    <p class='ocr_par' dir='ltr' id='par_1_96' title="bbox 741 4787 2299 4861">
     <span class='ocr_line' id='line_1_96' title="bbox 741 4787 2299 4861; baseline -0.005 -11"><span class='ocrx_word' id='word_1_674' title='bbox 741 4795 1006 4851; x_wconf 74' lang='lat' dir='ltr'><strong>Romanis</strong></span> <span class='ocrx_word' id='word_1_675' title='bbox 1057 4809 1086 4846; x_wconf 93' lang='lat' dir='ltr'><strong>a</strong></span> <span class='ocrx_word' id='word_1_676' title='bbox 1141 4803 1294 4861; x_wconf 83' lang='lat' dir='ltr'><strong>tergo</strong></span> <span class='ocrx_word' id='word_1_677' title='bbox 1346 4789 1760 4858; x_wconf 87' lang='lat' dir='ltr'><strong>relinquendum</strong></span> <span class='ocrx_word' id='word_1_678' title='bbox 1804 4789 2102 4858; x_wconf 88' lang='lat' dir='ltr'><strong>judicabat.</strong></span> <span class='ocrx_word' id='word_1_679' title='bbox 2164 4787 2299 4842; x_wconf 84' lang='lat' dir='ltr'><strong>Pace</strong></span> 
     </span>
    </p>
   </div>
   <div class='ocr_carea' id='block_1_97' title="bbox 739 4879 2302 4949">
    <p class='ocr_par' dir='ltr' id='par_1_97' title="bbox 739 4879 2302 4949">
     <span class='ocr_line' id='line_1_97' title="bbox 739 4879 2302 4949; baseline -0.007 -7"><span class='ocrx_word' id='word_1_680' title='bbox 739 4905 866 4943; x_wconf 66' lang='lat' dir='ltr'><strong>cum</strong></span> <span class='ocrx_word' id='word_1_681' title='bbox 898 4887 994 4940; x_wconf 91' lang='lat' dir='ltr'><strong>illo</strong></span> <span class='ocrx_word' id='word_1_682' title='bbox 1025 4885 1272 4946; x_wconf 85' lang='lat' dir='ltr'><strong>lirmata,</strong></span> <span class='ocrx_word' id='word_1_683' title='bbox 1321 4890 1375 4933; x_wconf 86' lang='lat' dir='ltr'><strong>et</strong></span> <span class='ocrx_word' id='word_1_684' title='bbox 1417 4880 1774 4948; x_wconf 76' lang='lat' dir='ltr'><strong>Didymoticlii</strong></span> <span class='ocrx_word' id='word_1_685' title='bbox 1836 4892 2000 4949; x_wconf 83' lang='lat' dir='ltr'><strong>atque</strong></span> <span class='ocrx_word' id='word_1_686' title='bbox 2033 4879 2302 4933; x_wconf 86' lang='lat' dir='ltr'><strong>Adriano-</strong></span> 
     </span>
    </p>
   </div>
   <div class='ocr_carea' id='block_1_98' title="bbox 740 4970 2291 5046">
    <p class='ocr_par' dir='ltr' id='par_1_98' title="bbox 740 4970 2291 5046">
     <span class='ocr_line' id='line_1_98' title="bbox 740 4970 2291 5046; baseline -0.005 -17"><span class='ocrx_word' id='word_1_687' title='bbox 740 4979 850 5046; x_wconf 84' lang='lat' dir='ltr'><strong>poli</strong></span> <span class='ocrx_word' id='word_1_688' title='bbox 884 4972 1168 5029; x_wconf 88' lang='lat' dir='ltr'><strong>domestici</strong></span> <span class='ocrx_word' id='word_1_689' title='bbox 1201 4981 1430 5025; x_wconf 85' lang='lat' dir='ltr'><strong>evocatu</strong></span> <span class='ocrx_word' id='word_1_690' title='bbox 1461 4981 1785 5040; x_wconf 82' lang='lat' dir='ltr'><strong>congregato</strong></span> <span class='ocrx_word' id='word_1_691' title='bbox 1813 4970 2078 5032; x_wconf 75' lang='lat' dir='ltr'><strong>exercitu,</strong></span> <span class='ocrx_word' id='word_1_692' title='bbox 2109 4970 2291 5022; x_wconf 88' lang='lat' dir='ltr'><strong>itineri</strong></span> 
     </span>
    </p>
   </div>
   <div class='ocr_carea' id='block_1_99' title="bbox 741 5061 2304 5129">
    <p class='ocr_par' dir='ltr' id='par_1_99' title="bbox 741 5061 2304 5129">
     <span class='ocr_line' id='line_1_99' title="bbox 741 5061 2304 5129; baseline -0.007 -5"><span class='ocrx_word' id='word_1_693' title='bbox 741 5087 800 5124; x_wconf 84' lang='lat' dir='ltr'><strong>se</strong></span> <span class='ocrx_word' id='word_1_694' title='bbox 838 5065 1099 5121; x_wconf 62' lang='lat' dir='ltr'><strong>accinxit.</strong></span> <span class='ocrx_word' id='word_1_695' title='bbox 1131 5065 1251 5128; x_wconf 89' lang='lat' dir='ltr'><strong>Quo</strong></span> <span class='ocrx_word' id='word_1_696' title='bbox 1287 5072 1468 5114; x_wconf 84' lang='lat' dir='ltr'><strong>autem</strong></span> <span class='ocrx_word' id='word_1_697' title='bbox 1504 5061 1592 5115; x_wconf 92' lang='lat' dir='ltr'><strong>die</strong></span> <span class='ocrx_word' id='word_1_698' title='bbox 1619 5061 1868 5115; x_wconf 74' lang='lat' dir='ltr'><strong>exiturus</strong></span> <span class='ocrx_word' id='word_1_699' title='bbox 1906 5071 2044 5122; x_wconf 89' lang='lat' dir='ltr'><strong>erat,</strong></span> <span class='ocrx_word' id='word_1_700' title='bbox 2071 5062 2304 5129; x_wconf 71' lang='lat' dir='ltr'><strong>patriar-</strong></span> 
     </span>
    </p>
   </div>
   <div class='ocr_carea' id='block_1_100' title="bbox 739 5152 2300 5222">
    <p class='ocr_par' dir='ltr' id='par_1_100' title="bbox 739 5152 2300 5222">
     <span class='ocr_line' id='line_1_100' title="bbox 739 5152 2300 5222; baseline -0.006 -6"><span class='ocrx_word' id='word_1_701' title='bbox 739 5161 899 5216; x_wconf 85' lang='lat' dir='ltr'><strong>cbam</strong></span> <span class='ocrx_word' id='word_1_702' title='bbox 935 5157 1111 5211; x_wconf 91' lang='lat' dir='ltr'><strong>solum</strong></span> <span class='ocrx_word' id='word_1_703' title='bbox 1147 5154 1297 5208; x_wconf 85' lang='lat' dir='ltr'><strong>solus</strong></span> <span class='ocrx_word' id='word_1_704' title='bbox 1325 5153 1658 5207; x_wconf 76' lang='lat' dir='ltr'><strong>conveniens</strong></span> <span class='ocrx_word' id='word_1_705' title='bbox 1683 5195 1697 5218; x_wconf 88' lang='lat'>,</span> <span class='ocrx_word' id='word_1_706' title='bbox 1727 5160 1778 5206; x_wconf 87' lang='lat' dir='ltr'><strong>et</strong></span> <span class='ocrx_word' id='word_1_707' title='bbox 1807 5153 1874 5206; x_wconf 91' lang='lat' dir='ltr'><strong>ad</strong></span> <span class='ocrx_word' id='word_1_708' title='bbox 1905 5153 2166 5222; x_wconf 87' lang='lat' dir='ltr'><strong>templum</strong></span> <span class='ocrx_word' id='word_1_709' title='bbox 2204 5152 2300 5206; x_wconf 87' lang='lat' dir='ltr'><strong>De-</strong></span> 
     </span>
    </p>
   </div>
   <div class='ocr_carea' id='block_1_101' title="bbox 740 5243 2302 5316">
    <p class='ocr_par' dir='ltr' id='par_1_101' title="bbox 740 5243 2302 5316">
     <span class='ocr_line' id='line_1_101' title="bbox 740 5243 2302 5316; baseline -0.007 -10"><span class='ocrx_word' id='word_1_710' title='bbox 740 5250 922 5306; x_wconf 88' lang='lat' dir='ltr'><strong>metrii</strong></span> <span class='ocrx_word' id='word_1_711' title='bbox 977 5248 1235 5316; x_wconf 85' lang='lat' dir='ltr'><strong>martyris</strong></span> <span class='ocrx_word' id='word_1_712' title='bbox 1282 5245 1600 5315; x_wconf 79' lang='lat' dir='ltr'><strong>myroblylac</strong></span> <span class='ocrx_word' id='word_1_713' title='bbox 1649 5244 1722 5315; x_wconf 73' lang='lat' dir='ltr'><strong>[id</strong></span> <span class='ocrx_word' id='word_1_714' title='bbox 1774 5254 1899 5308; x_wconf 87' lang='lat' dir='ltr'><strong>est,</strong></span> <span class='ocrx_word' id='word_1_715' title='bbox 1955 5245 2134 5298; x_wconf 89' lang='lat' dir='ltr'><strong>oleum</strong></span> <span class='ocrx_word' id='word_1_716' title='bbox 2185 5243 2302 5297; x_wconf 82' lang='lat' dir='ltr'><strong>stil-</strong></span> 
     </span>
    </p>
   </div>
   <div class='ocr_carea' id='block_1_102' title="bbox 739 5335 2303 5411">
    <p class='ocr_par' dir='ltr' id='par_1_102' title="bbox 739 5335 2303 5411">
     <span class='ocr_line' id='line_1_102' title="bbox 739 5335 2303 5411; baseline -0.006 -13"><span class='ocrx_word' id='word_1_717' title='bbox 739 5339 928 5411; x_wconf 80' lang='lat' dir='ltr'><strong>lautis]</strong></span> <span class='ocrx_word' id='word_1_718' title='bbox 993 5337 1362 5409; x_wconf 78' lang='lat' dir='ltr'><strong>cognominati</strong></span> <span class='ocrx_word' id='word_1_719' title='bbox 1414 5335 1710 5398; x_wconf 86' lang='lat' dir='ltr'><strong>adducens,</strong></span> <span class='ocrx_word' id='word_1_720' title='bbox 1766 5335 1896 5402; x_wconf 65' lang='lat' dir='ltr'><strong>Quae</strong></span> <span class='ocrx_word' id='word_1_721' title='bbox 1946 5336 2086 5388; x_wconf 85' lang='lat' dir='ltr'><strong>inter</strong></span> <span class='ocrx_word' id='word_1_722' title='bbox 2130 5351 2216 5388; x_wconf 89' lang='lat' dir='ltr'><strong>me</strong></span> <span class='ocrx_word' id='word_1_723' title='bbox 2250 5344 2303 5388; x_wconf 85' lang='lat' dir='ltr'><strong>et</strong></span> 
     </span>
    </p>
   </div>
   <div class='ocr_carea' id='block_1_103' title="bbox 741 5426 2300 5505">
    <p class='ocr_par' dir='ltr' id='par_1_103' title="bbox 741 5426 2300 5505">
     <span class='ocr_line' id='line_1_103' title="bbox 741 5426 2300 5505; baseline -0.008 -13"><span class='ocrx_word' id='word_1_724' title='bbox 741 5432 1150 5505; x_wconf 89' lang='lat' dir='ltr'><strong>imperatricem</strong></span> <span class='ocrx_word' id='word_1_725' title='bbox 1191 5429 1335 5483; x_wconf 88' lang='lat' dir='ltr'><strong>dicta</strong></span> <span class='ocrx_word' id='word_1_726' title='bbox 1383 5439 1551 5492; x_wconf 85' lang='lat' dir='ltr'><strong>sunt,</strong></span> <span class='ocrx_word' id='word_1_727' title='bbox 1607 5427 1782 5498; x_wconf 85' lang='lat' dir='ltr'><strong>inquit</strong></span> <span class='ocrx_word' id='word_1_728' title='bbox 1809 5470 1823 5489; x_wconf 82' lang='lat'><strong>,</strong></span> <span class='ocrx_word' id='word_1_729' title='bbox 1873 5443 1980 5480; x_wconf 90' lang='lat' dir='ltr'><strong>non</strong></span> <span class='ocrx_word' id='word_1_730' title='bbox 2015 5437 2065 5481; x_wconf 88' lang='lat' dir='ltr'><strong>te</strong></span> <span class='ocrx_word' id='word_1_731' title='bbox 2096 5426 2300 5490; x_wconf 88' lang='lat' dir='ltr'><strong>latent;</strong></span> 
     </span>
    </p>
   </div>
   <div class='ocr_carea' id='block_1_104' title="bbox 2397 4597 3964 4677">
    <p class='ocr_par' dir='ltr' id='par_1_104' title="bbox 2397 4597 3964 4677">
     <span class='ocr_line' id='line_1_104' title="bbox 2397 4597 3964 4677; baseline -0.01 -15"><span class='ocrx_word' id='word_1_732' title='bbox 2397 4610 2473 4677; x_wconf 86' lang='grc' dir='ltr'>τῷ</span> <span class='ocrx_word' id='word_1_733' title='bbox 2502 4609 2599 4674; x_wconf 89' lang='grc' dir='ltr'><strong>τῆς</strong></span> <span class='ocrx_word' id='word_1_734' title='bbox 2629 4609 2768 4658; x_wconf 70' lang='grc' dir='ltr'>κατὰ</span> <span class='ocrx_word' id='word_1_735' title='bbox 2802 4603 3054 4657; x_wconf 76' lang='grc' dir='ltr'>Βιθυνίαν</span> <span class='ocrx_word' id='word_1_736' title='bbox 3085 4602 3226 4671; x_wconf 75' lang='grc' dir='ltr'>ἑῴας</span> <span class='ocrx_word' id='word_1_737' title='bbox 3261 4600 3513 4669; x_wconf 79' lang='grc' dir='ltr'>σατράπῃ</span> <span class='ocrx_word' id='word_1_738' title='bbox 3543 4597 3964 4667; x_wconf 72' lang='grc' dir='ltr'>διεπρεσϐεύετο</span> 
     </span>
    </p>
   </div>
   <div class='ocr_carea' id='block_1_105' title="bbox 2399 4686 3965 4766">
    <p class='ocr_par' dir='ltr' id='par_1_105' title="bbox 2399 4686 3965 4766">
     <span class='ocr_line' id='line_1_105' title="bbox 2399 4686 3965 4766; baseline -0.008 -18"><span class='ocrx_word' id='word_1_739' title='bbox 2399 4697 2526 4766; x_wconf 70' lang='grc' dir='ltr'>περὶ</span> <span class='ocrx_word' id='word_1_740' title='bbox 2554 4697 2794 4765; x_wconf 83' lang='grc' dir='ltr'>εἰρήνης.</span> <span class='ocrx_word' id='word_1_741' title='bbox 2821 4693 2955 4744; x_wconf 73' lang='grc' dir='ltr'><strong>Οὐδὲ</strong></span> <span class='ocrx_word' id='word_1_742' title='bbox 2988 4691 3095 4759; x_wconf 71' lang='grc' dir='ltr'><strong>γάρ</strong></span> <span class='ocrx_word' id='word_1_743' title='bbox 3122 4690 3294 4741; x_wconf 68' lang='grc' dir='ltr'>ἐδόκει</span> <span class='ocrx_word' id='word_1_744' title='bbox 3321 4689 3430 4740; x_wconf 83' lang='grc' dir='ltr'>δεῖν</span> <span class='ocrx_word' id='word_1_745' title='bbox 3462 4686 3609 4754; x_wconf 79' lang='grc' dir='ltr'>αὑτῷ</span> <span class='ocrx_word' id='word_1_746' title='bbox 3641 4687 3778 4754; x_wconf 79' lang='lat' dir='ltr'><strong>«pb;</strong></span> <span class='ocrx_word' id='word_1_747' title='bbox 3803 4687 3965 4736; x_wconf 77' lang='grc' dir='ltr'>ἑσπέ-</span> 
     </span>
    </p>
   </div>
   <div class='ocr_carea' id='block_1_106' title="bbox 2403 4776 3964 4857">
    <p class='ocr_par' dir='ltr' id='par_1_106' title="bbox 2403 4776 3964 4857">
     <span class='ocr_line' id='line_1_106' title="bbox 2403 4776 3964 4857; baseline -0.006 -19"><span class='ocrx_word' id='word_1_748' title='bbox 2403 4805 2500 4857; x_wconf 83' lang='grc' dir='ltr'><strong>ραν</strong></span> <span class='ocrx_word' id='word_1_749' title='bbox 2537 4786 2780 4856; x_wconf 81' lang='grc' dir='ltr'>μέλλοντι</span> <span class='ocrx_word' id='word_1_750' title='bbox 2831 4781 3150 4852; x_wconf 80' lang='grc' dir='ltr'>στρατεύειν</span> <span class='ocrx_word' id='word_1_751' title='bbox 3172 4821 3186 4845; x_wconf 91' lang='grc'><strong>,</strong></span> <span class='ocrx_word' id='word_1_752' title='bbox 3219 4778 3455 4847; x_wconf 87' lang='grc' dir='ltr'>πόλεμόν</span> <span class='ocrx_word' id='word_1_753' title='bbox 3485 4795 3605 4830; x_wconf 85' lang='grc' dir='ltr'>τινα</span> <span class='ocrx_word' id='word_1_754' title='bbox 3671 4776 3964 4844; x_wconf 84' lang='grc' dir='ltr'>Ῥωμαίοις</span> 
     </span>
    </p>
   </div>
   <div class='ocr_carea' id='block_1_107' title="bbox 2397 4867 3964 4937">
    <p class='ocr_par' dir='ltr' id='par_1_107' title="bbox 2397 4867 3964 4937">
     <span class='ocr_line' id='line_1_107' title="bbox 2397 4867 3964 4937; baseline -0.008 -10"><span class='ocrx_word' id='word_1_755' title='bbox 2397 4877 2572 4928; x_wconf 80' lang='grc' dir='ltr'>ὀπίσω</span> <span class='ocrx_word' id='word_1_756' title='bbox 2618 4873 2958 4927; x_wconf 84' lang='grc' dir='ltr'>καταλιπεῖν.</span> <span class='ocrx_word' id='word_1_757' title='bbox 3032 4871 3181 4922; x_wconf 71' lang='grc' dir='ltr'>Ἐπεὶ</span> <span class='ocrx_word' id='word_1_758' title='bbox 3228 4869 3285 4922; x_wconf 80' lang='grc' dir='ltr'>δὲ</span> <span class='ocrx_word' id='word_1_759' title='bbox 3326 4869 3416 4920; x_wconf 77' lang='grc' dir='ltr'><strong>καὶ</strong></span> <span class='ocrx_word' id='word_1_760' title='bbox 3470 4869 3504 4937; x_wconf 72' lang='grc' dir='ltr'><strong>ἡ</strong></span> <span class='ocrx_word' id='word_1_761' title='bbox 3570 4867 3706 4935; x_wconf 79' lang='grc' dir='ltr'>πρὸς</span> <span class='ocrx_word' id='word_1_762' title='bbox 3758 4868 3964 4919; x_wconf 82' lang='grc' dir='ltr'>ἐκεῖνον</span> 
     </span>
    </p>
   </div>
   <div class='ocr_carea' id='block_1_108' title="bbox 2402 4957 3964 5036">
    <p class='ocr_par' dir='ltr' id='par_1_108' title="bbox 2402 4957 3964 5036">
     <span class='ocr_line' id='line_1_108' title="bbox 2402 4957 3964 5036; baseline -0.008 -17"><span class='ocrx_word' id='word_1_763' title='bbox 2402 4971 2590 5036; x_wconf 75' lang='grc' dir='ltr'>εἰρήνη</span> <span class='ocrx_word' id='word_1_764' title='bbox 2651 4965 2804 5024; x_wconf 87' lang='grc' dir='ltr'>τέλος</span> <span class='ocrx_word' id='word_1_765' title='bbox 2857 4961 3022 5032; x_wconf 81' lang='grc' dir='ltr'>εἶχεν,</span> <span class='ocrx_word' id='word_1_766' title='bbox 3085 4961 3244 5022; x_wconf 75' lang='grc' dir='ltr'>αὐτὸς</span> <span class='ocrx_word' id='word_1_767' title='bbox 3307 4960 3403 5029; x_wconf 80' lang='grc' dir='ltr'>μὲν</span> <span class='ocrx_word' id='word_1_768' title='bbox 3463 4959 3600 5028; x_wconf 76' lang='grc' dir='ltr'>πρὸς</span> <span class='ocrx_word' id='word_1_769' title='bbox 3634 4957 3732 5023; x_wconf 83' lang='grc' dir='ltr'>τὴν</span> <span class='ocrx_word' id='word_1_770' title='bbox 3787 4957 3964 5020; x_wconf 76' lang='grc' dir='ltr'>ἔξοδον</span> 
     </span>
    </p>
   </div>
   <div class='ocr_carea' id='block_1_109' title="bbox 2407 5048 3964 5127">
    <p class='ocr_par' dir='ltr' id='par_1_109' title="bbox 2407 5048 3964 5127">
     <span class='ocr_line' id='line_1_109' title="bbox 2407 5048 3964 5127; baseline -0.008 -17"><span class='ocrx_word' id='word_1_771' title='bbox 2407 5055 2865 5127; x_wconf 74' lang='grc' dir='ltr'>παρεσκευάζετο.</span> <span class='ocrx_word' id='word_1_772' title='bbox 2891 5053 3030 5121; x_wconf 83' lang='grc' dir='ltr'><strong>Ἤδη</strong></span> <span class='ocrx_word' id='word_1_773' title='bbox 3060 5051 3165 5119; x_wconf 81' lang='grc' dir='ltr'><strong>γάρ</strong></span> <span class='ocrx_word' id='word_1_774' title='bbox 3197 5052 3292 5104; x_wconf 70' lang='grc' dir='ltr'><strong>καὶ</strong></span> <span class='ocrx_word' id='word_1_775' title='bbox 3323 5053 3354 5118; x_wconf 80' lang='grc' dir='ltr'><strong>η</strong></span> <span class='ocrx_word' id='word_1_776' title='bbox 3390 5049 3621 5120; x_wconf 80' lang='grc' dir='ltr'>στρατιά</span> <span class='ocrx_word' id='word_1_777' title='bbox 3645 5048 3786 5100; x_wconf 68' lang='grc' dir='ltr'>κατὰ</span> <span class='ocrx_word' id='word_1_778' title='bbox 3807 5049 3964 5100; x_wconf 87' lang='grc' dir='ltr'>Διδυ-</span> 
     </span>
    </p>
   </div>
   <div class='ocr_carea' id='block_1_110' title="bbox 2408 5139 3965 5219">
    <p class='ocr_par' dir='ltr' id='par_1_110' title="bbox 2408 5139 3965 5219">
     <span class='ocr_line' id='line_1_110' title="bbox 2408 5139 3965 5219; baseline -0.008 -18"><span class='ocrx_word' id='word_1_779' title='bbox 2408 5151 2657 5219; x_wconf 85' lang='grc' dir='ltr'>μότειχον</span> <span class='ocrx_word' id='word_1_780' title='bbox 2688 5146 2779 5199; x_wconf 71' lang='grc' dir='ltr'><strong>καὶ</strong></span> <span class='ocrx_word' id='word_1_781' title='bbox 2811 5145 2908 5214; x_wconf 84' lang='grc' dir='ltr'><strong>τὴν</strong></span> <span class='ocrx_word' id='word_1_782' title='bbox 2947 5142 3226 5214; x_wconf 83' lang='grc' dir='ltr'>Ἀδριανοῦ</span> <span class='ocrx_word' id='word_1_783' title='bbox 3260 5141 3412 5193; x_wconf 87' lang='grc' dir='ltr'>πόλιν</span> <span class='ocrx_word' id='word_1_784' title='bbox 3449 5139 3613 5193; x_wconf 78' lang='grc' dir='ltr'>αὐτοῦ</span> <span class='ocrx_word' id='word_1_785' title='bbox 3653 5139 3965 5201; x_wconf 81' lang='grc' dir='ltr'>κελεύοντος</span> 
     </span>
    </p>
   </div>
   <div class='ocr_carea' id='block_1_111' title="bbox 2409 5229 3963 5308">
    <p class='ocr_par' dir='ltr' id='par_1_111' title="bbox 2409 5229 3963 5308">
     <span class='ocr_line' id='line_1_111' title="bbox 2409 5229 3963 5308; baseline -0.009 -14"><span class='ocrx_word' id='word_1_786' title='bbox 2409 5239 2774 5308; x_wconf 76' lang='grc' dir='ltr'>συνεὶὲγοντο.</span> <span class='ocrx_word' id='word_1_787' title='bbox 2841 5237 2931 5288; x_wconf 85' lang='grc' dir='ltr'>Ἐν</span> <span class='ocrx_word' id='word_1_788' title='bbox 3064 5234 3122 5287; x_wconf 78' lang='grc' dir='ltr'>δὲ</span> <span class='ocrx_word' id='word_1_789' title='bbox 3175 5232 3398 5302; x_wconf 80' lang='grc' dir='ltr'>ἔμελλεν</span> <span class='ocrx_word' id='word_1_790' title='bbox 3449 5231 3630 5302; x_wconf 77' lang='grc' dir='ltr'>ἡμέρᾳ</span> <span class='ocrx_word' id='word_1_791' title='bbox 3673 5230 3963 5294; x_wconf 82' lang='grc' dir='ltr'>Βυζαντίου</span> 
     </span>
    </p>
   </div>
   <div class='ocr_carea' id='block_1_112' title="bbox 2407 5319 3964 5399">
    <p class='ocr_par' dir='ltr' id='par_1_112' title="bbox 2407 5319 3964 5399">
     <span class='ocr_line' id='line_1_112' title="bbox 2407 5319 3964 5399; baseline -0.01 -14"><span class='ocrx_word' id='word_1_792' title='bbox 2407 5335 2628 5397; x_wconf 74' lang='grc' dir='ltr'>ἐξιέναι,</span> <span class='ocrx_word' id='word_1_793' title='bbox 2661 5331 2753 5382; x_wconf 85' lang='grc' dir='ltr'><strong>τὸν</strong></span> <span class='ocrx_word' id='word_1_794' title='bbox 2792 5328 3141 5399; x_wconf 83' lang='grc' dir='ltr'>πατριάρχην</span> <span class='ocrx_word' id='word_1_795' title='bbox 3195 5325 3352 5392; x_wconf 87' lang='grc' dir='ltr'>μόνος</span> <span class='ocrx_word' id='word_1_796' title='bbox 3400 5323 3560 5390; x_wconf 89' lang='grc' dir='ltr'>μόνον</span> <span class='ocrx_word' id='word_1_797' title='bbox 3610 5319 3964 5390; x_wconf 83' lang='grc' dir='ltr'>παραλαϐὼν,</span> 
     </span>
    </p>
   </div>
   <div class='ocr_carea' id='block_1_113' title="bbox 2407 5412 3962 5494">
    <p class='ocr_par' dir='ltr' id='par_1_113' title="bbox 2407 5412 3962 5494">
     <span class='ocr_line' id='line_1_113' title="bbox 2407 5412 3962 5494; baseline -0.008 -16"><span class='ocrx_word' id='word_1_798' title='bbox 2407 5427 2504 5480; x_wconf 71' lang='grc' dir='ltr'><strong>καὶ</strong></span> <span class='ocrx_word' id='word_1_799' title='bbox 2529 5424 2660 5494; x_wconf 81' lang='grc' dir='ltr'>πρὸς</span> <span class='ocrx_word' id='word_1_800' title='bbox 2705 5423 2798 5476; x_wconf 85' lang='grc' dir='ltr'><strong>τὸν</strong></span> <span class='ocrx_word' id='word_1_801' title='bbox 2827 5423 2885 5474; x_wconf 83' lang='grc' dir='ltr'>ὲν</span> <span class='ocrx_word' id='word_1_802' title='bbox 2934 5418 3226 5491; x_wconf 88' lang='grc' dir='ltr'>βασιλείοις</span> <span class='ocrx_word' id='word_1_803' title='bbox 3279 5416 3374 5469; x_wconf 81' lang='grc' dir='ltr'><strong>τοῦ</strong></span> <span class='ocrx_word' id='word_1_804' title='bbox 3403 5412 3744 5484; x_wconf 84' lang='grc' dir='ltr'>μυροϐλύτου</span> <span class='ocrx_word' id='word_1_805' title='bbox 3777 5419 3962 5482; x_wconf 75' lang='grc' dir='ltr'>Δημη-</span> 
     </span>
    </p>
   </div>
   <div class='ocr_carea' id='block_1_114' title="bbox 2004 5537 2739 5600">
    <p class='ocr_par' dir='ltr' id='par_1_114' title="bbox 2004 5537 2739 5600">
     <span class='ocr_line' id='line_1_114' title="bbox 2004 5537 2739 5600; baseline -0.005 -2"><span class='ocrx_word' id='word_1_806' title='bbox 2004 5540 2221 5600; x_wconf 80' lang='lat' dir='ltr'><strong>Jacobi</strong></span> <span class='ocrx_word' id='word_1_807' title='bbox 2257 5537 2521 5600; x_wconf 82' lang='lat' dir='ltr'><strong>Pontani</strong></span> <span class='ocrx_word' id='word_1_808' title='bbox 2557 5544 2739 5596; x_wconf 65' lang='lat' dir='ltr'><strong>notis.</strong></span> 
     </span>
    </p>
   </div>
   <div class='ocr_carea' id='block_1_115' title="bbox 812 5641 2307 5724">
    <p class='ocr_par' dir='ltr' id='par_1_115' title="bbox 812 5641 2307 5724">
     <span class='ocr_line' id='line_1_115' title="bbox 812 5641 2307 5724; baseline -0.016 -7"><span class='ocrx_word' id='word_1_809' title='bbox 812 5658 890 5724; x_wconf 72' lang='lat'><strong>(2)</strong></span> <span class='ocrx_word' id='word_1_810' title='bbox 910 5656 1159 5710; x_wconf 74' lang='lat' dir='ltr'><strong>Nondum</strong></span> <span class='ocrx_word' id='word_1_811' title='bbox 1185 5653 1352 5724; x_wconf 77' lang='lat' dir='ltr'><strong>igitur</strong></span> <span class='ocrx_word' id='word_1_812' title='bbox 1388 5657 1554 5724; x_wconf 87' lang='lat' dir='ltr'><strong>totam</strong></span> <span class='ocrx_word' id='word_1_813' title='bbox 1585 5642 2105 5724; x_wconf 50' lang='lat' dir='ltr'><strong>[iitliynialnn&#39;l‘urcaa</strong></span> <span class='ocrx_word' id='word_1_814' title='bbox 2132 5641 2307 5724; x_wconf 72' lang='lat' dir='ltr'><strong>possi-</strong></span> 
     </span>
    </p>
   </div>
   <div class='ocr_carea' id='block_1_116' title="bbox 741 5710 2306 5787">
    <p class='ocr_par' dir='ltr' id='par_1_116' title="bbox 741 5710 2306 5787">
     <span class='ocr_line' id='line_1_116' title="bbox 741 5710 2306 5787; baseline -0.01 -7"><span class='ocrx_word' id='word_1_815' title='bbox 741 5710 970 5787; x_wconf 75' lang='lat' dir='ltr'><strong>debant;</strong></span> <span class='ocrx_word' id='word_1_816' title='bbox 1002 5743 1124 5779; x_wconf 83' lang='lat' dir='ltr'><strong>nam</strong></span> <span class='ocrx_word' id='word_1_817' title='bbox 1161 5710 1247 5777; x_wconf 69' lang='lat' dir='ltr'><strong>m7:</strong></span> <span class='ocrx_word' id='word_1_818' title='bbox 1273 5721 1552 5776; x_wconf 79' lang='lat' dir='ltr'><strong>Orchanes</strong></span> <span class='ocrx_word' id='word_1_819' title='bbox 1578 5710 1827 5770; x_wconf 65' lang='lat' dir='ltr'><strong>Osiniuiis</strong></span> <span class='ocrx_word' id='word_1_820' title='bbox 1851 5710 2306 5787; x_wconf 24' lang='lat' dir='ltr'><strong>ﬁliustsecundus</strong></span> 
     </span>
    </p>
   </div>
   <div class='ocr_carea' id='block_1_117' title="bbox 740 5781 2306 5866">
    <p class='ocr_par' dir='ltr' id='par_1_117' title="bbox 740 5781 2306 5866">
     <span class='ocr_line' id='line_1_117' title="bbox 740 5781 2306 5866; baseline -0.012 -14"><span class='ocrx_word' id='word_1_821' title='bbox 740 5781 1258 5866; x_wconf 72' lang='lat' dir='ltr'><strong>eorumimperatar</strong></span> <span class='ocrx_word' id='word_1_822' title='bbox 1296 5793 1416 5853; x_wconf 82' lang='lat' dir='ltr'><strong>fuit,</strong></span> <span class='ocrx_word' id='word_1_823' title='bbox 1479 5801 1534 5842; x_wconf 87' lang='lat' dir='ltr'><strong>ut</strong></span> <span class='ocrx_word' id='word_1_824' title='bbox 1571 5788 1751 5839; x_wconf 67' lang='lat' dir='ltr'><strong>Vltit‘l‘t‘</strong></span> <span class='ocrx_word' id='word_1_825' title='bbox 1809 5794 1888 5837; x_wconf 57' lang='lat' dir='ltr'><strong>est</strong></span> <span class='ocrx_word' id='word_1_826' title='bbox 1924 5785 1973 5837; x_wconf 88' lang='lat' dir='ltr'><strong>in</strong></span> <span class='ocrx_word' id='word_1_827' title='bbox 2012 5781 2306 5836; x_wconf 48' lang='lat' dir='ltr'><strong>Auentino</strong></span> 
     </span>
    </p>
   </div>
   <div class='ocr_carea' id='block_1_118' title="bbox 2413 5628 3966 5702">
    <p class='ocr_par' dir='ltr' id='par_1_118' title="bbox 2413 5628 3966 5702">
     <span class='ocr_line' id='line_1_118' title="bbox 2413 5628 3966 5702; baseline -0.01 -9"><span class='ocrx_word' id='word_1_828' title='bbox 2413 5641 2751 5694; x_wconf 85' lang='lat' dir='ltr'><strong>sultanorum</strong></span> <span class='ocrx_word' id='word_1_829' title='bbox 2816 5636 3194 5690; x_wconf 87' lang='lat' dir='ltr'><strong>Turcicorum.</strong></span> <span class='ocrx_word' id='word_1_830' title='bbox 3249 5634 3511 5688; x_wconf 74' lang='lat' dir='ltr'><strong>Prmterea</strong></span> <span class='ocrx_word' id='word_1_831' title='bbox 3573 5631 3624 5684; x_wconf 88' lang='lat' dir='ltr'><strong>id</strong></span> <span class='ocrx_word' id='word_1_832' title='bbox 3668 5628 3844 5702; x_wconf 79' lang='lat' dir='ltr'><strong>etiam</strong></span> <span class='ocrx_word' id='word_1_833' title='bbox 3901 5636 3966 5702; x_wconf 69' lang='lat' dir='ltr'><strong>ex</strong></span> 
     </span>
    </p>
   </div>
   <div class='ocr_carea' id='block_1_119' title="bbox 2415 5698 3965 5778">
    <p class='ocr_par' dir='ltr' id='par_1_119' title="bbox 2415 5698 3965 5778">
     <span class='ocr_line' id='line_1_119' title="bbox 2415 5698 3965 5778; baseline -0.008 -16"><span class='ocrx_word' id='word_1_834' title='bbox 2415 5710 2572 5762; x_wconf 85' lang='lat' dir='ltr'><strong>bellis</strong></span> <span class='ocrx_word' id='word_1_835' title='bbox 2603 5709 2657 5762; x_wconf 92' lang='lat' dir='ltr'><strong>in</strong></span> <span class='ocrx_word' id='word_1_836' title='bbox 2683 5706 2930 5778; x_wconf 82' lang='lat' dir='ltr'><strong>Bithynia</strong></span> <span class='ocrx_word' id='word_1_837' title='bbox 2987 5714 3174 5760; x_wconf 84' lang='lat' dir='ltr'><strong>contra</strong></span> <span class='ocrx_word' id='word_1_838' title='bbox 3209 5703 3515 5758; x_wconf 73' lang='lat' dir='ltr'><strong>Orcliauem</strong></span> <span class='ocrx_word' id='word_1_839' title='bbox 3549 5698 3712 5772; x_wconf 85' lang='lat' dir='ltr'><strong>gestis</strong></span> <span class='ocrx_word' id='word_1_840' title='bbox 3757 5698 3965 5766; x_wconf 83' lang='lat' dir='ltr'><strong>perspi-</strong></span> 
     </span>
    </p>
   </div>
   <div class='ocr_carea' id='block_1_120' title="bbox 2413 5780 2700 5832">
    <p class='ocr_par' dir='ltr' id='par_1_120' title="bbox 2413 5780 2700 5832">
     <span class='ocr_line' id='line_1_120' title="bbox 2413 5780 2700 5832; baseline 0.01 -4"><span class='ocrx_word' id='word_1_841' title='bbox 2413 5796 2532 5832; x_wconf 70' lang='lat' dir='ltr'><strong>ri-rc</strong></span> <span class='ocrx_word' id='word_1_842' title='bbox 2556 5780 2700 5831; x_wconf 78' lang='lat' dir='ltr'><strong>lii-et.</strong></span> 
     </span>
    </p>
   </div>
  </div>
