4194 6440
211 388 308 450 761
1322 390 1852 453 HISTORIARUM
1895 395 2128 454 LIBER
2174 397 2286 457 ιιι.
3317 401 3426 463 762

211 502 416 561 ϐάσεις·
449 501 538 552 κατ.
566 497 773 550 Isti-isto
814 498 944 564 προς
975 498 1137 551 αὐτον
1169 501 1194 552 δ
1227 500 1399 571 μέγας
1431 504 1750 572 δομέστικος
1790 512 1825 567 Α
1860 520 1867 555 l

1738 522 1750 566 ;
1790 512 1825 567 Α
1860 507 2088 559 remium
2131 518 2300 561 matre
2333 509 2596 564 insciente
2635 511 2967 579 impositum,
2994 513 3048 567 in
3085 529 3264 568 arcem
3296 531 3394 583 pro

214 590 443 652 σπονδὰς
502 591 798 659 εἰρηνικάς.
842 591 990 642 Ἐπεὶ
1028 593 1082 644 δὲ
1128 591 1393 660 ἐτρέψατο
1425 595 1524 661 τὴν
1561 595 1623 646 ἐκ
1658 595 1768 645 τῶν
1867 612 1870 662 γ

1766 615 1768 622 ν
1867 607 1985 664 pter
2016 597 2329 666 Byzantium
2350 601 2450 666 t3),
2481 611 2607 654 ante
2636 617 2665 654 a
2688 603 3102 666 semilificatam,
3135 605 3422 659 altitudine

217 681 437 750 Περσῶν
465 681 914 751 προσδοκωμένην
959 681 1192 751 βλάϐην,
1227 678 1381 743 αὖθις
1424 685 1504 744 είς
1538 684 1764 753 Διδυμό-
1866 706 1873 735 ι

1866 697 1920 739 t-t
1966 687 2326 742 crassitudine
2355 705 2634 744 murorum
2670 693 3089 752 munitissimam
3117 734 3132 758 ,
3182 695 3424 762 Epibatte

212 787 391 838 τειχον
441 771 770 836 ἐπανελθὼν,
803 776 1238 843 παρεσκευάζετο
1267 776 1403 846 πρὸς
1435 779 1533 845 τὴν
1559 780 1638 841 εἰς
1669 778 1765 848 τὴν
1866 791 1868 826 1

1866 776 2196 830 nominatam
2255 778 2536 833 includere
2582 782 2982 846 meditabatur,
3049 784 3236 852 ibique
3280 785 3424 837 inter

212 861 452 932 ἑσπέραν
499 862 878 931 ἐκστρατείαν,
923 863 1018 915 καὶ
1065 865 1164 932 τὴν
1218 867 1474 933 στρατιὰν
1507 867 1766 920 ἀποκαθί-
1864 890 1868 911 ‹

1765 900 1766 903 η
1864 878 2123 934 cognatos
2159 882 2223 922 ac
2259 863 2716 926 familiarissimos
2755 887 2820 926 eo
2847 876 3143 937 custodito,
3165 891 3285 928 cum
3318 876 3421 928 im-

213 969 334 1020 στη,
373 951 408 1022 ἢ
447 951 638 1021 ἔμελλε
666 953 988 1021 συνέψεσθαι
1017 954 1185 1023 αὐτῷ.
1232 955 1448 1008 Τούτων
1479 956 1534 1008 δὲ
1588 945 1764 1026 «(3:1-
1867 973 1869 1024 j

1867 958 2140 1025 peratrice
2170 957 2354 1012 foedus
2381 959 2545 1013 ferire
2572 999 2587 1022 ,
2634 976 2697 1014 ea
2732 962 3050 1018 conditione
3100 973 3161 1017 ut
3193 965 3307 1030 ipse
3336 979 3426 1018 co-

210 1043 455 1112 τομένων
485 1043 575 1094 ὑπ’
596 1042 782 1105 αὐτοῦ,
805 1042 833 1094 δ
861 1044 1356 1112 παρακοιμώμενος
1396 1045 1761 1116 Ἀπόκαυχος,

1868 1037 2127 1115 gnatique
2164 1062 2226 1101 ac
2271 1047 2571 1102 familiares
2601 1049 2764 1118 382
2812 1052 2896 1104 sui
2949 1053 3237 1120 praecipuis
3281 1051 3420 1120 apud

213 1131 492 1199 νεωτέρων
531 1129 865 1198 πραγμάτων
895 1129 1201 1200 ἐπιθυμῶν,
1234 1132 1327 1183 καὶ
1361 1132 1547 1200 τρόπῳ
1603 1134 1764 1184 παντὶ
1868 1138 1869 1143 “

1868 1136 2145 1190 Romanos
2175 1137 2477 1191 honoribus
2518 1138 2936 1207 insignirentur,
2983 1141 3423 1208 provinciarum-

211 1221 551 1290 πειρώμενος
599 1222 855 1287 μετάγειν
911 1223 989 1283 είς
1022 1221 1213 1273 ἐαυτὸν
1266 1221 1375 1274 τῶν
1425 1223 1766 1290 πραγμάτων

1761 1239 1766 1265 ι
1868 1240 1973 1293 quc
2024 1235 2080 1280 et
2115 1228 2333 1281 urbium
2383 1237 2646 1296 quantum
2708 1229 2811 1297 ipsi
2851 1231 3053 1284 vellent
3085 1231 3417 1284 dominatum

210 1313 310 1380 τὴν
350 1313 539 1380 ἀρχὴν,
575 1311 860 1378 ἐσκέψατο,
888 1312 1008 1363 ἐπεὶ
1032 1312 1124 1364 τοῦ
1165 1312 1307 1364 κατὰ
1351 1312 1576 1378 Περσῶν
1605 1314 1767 1375 αὐτὸς

1761 1330 1767 1371 .’
1868 1317 2200 1381 obtinerent,
2240 1327 2296 1372 et
2345 1317 2412 1372 ad
2465 1319 2782 1374 felicitatem
2836 1321 2971 1374 nibil
3033 1324 3417 1389 requirerent;

213 1402 622 1469 κεχειροτόνητο
677 1401 1020 1468 στρατηγὸς,
1067 1401 1160 1452 καὶ
1209 1403 1488 1471 δυνάμεως
1546 1403 1767 1470 εὐπόρει

1876 1405 2262 1474 imperatorem
2303 1416 2484 1461 autem
2535 1423 2603 1461 ne
2636 1408 2714 1462 sic
2748 1409 2968 1477 quidem
3017 1410 3260 1464 custodia
3293 1410 3425 1461 Iibe-

213 1493 494 1560 ναυτκῆς.
532 1492 755 1559 βασιλέα
795 1492 884 1544 τὸν
933 1491 1048 1542 νέον
1085 1490 1343 1562 Ἰωάννην
1378 1493 1456 1554 είς
1493 1492 1622 1559 μίαν
1645 1491 1758 1543 τών

1873 1514 1995 1551 rare
2021 1539 2037 1563 ,
2096 1498 2190 1551 sed
2221 1498 2342 1552 loco
2388 1498 2599 1553 obsidis
2625 1507 2812 1554 tenere
2837 1539 2851 1561 ,
2904 1510 2959 1552 et
2993 1517 3154 1554 unam
3193 1501 3421 1554 filiarum

210 1583 453 1651 τριηρῶν
475 1582 780 1650 ἐιθέμενος,
809 1581 1109 1650 ἀγνοούσης
1132 1582 1395 1651 βασιλίδος
1417 1583 1515 1652 τῆς
1542 1581 1768 1651 μητρὸς,

1869 1586 2152 1638 connubio
2180 1586 2228 1638 ei
2256 1585 2538 1653 capulare.
2569 1585 2746 1654 Atque
2778 1587 2824 1640 is
2847 1587 3069 1655 quidem
3102 1587 3216 1641 tunc
3247 1596 3425 1649 mente

209 1673 295 1733 εἰς
323 1673 411 1722 τὸν
445 1688 508 1721 πε
518 1671 572 1738 ρὶ
603 1670 896 1734 Βυζάντον
927 1672 1186 1740 πρότερον
1211 1672 1358 1741 αὐτῷ
1388 1671 1596 1739 πύργον
1627 1671 1770 1739 ᾠκο-

1769 1702 1770 1705 η
1875 1677 2290 1745 pertractabat,
2341 1684 2397 1728 et
2442 1679 2552 1746 jam
2621 1676 2686 1728 ad
2742 1693 2853 1730 rem
2915 1678 3138 1745 parabat
3187 1677 3425 1747 aggredi,

209 1764 522 1833 δομημένον
577 1764 919 1833 ὀχυρώτατον
965 1764 1090 1816 ϐντα
1137 1763 1255 1832 ὕψει
1289 1781 1346 1816 τε
1387 1765 1479 1816 καὶ⁵
1513 1765 1767 1832 καρτερόο
1802 1824 1840 1838 λ

1802 1782 1997 1838 “cum
2061 1782 2091 1820 a
2164 1767 2402 1835 quodam
2459 1782 2490 1821 e
2549 1750 2786 1822 consciis
2843 1768 3176 1838 iniperatriei
3227 1769 3426 1822 indicio

209 1824 562 1924 ‘t'q‘ttutuxtbv
597 1824 886 1916 ’ἐπιϐάτας
934 1824 1471 1925 προσαγορευόμενον
1512 1824 1764 1921 (traxe-ir
1801 1824 1842 1877 Β

1801 1824 1842 1877 Β
1875 1859 2014 1914 tacto
2047 1898 2062 1922 ,
2099 1867 2152 1910 et
2199 1860 2534 1927 imperatore
2589 1862 2700 1929 jam
2754 1861 3001 1913 cusaodia
3045 1858 3428 1928 circumsepto,

209 1947 330 1998 ἐκεῖ
356 1945 411 1997 δὲ
445 1946 581 2014 μετὰ
629 1946 736 1998 τῶν
789 1946 1060 2014 συγγενῶν
1107 1949 1198 1998 καὶ
1252 1947 1359 1999 τῶν
1408 1946 1757 1998 οἰκειοτάτων

1874 1949 2238 2018 Apocauehus
2271 1965 2330 2003 se
2361 1949 2761 2018 deprehensum
2796 1949 3119 2019 intelligens,
3157 1949 3427 2017 Epibatas,

210 2037 439 2106 βασιλέα
467 2037 738 2107 φρουρῶν,
786 2038 1012 2098 σπονδὰς
1053 2037 1298 2089 τίθεσθαι
1330 2038 1464 2108 πρὸς
1499 2036 1767 2106 βασιλίδα,

1873 2037 2194 2102 tmpeudens
2232 2038 2334 2092 sibi
2366 2053 2395 2090 e
2429 2039 2630 2093 malitia
2675 2054 2771 2093 sua
2821 2040 3110 2093 discrimen
3127 2023 3153 2102 ”,
3201 2046 3258 2090 ut
3287 2038 3433 2091 veri-

206 2131 351 2182 ὥστε
401 2130 559 2180 αὑτὸν
619 2130 715 2196 μὲν
765 2128 888 2179 καὶι
923 2130 1199 2194 συγγενεῖς
1236 2129 1329 2181 καὶ
1384 2130 1508 2193 τοῦς
1563 2130 1760 2191 ἄλλους

1871 2128 2051 2182 simile
2105 2139 2234 2190 est,
2287 2123 2565 2183 declinans
2612 2129 2839 2198 aufugit;
2894 2128 3102 2194 Quibus
3156 2127 3318 2182 rebus
3361 2124 3427 2179 ad

207 2222 336 2283 τοὺς
361 2219 635 2284 συνόντας,
666 2220 827 2287 τιμὰς
878 2218 973 2281 τὰς
1028 2221 1176 2286 παρᾶ
1213 2217 1499 2287 Ῥωμαίοις
1532 2218 1755 2288 πρώτας

1874 2219 2131 2289 magnum
2204 2220 2563 2274 domesticum
2623 2221 2884 2289 perlatis,
2940 2220 3040 2273 etsi
3097 2220 3162 2272 ad
3213 2216 3433 2285 expedi-

210 2307 557 2377 καρποῦσθαι
582 2348 597 2373 ,
629 2310 718 2360 καὶ
756 2308 947 2378 χωρῶν
995 2304 1136 2360 εἶναι
1170 2309 1262 2360 καὶ
1295 2308 1499 2360 πόλεων
1528 2309 1765 2376 κυρίους,

1875 2313 2080 2364 tionem
2142 2311 2444 2366 instructus
2503 2322 2661 2375 erat,
2723 2311 3075 2365 nihilominus
3128 2307 3428 2362 Manuelem

207 2402 416 2461 δποίων
449 2401 514 2453 ἂν
565 2400 763 2463 δόξειεν
818 2400 1029 2467 αὐτοῖς,
1067 2400 1160 2452 καὶ
1197 2401 1358 2467 μηδὲν
1403 2399 1666 2452 ἐλλείπειν
1692 2401 1769 2463 είς

1873 2401 2296 2456 Tarcbauiotam
2322 2444 2336 2467 ,
2372 2402 2465 2472 qui
2498 2411 2552 2456 et
2599 2402 2849 2457 Curtizes
2874 2400 3267 2470 appellabatur.
3309 2413 3430 2452 cum

208 2493 464 2562 εὐτυχίας
515 2491 703 2559 λόγον,
741 2491 963 2559 βασιλέα
1025 2492 1103 2555 δὲ,
1158 2490 1264 2543 οἰδ*
1304 2490 1475 2554 οὓτως
1521 2489 1772 2544 ἀπολύειν

1873 2495 2078 2562 aliquot
2118 2493 2412 2563 manipulis
2440 2492 2506 2546 ad
2549 2492 2809 2561 Epibatas
2832 2532 2845 2554 .
2885 2491 3134 2544 tentoriis
3159 2489 3435 2552 excitatis,

207 2584 310 2636 ’τυῦ
346 2584 626 2654 φρουρίουο
671 2585 784 2636 ἀλλ’
811 2583 998 2653 ὥσπερ
1049 2584 1256 2652 ὅμηρον
1307 2584 1623 2652 κατέχοντα,
1663 2584 1766 2653 μιᾷ

1870 2582 2052 2659 quoad
2107 2587 2224 2655 ipse
2273 2585 2488 2639 veniret
2536 2580 2927 2640 custodiendas
2962 2582 3130 2648 misit.
3164 2578 3245 2635 Ad
3295 2579 3441 2648 Ape-

211 2676 326 2728 τῶν
360 2675 672 2742 θυγατέρων
731 2675 822 2725 ἐπὶ
857 2677 1020 2743 γάμῳ
1079 2675 1500 2744 προσαρμόζειν.
1555 2672 1614 2725 '0
1671 2673 1770 2742 μὲν

1873 2682 2144 2737 cauchum
2206 2694 2426 2749 quoque
2488 2678 2828 2732 sciscitatum
2881 2676 3069 2738 misit,
3122 2689 3252 2727 num
3308 2687 3437 2726 vera

207 2767 307 2821 οὖν
341 2767 566 2821 τοιαῦτά
619 2783 677 2818 τε
728 2765 982 2818 διενοεῖτο
1010 2805 1024 2826 ,
1082 2767 1174 2817 καὶ
1203 2764 1428 2843 ὥρμητο
1459 2765 1560 2835 ήδη
1593 2765 1771 2834 ἰτράτ⁹

1872 2784 2080 2840 essent,
2106 2771 2245 2843 'quae
2286 2772 2354 2826 de
2385 2772 2480 2826 illo
2512 2785 2699 2825 rumor
2732 2778 3034 2838 spargeret.
3065 2767 3164 2832 Qui
3194 2780 3252 2819 se
3285 2778 3439 2832 syco-

206 2877 348 2913 τεινο
380 2861 489 2913 τῶν
525 2859 841 2912 συνειδότων
871 2859 922 2910 δέ
955 2874 1097 2916 τικος
1132 2857 1356 2926 βασιλίδι
1397 2857 1511 2908 ἀπα
1526 2856 1767 2925 γγείλαν-

1877 2866 2122 2934 phantiis
2172 2861 2476 2933 oppugnari
2531 2873 2868 2915 asseverare.
2910 2857 2978 2910 Et
3032 2871 3158 2910 cum
3192 2857 3433 2914 timeret,

205 2966 327 3010 τος.
361 2950 481 3000 ἐπεί
532 2946 756 3015 βασιλέα
810 2962 868 2997 τε
924 2945 1024 3014 ἤδη
1055 2945 1370 3014 περιΐστατο
1399 2943 1611 3012 φρουρὰ
1634 2983 1648 3005 ,
1680 2945 1773 2995 καὶ

1880 2972 1948 3010 ne
1982 2956 2136 3025 prius
2167 2955 2237 3009 ob
2285 2953 2588 3007 calumnias
2615 2951 2728 3004 vita
2773 2949 3120 3012 multaretur,
3153 2960 3314 3014 quam
3347 2959 3435 2996 ve-

209 3041 378 3102 αὖτδς
408 3038 545 3107 ἔγνω
574 3037 867 3106 φωραθεὶς,
903 3034 1072 3106 ᾤχετο
1112 3034 1297 3102 φυγὼν
1329 3035 1411 3094 είς
1458 3034 1770 3095 Ἐπιϐάτας.

1878 3048 2012 3102 ritas
2045 3045 2294 3111 indagata
2351 3051 2656 3112 patesceret
2683 3081 2697 3105 ,
2746 3056 2773 3093 a
2831 3054 2887 3093 re
2917 3037 3173 3108 praesenti
3207 3036 3434 3089 salutem

205 3135 306 3186 τἰν
339 3135 402 3184 ἐκ
435 3131 542 3185 τῶν
575 3129 980 3200 πραττομένων,
1017 3126 1204 3196 ὥσπερ
1232 3123 1300 3197 ἦν
1327 3125 1494 3192 είκδς,
1527 3125 1770 3178 κίνδυνον
1800 3162 1844 3219 C

1800 3162 1844 3219 ρ
1880 3144 2068 3205 petere
2120 3132 2400 3197 decrevit;
2438 3145 2502 3183 ac
2532 3129 2759 3197 proinde
2785 3143 2909 3181 eum
2939 3166 2953 3189 ,
3007 3128 3098 3195 qui
3151 3139 3209 3178 se
3263 3126 3316 3176 in
3351 3139 3437 3176 ca-

206 3225 629 3295 Btabt’piaxtuv.
665 3223 800 3291 Περὶ
846 3219 954 3272 τῶν
981 3217 1234 3271 τοιούτων
1258 3217 1320 3284 δὴ
1345 3217 1373 3268 δ
1418 3217 1587 3286 μέγας
1614 3215 1767 3284 δομέ-
1809 3213 1843 3219 ”

1809 3213 1843 3219 ”
1877 3225 2035 3281 stello
2067 3224 2160 3278 illo
2188 3222 2486 3276 incluserat
2506 3261 2520 3285 ,
2549 3220 2760 3273 monuit
2786 3260 2799 3284 ,
2833 3228 2893 3272 ut
2923 3232 2952 3271 e
2982 3230 3084 3271 suo
3115 3229 3241 3270 casu
3275 3213 3436 3268 saluti

209 3300 401 3374 στικος
440 3310 647 3378 μαθὼν,
685 3309 885 3361 καίτοι
923 3306 1055 3377 πρὸς
1077 3306 1173 3373 τὴν
1199 3305 1554 3374 ἐκστρατείαν
1589 3321 1775 3374 παρα-

1885 3333 1995 3373 suae
2020 3315 2382 3386 prospiceret,
2419 3321 2474 3366 et
2510 3310 2819 3381 improvisa-
2853 3322 3032 3362 rerum
3057 3307 3449 3361 commutatio-

210 3399 814 3468 σκευαζόμενος,-ὂμως
836 3399 924 3449 τὸν
948 3393 1368 3465 Ταρχανειώτην
1397 3393 1653 3463 Μανουὴλ
1685 3393 1776 3446 τὸν

1887 3409 1971 3462 nis
2000 3405 2309 3475 exemplum
2343 3419 2372 3456 a
2404 3418 2462 3457 se
2490 3409 2753 3456 sumeret.
2791 3389 2928 3454 Nam
2958 3408 3013 3452 et
3037 3400 3191 3469 prius
3224 3415 3281 3453 se
3306 3399 3446 3452 idem

211 3494 316 3546 καὶ
374 3490 680 3561 Κουρτίκην
735 3487 1272 3559 προσαγορευόμενον
1329 3487 1466 3555 μετὰ⁴
1507 3502 1777 3553 στρατιω-

1879 3500 2085 3554 utiliter
2139 3512 2266 3552 eum
2315 3495 2594 3550 monuisse
2662 3503 2717 3548 et
2778 3493 3054 3546 hortatum
3084 3506 3246 3558 esse,
3280 3507 3451 3561 quan-

208 3588 329 3642 τῶν
383 3586 578 3653 ὀλίγων
637 3582 880 3650 πέμψας,
932 3580 1180 3633 ἐκέλευεν
1243 3579 1537 3638 Ἐπιϐάτας
1582 3578 1778 3644 ἔξωθεν

1890 3607 2054 3661 quam
2091 3589 2245 3643 nullo
2275 3588 2497 3648 eﬂ'ectu,
2530 3595 2585 3640 et
2635 3599 2778 3639 nunc
2809 3583 3167 3660 nihilominus
3199 3583 3450 3645 suadere,

210 3681 474 3750 φρουρεῖν
520 3674 1078 3745 ἐστρατοπεδευμένον
1106 3712 1122 3738 ,
1175 3672 1332 3742 ἄχρις
1372 3667 1446 3725 ’ἂν
1513 3670 1777 3739 ἀφίκηται

1887 3699 2010 3737 cum
2043 3698 2110 3737 ex
2152 3698 2209 3734 re
2244 3679 2358 3747 ipsa
2393 3676 2669 3732 suasionis
2723 3691 2834 3729 sua:
2879 3673 3174 3728 utilitatem
3218 3673 3451 3743 probare

208 3772 402 3834 αὑτός.
449 3771 674 3839 Πέμψας
718 3767 773 3820 δὲ
817 3768 912 3820 καὶ
959 3766 1094 3836 πρὸς
1160 3766 1496 3834 Ἀπὸκαυχον
1548 3763 1785 3815 ἐπυνθά-

1884 3783 2091 3844 queat,
2122 3772 2499 3841 subjeclorum
2531 3768 2634 3836 ipsi
2674 3766 3022 3820 castellorum
3072 3761 3260 3836 (multa
3304 3765 3447 3818 enim

207 3882 340 3919 νετο
381 3864 428 3916 εί
457 3862 628 3932 ἀληθῆ
653 3863 720 3912 τὰ
763 3855 1133 3930 θρυλλούμενα
1178 3859 1266 3926 εἴη
1309 3859 1434 3928 περὶ
1475 3855 1663 3909 αὐτοῦ.
1719 3856 1780 3908 '0

1883 3864 2108 3931 habere)
2145 3862 2211 3915 ad
2245 3871 2406 3914 terra:
2475 3858 2750 3927 marisque
2809 3856 3223 3911 commoditates
3259 3856 3452 3925 przeci—

209 3958 273 4012 δὲ
319 3956 520 4024 ἔφασκε
559 3953 656 4023 μὲν
685 3951 1131 4020 συκοφαντεῖσθαι
1157 3993 1170 4013 ,
1201 3950 1377 4012 δείσας
1408 3949 1464 4001 δι
1501 3952 1575 4020 μὴ
1603 3949 1784 4020 φθάσῃ

1887 3971 1993 4027 puo
2024 3954 2130 4009 situ
2174 3968 2343 4006 unum
2391 3949 2687 4020 deligeret,
2725 3961 2777 4003 et
2823 3947 2954 4002 illud
2989 3947 3249 4016 operibus
3285 3962 3450 4016 quam

208 4046 537 4116 διαφθαρεὶς
587 4045 691 4096 ὑπὸ
718 4043 970 4111 διαϐολῆς
1021 4043 1150 4111 πρὶν
1184 4041 1582 4113 διερευνώμενα
1614 4041 1783 4106 φανῆο

1887 4045 2262 4100 tirmissimum
2304 4041 2612 4105 redderet,
2673 4051 2732 4093 ut
2796 4040 2841 4094 si
2904 4040 3035 4107 quid
3096 4040 3448 4106 improvisum

207 4157 306 4192 ναι
347 4137 587 4206 τάληθῆ,
643 4136 742 4203 τὴν
797 4135 1070 4204 σωτηρίαν
1097 4136 1162 4187 ἐκ
1196 4118 1303 4184 τών
1334 4133 1560 4187 ἐνόντων
1607 4133 1786 4200 ἐαυτῷ

1884 4146 2222 4207 emergeret,
2285 4148 2534 4189 secessus
2595 4132 2973 4200 malorumque
3020 4129 3280 4197 eﬂ'ugium
3327 4144 3457 4200 sup-

208 4229 465 4298 πορίζειν
511 4226 941 4279 κατακλείσαντα
990 4226 1048 4276 ἐν
1100 4225 1179 4294 τῷ
1223 4224 1488 4294 φρουρίῳ,
1521 4223 1786 4276 Συνεσού-

1894 4227 2182 4298 peditaret.
2245 4224 2491 4294 Rogabat
2554 4232 2783 4286 autem,
2841 4221 2979 4274 utsi
3037 4236 3145 4274 non
3202 4220 3451 4284 antehac,

207 4323 343 4375 λευέ
372 4337 431 4373 τε
476 4320 823 4390 παράδειγμα
858 4319 965 4370 τοῖιν
1014 4318 1436 4395 ἀπροσδοκήτων
1475 4318 1587 4370 τῶν
1642 4336 1786 4386 πρα-

1886 4320 2081 4372 saltem
2136 4331 2285 4370 nunc
2319 4313 2700 4368 benevolentis
2732 4312 2899 4366 animi
2932 4312 3218 4366 consilium
3253 4312 3458 4380 ample-

207 4413 447 4483 γμάτων
478 4409 787 4481 μεταϐολῶν
821 4409 1116 4479 λαμϐάνειν
1147 4408 1207 4473 ἐξ
1235 4409 1422 4462 αὐτοῦ.
1457 4409 1567 4462 Καὶ
1594 4411 1786 4478 πρότε-

1887 4399 2184 4464 eteretur.-
2221 4405 2436 4460 Etenim
2499 4414 2554 4458 et
2620 4403 2723 4457 sibi
2786 4403 2839 4455 in
2904 4416 3186 4471 praesens,
3244 4399 3455 4455 tametsi

149 4539 153 4542 ν
210 4507 317 4575 ρόν
355 4521 414 4556 τε
457 4503 564 4571 γὰρ
594 4501 742 4571 αὑτῷ
784 4502 851 4552 τὰ
884 4499 1109 4552 τοιαῦτα
1146 4485 1498 4552 ὑποτίθεσθαι
1525 4499 1786 4568 ἔφασκεν.

1819 4494 1860 4547 Ὁ
1891 4500 2043 4554 falsis
2094 4497 2416 4554 criminibus
2462 4495 2744 4565 appetito,
2801 4492 3004 4546 nullam
3051 4491 3210 4544 aliam
3256 4489 3448 4543 salutis

208 4599 264 4650 εί
297 4595 391 4647 καὶ
425 4593 499 4663 μὴ
525 4593 706 4648 ἔπειθε
753 4589 1135 4661 συμϐουλεύων
1157 4590 1225 4642 τὰ
1264 4589 1541 4656 λυσιτελῆ·
1573 4592 1666 4643 καὶ
1693 4590 1787 4643 νῦν

1896 4590 2111 4644 tuendae
2169 4586 2525 4641 occasionem“
2563 4583 2798 4652 relinqui
2829 4620 2843 4646 ,
2894 4591 3093 4650 prater
3131 4594 3310 4634 arcem
3333 4619 3349 4644 ,
3400 4579 3454 4631 in

207 4690 375 4744 οὺδὲν
411 4667 594 4760 ίῆττον
647 4683 1041 4753 συμϐουλεύειν
1075 4683 1135 4746 ἐξ
1174 4683 1353 4735 αὐτῶν
1396 4683 1504 4733 τῶν
1533 4681 1790 4750 πραγμά-
1857 4756 1863 4760 ι

1889 4698 2052 4752 quam
2107 4695 2165 4734 se
2219 4678 2446 4748 periculi
2508 4675 2717 4730 vitandi
2785 4673 3137 4742 recepisset:
3187 4686 3346 4739 quae,
3404 4669 3451 4723 si

206 4800 328 4837 των
355 4756 493 4849 ἔχων
525 4779 620 4846 τῆς
651 4775 918 4843 ὠφελείας
960 4776 1058 4843 τὴν
1095 4774 1377 4838 ἀπόδειξιν
1417 4774 1525 4825 τῶν
1557 4773 1788 4841 λεγομέ-
1856 4756 1862 4773 ’

1856 4756 2016 4828 ’νει-ε
2049 4787 2168 4827 esse
2200 4769 2538 4837 contingeret
2584 4767 2651 4820 de
2688 4780 2746 4818 se
2791 4765 3017 4835 iactata,
3061 4762 3142 4815 vel
3172 4761 3456 4814 audaciam

208 4891 350 4935 νων,
383 4875 478 4925 καὶ
509 4870 615 4922 τῶν
673 4867 766 4921 ὑπ’
802 4865 952 4936 αὐτῷ
1004 4865 1305 4918 τελούντων
1368 4868 1652 4937 φρουρίων
1702 4866 1783 4933 ἓν,

1887 4881 2041 4920 suam
2077 4863 2363 4934 adjuvaret
2389 4902 2404 4924 ,
2434 4859 2520 4912 vel
2553 4855 2960 4927 deprehensum
2994 4862 3050 4908 et
3081 4853 3393 4908 convictum
3429 4866 3456 4903 a

209 4963 399 5019 πολλὰ
510 4955 674 5024 εῖναι,
705 4959 766 5010 τί)
801 4957 1394 5028 μάλιστα-ἐπιτηδείως
1419 4957 1540 5028 ἔχον
1568 4958 1701 5026 πρός
1727 4974 1786 5009 τε

1896 4967 2071 5012 nzorte
2108 4956 2392 5010 liberaret.
2425 4949 2749 5021 Apocaucbi
2785 4947 3006 5017 quidem
3036 4943 3328 5001 consilium
3360 4941 3466 4994 ltoc

206 5059 325 5124 γῆς
386 5055 479 5105 καὶ
551 5053 829 5120 θαλάσσης
894 5050 1125 5117 εὐφυΐαν
1193 5050 1555 5119 ἐκλεξάμενον
1615 5066 1788 5102 κατα-

1897 5051 2022 5104 fuit.
2047 5048 2129 5102 Ad
2157 5061 2318 5117 quem
2351 5058 2578 5114 magnus
2603 5041 2944 5096 domesticus
2983 5039 3179 5093 iterato
3223 5036 3466 5098 mittens,

210 5149 444 5208 σκευαῖς
487 5144 884 5213 χειροποιήτοις
945 5140 1288 5210 ὀχυρώτατον
1344 5142 1536 5205 ποιεῖν,
1568 5140 1719 5192 ἵν’·εί
1738 5159 1790 5192 τι

1895 5145 2164 5198 adversus
2217 5141 2367 5193 illum
2399 5139 2612 5207 vulgata
2669 5152 2728 5190 se
2784 5150 3004 5205 quoque
3047 5132 3179 5186 falsa
3238 5127 3465 5199 reperiri

208 5237 471 5308 συμϐαίη
527 5236 633 5286 τῶν
685 5232 1130 5301 ἀπροσδοκήτων,
1163 5231 1520 5302 ἀναχώρησιν
1561 5231 1660 5302 ἔχῃ
1696 5227 1790 5284 καὶ

1900 5231 2381 5309 (quemadmodum
2416 5230 2679 5284 videlicet
2739 5228 2856 5297 ipse
2888 5240 3106 5294 quoque
3155 5216 3466 5287 allirtuaret)

205 5332 334 5386 τῶν
363 5327 552 5381 δεινῶν
591 5327 884 5394 ἀποφυγήν
907 5340 923 5355 ο
958 5324 1128 5376 ἐδεῖτό
1176 5340 1234 5375 τε
1266 5327 1315 5375 εί
1347 5327 1442 5376 καὶ
1491 5325 1567 5396 μὴ
1599 5325 1795 5395 πρότε-

1899 5330 1953 5382 in
1995 5323 2187 5395 primis
2253 5335 2454 5390 cupere
2524 5329 2758 5374 testatus
2806 5327 2924 5382 est;
2986 5317 3065 5370 sic
3127 5325 3361 5380 namque
3416 5319 3472 5364 et

208 5441 343 5498 ρον,
382 5419 517 5474 ἀλλὰ
543 5419 638 5473 νῦν
668 5417 952 5470 πείθεσθαι
978 5416 1126 5485 αὐτῷ
1159 5415 1420 5480 εὐνοϊκῶς
1463 5416 1793 5488 διακειμένῳ

1901 5420 2078 5489 ipsum
2109 5413 2424 5483 imperatori
2458 5412 2698 5467 amicum
2730 5422 2784 5466 et
2811 5408 3136 5464 benevolum
3167 5447 3182 5473 ,
3228 5420 3292 5458 ac
3321 5410 3475 5470 sycoé

1486 5536 1703 5596 Jacobi
1724 5561 1729 5566 ·
1747 5534 2021 5597 Pontani
2055 5543 2240 5592 noue.

303 5637 379 5708 (ὅ)
416 5637 678 5689 Inturrim
696 5636 855 5704 jua'ta
889 5633 1344 5708 Byzantiuttt.Sed
1369 5610 1480 5689 baec
1505 5637 1680 5708 turris
1697 5634 1799 5688 fuit
1899 5633 2022 5708 alibi
2058 5632 2315 5708 hacvoee
2357 5629 2560 5708 πύργος
2588 5613 2780 5682 eadem
2816 5626 3044 5708 notione
3076 5625 3250 5679 utitur
3281 5641 3295 5679 :
3335 5621 3475 5678 Eine

214 5700 510 5782 φρούριον,
543 5700 840 5768 castellum,
891 5700 950 5758 εἰ
983 5708 1058 5782 sic
1113 5706 1248 5760 infra
1293 5709 1621 5782 nominatur.
1659 5707 1798 5782 Ante
1903 5704 2066 5772 Burg.
2123 5701 2431 5755 Monuintus
2463 5702 2724 5755 lectorem
2757 5713 2921 5768 super
2963 5700 3086 5752 hoc.

214 5776 400 5856 igitur
450 5792 628 5831 arcem
685 5789 776 5832 aut
839 5776 1121 5831 castellqu
1185 5791 1440 5831 vocemus
1495 5776 1636 5829 licet.
1671 5777 1797 5830 Item
