4194 6440
771 394 877 459 811

1927 398 2246 459 ῘΟᾹΝΝΙΞ
2285 400 2807 461 CANTACUZENI

3886 387 3994 457 διε

777 516 892 554 rem
919 501 990 554 ita
1017 514 1074 554 se
1104 499 1326 562 habere,
1362 501 1504 555 scias
1542 501 1700 554 velin
1738 512 1786 554 te
1813 502 1922 555 falli
1963 519 2333 573 summopere.

2438 504 2677 573 ἕτοιμος.
2712 485 2864 557 Οὐδὲ.
2888 503 2996 572 γὰρ
3027 504 3056 554 ὁ
3088 501 3288 570 προτοῦ
3336 502 3530 573 χρόνος
3560 499 3803 554 τοιοῦτον
3843 501 3994 569 αἰτῷ

777 589 895 642 Non
923 589 1066 642 enim
1102 590 1250 642 milis
1298 590 1388 641 ille
1415 603 1476 642 ac
1500 590 1743 656 placidus
1766 630 1780 649 .
1815 599 1873 642 ut
1902 592 2144 655 dicebas,
2167 593 2331 647 mole-

776 689 1000 747 stusque
1031 680 1254 742 nemini,
1308 679 1400 732 scd
1427 680 1552 747 quia
1578 681 1685 748 jam
1711 681 1916 748 priu'em
1945 692 2330 751 praepotentem

775 782 966 822 Omnes
1002 769 1193 820 colunt
1241 783 1305 822 ac
1354 770 1690 834 suspiciunt,
1718 780 1772 822 ct
1821 771 2100 839 hucusque
2129 789 2291 827 nemo
2315 812 2332 836 ,

775 873 882 910 non
914 858 1088 910 dicam
1137 859 1304 910 verbo
1337 858 1590 912 resistere
1620 899 1634 920 ,
1678 860 1773 912 sed
1833 876 1932 913 nec
1977 863 2185 915 vultum
2215 864 2334 931 ejus

690 1017 694 1022 _
766 947 946 1000 libere
996 948 1196 1000 intueri
1230 963 1396 1001 ausus
1436 959 1538 1008 est,
1578 950 1692 1017 ipse
1727 952 1963 1004 vicissim
1990 967 2099 1020 pra:
2139 953 2335 1008 timore

774 1040 1161 1093 submittentes
1191 1056 1308 1094 sese
1336 1050 1387 1092 et
1432 1043 1745 1096 servitutem
1779 1045 2070 1111 perfectam
2095 1046 2335 1098 servien-

780 1139 860 1182 tes
889 1144 1082 1183 omnes
1135 1131 1446 1185 humaniter
1476 1133 1688 1186 habuit.
1742 1118 1874 1186 Cum
1913 1150 2076 1202 porro
2106 1145 2159 1187 tu
2190 1150 2334 1189 nunc

776 1219 1010 1282 primum
1045 1219 1262 1286 publice
1293 1221 1343 1274 ei
1399 1237 1698 1290 repugnare
1747 1238 1852 1275 non
1901 1224 2169 1283 timueris.
2225 1240 2333 1278 non

775 1309 1010 1377 amplius
1039 1309 1232 1362 vitium
1259 1324 1420 1364 suum
1459 1314 1732 1365 occultare
1764 1314 1958 1381 quiiit,
2016 1315 2108 1368 sed
2140 1315 2238 1368 abs
2281 1325 2333 1368 te

776 1398 881 1451 sibi
917 1400 1185 1452 obnoxios
1233 1401 1494 1467 puniendi
1545 1402 1759 1455 initium
1810 1404 2011 1457 faciet:
2044 1407 2334 1474 statimque

777 1489 1062 1542 tremendo
1093 1500 1432 1544 sacramento
1459 1491 1622 1545 dictis
1654 1494 1814 1547 ﬁdem
1835 1495 2096 1557 astruxit,
2129 1510 2192 1548 ac
2222 1496 2328 1550 nisi

771 1591 935 1645 qnam
969 1577 1232 1631 citissime
1281 1579 1668 1647 quoquomodo
1711 1582 1869 1634 saluti
1914 1598 2026 1636 sua
2055 1584 2332 1651 provisum

773 1678 864 1720 eat
888 1705 903 1729 ,
952 1682 1077 1719 cum
1132 1675 1242 1720 tota
1270 1667 1434 1722 domo
1467 1668 1586 1722 sine
1617 1670 1726 1722 ulla
1748 1671 2090 1725 dubitatione
2121 1673 2334 1740 peritu-

2441 595 2504 646 rb
2534 590 2664 662 ἦθος
2714 595 3122 662 συμμαρτυρεῖ.
3159 593 3375 645 Πολλῶν
3425 592 3534 662 γὰρ
3571 592 3719 658 αύτῷ
3749 609 3988 660 προσκεο

2434 682 2746 750 κρουκότων
2800 680 2896 732 καὶ
2953 680 3200 749 μεγάλα,
3270 677 3460 731 οὐδένα
3526 679 3746 730 πώποτε
3814 679 3987 746 ἐφάνη

2434 769 2701 837 ἀντιδρῶν
2725 769 2934 828 κακῶς.
2963 769 3103 836 Πρὸς
3133 769 3232 836 εμὲ
3261 769 3316 819 δὲ
3351 767 3586 836 μετρίως
3639 766 3736 834 μὲν
3767 766 3857 818 διὰ
3900 767 3990 818 τὸν

2434 862 2592 926 λόγον
2615 863 2920 929 τετάρακτο
2946 862 3177 911 ἐκεῖνον,
3221 859 3417 926 Ὀλίγῳ
3451 857 3505 908 δὲ
3535 857 3780 925 ὕστερον,
3815 855 3990 918 οὕτως

2433 951 2612 1016 ἀφῆκε
2665 948 2762 1017 τὴν
2814 948 3005 1016 ὀργῆν,
3052 947 3126 1007 ώς
3186 946 3321 1013 μηδὲ
3382 945 3635 1014 εἰρῆσθαί
3691 960 3743 995 τι
3785 945 3989 996 δοκεῖν.

2445 1041 2782 1108 ’Δπόκαυχος
2805 1040 2880 1099 δὲ,
2912 1039 2972 1090 ΕΞ
3006 1041 3105 1106 μὲν
3135 1036 3474 1097 ὑποπτεύων,
3500 1036 3627 1102 ἔφη,
3651 1035 3774 1096 τοὺς
3802 1034 3991 1100 λόγους

2433 1135 2558 1190 τοὺς
2606 1130 2899 1198 έμοὺς⁴ὡς
2951 1127 3318 1195 πειρωμένου,
3367 1126 3462 1176 καὶ
3520 1125 3578 1176 τὸ
3632 1123 3992 1194 προσκρούειν

2431 1218 2586 1282 αὖθις
2613 1221 2808 1288 ἐκείνῳ
2834 1218 3088 1278 δεδοικὼς
3135 1215 3360 1269 τοιαῦτα
3400 1214 3699 1286 ὑπεκρίνω,
3727 1215 3886 1277 ἀλλος
3924 1217 3991 1266 ειν

2432 1313 2517 1378 εῐη
2564 1310 2744 1374 λόγος.
2776 1313 2834 1358 ιι
2866 1304 2914 1358 δ’
2943 1306 3020 1368 ὡς
3064 1305 3275 1372 ἀληθῶς
3299 1305 3544 1371 οἰόμενος
3596 1302 3770 1364 οὕτως
3821 1304 3993 1372 ἔχειν,

2434 1400 2543 1452 ῖσθι
2586 1400 2797 1465 ἀγνοῶν
2841 1397 2903 1448 rb
2932 1397 3060 1448 πᾶν.
3097 1395 3170 1446 Οὐ
3219 1395 3329 1461 γὰρ
3356 1391 3582 1462 ἥμερος,
3614 1390 3803 1462 ὥσπερ
3825 1391 3989 1460 ἔφης.

2433 1491 2527 1542 καὶ
2597 1487 2896 1557 προσηνὴς,
2933 1486 3028 1538 καὶ
3078 1485 3208 1552 περὶ
3273 1484 3480 1551 μηδένα
3537 1483 3742 1570 έκεῖνος
3821 1481 3995 1542 κακὸς

2429 1579 2639 1647 οφθετς,
2665 1579 2779 1630 ἀλλ’
2811 1581 2874 1630 ἐκ
2913 1575 3108 1629 πολλοῦ
3142 1575 3235 1625 τοῦ
3265 1575 3458 1642 χρόνου
3485 1572 3716 1639 δύναμιν
3745 1572 3996 1638 μεγάλην

2433 1669 2896 1739 περιϐεϐλημένον
2966 1666 3167 1727 πάντες
3242 1665 3597 1732 ἐθεράπευον.
3652 1662 3761 1714 Καὶ
3817 1661 3996 1722 οὐδεὶς

775 1770 918 1807 rum.
962 1754 1102 1824 Ergo
1146 1756 1433 1810 Chumnus
1462 1758 1598 1814 hinc
1635 1775 1741 1813 non
1778 1760 2052 1814 immerito
2091 1771 2330 1814 extrema

2438 1763 2558 1831 ἄχρι
2594 1761 2710 1822 νῦν,
2739 1760 2837 1828 οὑχ
2884 1758 2966 1810 ὅτι
3021 1759 3318 1817 ἀντειπεῖν,
3350 1754 3466 1807 ἀλλ’
3512 1755 3622 1806 οὐδ’
3674 1752 3995 1820 ἀντιϐλέψαι

776 1855 1045 1906 metuens,
1081 1846 1268 1900 doceri
1297 1862 1354 1901 se
1393 1847 1739 1914 obsecrabat,
1770 1865 1881 1918 quo
1929 1862 2083 1917 pacto
2112 1850 2328 1919 impen-

773 1933 909 1986 dens
937 1935 1042 1988 sibi
1072 1944 1277 1988 tantum
1303 1936 1502 1990 malum
1525 1935 1806 2006 effugeret.
1835 1936 1991 2008 411
2019 1933 2157 1991 Tum
2186 1941 2329 2008 Apo-

773 2023 1035 2086 cauchus,
1073 2025 1250 2092 ipsum
1282 2040 1499 2094 quoque
1547 2041 1578 2082 e
1612 2043 1670 2081 re
1717 2031 1966 2095 pra-senti
2025 2031 2154 2097 quid
2190 2045 2328 2099 opus

773 2115 866 2175 sit,
908 2131 1016 2168 non
1069 2115 1356 2170 difficulter
1393 2133 1549 2186 posse
1585 2133 1948 2188 cognoscere,
1991 2122 2190 2189 quippe
2235 2121 2327 2189 qui

772 2205 937 2273 vulgo
968 2206 1159 2274 major,
1190 2220 1293 2259 nec
1329 2207 1528 2259 stultus
1571 2208 1665 2270 sit,
1703 2207 1796 2261 sed
1847 2223 1969 2261 cum
2003 2211 2193 2278 primis
2224 2210 2331 2262 Ro-

773 2309 1058 2347 manorum
1090 2295 1426 2363 experientia
1491 2296 1884 2365 prudentiaque
1930 2308 2121 2351 certet.
2149 2297 2330 2353 Nihilo

767 2388 956 2440 minus
986 2388 1414 2449 admoniturum,
1439 2402 1560 2455 qua:
1587 2388 1640 2441 in
1688 2404 1802 2441 rem
1847 2388 1962 2442 fore
2002 2389 2327 2456 arbitretur;

772 2479 882 2530 imo
913 2492 1063 2540 vero,
1088 2478 1207 2530 sine
1248 2477 1449 2545 quibus
1477 2478 1622 2530 salus
1639 2477 1974 2546 desperanda
2008 2481 2100 2534 sit.
2135 2481 2330 2535 Putare
2359 2505 2367 2513 -

772 2581 976 2630 artem,
1031 2584 1138 2622 non
1210 2569 1357 2621 aliud
1412 2569 1515 2636 ipsi
1576 2571 1894 2638 ca'terisque
1945 2571 2327 2638 profuturum,

763 2674 935 2727 quam
980 2659 1026 2712 si
1074 2661 1307 2727 arreptis
1359 2660 1530 2712 armis
1555 2659 1618 2711 ad
1652 2660 1938 2714 domestici
1975 2676 2107 2730 opes
2136 2661 2332 2716 debili-

770 2750 967 2802 tandas
1009 2749 1440 2818 frangendasque
1471 2751 1599 2802 totis
1625 2750 1833 2803 viribus
1862 2751 2192 2805 incumbant.
2219 2752 2332 2808 [loc

774 2841 828 2894 in
865 2840 1088 2908 proclivi
1135 2855 1278 2903 esse,
1339 2841 1382 2894 si
1422 2841 1765 2910 imprratrice
1795 2843 1963 2900 adita.
2013 2853 2068 2896 et
2097 2845 2332 2897 benevo-

775 2929 940 2982 lentia
961 2944 1090 2997 erga
1119 2929 1290 2996 ipsam
1321 2929 1600 2998 liliumque
1644 2931 2030 2998 imperatorem
2060 2931 2330 2994 simulata,

771 3035 894 3073 eam
928 3031 1243 3090 permoveat
1298 3031 1359 3074 ut
1406 3035 1532 3073 eum
1588 3037 1685 3088 pro
1722 3022 1877 3075 hoste
1913 3032 1968 3076 et
2015 3023 2333 3076 insidiatore

773 3113 960 3174 ducat,
993 3111 1264 3180 addatque
1295 3126 1354 3164 se
1385 3111 1498 3164 haec
1523 3126 1621 3180 pro
1643 3121 1793 3165 certo
1821 3112 2114 3176 audivisse,
2137 3123 2192 3166 et
2214 3129 2333 3168 esse

767 3205 953 3256 scelus
990 3218 1096 3255 non
1155 3202 1462 3263 ferendum,
1509 3218 1676 3271 seque
1707 3205 1865 3257 malle
1890 3219 2018 3257 cum
2053 3204 2180 3259 filiis
2218 3206 2333 3259 suis

769 3310 874 3364 pro
905 3293 1039 3360 ipsis
1069 3291 1358 3361 pugnando
1393 3303 1672 3362 oppetere,
1699 3309 1860 3361 quam
1893 3295 2102 3364 perpeti
2151 3304 2210 3348 ut
2237 3311 2334 3364 per

769 3381 1181 3451 net’asimpcrio
1209 3391 1304 3433 aut
1331 3382 1494 3434 etiam
1529 3383 1633 3434 vita
1653 3383 1977 3450 spolientur.
2007 3383 2214 3448 Quibus
2246 3399 2332 3436 ra-

769 3472 1019 3526 tionibus
1042 3471 1306 3525 credibile
1342 3471 1458 3525 fieri
1490 3471 1661 3540 ipsam
1699 3472 2065 3526 tremefactam
2119 3489 2181 3528 ac
2211 3487 2336 3543 per-

770 3579 1017 3625 suasam,
1042 3563 1191 3616 nullo
1219 3563 1441 3630 negotio
1470 3562 1540 3615 ab
1571 3563 1666 3616 illo
1690 3563 2077 3625 discessuram,
2105 3564 2336 3616 bellum-

768 3671 884 3724 que
916 3665 1105 3708 contra
1148 3653 1403 3706 eumdem
1470 3653 1524 3722 ip
1558 3654 1603 3707 is
1656 3654 2051 3706 mandaturam.
2089 3653 2208 3718 Quo
2239 3652 2337 3706 ob-

776 3757 958 3811 iento,
997 3760 1106 3799 non
1139 3754 1348 3798 tantum
1404 3744 1781 3813 ingruentibus
1839 3746 1997 3798 malis
2049 3745 2334 3810 liberatos,

778 3855 972 3893 verum
1023 3838 1186 3891 etiam
1233 3835 1484 3890 felicitati
1527 3835 1683 3903 quasi
1740 3845 1953 3904 portam
2008 3835 2334 3904 patefactam

771 3929 918 3982 fore.
959 3925 1114 3992 Quod
1143 3933 1327 3978 autem
1381 3924 1495 3977 haec
1538 3923 1605 3977 de
1654 3922 1748 3976 illo
1779 3938 1906 3976 vera
1943 3937 2048 3975 non
2075 3924 2206 3989 sint,
2237 3939 2336 3978 cu-

772 4019 1008 4076 randum
1036 4032 1149 4070 non
1181 4030 1338 4079 esse;
1385 4029 1492 4067 non
1527 4015 1672 4068 enim
1695 4028 1846 4067 nunc
1872 4013 1941 4066 de
1967 4013 2192 4067 veritate
2240 4014 2339 4067 fal-

776 4114 1046 4180 sitateque
1069 4119 1343 4164 certamen
1367 4105 1622 4176 proponi,
1642 4105 1736 4160 sed
1763 4113 1945 4158 utrum
1969 4105 2116 4159 illius
2143 4119 2340 4175 super-

774 4203 903 4259 cilio
931 4202 1192 4270 depresso
1235 4213 1358 4251 cum
1400 4196 1575 4264 gloria
1625 4195 1941 4264 supersint,
1969 4210 2060 4260 an,
2093 4196 2139 4250 si
2163 4197 2337 4265 impe-

779 4296 922 4349 rium
976 4303 1162 4346 tenere
1201 4295 1552 4358 perseveret,
1585 4286 1839 4340 similiter
1868 4285 2200 4338 nefariorum
2227 4288 2338 4340 cri-

777 4387 987 4441 minium
1037 4381 1336 4444 convictis,
1382 4378 1560 4447 capite
1605 4376 1931 4446 plectantur.
1963 4376 2175 4431 Idcirco
2223 4385 2338 4431 ten-

2435 1853 2652 1905 πώποτε
2672 1849 3156 1919 ὲτόλμησεν.Ὀθεν
3182 1849 3434 1909 κάκεῖνος
3458 1847 3591 1898 πᾶσι
3617 1845 3994 1914 προσεφέρετο

2436 1946 2670 2012 μετρίως
2712 1940 3052 2007 ὑπεπηχόσι
3107 1940 3200 1990 καὶ
3254 1937 3678 2004 δεδουλωμένοις
3724 1936 3996 2005 ἀκριϐῶς.

2434 2033 2536 2085 Σοῦ
2567 2034 2623 2085 δὲ
2655 2033 2774 2084 νυνὶ
2795 2030 3016 2100 πρώτου
3044 2030 3416 2098 τολμήσαντος
3446 2028 3720 2079 ἀντειπεῖν
3744 2028 3996 2095 ἀναφαν-

2432 2125 2542 2189 δὸν,
2571 2125 2756 2176 οὐκέτι
2793 2121 3198 2188 συγκαλύπτειν
3230 2119 3328 2186 τὴν
3365 2117 3565 2171 κακίαν
3609 2111 3720 2180 οἶός
3766 2133 3826 2168 τε
3872 2119 3999 2183 ὲγέ-

2433 2231 2576 2275 νετο,
2615 2213 2731 2265 ἀλλ’
2774 2211 2882 2264 ἀπὸ
2925 2209 3021 2263 σοῦ
3063 2211 3313 2271 κάκεῖνος
3360 2206 3587 2275 ἄρξεται
3616 2206 3836 2274 πρώτου
3867 2206 3999 2268 τοὺς

2434 2305 2514 2366 είς
2536 2302 2701 2355 αὐτὸν
2727 2302 3147 2371 ἁμαρτάνοντας
3181 2299 3454 2363 κολάζειν.
3488 2299 3694 2350 Αὐτίκα
3723 2314 3782 2350 τε
3808 2295 4000 2366 ὤμνυε

2434 2396 2504 2448 τὰ
2560 2394 2976 2465 φρικωδέστατα
3026 2391 3102 2454 ὡς
3163 2394 3340 2446 πάντα
3396 2391 3483 2456 εἴη
3535 2390 3637 2442 ὅσα
3701 2388 4002 2456 φθέγξαιτο

2435 2488 2607 2557 ἀληθῆ
2631 2525 2648 2549 ,
2675 2486 2768 2538 καὶ
2799 2486 2872 2546 ώς
2900 2487 2948 2536 εί
2976 2483 3049 2553 μὴ
3076 2485 3175 2553 τὴν
3202 2483 3463 2551 ταχίστην
3496 2481 3575 2533 ένί
3610 2497 3673 2547 γε
3696 2480 3773 2549 τῷ
3805 2481 4001 2550 τρόπῳ

2435 2582 2674 2646 πειρῷτο
2722 2575 3013 2639 διασώζειν
3062 2574 3274 2637 ἑαυτὸν,
3308 2574 3461 2625 οὐδὲν
3507 2572 3762 2642 έμποδὼν
3792 2573 3870 2642 μὴ
3899 2571 4000 2625 καὶ

2435 2673 2597 2725 αὐτὸν
2626 2673 2720 2723 καὶ
2756 2673 2936 2721 πᾶσαν
2967 2669 3146 2721 οἰκίαν
3187 2663 3506 2718 ἀπολέσθαι.
3548 2665 3604 2718 '0
3631 2664 3677 2716 δ’
3708 2663 3901 2744 ὥσπερ
3930 2659 4002 2732 ἦν

2437 2765 2607 2826 εἰκὸς,
2642 2767 2772 2831 περὶ
2799 2762 2908 2814 τῶν
2931 2759 3176 2828 ἐσχάτων
3205 2757 3296 2811 τὸν
3328 2756 3496 2825 φόϐον
3522 2754 3793 2825 ἐσχηκὼς,
3822 2754 4005 2808 ἐδεῖτό

2435 2852 2484 2903 οἱ
2530 2857 2731 2921 τρὸπον
2778 2847 3073 2904 ὑποθέσθαι
3106 2845 3173 2899 δι’
3200 2838 3263 2897 οὗ
3296 2847 3364 2897 τὰ
3389 2841 3823 2913 προσδοκώμενα
3845 2843 4005 2895 δεινά

2435 2945 2727 3015 δυνήσεται
2756 2941 3057 3008 διαφυγεῖν.
3107 2936 3165 2990 Ὀ
3189 2937 3235 2989 δ’
3262 2935 3502 3004 ἔφασκεν
3531 2935 3592 2986 οὐ
3622 2933 3861 3002 χαλεπὸν
3896 2934 4006 3000 μιν

2437 3027 2577 3085 εἶναι
2610 3031 2706 3084 καὶ⁵
2733 3030 2894 3082 αὐτὸν
2927 3031 2991 3080 ὲκ
3035 3026 3145 3078 τῶν
3175 3025 3461 3094 παρόντων
3489 3022 3551 3074 rb
3580 3023 3702 3074 δέον
3739 3024 4004 3086 συνιδεῖν,

2437 3125 2498 3177 οὐ
2526 3123 2636 3174 τῶν
2663 3119 2875 3173 πολλῶν
2903 3119 2998 3170 καὶ
3025 3117 3272 3184 ἀνοήτων
3301 3113 3451 3174 ὄντα,
3480 3113 3617 3165 ἀλλά
3655 3112 3765 3164 τῶν
3791 3113 4004 3181 ιμπειο

2443 3218 2534 3286 pla
2578 3212 2928 3284 πραγματων
2971 3209 3069 3262 καὶ
3115 3209 3327 3260 συνέσει
3352 3207 3461 3267 τοῖς
3485 3204 3722 3273 πρώτοις
3757 3203 4005 3272 ἀμιλλώυ

2441 3325 2602 3378 μενον
2635 3305 2940 3374 Ῥωμαίων.
2973 3299 3328 3371 Παραινέσειν
3359 3297 3418 3348 δι
3446 3297 3544 3348 καὶ
3579 3295 3745 3347 αὑτὸν
3768 3295 3804 3348 ἀ
3827 3297 4008 3347 οίεται

2437 3398 2808 3464 λυσιτελήσειν
2831 3411 2846 3426 ο
2885 3394 3087 3460 μᾶλλον
3129 3389 3173 3442 δ’
3207 3384 3282 3440 ὧν
3333 3388 3524 3456 χωρὶς,
3559 3387 3834 3455 σωτηρίας
3875 3386 4008 3438 ἁδύ.

2439 3506 2601 3542 νατον
2629 3489 2834 3556 τυχεῖν.
2860 3483 3084 3537 Οῖεσθαι
3111 3481 3167 3534 δὲ
3203 3478 3373 3549 μηδὲν
3392 3476 3581 3546 ἕτερον
3606 3476 3755 3543 αὐτῷ
3786 3477 4011 3528 λυσιτε-

2439 3583 2646 3652 λήσειν,
2674 3583 2770 3634 ita).
2816 3581 2930 3642 τοῖς
2979 3577 3184 3638 ἀλλοις,
3215 3572 3249 3641 ἢ
3297 3572 3536 3640 πόλεμον
3566 3570 3832 3640 ἀραμένῳ
3864 3569 4011 3637 πρὸς

2441 3677 2669 3740 ἐκεῖνον,
2731 3671 2895 3723 παντὶ
2949 3667 3129 3719 σθένει
3195 3662 3487 3732 πειρᾶσθαι
3544 3659 3839 3713 καταλύειν
3904 3660 4012 3726 τὴν

2423 3767 2651 3820 ,ἐκείνου
2683 3763 2936 3830 δὲναμιν.
2961 3757 3133 3810 Τοῦτο
3161 3755 3206 3807 δ’
3248 3755 3400 3804 ἔσται
3431 3753 3632 3822 ῥᾴδιον,
3664 3751 3730 3802 ἂν
3767 3750 4010 3817 βασιλίδι

2442 3855 2777 3928 προσελθὼν,
2809 3852 2906 3904 καὶ
2932 3851 3031 3920 τὴν
3061 3849 3141 3908 εξς
3164 3845 3380 3912 ἐκείνην
3408 3842 3626 3894 εὔνοιαν
3654 3843 3749 3894 καὶ
3779 3841 4012 3911 βασιλέα

2441 3951 2532 4001 τὸν
2579 3949 2692 3998 υἱὸν
2748 3940 3087 4011 ὑποκριθεὶς,
3139 3937 3442 4003 ἀναπείσεις
3490 3935 3696 3985 ἐκεῖνον
3743 3934 4013 3999 πολέμιον

2443 4037 2683 4108 νομίσαι,
2720 4037 2814 4087 καὶ
2847 4029 3266 4085 ἐπιϐουλεύοντα
3299 4027 3440 4094 αὐτῇ
3487 4024 3621 4093 πρὸς
3659 4024 3759 4093 τὴν
3799 4024 4010 4093 ἀρχὴν,

2445 4131 2668 4198 φάσκων
2693 4126 2822 4195 περὶ
2842 4123 3046 4176 ἐκείνου
3072 4117 3314 4188 ἀκριϐῶς
3342 4115 3637 4169 πεπεῖσθαι
3661 4115 3730 4166 τὰ
3751 4116 4011 4176 τοιαῦτα,

2447 4218 2542 4272 καὶ
2571 4216 2669 4286 τὴν
2697 4213 2911 4267 ἀδικίαν
2946 4210 3021 4280 μὴ
3063 4208 3328 4275 ἐνεγκεῖν,
3356 4204 3493 4257 ἀλλά
3523 4203 3728 4271 μᾶλλον
3773 4201 4016 4270 αἱρετώ-

2445 4285 2955 4377 τερονμήγήσασθαι
3008 4298 3172 4353 αὐτὸν
3202 4296 3295 4350 καὶ
3334 4296 3528 4356 παῖδας
3564 4293 3706 4362 ὑπὲρ
3736 4292 3922 4344 αὐτῶν
3967 4294 4016 4344 εξ

2446 4399 2556 4452 δέοι
2606 4394 2978 4464 πολεμοῦντας
3027 4389 3222 4458 ἐκείνῳ
3275 4386 3662 4455 ἀποθνήσκειν,
3714 4384 3750 4452 ἢ
3810 4384 4017 4446 αὐτοὺς

781 4479 942 4535 tanda
977 4475 1159 4530 omnia
1197 4481 1252 4526 ct
1284 4485 1444 4524 omne
1474 4483 1646 4538 genus
1701 4482 1896 4537 pugna:
1934 4466 2332 4536 experiundum

2441 4489 2640 4548 ἀδίκως
2684 4486 2782 4555 τὴν
2831 4483 3004 4553 ἀρχὴν
3068 4476 3548 4546 ἀφαιρουμένους,
3620 4474 3654 4543 ἢ
3711 4476 3807 4526 καὶ
3865 4476 4016 4548 ἀπο-

781 4569 986 4640 potius,
1015 4580 1176 4634 quam
1218 4561 1286 4615 de
1321 4559 1521 4613 talibus
1553 4557 1712 4612 anxie
1765 4556 2154 4625 disputandum
2175 4597 2191 4622 ,
2220 4573 2340 4624 quin

780 4663 896 4715 sive
927 4659 1029 4712 hoc
1061 4657 1174 4710 sive
1209 4653 1316 4707 alio
1366 4650 1526 4705 modo
1572 4665 1630 4704 se
1660 4649 1916 4710 habeant,
1946 4648 2084 4701 nihil
2113 4648 2340 4703 obsunt.

783 4754 874 4806 Sic
902 4751 1051 4802 illum
1084 4760 1305 4816 quoque
1355 4743 1524 4796 illexit
1555 4756 1664 4810 quo
1709 4740 1902 4794 voluit.
1931 4739 2226 4808 [lucusque
2256 4740 2341 4792 in-

784 4843 957 4896 sidiae.
990 4839 1174 4892 Visum
1223 4835 1447 4902 insuper
1473 4831 1635 4885 etiam
1667 4829 1736 4883 de
1768 4827 2206 4881 familiarissimis
2238 4828 2343 4880 iiii-

784 4929 1072 5004 pcratricis
1101 4925 1366 4994 quosdam
1409 4922 1479 4976 ad
1513 4922 1618 4974 hoc
1671 4919 1984 4973 sodalitium
2022 4921 2296 4972 asciscere
2325 4958 2342 4982 ,

781 5038 905 5075 (:llill
934 5017 1222 5087 cogitaret,
1274 5012 1411 5064 alios
1442 5009 1672 5063 forsitan
1733 5010 1910 5062 eidem
1947 5016 2232 5077 suspectos
2265 5007 2348 5060 fu-

785 5126 962 5176 turos,
988 5107 1143 5180 quasi
1178 5105 1272 5174 qui
1322 5103 1407 5157 vel
1456 5112 1624 5165 metu,
1660 5100 1740 5152 vel
1771 5098 2074 5152 invidentia
2106 5098 2343 5167 quadam

786 5217 1040 5276 perversa
1092 5209 1148 5253 et
1189 5195 1435 5264 improba
1469 5193 1817 5253 molirentur,
1868 5205 1995 5243 cum
2037 5189 2104 5244 de
2137 5189 2350 5257 intimig

782 5294 1105 5352 domesticis
1133 5294 1248 5346 suis
1300 5288 1404 5340 tale
1451 5284 1708 5354 quiddam
1751 5283 1956 5336 sentire
1993 5295 2100 5334 non
2150 5281 2344 5350 possit.

786 5388 1025 5445 Proinde
1064 5384 1234 5437 lilium
1275 5380 1511 5446 Zampze,
1563 5391 1684 5445 qua:
1714 5375 1859 5428 illam
1885 5388 1920 5428 e
1950 5371 2222 5426 Sabaudia
2256 5387 2346 5427 se-

783 5490 909 5536 cuta
942 5479 1140 5537 fuerat,
1180 5474 1431 5528 Artotum
1483 5469 1704 5523 nomine
1735 5470 1921 5536 (quem
1970 5476 2025 5521 et
2052 5467 2349 5534 imperator

785 5589 910 5628 cum
945 5570 1067 5624 aliis
1094 5568 1160 5621 de
1187 5565 1388 5626 causis,
1421 5573 1533 5616 tum
1561 5561 1629 5615 de
1670 5558 1991 5614 fortitudine
2024 5557 2216 5611 bellica
2251 5573 2348 5612 ve-

784 5667 1068 5719 hementer
1097 5658 1254 5711 vivus
1287 5655 1572 5716 dilexerat,
1601 5661 1655 5706 et
1683 5661 1804 5720 post
1831 5651 1949 5719 ejus
1993 5658 2223 5702 mortem
2271 5649 2352 5718 ip-

783 5778 905 5816 sum
953 5768 1291 5825 matremque
1346 5747 1662 5822 imperatrix
1717 5747 1772 5800 in
1824 5745 1999 5814 pretio
2052 5742 2345 5815 habebat),

2448 4579 2781 4648 θνήσκοντας
2835 4573 3117 4644 περιϊδεῖν.
3147 4565 3240 4632 Οἷς
3266 4569 3482 4636 ἐκείνην
3508 4565 3695 4632 ὥσπερ
3722 4566 3874 4626 είκδς
3901 4581 4022 4616 πει-

2444 4670 2665 4721 σθεῖσαν
2710 4666 2814 4719 ὐπὸ
2857 4665 3011 4724 δέους
3057 4663 3233 4732 ῥᾷστα
3262 4675 3321 4711 τε
3354 4660 3576 4710 ἐκεῖνον
3621 4656 4018 4724 διαστήσεσθαι

2445 4765 2541 4815 καὶ
2567 4761 2657 4813 τὸν
2684 4758 2920 4824 πόλεμον
2950 4753 3086 4822 ἡμῖν
3114 4752 3206 4802 τὸν
3235 4751 3370 4818 πρὸς
3417 4749 3634 4801 ἐκεῖνον
3667 4748 4014 4815 ἐπιτρέψειν.

2445 4853 2652 4906 Τούτου
2696 4850 2754 4902 δὲ
2807 4845 3198 4915 γεγενημένου,
3230 4842 3383 4895 οὐδὲν
3415 4841 3570 4893 ἔσται
3607 4840 3668 4891 rb
3699 4840 3920 4891 κωλῦον
3952 4838 4014 4891 οὐ

2443 4943 2552 4996 τῶν
2622 4937 3088 5010 προσδοκωμένων
3142 4932 3332 4987 δεινῶν
3407 4930 3760 5000 ἀπηλλάχθαι
3828 4929 4011 4996 μόνον,

2445 5033 2581 5085 ἀλλά
2612 5031 2708 5084 καὶ
2755 5029 2926 5096 τύχης
2973 5025 3183 5092 ἀγαθῆς
3214 5023 3470 5091 ἀφορμὴν
3502 5024 3594 5071 τὴν
3634 5020 3772 5088 προς
3804 5020 4014 5071 ἐκεῖνον

2448 5123 2682 5189 πόλεμον
2721 5115 3073 5185 ποιήσασθαι.
3104 5116 3226 5166 Ὀτι
3275 5113 3332 5164 δὲ
3379 5113 3479 5164 οὐκ
3529 5110 3705 5178 ἀληθῆ
3743 5109 3813 5161 τὰ
3865 5113 4017 5178 εἱρηο

2450 5209 2609 5278 μένα,
2640 5208 2698 5260 οὐ
2745 5207 2851 5276 χρὴ
2911 5205 3133 5259 σκοπεῖν
3178 5203 3305 5270 περὶ
3352 5201 3583 5253 ἐκείνου.
3612 5202 3686 5252 Οὐ
3731 5201 3845 5268 γὰρ
3890 5200 4017 5265 περὶ

2451 5300 2710 5370 ἀληθείας
2766 5298 2861 5351 καὶ
2905 5296 3134 5364 ψεύδους
3181 5297 3331 5365 ἡμῖν-
3357 5297 3645 5365 πρόκειται
3689 5292 3789 5344 νῦν
3844 5292 4020 5358 ἀγὼν,

2450 5391 2565 5443 ἀλλ’
2615 5390 2725 5441 εἴτε
2779 5388 2880 5457 ζῇν
2933 5387 3174 5447 εὐκλεῶς
3226 5385 3616 5454 καθῃρηκότος
3665 5382 3884 5433 ἐκείνου
3924 5382 4020 5449 τὴν

2450 5475 2642 5546 ὀφρῦν,
2689 5474 2800 5526 εἴτε
2847 5474 3213 5542 ἀποθνήσκειν
3262 5475 3464 5540 ὁμοίως
3511 5476 3624 5535 τοῖς
3671 5472 3771 5522 ἐπὶ
3822 5471 4019 5533 δεινοῖς

2449 5585 2592 5623 τισιν
2644 5565 3082 5627 έαλωκόσιν,ὲάν
3125 5567 3328 5627 ἐκεῖνος
3381 5564 3464 5615 ἔτι
3513 5563 4016 5630 τῶνοπραγμάτων

2450 5657 2616 5729 ἄρχῃ.
2650 5655 2740 5708 Διὸ
2769 5656 2916 5724 πάσῃ
2961 5655 3224 5724 χρηστέον
3267 5655 3483 5725 μηχανῇ
3520 5655 3614 5705 καὶ
3659 5653 3825 5704 παντὶ
3859 5654 4017 5705 πολέ-

2457 5763 2558 5818 μου
2621 5744 2750 5797 εῖδει
2818 5745 3148 5813 προσεκτέον
3206 5743 3427 5813 μᾶλλον,
3483 5744 3516 5815 ἢ
3572 5747 3696 5814 περὶ
3756 5743 4025 5797 τοιούτων
