4194 6440
218 401 324 467 837

1386 405 1918 469 HISTORIARUM
1965 407 2196 467 LIBER
2236 407 2348 468 ῐῐῐ.

3347 415 3452 479 838

222 511 364 582 ἔχων
388 512 446 564 ἐν
488 511 691 582 χερσίν.
737 513 976 582 Ὀλίγαις
1011 513 1143 582 γοῦν
1167 516 1405 587 ἡμέραις
1428 520 1699 589 πρότερον
1725 519 1784 569 ἐν

1892 530 2112 570 caneum
2168 518 2324 580 duxi,
2397 518 2774 588 aflirmaviquc
2834 519 2972 573 nihil
3034 521 3451 589 interfuturum,

221 602 514 671 βασιλείοις
564 604 754 672 χρείας
807 607 1114 677 γενομένης
1160 609 1227 661 ἐκ
1282 608 1381 677 τῆς
1434 610 1573 678 ἐμῆς
1616 609 1782 678 σκεύη

222 693 441 760 ἀργυρᾶ
471 692 611 763 ὺπέρ
640 694 892 749 διακόσια
907 696 1111 765 ἠνέχθη
1140 698 1239 750 οὐκ
1263 698 1447 765 ὀλίγου
1473 698 1599 763 ἀξιά
1618 714 1782 758 τινος.

227 783 295 834 Ἀ
334 783 476 850 μετά
524 785 622 851 τὴν
649 784 843 854 χρείαν
886 788 997 839 τῶν
1026 788 1118 841 ἐπὶ
1149 789 1250 857 τὴν
1284 788 1531 858 φυλακὴν
1560 789 1785 841 ἐκείνων

218 873 573 940 τεταγμένων
599 873 1011 943 ἀπολαμϐάνειν
1040 876 1333 945 δεομένων,
1366 878 1466 931 οὐκ
1486 878 1784 944 ἀναγκαῖον

218 963 518 1032 ἡγησάμην
540 980 555 993 ·
590 964 742 1017 οὐδὲν
776 964 1002 1019 διοίσειν
1036 968 1279 1038 φάμενος
1334 972 1392 1022 ἐν
1421 971 1534 1032 τοῖς
1575 967 1786 1038 βασιλι-

216 1053 335 1114 κοῖς
371 1054 658 1122 τηρεῖσθαι
719 1056 1016 1124 ταμιείοις,
1053 1060 1086 1130 ἢ
1145 1061 1205 1111 ἐν
1247 1058 1420 1123 οἰκοις
1452 1062 1565 1123 τοῖς
1607 1062 1783 1129 ἐμοῖς.

224 1144 348 1195 Ἔτι
382 1160 445 1209 γε
480 1145 587 1214 μὴν
617 1146 742 1199 ούδέ
778 1148 960 1216 νήσων
1010 1150 1225 1203 πολλῶν
1280 1154 1375 1205 καὶ
1408 1152 1638 1215 πόλεων,
1691 1152 1785 1203 καὶ

223 1235 485 1302 μειζόνων
522 1239 616 1291 καὶ
676 1239 1313 1313 ἐλαττόνωνσέχομένων
1363 1244 1454 1297 ὑπ’
1498 1244 1657 1315 ἐμοῦ,
1710 1238 1785 1298 ὧν

218 1330 318 1391 τὰς
351 1330 451 1398 μὲν
479 1332 544 1383 ἐκ
568 1330 675 1385 τῶν
729 1332 947 1386 οἰκείων
974 1334 1229 1388 δαπανῶν
1254 1336 1580 1405 ὠκοδόμησα
1600 1336 1784 1398 αὐτὸς.

219 1419 318 1482 τὰς
343 1420 389 1471 δ’
419 1422 482 1473 ἐκ
538 1421 808 1491 βασιλέως
837 1424 998 1496 ἔσχον
1054 1426 1290 1496 δωρεὰν,
1344 1428 1604 1497 οὐδεμίαν
1659 1427 1784 1479 οὔτε

218 1508 438 1577 φρουρᾷ
473 1509 757 1577 κατέσχον,
793 1510 917 1564 οὔτε
940 1512 1097 1576 τινὸς
1116 1513 1326 1582 ἠξίωσα
1358 1517 1615 1584 προνοίας
1642 1513 1783 1568 ὥστε

224 1598 488 1666 ἀσφαλῶς
511 1600 767 1669 κατέχειν
788 1618 804 1634 ο
857 1602 981 1655 οὐδέ
1027 1620 1081 1656 τι
1110 1605 1217 1656 τῶν
1248 1605 1349 1657 ὅσα
1404 1603 1785 1671 λυσιτελήσειν

216 1688 413 1756 ἔμελλε
446 1689 584 1759 πρὸς
622 1691 721 1761 τὴν
750 1691 992 1746 διάνοιαν
1038 1694 1185 1761 ἐμοὶ,
1222 1694 1347 1747 οὕτε
1395 1697 1780 1765 εἰργασμένος,

219 1779 343 1831 οὔτε
377 1780 653 1849 μελλήσας
682 1782 772 1834 ὑπ’
798 1782 1012 1846 οὐδενὸς
1037 1785 1414 1857 ἐξελεγχθείην
1446 1788 1533 1842 ἀν.
1561 1788 1637 1839 Οὐ
1675 1788 1783 1856 γὰρ

219 1866 392 1935 δήπου
419 1884 483 1933 γε
518 1869 613 1922 καὶ
656 1868 816 1923 τοῦτο
862 1874 1337 1942 κατηγορήσουσιν
1366 1875 1444 1937 ὼς
1499 1876 1787 1945 ἀπραγμο-

222 1960 357 2031 σύνῃ
390 1962 484 2014 καί⁵
510 1962 764 2031 πολέμων
795 1964 1027 2034 ἀπειρίᾳ.
1054 1965 1135 2028 εἰς
1165 1966 1321 2020 οὐδὲν
1345 1968 1633 2037 προῆγμαι
1676 1969 1785 2021 τῶν

209 2052 469 2104 δεόντων.
514 2052 657 2119 Ἐγὼ
686 2052 744 2105 δέ
771 2053 875 2106 οὒκ
897 2054 957 2117 ἐξ
978 2048 1053 2109 ὧν
1076 2054 1240 2118 αὐτὸς
1280 2056 1786 2127 ἐπραγματευόμην

213 2143 406 2211 μόνον,
438 2141 576 2196 ἀλλά
631 2142 728 2196 καὶ
780 2134 936 2214 παρά
987 2138 1209 2199 τιθέντων
1252 2145 1543 2216 Ῥωμαίων
1584 2149 1646 2201 ού
1677 2150 1787 2202 τῶν

214 2234 317 2285 νῦν
343 2235 467 2303 ἐμοὶ
503 2234 772 2288 συνόντων
821 2235 976 2304 ὑμῶν
1037 2236 1219 2306 μόνον,
1252 2237 1387 2290 ἀλλά
1436 2241 1532 2292 καὶ
1583 2240 1693 2293 τῶν
1729 2242 1787 2294 ἐν

219 2323 527 2394 Βυζαντίῳ,
577 2327 674 2379 καὶ
721 2324 832 2378 τῶν
885 2325 1072 2379 ἄλλοθί
1107 2345 1211 2380 που
1244 2327 1347 2397 γῆς
1397 2329 1787 2401 διατριϐόντων

215 2413 494 2480 ἀπόδειξιν
513 2416 612 2484 τῆς
635 2414 896 2485 ἀληθείας
909 2416 1118 2486 ἐναργῆ
1134 2418 1470 2487 πειράσομαι
1491 2421 1784 2475 ποιεῖσθαι.

220 2500 440 2552 Πολλῶν
470 2501 579 2570 γάρ
599 2500 770 2553 δντων
793 2502 887 2554 καὶ
914 2503 1181 2570 μειζόνων
1204 2506 1298 2556 καὶ
1318 2504 1617 2559 ἐλαττόνων
1645 2509 1787 2559 πάνυ

218 2604 282 2639 τε
318 2589 506 2655 φιλίως
545 2589 671 2659 ἐμοὶ
691 2588 1074 2660 διακειμένων,
1114 2594 1217 2645 καὶ
1249 2594 1356 2645 τῶν
1389 2594 1510 2662 μὲν,
1539 2596 1597 2658 ἐξ
1625 2596 1790 2665 αἵμα-

217 2695 315 2742 τος
349 2678 757 2749 προσηκόντων,
813 2680 925 2733 τῶν
976 2681 1032 2735 δέ
1067 2683 1251 2751 φιλίας
1306 2684 1530 2754 δεσμοῖς
1573 2688 1791 2753 ἀλύτοις

221 2773 586 2841 συνημμένων
610 2773 676 2826 ἐκ
708 2773 921 2826 πολλῶν
955 2775 1115 2841 ἐτῶν,
1157 2777 1305 2845 ἐμοὶ,
1339 2781 1434 2833 καὶ
1460 2779 1659 2850 πολλὴν
1690 2799 1792 2833 πα-

222 2878 397 2931 ρεσχη
409 2862 585 2930 μένων
613 2865 812 2932 πεῖραν
843 2864 901 2916 ἑν
925 2864 1138 2929 πολλοῖς
1163 2866 1263 2935 τῆς
1292 2868 1371 2929 εἰς
1401 2868 1501 2935 ἐμὲ
1532 2870 1789 2939 στοργῆς.

218 2952 397 3014 οὐδεὶς
424 2952 546 3007 οὔτε
578 2954 688 3007 τῶν
737 2955 1022 3025 παρόντων
1048 2956 1225 3025 ὑμῶν,
1275 2957 1388 3010 οὔτ’
1421 2959 1475 3011 εἰ
1501 2977 1583 3023 τις
1612 2962 1793 3015 ἀλλοθί

221 3060 332 3096 που
357 3044 653 3114 διατρίϐοι,
674 3044 879 3099 δύναιτ’
906 3048 971 3099 ἂν
1002 3048 1125 3117 ἐμοὶ
1156 3048 1267 3100 τῶν
1322 3054 1794 3122 κατηγορημένων

1887 614 2066 659 utrum
2100 608 2153 659 in
2184 609 2380 662 aerario
2403 610 2769 677 imperatoris,
2788 624 2854 661 an
2884 611 2935 662 in
2960 611 3167 664 :edibus
3187 613 3322 666 meis
3340 628 3453 666 ser-

1883 709 2163 754 varentur.
2197 701 2467 755 Praaterea
2499 714 2623 755 cum
2687 701 2893 755 insulas
2933 712 2988 755 et
3032 704 3194 756 urbes
3222 706 3454 772 majores

1883 791 2234 860 minoresque
2286 791 2592 845 obtinerem
2635 791 2856 852 multas,
2896 807 3126 858 quarum
3158 794 3291 846 alias
3320 796 3456 847 meis

1884 884 2191 952 sumptibus
2210 883 2497 945 aediﬁcavi,
2525 883 2659 937 alias
2690 882 2835 936 dono
2863 884 2931 937 ab
2953 884 3281 952 imperatore
3300 901 3457 940 aevo.

1883 973 1960 1041 pi,
1998 972 2131 1024 nulli
2166 987 2354 1025 earum
2378 972 2689 1040 prmsidium
2722 972 2981 1039 imposui,
3013 989 3113 1026 ncc
3142 990 3251 1041 quo
3284 977 3456 1027 tutius

1883 1072 1976 1112 eas
2000 1057 2360 1126 possiderem,
2401 1059 2506 1111 ulla
2555 1072 2685 1111 Cura
2738 1059 2995 1127 dignatus
3029 1076 3171 1113 sum.
3216 1062 3327 1114 Nec
3370 1078 3456 1115 me

1883 1149 2168 1218 quisquam
2190 1150 2521 1217 coarguerit,
2540 1160 2632 1203 aut
2658 1150 2970 1214 fecisse,aut
2996 1152 3262 1205 facturum
3287 1154 3456 1206 fuisse

1884 1238 2159 1307 quippiam
2172 1238 2334 1309 ,quod
2352 1240 2484 1291 mihi
2510 1241 2641 1293 utile
2657 1256 2777 1293 cum
2798 1242 2981 1294 animo
3005 1257 3125 1294 meo
3139 1243 3458 1294 constituis-

1884 1341 2021 1381 sem.
2054 1327 2163 1382 Nec
2188 1330 2242 1382 in
2268 1328 2396 1391 hoc,
2448 1329 2635 1390 credo,
2676 1333 3034 1391 accusabunt,
3080 1331 3221 1398 quod
3257 1331 3368 1382 otio
3393 1345 3457 1383 ac

1885 1416 2109 1471 desidiae
2134 1418 2375 1481 deditus,
2417 1426 2472 1472 et
2526 1419 2763 1472 bellandi
2800 1419 3013 1473 inscitia
3041 1420 3250 1472 nullum
3278 1435 3458 1485 operte

1884 1506 2123 1573 pretium
2164 1505 2525 1573 fecerim.Ego
2547 1523 2675 1560 vero
2694 1524 2800 1561 non
2817 1524 2882 1563 ex
2898 1508 3176 1563 laboribus
3193 1508 3457 1563 duntaxat

1886 1597 2043 1660 meis,
2068 1596 2161 1649 sed
2192 1598 2434 1650 omnium
2462 1599 2828 1651 Romanorum
2870 1598 3203 1660 testimonio,
3231 1615 3337 1653 non
3371 1616 3459 1653 so-

1887 1680 1996 1734 lum
2022 1692 2220 1744 vestro,
2239 1683 2332 1751 qui
2358 1699 2505 1737 nunc
2530 1699 2742 1738 mecum
2768 1685 3035 1745 militatis,
3056 1686 3148 1739 sed
3170 1696 3223 1738 et
3241 1687 3333 1753 qui
3356 1687 3458 1755 By-

1889 1770 2053 1822 zantii
2100 1780 2155 1822 et
2184 1770 2313 1822 alibi
2344 1781 2609 1823 terrarum
2630 1773 2841 1834 vivunt,
2872 1772 3459 1827 veritatem’evidentcr

1815 1852 1858 1906 Β
1886 1861 2063 1915 enitar
2080 1862 2621 1915 demonstrare.Cum
2640 1878 2871 1930 namque
2892 1864 3274 1925 multi,summi
3293 1868 3457 1934 atque

1890 1950 2083 2015 infimi,
2133 1962 2187 2006 et
2239 1968 2430 2006 omnes
2482 1968 2635 2021 teque
2687 1953 2792 2006 mei
2850 1953 3034 2023 cupidi
3090 1955 3216 2017 sint,
3254 1956 3458 2024 aliique

1888 2044 2151 2112 sanguine
2186 2044 2485 2113 conjuncti,
2532 2045 2624 2098 alii
2674 2046 2931 2099 amicitiae
2979 2046 3212 2101 vinculis
3246 2047 3458 2101 insolu-

1887 2132 2090 2186 bilibus
2179 2148 2390 2186 mecum
2463 2135 2723 2201 copulati,
2798 2134 3002 2203 quique
3066 2135 3252 2189 multis
3344 2137 3457 2207 jam

1886 2225 2044 2278 anuis
2093 2233 2147 2276 et
2204 2224 2577 2292 emuplurihus
2632 2224 2685 2278 in
2746 2225 2914 2277 rebus
2972 2226 3177 2280 amoris
3208 2242 3334 2296 erga
3372 2243 3458 2280 me

1887 2314 2146 2384 prmeipui
2180 2314 2509 2367 documenta
2544 2314 2837 2379 dederunt,
2899 2317 3086 2370 nullus
3136 2332 3314 2386 neque
3360 2333 3458 2373 ve-

1888 2415 2064 2458 strum
2098 2406 2193 2473 qui
2228 2405 2449 2465 adestis,
2487 2420 2663 2471 neque
2713 2406 2840 2459 alibi
2893 2406 3208 2475 degentium
3262 2408 3460 2464 docere

1891 2496 2084 2565 possit,
2114 2510 2170 2547 se
2205 2497 2373 2548 ullum
2409 2496 2475 2549 de
2508 2511 2593 2549 me
2631 2498 2837 2549 crimen
2877 2514 3063 2565 nosse,
3099 2507 3331 2568 quorum
3367 2515 3459 2554 ac-

1892 2600 2075 2639 cusor.
2118 2586 2185 2639 Et
2222 2597 2401 2639 tamen
2435 2588 2815 2656 unusquisque
2861 2605 2968 2642 non
3041 2591 3199 2659 plane
3230 2590 3462 2644 stolidus

1891 2676 2267 2740 conﬁtebitur,
2306 2674 2603 2731 me‘solum
2638 2679 2763 2733 talia
2811 2681 2989 2734 moliri
3028 2697 3132 2735 non
3191 2682 3461 2749 potuisse,

1892 2767 1987 2821 sed
2022 2777 2077 2821 et
2120 2761 2313 2835 copiis,
2348 2778 2403 2822 et
2437 2771 2630 2823 amicis
2666 2772 2824 2839 longe
2874 2772 3175 2839 ﬁdissimis,
3205 2784 3260 2828 et
3299 2790 3465 2844 appa-

1893 2869 2014 2913 ratu
2044 2860 2280 2929 plurimo
2323 2860 2649 2929 indiguisse,
2682 2878 2749 2916 ex
2797 2880 2908 2932 quo
2958 2866 3003 2918 si
3046 2882 3155 2920 non
3195 2868 3374 2937 vulgo,
3407 2877 3467 2925 at

1894 2953 2001 3006 mei
2033 2953 2386 3005 amicissimis
2418 2954 2611 3008 liceret
2644 2956 2919 3025 colligere,
2946 2958 3074 3026 quid
3106 2958 3210 3012 sibi
3270 2960 3469 3014 vellent

1894 3058 2016 3112 qua:
2073 3042 2290 3096 ﬁerent.
2343 3042 2504 3113 427
2572 3044 2628 3098 Si
2682 3046 2807 3115 quis
2853 3048 3199 3117 talealiquid
3231 3051 3466 3119 probare

222 3133 301 3197 ῶς
324 3154 377 3188 τι
424 3136 665 3190 σύνοιδεν
700 3137 968 3208 ἐλέγχειν.
1009 3139 1120 3192 Καί
1159 3137 1243 3191 τοί
1301 3157 1365 3208 γε
1424 3142 1533 3203 πᾶς
1585 3158 1669 3204 τις
1728 3142 1794 3195 ἂν

1897 3144 2096 3203 potest,
2148 3134 2372 3189 accedat
2431 3136 2582 3201 licet,
2619 3144 2673 3190 et
2726 3137 2941 3206 probet.
2980 3141 3049 3192 At
3077 3157 3185 3195 non
3238 3143 3464 3211 poterit.

224 3227 363 3295 φαίη
396 3228 489 3279 καὶ
513 3227 668 3296 ὀλίγα
689 3229 981 3298 μετασχὼν
1000 3231 1233 3301 φρενῶν,
1258 3232 1333 3295 ὡς
1381 3233 1479 3286 οὐκ
1512 3234 1578 3287 ἂν
1608 3235 1788 3289 δυναίο

222 3336 339 3389 μην
368 3318 631 3383 τοιούτοις
664 3321 824 3389 μόνος
853 3322 1153 3391 ἐπιχειρῶν
1179 3338 1193 3353 ο
1216 3324 1355 3377 ἀλλά
1382 3326 1479 3377 καὶ
1530 3330 1790 3395 στρατιᾶς

222 3410 446 3479 ἐδέησεν
479 3411 545 3463 ἂν
578 3411 715 3480 πρὸς
739 3411 837 3482 τὴν
864 3413 1210 3482 ἐπιχείρησιν
1239 3413 1662 3484 συναιρομένης,
1696 3414 1791 3468 καὶ

224 3502 398 3571 φίλων
427 3502 535 3554 τῶν
580 3501 974 3570 γνησιωτάτων
1008 3503 1263 3571 μάλιστα,
1302 3505 1397 3558 καὶ
1454 3505 1651 3575 πολλῆς
1690 3522 1793 3558 πα-

221 3591 526 3667 ρασκευῆς,
554 3590 613 3657 ἐξ
642 3587 711 3663 ἦς
743 3593 845 3645 οὐκ
873 3593 1001 3664 ἐνῆν
1028 3596 1076 3646 εἰ
1112 3595 1187 3665 μὴ
1214 3595 1339 3657 τοὺς
1369 3595 1617 3662 πολλοὺς,
1655 3597 1793 3650 ἀλλά

224 3682 358 3745 τούς
388 3699 452 3749 γε
483 3682 961 3753 ἐπιτηδειοτάτους
1017 3686 1093 3754 μὴ
1122 3686 1221 3755 τήν
1254 3686 1496 3741 διάνοιαν
1530 3706 1793 3744 καταστο-

221 3773 489 3844 χάζεσθαι
518 3776 626 3827 τῶν
675 3776 1035 3845 γιγνομένων,
1074 3775 1139 3828 Εἰ
1206 3777 1267 3830 δέ
1321 3779 1406 3841 τίς
1448 3797 1501 3833 τι
1553 3783 1794 3837 τοιοῦτον

224 3867 534 3935 ἐξελέγχειν
566 3865 701 3935 ἔχει,
734 3866 998 3937 παρείτω,
1049 3867 1149 3920 καὶ
1189 3870 1475 3925 δεικνύτω.
1527 3873 1667 3925 Ἀλλ’
1695 3876 1795 3927 οὐκ

223 3959 294 4012 ἀν
330 3959 463 4027 ἐχοι.
510 3958 653 4025 Ἐγὼ
709 3958 821 4028 γὰρ
874 3959 1100 4028 ἀνδρίας
1129 3963 1230 4029 μὲν
1262 3963 1356 4014 καὶ
1397 3963 1665 4029 συνέσεως
1699 3968 1796 4019 καὶ

223 4051 522 4118 ἐμπειρίας
581 4050 680 4118 τῆς
754 4050 889 4119 πρὸς
954 4051 1080 4113 τοὺς
1138 4052 1410 4121 πολέμους
1463 4055 1677 4120 πολλοῖς
1729 4058 1796 4111 ἂν

226 4143 704 4209 παραχωρήσαιμι
728 4140 823 4192 καὶ
846 4140 953 4191 τῶν
981 4141 1150 4195 πάλαι
1165 4144 1260 4195 καὶ
1277 4144 1386 4197 τῶν
1414 4144 1509 4198 νῦν
1531 4187 1546 4213 ,
1576 4148 1796 4218 τρόπων

223 4230 285 4283 δὲ
315 4231 609 4300 εὐθύτητος
666 4231 764 4283 καὶ
817 4230 1101 4302 ἀληθείας,
1139 4233 1360 4286 οὐδενί·
1420 4231 1504 4301 οἷς
1562 4240 1796 4307 μάλιστα

226 4319 352 4371 νυνὶ
383 4320 663 4388 θαρρήσας
689 4320 1142 4391 παῤῥησιάζομαι
1168 4323 1415 4379 τοιαῦτα.
1450 4326 1509 4378 Εἰ
1538 4327 1601 4395 δὴ
1646 4328 1710 4381 ἐκ
1735 4346 1795 4383 τε

224 4407 306 4464 ὦν
359 4412 868 4481 ἐπραγματευόμην
922 4414 1105 4477 αὐτὸς,
1137 4415 1200 4467 ἐκ
1230 4432 1288 4468 τε
1333 4417 1440 4469 τῶν
1464 4418 1557 4471 τὸν
1584 4420 1797 4474 ᾶπαντα

1904 3226 2169 3295 Equidem
2200 3243 2307 3296 qua
2358 3226 2705 3291 fortitudine,
2742 3244 2848 3298 qua
2902 3231 3216 3299 prudentia,
3256 3250 3467 3302 usuque

1899 3318 2123 3371 militari
2176 3328 2230 3373 et
2280 3319 2629 3387 superiorum
2681 3331 2737 3374 et
2788 3324 2959 3376 nostri
3040 3327 3220 3379 surculi
3279 3327 3468 3380 multis

1900 3408 2293 3470 concesserim,
2336 3410 2585 3477 probatis
2639 3418 2821 3463 autem
2855 3413 3101 3466 moribus
3131 3430 3193 3467 ac
3224 3417 3470 3469 veritatis

1899 3499 2082 3553 studio
2111 3501 2339 3565 nemini,
2368 3501 2570 3570 quibus
2619 3505 2963 3570 potissimum
3016 3522 3162 3560 nunc
3206 3509 3469 3571 C0llﬁsll8,

1901 3591 2017 3645 haec
2051 3591 2220 3645 libere
2252 3606 2371 3644 sum
2404 3591 2744 3659 prolocutus.
2782 3590 2837 3646 Si
2870 3593 3041 3662 igitur
3075 3610 3255 3664 neque
3288 3612 3351 3650 ex
3386 3597 3471 3650 his

1901 3691 2021 3745 quae
2074 3676 2189 3744 ipse
2235 3675 2448 3730 edicere
2500 3677 2781 3741 contendi,
2834 3694 3011 3747 neque
3062 3696 3127 3734 ex
3160 3682 3337 3747 vobis,
3376 3683 3471 3752 qui

1902 3785 2117 3825 mecum
2150 3784 2366 3837 semper
2394 3767 2599 3832 fuistis,
2628 3770 2714 3823 vel
2751 3780 3065 3839 suspectus,
3099 3772 3181 3826 vel
3220 3790 3343 3827 rius
3377 3790 3473 3829 eo-

1904 3877 2024 3915 rum
2051 3860 2260 3923 videor,
2294 3874 2527 3928 quorum
2557 3860 2610 3912 in
2641 3875 2726 3914 me
2755 3860 3018 3915 adornata
3051 3871 3135 3916 est
3169 3869 3468 3929 accusatio,

1902 3967 2064 4007 nemo
2096 3967 2182 4006 me
2229 3953 2354 4022 jure
2408 3950 2794 4019 reprehendet,
2854 3953 3011 4021 quasi
3068 3954 3265 4024 injuria
3306 3971 3473 4026 super

1906 4044 1991 4098 his
2044 4043 2212 4096 rebus
2264 4055 2642 4095 succenseam.
2668 4040 2937 4119 ,Decebat
2968 4042 3115 4096 enim
3147 4046 3470 4116 Augustam,

1904 4145 2098 4191 testem
2130 4134 2199 4187 ab
2233 4132 2393 4186 initio
2427 4132 2759 4199 integritatis
2793 4148 2945 4196 meae,
2965 4142 3018 4186 et
3048 4134 3167 4205 ejus
3193 4152 3315 4204 qua:
3338 4135 3472 4190 mihi

1904 4242 2028 4283 cum
2063 4225 2395 4295 imperatore
2427 4225 2741 4279 intercessit
2771 4226 3118 4281 inimitabilis
3155 4237 3211 4282 et
3240 4228 3475 4283 admira-

1907 4318 2056 4373 tione
2101 4316 2435 4386 dignissima:
2484 4316 2761 4378 amicitiae,
2803 4332 2865 4372 ac
2920 4326 3045 4386 post
3080 4320 3290 4373 obitum
3324 4320 3473 4376 illius
3511 4315 3521 4327 ’

1904 4423 2003 4477 pro
2044 4406 2172 4460 filiis
2231 4407 2461 4475 ipsaque
2507 4420 2762 4460 curarum
2822 4421 3067 4461 mearum
3125 4418 3180 4462 et
3230 4409 3475 4479 impigrae

228 4503 423 4573 χρόνον
493 4504 763 4555 συνόντων
817 4504 974 4573 ὑμῶν
1015 4507 1163 4576 ἐμοὶ,
1208 4508 1345 4577 μήτε
1402 4510 1794 4579 ὑποπτευθεὶς,

1906 4498 2314 4560 sollicitudinis,
2360 4512 2467 4551 non
2500 4497 2723 4551 Credere
2765 4498 3140 4567 sycophantis,
3172 4502 3475 4568 perversis-

233 4599 373 4664 μήτε
394 4594 755 4663 εἰργασμένος
787 4596 1057 4664 φαίνομαι
1084 4590 1159 4650 ὧν
1188 4601 1578 4671 κατηγόρημαι
1607 4605 1795 4674 μηδὲν,

227 4687 334 4738 οὐκ
361 4685 424 4737 ἀν
444 4702 528 4747 τις
559 4685 624 4738 ἂν
658 4686 781 4755 ἐμοὶ
808 4686 1035 4750 δικαίως
1065 4690 1350 4758 ἐπενέγκοι
1381 4695 1608 4763 μέμψιν,
1636 4698 1709 4759 ὡς
1736 4699 1797 4750 οὐ

230 4775 624 4845 προσηκόντως
656 4776 795 4845 πρὸς
823 4777 892 4829 τά
918 4780 1270 4848 πραττόμενα
1313 4782 1631 4856 ἐξαγομένῳ
1663 4788 1801 4857 πρὸς

229 4866 427 4936 ὀργήν.
456 4862 604 4917 Ἔδει
661 4865 771 4933 γάρ
803 4864 1046 4934 βασιλίδα
1094 4869 1184 4920 τόν
1206 4887 1265 4922 τε
1319 4874 1519 4942 τρόπον
1551 4876 1674 4945 ἐμοὶ
1712 4878 1803 4929 τὸν

232 4955 469 5023 ὲξαρχῆς
503 4952 576 5016 ὡς
632 4954 694 5006 οὐ
745 4954 1143 5025 διεφθαρμένος
1179 4961 1508 5028 συνειδυῖαν,
1570 4970 1659 5017 καὶ
1700 4966 1800 5034 τὴν

234 5046 373 5115 ἐμοῦ
405 5046 499 5098 καὶ⁵
534 5044 799 5114 βασιλέως
830 5046 1184 5117 ἀπαράμιλον
1232 5051 1448 5121 ἐκείνην
1479 5054 1573 5107 καὶ
1606 5055 1793 5125 θαυμα

239 5136 510 5204 σιωτάτην
538 5149 744 5205 φιλιαν,
777 5138 873 5187 καὶ
898 5143 999 5206 τὴν
1023 5138 1164 5207 μετά
1188 5139 1286 5209 τὴν
1312 5141 1523 5195 ἐκείνου
1546 5144 1805 5216 τελευτήν

238 5228 383 5296 ὑπὲρ
410 5228 517 5279 τῶν
540 5229 753 5281 ἐκείνου
774 5228 987 5281 παίδων
1010 5231 1105 5282 καὶ
1136 5231 1307 5301 αὐτῆς
1338 5234 1541 5304 πολλὴν
1568 5239 1806 5308 σπουδὴν

236 5321 336 5372 καὶ
395 5320 731 5390 προθυμίαν,
786 5321 861 5391 μὴ
918 5325 1283 5390 συκοφάνταις
1338 5326 1652 5396 ἀνθρώποις
1710 5335 1808 5384 καὶ

233 5410 548 5479 διεφθορόσι
607 5412 891 5465 πείθεσθαι
915 5450 933 5480 ,
968 5414 1103 5468 ἀλλά
1145 5411 1301 5485 ἐμοί⁴
1324 5420 1611 5489 προσέχειν
1630 5424 1806 5490 ὀρθῶς

237 5503 341 5556 καὶ
383 5503 607 5567 δικαίως
658 5505 800 5575 ύπέρ
833 5508 1019 5571 αὐτοῖς
1073 5509 1502 5584 πολιτευομένῳ.
1553 5516 1707 5569 Ἐπεὶ
1751 5520 1809 5571 δέ

238 5593 512 5664 βάσκανός
550 5613 635 5659 τις
662 5597 871 5666 δαίμων
900 5599 1007 5651 τῶν
1036 5596 1423 5670 ἐξητασμένων
1481 5607 1575 5656 ἐπὶ
1603 5606 1804 5677 φθορᾷ,

234 5688 309 5739 τὰ
342 5688 439 5753 μὲν
462 5688 639 5757 ἀληθῆ
666 5691 761 5743 καὶ
787 5690 971 5743 δίκαια
1005 5694 1131 5762 περί
1185 5694 1321 5763 ἐμοῦ
1373 5700 1666 5751 πεπεῖσθαι
1706 5702 1806 5754 οὐκ

234 5775 474 5848 ἀφῆκεν,
513 5776 707 5847 ἐχθρὸν
745 5777 801 5832 δέ
832 5779 951 5832 ἀντὶ
982 5780 1161 5849 φίλου,
1215 5787 1310 5837 καὶ
1366 5785 1625 5855 πολέμιον
1685 5791 1808 5844 ἀντὶ

1902 4603 2007 4655 que
2046 4587 2363 4640 hominibus
2396 4626 2410 4650 ,
2445 4586 2539 4640 sed
2580 4602 2610 4640 a
2656 4604 2768 4652 me,
2802 4588 3041 4658 legitime
3082 4600 3337 4661 recteque
3376 4609 3477 4662 pro

1904 4677 2021 4746 ipsa
2076 4678 2367 4745 imperium
2430 4688 2671 4746 regente,
2708 4680 2947 4735 rationes
2998 4698 3127 4736 suas
3184 4699 3478 4752 suspensas

1909 4768 2134 4821 habere.
2164 4768 2233 4820 At
2275 4777 2565 4837 postquam
2601 4768 2814 4822 daemon
2874 4772 3143 4840 quispiam
3180 4774 3394 4830 invidus
3423 4784 3479 4828 ct

1907 4855 1960 4909 in
2008 4855 2251 4925 pernicie
2305 4855 2618 4909 invehenda
2687 4858 3018 4911 exircitatus
3063 4874 3189 4913 vera
3239 4871 3293 4912 et
3334 4860 3478 4929 justa

1906 4946 1973 5000 de
2002 4961 2087 5000 me
2116 4945 2343 5000 credere
2388 4962 2497 5000 non
2535 4947 2683 5013 sivit,
2730 4949 3009 5017 magisque
3054 4950 3337 5004 inimicum
3382 4966 3480 5019 pro

1907 5034 2105 5099 amico,
2135 5036 2345 5088 hostem
2372 5051 2471 5105 pro
2492 5038 2662 5099 socio,
2695 5046 2750 5091 et
2778 5039 3101 5093 malevolum
3133 5057 3229 5109 pro
3282 5041 3485 5095 ﬁdelis-

1908 5129 2047 5182 simo
2079 5128 2400 5182 existimare
2428 5128 2726 5197 persuasit,
2749 5145 2852 5200 ego
2880 5131 3102 5200 quidem
3144 5134 3196 5186 in
3228 5134 3329 5188 hac
3352 5149 3481 5189 cau-

1908 5233 1969 5271 sa
1999 5217 2134 5271 nihil
2162 5233 2347 5286 agere,
2369 5219 2462 5272 sed
2495 5228 2689 5274 vestra:
2728 5236 2814 5274 me
2835 5225 3120 5276 sententiae
3142 5227 3479 5293 permittere,

1908 5323 1965 5368 et
1994 5315 2139 5383 quod
2166 5315 2577 5384 ejudicaveritis,
2611 5317 2665 5369 in
2692 5332 2758 5371 eo
2792 5318 3049 5372 alacriter
3079 5320 3231 5373 vobis
3253 5322 3481 5389 obsequi

1910 5402 1963 5455 in
2000 5404 2243 5456 animum
2287 5405 2501 5459 induxi.
2553 5405 2667 5459 lino
2710 5422 2843 5461 vero
2871 5424 2969 5477 ego
3004 5410 3234 5477 primus,
3264 5427 3386 5478 quae
3428 5412 3480 5464 iu

1912 5494 2200 5560 pnesentia
2238 5495 2370 5547 mihi
2413 5495 2675 5550 videntur
2702 5499 2983 5567 expedire,
3021 5501 3346 5557 edisseram.
3386 5503 3487 5556 Ve-

1908 5594 2082 5637 strum
2120 5585 2227 5638 erit
2269 5596 2363 5639 aut
2388 5588 2670 5657 suﬂ‘ragari
2722 5589 2884 5643 dictis
2926 5593 3081 5656 meis,
3119 5595 3161 5645 si
3197 5608 3258 5645 ea
3293 5594 3491 5661 proba-

1911 5676 2126 5738 veritis,
2192 5689 2288 5730 aut
2338 5694 2789 5750 unumquemque
2860 5683 3187 5737 sententiam
3241 5686 3487 5753 proferre

1912 5768 2252 5839 huiusmodi,
2282 5786 2403 5839 quae
2450 5782 2503 5826 et
2550 5782 2875 5842 praesentem
2912 5775 3186 5831 miseriam
3221 5778 3391 5844 tollat,
3432 5789 3485 5834 et
