4194 6440
221 404 333 467 849

1440 424 1978 489 ’[ΙΙΒΤΟΙΠΑΗΠΜ
2016 430 2249 493 LIBER
2296 431 2408 494 III.

3377 438 3481 501 850

224 518 505 586 προῆλθεν
540 519 666 590 ἄχρι
708 523 1070 587 Μακεδονίας.
1106 528 1179 581 Οὑ
1232 531 1361 599 μὴν,
1393 532 1528 586 ἀλλὰ
1561 536 1654 588 καὶ
1683 537 1787 588 ὅσοι

1904 536 2179 594 Morrham
2219 541 2556 607 habitabant,
2584 543 2745 613 ctqui
2782 552 2944 598 erant
2980 542 3030 597 in
3063 543 3294 598 urbibus
3328 546 3483 601 Rho-

218 605 414 676 Μὲραν
472 610 790 682 κατῴκουν,
838 616 930 668 καὶ
984 620 1082 686 τῆς
1119 618 1377 691 Ῥοδόπης
1439 626 1559 676 ὅσαι
1613 627 1798 689 πόλεις

214 693 360 766 ἦσαν
421 704 645 769 ὑπήκοοι
705 706 1017 776 Ῥωμαίοις,
1065 713 1394 780 στρατιῶται
1454 716 1641 768 πολλοὶ
1684 720 1798 770 -καὶ

217 788 445 854 ἀγαθοὶ,
478 791 584 844 ὑπὸ
612 796 904 865 στρατηγῷ
935 798 1200 865 Ματθαίῳ
1223 801 1302 867 τῷ
1352 802 1797 871 Καντακονζηνῴ

213 882 570 949 τεταγμένοι,
598 883 673 952 τῷ
691 886 785 954 τοῦ
822 889 1061 953 μεγάλου
1087 889 1409 957 δομεστίκου
1436 895 1797 965 πρεσϐυτέρῳ

220 968 322 1038 οἱῴ
358 971 501 1024 κατὰ
530 972 630 1042 τὴν
671 975 1011 1047 Χαλκιδικὴν
1045 980 1143 1048 τῆς
1193 981 1419 1052 Θρᾴκης
1464 986 1797 1055 ἐστρατοπε-

213 1061 470 1130 δευμένοι
500 1065 618 1135 ἅμα
654 1068 728 1137 τῷ
775 1072 1095 1140 στρατηγῷ,
1135 1072 1280 1126 οὕτω
1316 1077 1413 1127 τοῦ
1453 1078 1663 1147 πατρὸς
1702 1096 1796 1131 κει

212 1151 549 1218 λεύσαντος,
594 1162 918 1228 περιέμενον
976 1163 1075 1232 τὴν
1135 1164 1322 1231 ἄφιξιν
1385 1168 1597 1220 ἐκείνου
1630 1184 1643 1199 ·
1698 1169 1793 1231 οὓς

212 1245 380 1307 εὐθὺς
412 1249 596 1301 ἐκάλει
636 1250 725 1302 διὰ
769 1255 1113 1323 γραμμάτων
1147 1259 1232 1320 είς
1283 1259 1687 1331 Διδυμότειχον,
1720 1265 1795 1324 ὠς

212 1342 296 1399 εἰς
340 1339 436 1409 τὴν
471 1341 781 1412 ἀνάρρησιν
820 1346 987 1398 αὑτοῦ
1028 1351 1461 1419 παρεσομένους
1490 1357 1584 1405 καὶ
1614 1358 1796 1425 παρῆ-

212 1446 316 1480 σαν
353 1432 719 1502 με).λήσιντες
752 1440 936 1494 οὐδέν.
975 1440 1094 1493 Ἐτι
1128 1443 1183 1496 δὲ
1219 1444 1313 1495 καὶ
1342 1446 1450 1497 τῶν
1480 1447 1575 1515 τῆς
1608 1466 1795 1516 γυναιο

212 1523 312 1584 κὸς
339 1526 587 1593 ἀδελφῶν
632 1531 875 1584 Ἰωάννου
900 1534 993 1585 καὶ
1017 1535 1275 1605 Μανουὴλ
1298 1539 1406 1590 τῶν
1452 1540 1792 1611 Ἀνδρονίκου

209 1616 307 1664 τοῦ
370 1615 566 1687 Ἀσάνη
626 1621 833 1676 παίδων
874 1626 978 1678 ὑπὸ
1023 1627 1244 1692 κλοιοῖς,
1306 1631 1496 1703 ὥσπερ
1553 1635 1789 1705 ἔφημεν,

210 1708 355 1758 κατὰ
384 1708 479 1776 τὴν
512 1711 695 1781 Βῆριν
730 1715 991 1785 φρούριόν
1034 1735 1087 1770 τι
1127 1720 1229 1789 τῆς
1271 1721 1499 1796 Θρᾴκης
1525 1729 1792 1798 εἰργομέ-

209 1814 340 1859 νων,
374 1801 597 1869 πέμψας
626 1805 726 1876 τὴν
772 1808 1009 1881 ἀδελφὴν
1067 1812 1181 1883 ἅμα
1236 1822 1490 1890 στρατιᾷ,
1532 1823 1695 1891 ἑξῆγὲ
1730 1842 1791 1877 τε

207 1905 305 1941 του
348 1891 766 1966 δεσμωτηρίου,
807 1904 903 1955 καὶ
939 1880 1117 1972 ἄγειν
1148 1880 1406 1965 ὲκέλεύεν
1556 1880 1790 1987 Ᾰιδυμό-
1826 1880 1866 1935 Β

208 2000 390 2053 τειχον
416 1990 552 2058 πρὸς
577 1992 761 2059 αὐτὸν,
786 2000 1001 2069 φρουρᾷ
1026 2000 1117 2053 τὸν
1140 2003 1354 2072 πύργον
1379 2011 1787 2079 κατασχοῦσαν,

209 2079 300 2128 καὶ
335 2080 569 2149 ἄρχοντα
600 2084 710 2137 τῶν
759 2087 931 2143 εὔνων
964 2092 1151 2157 αὐτοῖς
1214 2098 1591 2168 ὲπιστήσασάν
1647 2123 1787 2161 τινα.

208 2170 549 2243 τριϐομένου
580 2178 635 2232 δὲ
682 2182 776 2233 τοῦ
805 2187 1001 2254 χρόνου
1030 2189 1170 2257 πρὸς
1200 2191 1299 2262 τὴν
1338 2195 1447 2245 τῶν
1482 2196 1786 2265 βασιλικῶν

218 2268 570 2359 παρασήμων
632 2278 1015 2347 παρασκευὴν,
1070 2282 1195 2334 ἐπεὶ
1234 2283 1410 2338 ἐδόκει
1446 2289 1520 2358 μὴ
1575 2290 1793 2359 μέλλειν

211 2356 350 2422 μηδὲ
385 2359 678 2428 προΐεσθαι
713 2366 805 2419 τὸν
844 2371 1055 2440 καιρὸν,
1087 2372 1199 2425 τῶν
1234 2378 1376 2431 κατὰ
1406 2381 1466 2431 τὸ
1496 2384 1792 2445 Βυζάντιον

216 2449 491 2513 συντόνως
526 2453 934 2525 πολεμούντων,
976 2463 1070 2514 καὶ
1105 2465 1379 2534 μηδεμιᾶς
1422 2471 1791 2541 ἀπεχομόνων

207 2539 432 2638 πείρας,
491 2543 696 2613 ἔγραφε
749 2552 839 2603 καὶ
881 2553 1044 2616 αὐτὸς
1088 2559 1209 2619 ταῖς
1260 2561 1400 2613 κατὰ
1429 2539 1789 2638 τὴνέθρᾲκην

208 2632 306 2682 καὶ
356 2632 698 2691 Μακεδονίαν
757 2642 998 2707 ἁπάσαις
1031 2648 1251 2703 πολεσιν
1296 2653 1444 2723 αὐτῷ
1476 2662 1786 2730 προσέχειν,

206 2719 283 2780 ὡς
314 2720 413 2791 ήδη
456 2724 746 2794 Ῥωμαίων
801 2730 1021 2800 βασιλεῖ
1062 2743 1442 2811 γεγενημένῳ,
1490 2748 1585 2800 καὶ
1625 2752 1786 2805 δυνα.

212 2813 362 2880 μένῳ
398 2818 687 2872 ὑπείκουσι
726 2839 785 2875 τε
828 2822 887 2878 εὖ
932 2831 1125 2893 ποιεῖν,
1180 2835 1273 2886 καὶ
1328 2836 1660 2905 τούναντίον,
1721 2846 1789 2900 ἂν

204 2907 537 2979 ἀνταίρωσιν
590 2914 751 2981 ὅπλα,
814 2918 1097 2988 βλάπτειψ
1129 2927 1235 2998 ἰδίᾳ
1273 2946 1332 2982 τε
1366 2933 1492 2997 τοὺς
1525 2936 1788 3004 δυνατοὺς

204 3000 317 3053 τῶν
371 3004 601 3071 πόλεων,
659 3009 914 3076 καὶτοὺς
967 3020 1098 3086 παρ’
1146 3022 1405 3088 ἑκάστοις
1440 3031 1787 3099 στρατιώτας

205 3096 535 3163 γράμμασιν
570 3102 908 3168 ὑπεποιεῖτο,
983 3110 1091 3161 τῶν
1155 3130 1215 3165 τε
1273 3119 1540 3188 πρότερον
1589 3125 1789 3194 ἀναμι-

1902 631 2072 697 dapes
2120 631 2384 686 Romanis
2411 636 2746 701 parentibus,
2770 635 2972 688 milites
2999 635 3155 688 multi
3186 652 3249 689 ac
3273 642 3481 693 strenui

1900 722 2001 775 sub
2027 722 2278 777 Mattliaco
2295 723 2697 787 Cantacuzcno,
2724 727 2899 796 magni
2941 726 3230 782 domestici
3263 732 3482 785 seniore

1903 815 2037 880 tilio,
2085 816 2438 871 Clialcidicen
2485 817 2732 872 Thraciae
2765 820 2933 887 patris
2984 821 3141 890 jussu
3177 837 3302 875 cum
3340 822 3482 877 duce

1901 909 2151 975 profecti,
2201 910 2320 979 ejus
2364 911 2657 966 adventum
2698 911 2771 963 ibi
2801 913 3306 979 praestolabantur:
3342 932 3481 984 qros

1900 1000 2084 1053 statim
2161 1014 2258 1068 per
2315 1000 2530 1054 litteras
2578 1000 3019 1070 Didymoticlium
3083 1006 3475 1060 renuntiationi

1900 1102 1997 1141 seu
2031 1089 2299 1143 creationi
2341 1105 2453 1144 sum
2499 1091 2861 1145 interfuturos
2893 1094 3180 1159 evocavit;
3212 1097 3304 1163 qui
3345 1097 3477 1150 citra

1900 1183 2455 1249 procrastinationem
2487 1185 2798 1238 adfuerunt.
2833 1187 3063 1258 Insuper
3118 1188 3318 1243 fratres
3351 1208 3482 1242 uim-

1900 1273 1998 1336 ris,
2056 1273 2325 1330 Joannem
2389 1285 2445 1329 et
2526 1276 2869 1341 Mannelem,
2930 1280 3227 1334 Andronici
3287 1283 3484 1337 Asunis

1902 1365 2045 1419 ﬁlios
2080 1367 2227 1435 apud
2273 1367 2465 1420 Beram
2526 1369 2812 1422 castellum
2852 1369 3102 1425 Thraciae
3135 1372 3186 1423 in
3224 1373 3479 1435 vinculis,

1900 1465 1958 1508 ut
1992 1456 2253 1521 diximus,
2280 1457 2535 1510 detentus
2582 1460 2744 1511 missa
2776 1474 2969 1513 sorore
2999 1474 3124 1513 cum
3159 1460 3483 1515 cohortibus

1898 1544 2081 1607 educi,
2112 1554 2167 1599 et
2197 1547 2264 1598 ad
2292 1562 2351 1599 se
2389 1547 2834 1617 Didvmotichum
2873 1550 3127 1618 perduci,
3162 1553 3480 1606 castellum-

1898 1650 2005 1703 que
2042 1636 2303 1704 prassidio
2338 1640 2704 1700 communire,
2732 1650 2786 1694 et
2832 1640 3150 1709 praefectum
3200 1659 3267 1696 ex
3293 1645 3482 1697 amics

1898 1726 2029 1782 dare
2059 1728 2241 1799 jussit.
2283 1729 2419 1785 Cum
2451 1741 2634 1786 autem
2686 1743 2912 1802 propter
2941 1745 3267 1790 ornamenta
3302 1738 3478 1805 impe-

1899 1820 2101 1873 ratoria
2150 1822 2516 1890 comparanda
2565 1839 2719 1878 mora
2763 1824 2937 1888 fieret,
2988 1834 3043 1880 et
3077 1827 3302 1882 minime
3347 1845 3485 1883 cun-

1895 1916 2179 1974 ctandmu,
2208 1916 2533 1985 occasioque
2566 1920 2885 1986 neutiquam
2934 1920 3236 1974 amittenda
3268 1921 3486 1976 videre-

1895 2015 2004 2071 tur,
2038 2023 2183 2069 eum,
2217 1992 2312 2076 qui
2339 2020 2500 2063 erant
2527 2010 2769 2080 Byzantii
2793 2012 3144 2068 continenter
3176 2014 3477 2076 bellarent.

1896 2100 2141 2169 nihilque
2175 2118 2281 2155 non
2335 2111 2629 2164 tentarent,
2658 2103 2824 2157 etiam
2861 2106 2976 2174 ipse
3026 2106 3092 2159 ad
3130 2121 3321 2161 omnes
3369 2108 3483 2160 Ma-

1894 2190 2143 2246 cedoniae
2208 2204 2264 2247 et
2326 2194 2576 2249 Thracia:
2628 2196 2792 2250 nrbes
2821 2195 3039 2250 litteras
3070 2197 3244 2266 dedit,
3280 2199 3485 2267 quibus

1894 2285 2171 2339 mandavit
2205 2297 2266 2340 ut
2300 2287 2406 2342 sibi
2441 2288 2555 2358 jam
2600 2287 2974 2343 Romanorum
3010 2290 3332 2359 imperatori
3382 2292 3484 2346 de-

1893 2376 2100 2428 clarato
2155 2376 2624 2446 obtemperarent,
2682 2379 2781 2448 qui
2836 2380 3100 2450 subjectis
3158 2398 3381 2449 parcere
3424 2395 3483 2439 et

1894 2469 2238 2534 benefacere,
2289 2472 2560 2541 superbos
2609 2472 2885 2527 debellare
2938 2486 3142 2542 posset.
3173 2476 3478 2546 Sejunctim

1894 2572 2077 2616 autem
2118 2565 2265 2619 cives
2309 2566 2672 2635 potentiores,
2721 2576 2777 2620 et
2808 2567 2951 2635 quod
2988 2577 3105 2621 erat
3136 2569 3189 2623 in
3229 2586 3481 2640 unaqua-

1892 2670 1998 2722 que
2030 2656 2293 2721 militum,
2330 2655 2397 2711 ad
2440 2671 2593 2711 suam
2642 2658 3028 2713 auctoritatem
3086 2675 3150 2713 ac
3180 2658 3341 2714 fidem
3382 2678 3479 2729 per

1891 2746 2155 2816 epistolas
2204 2747 2503 2811 alliciebat,
2559 2747 2725 2819 434
2776 2749 3133 2818 pristinorum
3191 2752 3481 2809 beneficio-

1896 2857 2019 2895 rum
2102 2842 2227 2896 illos
2295 2841 2619 2904 admonens,
2689 2845 3006 2912 majoraque
3064 2858 3119 2899 et
3176 2846 3476 2917 insigniora

1897 2934 2268 3002 promittens,
2330 2935 2375 2988 si
2440 2949 2586 2988 nunc
2644 2934 2721 2988 illi
2780 2935 2984 2999 favere,
3038 2947 3092 2991 et
3132 2949 3315 3006 partes
3360 2940 3481 3008 ejus

1893 3024 2048 3093 sequi
2111 3037 2176 3078 ac
2205 3024 2371 3078 tutari
2408 3024 2628 3079 vellent.
2672 3026 3137 3082 Sulnscribebatur
3188 3045 3353 3098 porro
3386 3047 3483 3083 nn-

1900 3131 2022 3169 tnen
2079 3117 2200 3183 ejus
2256 3132 2357 3184 pro
2420 3132 2574 3171 more
2631 3118 3023 3187 imperatorum
3084 3120 3391 3185 einnabari,
3424 3133 3481 3175 et

213 3191 476 3255 μνήσκων
527 3193 858 3263 εὐεργεσιῶν
893 3206 1279 3273 γεγενημένων
1316 3211 1396 3272 είς
1428 3213 1645 3279 αὐτοὺς,
1693 3221 1786 3271 καὶ

1895 3202 2336 3273 adjungebantur
2383 3205 2583 3261 litteris
2625 3223 2690 3261 ex
2721 3210 2873 3277 gravi
2924 3219 3200 3265 armatura
3231 3224 3283 3266 et
3316 3214 3480 3284 sagit-

206 3280 283 3341 ὡς
312 3321 325 3343 ,
366 3283 431 3352 ἢν
463 3282 607 3339 εὖνοι
657 3291 955 3355 φαίνωνται
998 3300 1115 3351 νυνὶ
1166 3301 1259 3353 καὶ
1297 3304 1364 3357 τὰ
1409 3308 1575 3360 αὑτοῦ
1614 3328 1786 3381 προη-

210 3377 440 3441 ρημένοι
470 3380 753 3447 πράττειν,
790 3384 1057 3452 μειζόνων
1102 3392 1511 3450 ἀπολαύσονται
1540 3403 1633 3452 καὶ
1660 3403 1790 3456 Θαυ-

211 3464 575 3533 ματιωτέρων
608 3470 862 3535 ἀγαθῶν·
921 3474 1326 3544 ὑπεσημαῑνετό
1378 3499 1436 3534 τε
1493 3487 1558 3538 τὰ
1600 3492 1784 3559 γραμ-

208 3568 357 3619 ματα
420 3556 692 3626 ὲρυθίηοῖξ,
730 3560 920 3632 ὥσπερ
965 3565 1086 3629 ἔθος
1122 3568 1427 3637 βασιλεύει,
1468 3556 1785 3648 γράμμασιο

206 3648 526 3709 προσετίθει
556 3668 614 3703 τε
649 3658 762 3717 τοῖς
792 3658 1086 3727 γράμμασι
1120 3663 1213 3715 καὶ
1261 3669 1505 3737 φρουρὰς
1536 3671 1595 3736 ἐξ
1634 3674 1789 3727 όττλι·

199 3740 316 3789 τῶν
355 3744 449 3795 καὶ
504 3744 737 3808 τοξοτῶν
794 3749 967 3818 ψιλῶν
1023 3754 1157 3821 πρὸς
1188 3756 1254 3820 ἃς
1285 3761 1402 3830 ἤδει
1437 3763 1546 3816 τῶν
1578 3766 1787 3821 πόλεων

204 3827 401 3894 ῥᾳδίας
466 3830 728 3901 ἐσομένας
780 3839 1111 3908 κατέχεσθαι
1168 3854 1448 3919 φρουροῖς.
1507 3854 1691 3907 Ταῦτα
1723 3858 1787 3930 δὴ

322 3923 631 3993 γρὰμματα
666 3933 1007 4002 κομιζόμενα
1065 3941 1195 4007 παρ’
1252 3942 1505 4007 ἑκάστοις
1531 3987 1546 4010 ,
1589 3950 1655 4017 oi,
1686 3920 1786 4020 μὲν

200 4014 455 4083 ἐδέχοντο
496 4019 795 4087 προθύμως
826 4063 840 4087 ,
895 4026 988 4078 καὶ
1027 4031 1138 4081 πᾶν
1195 4032 1254 4085 τὸ
1307 4042 1786 4110 προσταττόμενον

198 4108 609 4175 ἐπηγγέλλοντο
654 4118 842 4168 ποιεῖν·
879 4120 928 4170 oi
992 4120 1039 4171 δ’
1068 4122 1459 4196 ἐδυσχέραινον
1513 4108 1635 4199 μὲν,
1684 4136 1788 4189 016-

201 4216 358 4268 μενοι
408 4205 749 4261 ἀποστασίαν
789 4212 1054 4279 βασιλέως
1088 4212 1230 4269 εἶναι
1274 4220 1341 4272 τὰ
1394 4227 1781 4295 πραττόμενα,

195 4291 281 4344 ἔτι
335 4289 393 4345 δὲ
427 4295 576 4364 ὅμως
626 4297 725 4367 τὴν
776 4300 870 4354 τοῦ
922 4304 1211 4372 μέλλοντος
1249 4289 1512 4377 βασιλέως
1551 4289 1783 4387 δύναμιν

196 4386 602 4457 ὑπεπτηχότες,
659 4392 837 4456 ἄλλως
886 4413 947 4450 τε
1012 4399 1106 4452 καὶ
1138 4400 1249 4453 ὑπὸ
1281 4404 1393 4457 τῶν
1427 4408 1557 4476 παρ’
1594 4386 1780 4475 αὐτοῖς

196 4479 420 4547 μεγάλα
454 4483 773 4552 δυναμένων
800 4488 1124 4558 ὲναγόμενοι
1166 4494 1238 4545 τὰ
1267 4495 1483 4549 ἐκείνου
1516 4504 1780 4568 πράττειν

194 4573 517 4663 ᾑρημένων,
574 4577 643 4630 τὰ
684 4580 989 4650 γράμματα
1041 4585 1321 4654 ἐδέχοντο·
1352 4590 1503 4658 δῆλοι
1551 4593 1607 4645 δὲ
1641 4590 1781 4663 ἦσαν
1815 4569 1861 4623 D

191 4662 359 4727 εὐθὺς
388 4666 497 4718 ἀπὸ
526 4670 796 4738 γραμμῆς
844 4673 921 4733 ὡς
961 4677 1383 4746 νεωτερίσοντες
1416 4680 1482 4750 ἢν
1519 4682 1777 4736 λάϐονται

192 4755 415 4824 καιροῦ.
452 4757 608 4811 Ὅσοι
654 4760 701 4812 δ’
732 4756 872 4829 ἦσαν
936 4765 1205 4835 πρότερον
1264 4770 1328 4821 τὰ
1365 4770 1627 4839 βασιλέως
1679 4774 1774 4827 τοῦ

192 4847 567 4917 Παλαιολόγου
613 4851 772 4921 δῆθεν
801 4856 1074 4922 αἱρεῖσθαι
1129 4863 1509 4929 πεπεισμένοι,
1571 4867 1617 4915 οἱ
1673 4866 1772 4933 μὲν

200 4938 303 4990 καὶ
360 4938 486 5000 τοὺς
544 4943 872 5009 κομίζοντας
943 4944 1419 5014 συλλαμϐάνοντες
1486 4951 1602 5021 ἅμα
1666 4958 1780 5018 τοῖς

187 5031 561 5102 γράμμασιν,
622 5034 874 5104 ἔπεμπον
943 5038 1024 5101 είς
1095 5039 1391 5103 Βυζάντιον
1441 5043 1774 5113 δεσμωτας,

189 5122 465 5191 πρότερον
491 5127 881 5195 γυμνώσαντες
909 5132 1018 5184 τῶν
1046 5132 1235 5186 ὄντων.
1262 5135 1416 5186 Ὅσοι
1441 5136 1497 5189 δὲ
1536 5138 1774 5209 μετριώ-

184 5235 331 5288 τερα
360 5217 685 5288 ἐδοκίμαζον
720 5223 917 5284 ποιεῖν,
972 5224 1042 5275 τὰ
1091 5225 1191 5294 μὲν
1241 5228 1552 5297 γράμματα
1586 5232 1768 5284 ἀπεω-

187 5315 407 5379 θοῦντο,
433 5313 586 5367 αὐτοὶ
615 5314 671 5367 δὲ
704 5315 839 5385 πρὸς
866 5315 957 5369 τὸν
986 5318 1223 5389 πόλεμον
1253 5322 1763 5390 παρεσκευάζοντο,

1903 3296 2056 3349 tariis
2105 3296 2371 3365 manipuli
2404 3297 2471 3350 ad
2514 3299 2699 3363 urbes,
2724 3317 2862 3368 quas
2912 3302 3001 3354 illa
3032 3303 3281 3356 custodia
3319 3304 3480 3359 facile

1897 3397 2173 3442 retentum
2213 3389 2278 3443 iri
2329 3389 2557 3443 sciebat.
2594 3389 2702 3443 llas
2740 3392 2906 3459 igitur
2944 3393 3156 3447 litteras
3182 3394 3249 3447 ad
3292 3396 3476 3464 singu-

1894 3480 1975 3533 los
2025 3480 2237 3542 allatas.
2282 3481 2372 3533 alii
2429 3482 2669 3535 libenter
2704 3484 3069 3552 acwipiebaat,
3130 3488 3384 3541 mandata
3417 3505 3476 3543 se

1893 3570 2138 3626 facturos
2171 3573 2538 3640 recipientes;
2576 3575 2667 3628 alii
2703 3592 2816 3629 rem
2872 3577 3319 3646 indignabantur,
3358 3582 3479 3651 opi-

1894 3674 2092 3717 nantes
2127 3664 2264 3718 nihil
2299 3664 2403 3718 lwc
2433 3666 2580 3719 aliud
2616 3682 2780 3734 quam
2810 3684 2838 3719 a
2863 3668 3113 3738 legitimo
3147 3670 3479 3739 imperatore

1890 3758 2256 3812 defectionem
2288 3773 2430 3813 esse.
2461 3758 2853 3814 Verumtamen
2894 3762 3134 3828 potentia
3178 3762 3348 3815 futuri
3379 3765 3480 3817 im-

1892 3852 2163 3920 peratoris
2191 3852 2386 3916 territi,
2417 3866 2563 3915 cuna,
2595 3854 2688 3921 qui
2727 3854 2868 3921 apud
2894 3870 2998 3908 eos
3015 3856 3214 3925 Opibus
3245 3859 3477 3912 multum

1890 3946 2163 4011 valebant,
2212 3957 2268 3999 et
2309 3947 2377 4000 ab
2421 3947 2512 4000 illo
2564 3947 2806 4011 stabant,
2844 3950 3008 4001 etiam
3055 3951 3249 4002 eodem
3288 3950 3468 4004 incita-

1890 4046 2032 4100 rent,
2063 4039 2275 4091 litteras
2325 4038 2547 4107 quidem
2582 4040 2976 4109 suseipiebent.
3008 4042 3099 4094 sed
3132 4052 3309 4095 tamen
3353 4059 3475 4096 mox

1888 4129 2038 4182 velut
2097 4145 2125 4183 a
2186 4144 2343 4183 saera
2384 4130 2526 4183 linea
2583 4132 2750 4185 talum
2810 4140 3095 4186 moventes
3146 4132 3282 4199 (76),
3334 4149 3474 4186 nova

1890 4223 2136 4277 molituri
2196 4222 2549 4286 videbantur,
2612 4225 2655 4278 si
2699 4234 2915 4290 tempus
2966 4225 3109 4279 nacti
3141 4237 3342 4281 essrnt.
3371 4226 3475 4291 Qui

1890 4330 2020 4369 vero
2085 4314 2238 4385 prius
2284 4315 2351 4369 ad
2413 4315 2774 4383 Palazologum
2843 4316 3189 4386 sequendum
3256 4317 3476 4384 pellecti

1885 4417 2064 4471 erant,
2119 4422 2310 4463 eorum
2389 4408 2481 4461 alii
2531 4406 2845 4462 tabellarios
2926 4410 3359 4477 comprehensos
3419 4422 3476 4465 et

1886 4500 2147 4567 spoliatos
2178 4514 2301 4554 cum
2333 4499 2533 4554 litteris
2557 4498 2878 4567 Byzantium
2907 4504 3121 4555 vinctos
3156 4504 3470 4571 mittebant,

1895 4589 2012 4651 alii,
2044 4588 2245 4655 quibus
2282 4588 2654 4642 moderatiora
2711 4590 3022 4657 placebant.
3080 4592 3290 4646 litteras
3341 4610 3476 4649 eon-

1893 4680 2237 4739 temnebant.
2268 4696 2501 4748 seseque
2537 4681 2601 4734 ad
2639 4681 3024 4735 resistendum.
3068 4685 3109 4737 si
3144 4685 3473 4739 invaderen-

1889 4781 1999 4832 tur,
2041 4772 2735 4840 comparabmutiluribus
2778 4773 3158 4841 hujuscemodi
3222 4775 3474 4842 epistolis

1884 4862 2205 4933 Byzantiqu
2262 4864 2461 4929 allatis,
2510 4864 2823 4932 patriarcha
2895 4874 2952 4919 et
3002 4866 3121 4934 ejus
3168 4867 3323 4930 socii,
3377 4871 3473 4935 qui

1890 4970 2069 5023 nuper
2124 4970 2382 5023 magnum
2433 4956 2798 5009 domesticum
2866 4956 3009 5023 apud
3062 4956 3472 5024 imperatricetn

1889 5048 2196 5118 tyrannidis
2249 5046 2520 5101 atfectatze
2574 5060 2918 5113 accusarant,
2957 5049 3252 5119 omnigena
3278 5051 3445 5120 volup

1884 5148 1995 5193 tute
2027 5139 2460 5199 baecliabantur,
2521 5137 2846 5207 litterasque
2904 5140 3141 5195 invicem
3189 5151 3473 5197 ostentan-

1880 5239 1985 5294 tes,
2052 5229 2169 5283 Non
2215 5232 2407 5299 ig'tur,
2434 5230 2784 5300 inquiebant,
2817 5232 2956 5286 male
3009 5232 3420 5301 augurabamur
3455 5251 3470 5299 ;

1866 5324 2059 5378 dextre
2127 5332 2366 5377 mentem
2419 5325 2539 5392 ejus
2592 5324 3043 5393 conjectavimus,
3094 5325 3322 5395 ipseque
3371 5342 3471 5381 nos

1458 5414 1677 5476 Jacobi
1710 5417 1978 5477 Pontani
2017 5424 2202 5477 notis.

266 5508 380 5579 (76)
429 5506 609 5564 Sacra:
663 5510 811 5565 linem
847 5513 1015 5566 talum
1071 5520 1267 5575 moi-eo.
1307 5515 1674 5582 proverbimn.
1707 5516 1773 5569 de

187 5582 260 5633 iis
289 5583 377 5646 qui
411 5589 652 5635 extrema
709 5593 903 5649 parant
947 5586 1205 5649 experiri.
1241 5585 1297 5638 Id
1344 5585 1521 5639 Julius
1556 5584 1768 5648 Pollux.

188 5652 292 5704 lib.
314 5666 386 5715 Ix,
410 5667 692 5722 exponens
710 5660 805 5716 ait,
833 5670 859 5705 a
885 5654 1008 5707 ludo
1026 5658 1280 5722 quopiam
1304 5664 1630 5709 tesserarum
1650 5671 1771 5710 esse

188 5730 405 5794 natum.
456 5721 653 5775 Lusum
676 5731 852 5777 autem
877 5721 1394 5793 fuisseliujusniodi,
1432 5734 1490 5778 ut
1556 5730 1768 5794 utrique

189 5793 501 5864 ludentium
563 5800 746 5847 essent
776 5794 968 5847 calculi
1001 5797 1264 5863 quinque,
1311 5797 1533 5849 totidem
1591 5793 1767 5864 impo-

188 5861 284 5917 siti
328 5862 521 5918 lineis:
568 5865 709 5919 unde
740 5875 793 5917 et
820 5865 1122 5935 Sephorles
1156 5861 1403 5934 dixerit,
1426 5865 1603 5919 πέσσα
1637 5861 1765 5920 πεν-

1875 5515 2199 5584 τέγραμμα,
2236 5516 2287 5569 id
2348 5528 2449 5575 est,
2486 5526 2693 5568 {essene
2735 5516 2963 5583 quinque
2994 5515 3281 5569 linearum.
3316 5518 3469 5573 Inter

1875 5601 1968 5640 eas
2002 5589 2169 5641 lineas
2230 5587 2485 5653 utrinque
2523 5586 2740 5651 quinas,
2794 5601 2955 5638 unam
3012 5589 3179 5639 fuisse
3233 5589 3468 5642 mediam

1873 5671 2034 5725 quam
2086 5672 2294 5709 sacrant
2328 5659 2631 5719 vocabant;
2692 5658 2833 5709 unde
2867 5657 2956 5723 qui
2989 5656 3153 5708 talum
3182 5658 3466 5723 movisset,

1874 5729 1918 5781 is
1956 5742 2125 5779 saera:
2171 5727 2327 5779 linea:
2362 5728 2634 5781 calculum
2675 5742 2892 5780 movere
2917 5726 3222 5780 dicebatur.
3252 5727 3305 5781 id
3339 5743 3467 5783 vero

1870 5811 1978 5849 non
2006 5795 2189 5854 fiebat.
2212 5797 2314 5849 nisi
2337 5813 2458 5850 cum
2480 5812 2564 5850 res
2597 5806 2865 5863 posceret.
2890 5805 2947 5847 ut
2975 5797 3169 5851 ludens
3185 5797 3249 5849 ad
3285 5810 3468 5851 extre-

1872 5883 1958 5921 ma
1985 5866 2304 5936 confugeret
2342 5868 2565 5922 auxilia.
2608 5866 2737 5922 \‘ide
2773 5866 2926 5934 plura
2956 5868 3100 5933 apud
3133 5869 3457 5924 Cluiliasten.
