4194 6440
195 429 299 494 865

1308 413 1850 488 HISTORIARUM
1893 427 2125 488 LIBER
2168 427 2288 486 ιιι.

3357 427 3464 491 866

199 543 661 610 ὑποπτευομένων
695 543 1062 612 εἰργασμένη.
1104 537 1214 592 Τοῦ
1270 539 1350 602 δέ,
1401 541 1450 590 εί
1515 538 1783 608 μετάνοιά

1890 539 2108 600 mansit,
2150 552 2315 607 quam
2351 537 2396 591 si
2442 537 2622 606 ignem
2652 537 2862 591 nullum
2908 537 3196 606 tetigisset.
3233 539 3463 594 naritus

200 652 286 698 τις
321 635 495 705 αὐτὴν
528 634 688 687 είσίοι
718 634 856 704 πρὸς
897 633 1000 702 τὴν
1058 629 1382 693 ἀκολασίαν,
1435 630 1532 680 καὶ
1584 629 1634 679 εί
1675 645 1779 680 σωο

205 729 426 797 φρονεῖν
456 727 548 780 τὸν
580 726 865 780 ἐπίλοιπον
920 726 1034 795 βίον
1087 722 1480 790 ἐπαγγέλλοιτο
1513 722 1782 774 πυνθανο-

197 819 391 886 μένου,
418 817 493 880 ὡς
523 814 630 869 εἶδε
665 817 870 878 πολλὰς
891 814 1148 886 δακρύων
1176 813 1551 890 καταὶχέουσαν
1573 811 1780 879 πηγὰς,

200 911 297 962 καὶ
332 909 606 979 μηδέποτε
655 910 882 962 τοιαῦτα
909 907 1208 976 τολμήσειν
1237 904 1390 966 αὖθις
1430 903 1782 974 ίσχυριζομέ-

199 1017 320 1070 νην,
343 1001 483 1053 ἀλλὰ
515 1004 607 1053 καὶ
631 1002 738 1052 τῶν
765 999 1172 1070 ἡμαρτημένων
1194 996 1396 1050 διδόναι
1419 994 1575 1057 δίκας
1599 993 1784 1058 ἀξιοῦ·

203 1107 325 1152 σαν,
359 1091 531 1142 πολλὰ
573 1091 702 1162 περὶ
747 1087 1108 1158 σωφροσύνης
1137 1086 1409 1158 πρότερον
1449 1081 1780 1151 διαλεχθεὶς,

1888 629 2135 682 veritatis
2167 628 2273 680 vini
2296 628 2623 691 admiratus,
2655 628 2865 697 abjecta
2893 630 3226 696 su~picione.
3250 636 3460 683 terruni

1887 734 2055 787 super
2083 728 2336 788 suggestu
2368 719 2559 788 reponi
2592 718 2833 792 manda};
2881 733 3044 787 quem
3075 719 3199 787 quia
3230 719 3461 771 nimium

1888 808 2199 872 candebat,
2265 809 2559 864 ustnlando
2619 817 2968 878 penetrant.
3035 817 3090 861 et
3144 808 3198 860 in
3256 817 3463 861 terrain

1889 898 2120 953 decidit.
2173 900 2291 953 Tali
2343 900 2516 970 gratia
2566 898 2709 953 Deus
2765 899 2944 952 virum
2999 899 3151 952 illum
3207 899 3467 966 dignatus

1883 989 2110 1052 fuerat,
2177 998 2232 1042 et
2293 990 2455 1056 longe
2520 989 2860 1042 mirabiliora
2913 989 3126 1055 edidit,
3200 1000 3260 1044 ut
3324 990 3463 1044 intra

1883 1092 2193 1149 opportune
2221 1081 2670 1134 memorabimus.

201 1185 295 1236 καὶ
325 1185 422 1238 τοῦ
449 1185 523 1255 μὴ
555 1185 665 1238 δεῖν
713 1186 793 1248 είς
864 1184 958 1238 τὸν
1010 1183 1180 1252 ἄνδρα
1243 1183 1604 1250 παρανομεῖν,
1638 1178 1832 1230 ἔπειτα
1875 1177 2128 1228 ἐκέλευεν
2183 1176 2458 1230 ἅπτεσθαι
2519 1176 2614 1228 τοῦ
2674 1176 2923 1246 σιδήρου,
2975 1175 3167 1246 ῶσπερ
3222 1178 3249 1228 ό
3324 1178 3463 1248 ἀνὴρ

199 1277 353 1343 ἠξίου
384 1278 479 1330 καὶ
508 1277 604 1330 τοῦ
625 1278 798 1349 πυρὸς
829 1276 1202 1346 κατατολμᾷν.
1233 1273 1300 1326 Ἥ
1365 1273 1422 1326 δέ
1485 1268 1858 1324 ἐπανελθοῦσα
1898 1269 2034 1339 πρὸς
2086 1270 2178 1321 τὸν
2233 1269 2420 1337 ἄνδρα,
2479 1269 2652 1321 ἐδεῖτο
2701 1268 2800 1338 τὴν
2853 1269 3086 1338 βασανον
3139 1270 3461 1338 προσάγειν.

209 1372 445 1436 Ἐκεῖνος
473 1374 548 1438 δὲ,
589 1375 682 1428 καὶ
710 1375 818 1440 γὰρ
844 1374 942 1426 οὐκ
973 1372 1222 1442 ⁴ίινείχετο
1289 1368 1364 1439 μὴ
1434 1367 1499 1421 ἐκ
1538 1385 1684 1430 τινος
1741 1365 2118 1436 ἁναμφιϐόλου
2151 1366 2249 1439 τὴν
2285 1366 2410 1434 περὶ
2443 1364 2541 1436 τὴν
2591 1369 2828 1434 γυναῖκα
2890 1365 3127 1434 ὑποψίαν
3168 1367 3454 1434 ἀποτρίῆεο

199 1467 346 1526 σθαι,
381 1471 549 1538 μόνην
572 1467 720 1520 ἐνδον
759 1467 908 1537 ίεροῦ
937 1483 1082 1529 τινος
1108 1463 1468 1536 παραλαὸὼν,
1493 1465 1586 1516 καὶ
1627 1463 1844 1532 σίδηρον
1864 1463 1937 1525 ὡς
1972 1462 2205 1532 μάλιστα
2265 1462 2388 1530 ἐνῆν
2419 1463 2892 1530 ἀπηνθρακῶσοαι
2927 1463 3062 1533 πυρὶ
3107 1463 3468 1531 παρασκευα-

202 1575 324 1620 σας,
365 1559 554 1612 ἔπειτα
583 1559 881 1630 λαϐόμενος
935 1557 1024 1611 διὰ
1051 1560 1368 1628 πυράγρας,
1431 1556 1669 1626 ἐπέθηκε
1727 1561 1848 1619 ταῖς
1892 1555 2053 1624 χερσὶ
2105 1555 2206 1624 τῆς
2252 1555 2533 1623 γυναικὸς,
2581 1557 2678 1607 καὶ
2722 1557 2813 1608 τὸν
2861 1557 3005 1622 ίερὸν
3045 1556 3264 1608 ἐκέλευε
3303 1557 3466 1624 σκίμ-

200 1654 334 1706 ποδα
387 1656 667 1724 περιϊέναι
711 1655 854 1725 τρίς.
901 1655 1053 1706 Ἐπεὶ
1105 1654 1162 1707 δὲ
1231 1652 1526 1722 περιῆλθεν
1576 1651 1806 1716 ἀπαθῶς
1881 1652 2227 1720 κατέχουσα,
2283 1651 2358 1714 ὼς
2409 1650 2548 1718 μηδέ
2600 1650 2700 1719 τὴν
2779 1652 2956 1722 ἀρχὴν
3010 1651 3462 1722 προσομιλήσασα

201 1750 355 1817 πυρὶ,
389 1749 487 1819 τὴν
517 1751 752 1819 δύναμιν
791 1752 892 1820 τῆς
927 1750 1184 1821 ἀληθείας
1213 1749 1504 1820 θαυμάσας
1551 1750 1578 1802 ὁ
1614 1749 1774 1819 ἀνὴρ,
1815 1750 1911 1801 καὶ
1941 1750 2041 1816 τὴν
2110 1749 2238 1816 περὶ
2277 1747 2378 1816 τήν
2443 1751 2680 1813 γυναῖκα
2715 1748 2952 1816 ὑποψίαν
3001 1750 3462 1816 ἀποσκευασάμεο

201 1859 311 1905 νος,
336 1844 558 1898 ἐκέλευε
593 1846 684 1900 τὸν
714 1847 934 1916 σίδηρον
996 1845 1089 1898 ἐπὶ
1120 1845 1214 1898 τοῦ
1280 1843 1581 1914 σκίμποδος
1612 1845 1845 1898 τιθέναι.
1897 1843 2055 1897 Ἐπεὶ
2110 1843 2165 1895 δὲ
2216 1843 2418 1907 ἔκειτο,
2451 1843 2556 1896 ὐπὸ
2599 1843 2700 1912 τῆς
2750 1846 2892 1911 ἄγαν
2923 1845 3330 1916 πυρακτώσεως
3370 1846 3460 1895 τὸν

201 1938 483 2004 σκίμποδα
522 1939 843 2012 διατρήσας,
921 1942 1230 1996 κατέπεσεν
1280 1941 1374 1994 ἐπὶ
1422 1941 1523 2011 τὴν
1579 1941 1704 2012 γῆν.
1775 1939 2046 2007 Τοιαύτης
2091 1934 2160 2010 ἦν
2213 1939 2438 2010 χάριτος
2488 1939 2790 2010 ἠξιωμένος
2823 1941 2850 1992 ὁ
2903 1939 3078 2011 ἀνήρ’
3127 1941 3220 1992 καὶ
3291 1939 3463 1992 πολλὰ

198 2031 625 2108 θαυμασιώτερα
659 2037 1067 2108 κατεπράξατο,
1095 2037 1170 2100 ὡς
1215 2035 1446 2110 ὕστερον
1477 2033 1898 2108 ἐπιμνησόμεθα
1929 2035 2069 2088 κατὰ
2103 2017 2317 2106 καιρόν.

1591 2203 1817 2260 CAPUT
1860 2201 2100 2257 XXVIII.

198 2313 394 2387 Concio
416 2332 521 2386 qua
551 2331 607 2369 se
643 2331 803 2370 novus
843 2317 1132 2384 imperator
1157 2317 1346 2370 iterum
1371 2321 1434 2370 de
1459 2317 1757 2386 suspicione
1797 2316 2092 2387 tyrannidis
2107 2315 2442 2387 occupanda!
2468 2332 2744 2378 excusans,
2776 2317 2838 2370 de
2869 2318 3069 2385 injuria
3101 2321 3462 2386 conqueritur.

272 2384 577 2440 Missionem
635 2387 727 2439 dat
766 2387 1076 2456 quibusdam
1134 2387 1407 2441 militibus.
1469 2384 1710 2440 Retentos
1753 2384 2048 2452 in'agrum
2098 2385 2454 2456 Byzantinum
2503 2387 2685 2446 mittit.
2727 2397 2782 2440 ut
2824 2384 2999 2454 copias
3053 2389 3176 2441 inde
3211 2384 3462 2443 exituras

262 2467 523 2519 arceant;
565 2456 744 2524 urbem
785 2457 897 2525 ipse
933 2466 1046 2524 post
1077 2458 1326 2510 invadere
1361 2460 1578 2523 cogitat.
1619 2456 2220 2524 Adrianopolitanorum
2261 2457 2531 2510 contraria
2583 2458 2763 2510 studia
2804 2469 2851 2510 et
2890 2459 3112 2518 seditio;
3149 2462 3461 2525 optimatum

270 2528 475 2646 ἲιιῗωίο
501 2538 547 2579 ct
581 2527 827 2607 direptio.
876 2525 1087 2592 Quanta
1120 2528 1318 2582 invidia
1373 2527 1769 2582 Cantacuzcnus
1805 2528 2002 2596 passim
2048 2527 2320 2596 ﬂugrarit,
2362 2537 2410 2580 et
2448 2527 2632 2591 quibus
2686 2528 3080 2582 calamitatibus
3131 2530 3244 2592 eius
3301 2547 3462 2584 causa

294 2615 324 2646 a
363 2606 574 2646 oratum
602 2605 692 2646 sit.
3378 2641 3386 2646 .

294 2597 574 2650 aboratum
602 2599 692 2650 sit.

274 2708 541 2767 Βασιλεὺς
567 2710 621 2761 δὲ
667 2711 694 2762 ὀ
725 2711 1179 2780 Καντακουζτ,νδς
1208 2713 1286 2776 είς
1333 2710 1434 2782 τὴν
1486 2711 1782 2779 ὑστεραίαν
1821 2716 1860 2772 Β

203 2801 347 2869 μετὰ
386 2801 484 2866 τὴν
533 2800 836 2872 ἀνάρρησιν
866 2801 1166 2872 ἐκκλησίαν
1208 2803 1570 2872 συναθροίσας
1622 2804 1686 2855 ἐκ
1718 2820 1775 2855 τε

1962 2709 2264 2779 Imperator
2293 2712 2706 2774 Cantacuzenus
2738 2713 3005 2781 postrid’c
3027 2713 3321 2766 creationis
3353 2731 3465 2768 suae

1890 2802 1956 2855 ad
1991 2805 2314 2858 concinnum
2346 2806 2626 2858 advocatis
2647 2805 2713 2858 de
2745 2805 3081 2873 primoribus
3144 2817 3198 2859 et
3221 2810 3463 2863 exercitu

203 2891 304 2958 τῆς
345 2893 607 2961 στρατιᾶς
641 2894 734 2947 καὶ
765 2893 876 2946 τῶν
935 2891 1324 2964 συγκλητικῶν
1354 2897 1468 2949 ὅσοι
1499 2897 1775 2964 παρῆσαν,

204 2981 460 3051 Ἀνδρες,
491 2977 639 3050 εἶπε,
660 2984 946 3054 Ῥωμαῖοι,
1010 2987 1196 3039 καίτοι
1230 2986 1320 3057 καὶ
1354 2989 1618 3056 πρότερον
1645 2989 1778 3040 πολ-

201 3073 365 3137 λάκις
401 3077 500 3146 τὴν
531 3079 654 3146 περὲ
688 3076 935 3146 βασιλίδα
963 3081 1056 3131 καὶ
1091 3077 1320 3148 βασιλέα
1354 3079 1447 3131 τὸν
1485 3079 1598 3132 υίδν
1639 3079 1779 3148 ἐμὴν

200 3165 420 3219 εὔνοιαν
447 3167 538 3219 καὶ
569 3168 879 3239 προθυμίαν
913 3169 1010 3223 καὶ
1031 3170 1268 3241 σπουδὴν
1292 3169 1427 3240 πρὸς
1453 3171 1596 3239 ὑμᾶς
1626 3170 1778 3235 διεξ-

209 3257 408 3324 ελθὼν,
477 3259 688 3312 οὐδέπω
744 3261 909 3331 μέχρι
961 3259 1056 3313 νῦν
1103 3262 1309 3331 ἔσχηκα
1373 3261 1532 3332 κόριν
1574 3261 1665 3313 τοῦ
1704 3261 1778 3330 μὴ

208 3351 344 3414 περὶ
394 3351 502 3404 τῶν
557 3353 740 3406 αὐτῶν
803 3354 893 3406 ἀεὶ
945 3353 1223 3417 διεξιέναι.
1259 3354 1353 3406 Διὸ
1389 3356 1483 3406 καὶ
1539 3353 1654 3404 νυνὶ
1688 3355 1780 3405 τὸν

203 3444 388 3495 πάντα
415 3443 544 3512 πρὶν
577 3444 835 3510 γενέσθαι
871 3445 1056 3512 σαφῶς
1095 3445 1276 3496 εἰδότα
1309 3445 1419 3496 τῶν
1467 3445 1781 3513 λεγομένων

206 3537 467 3604 μάρτυρα
499 3535 781 3605 ποιοῦμαι,
821 3536 894 3598 ὡς
922 3537 1042 3589 οὐδέ
1080 3538 1245 3606 μέχρι
1272 3538 1527 3598 διανοίας·
1551 3537 1777 3607 ἐμαυτῷ

201 3644 258 3678 τι
291 3627 507 3679 σύνοιδα
533 3627 642 3680 τῶν
659 3627 834 3698 ὀρθῶν
864 3633 1284 3698 παρατραπέντι
1317 3629 1616 3698 λογισμῶν,
1649 3630 1782 3682 ἀλλὰ

206 3720 394 3771 πᾶσαν
437 3719 698 3788 πρόνοιαν
746 3722 1050 3790 ἐποιούμην
1086 3721 1184 3774 καὶ
1237 3721 1497 3790 σπουδὴν,
1523 3722 1586 3772 οὐ
1621 3722 1781 3789 μόνον

201 3811 276 3863 τὲ
312 3811 601 3877 Ῥωμαίων
635 3811 844 3877 αὔξειν,
870 3814 1005 3866 ἀλλὰ
1033 3817 1128 3867 καὶ
1163 3812 1398 3883 βασιλίδι
1431 3815 1525 3866 καὶ
1554 3815 1654 3884 υίῷ
1683 3815 1782 3879 τήν

201 3902 382 3972 ἀρχὴν
409 3903 719 3970 διασώζειν,
753 3907 849 3958 καὶ
882 3906 1113 3977 μηδένα,
1155 3906 1218 3959 τό
1267 3923 1328 3973 γε
1378 3907 1458 3970 είς
1486 3905 1584 3976 ἐμὲ
1623 3899 1780 3977 ἧκον,

201 3994 416 4049 ἀδικεῖν
439 3998 555 4066 ἐᾷν.
597 3999 661 4050 Ἀ
687 3998 856 4067 ἐχρῆν
895 3998 1155 4069 κάκείνην
1201 3999 1536 4070 συνορῶσαν,
1570 4000 1779 4069 τάληοή

1888 2896 1981 2964 qui
2014 2897 2264 2961 aderant,
2294 2896 2371 2950 sic
2414 2897 2630 2950 locutus
2659 2908 2741 2967 est
2773 2913 2787 2948 :
2825 2896 3146 2964 Quanquam
3197 2908 3255 2951 et
3305 2908 3466 2954 antea

1889 2988 2229 3056 frequenter,
2294 2989 2396 3042 viri
2455 2991 2712 3050 Romani,
2754 3005 2928 3043 meam
2983 3005 3109 3058 erga
3165 2992 3466 3060 Augustam

1888 3081 2119 3150 ejusque
2147 3081 2318 3134 lilium
2351 3083 2738 3151 imperatorem
2773 3081 3241 3144 benevolentiam,
3270 3084 3467 3138 alacri-

1891 3179 2057 3225 tatem
2131 3183 2294 3242 atque
2353 3173 2602 3226 studium
2675 3174 2818 3243 apud
2877 3189 2974 3228 vos
3039 3183 3270 3229 testatus
3336 3189 3463 3235 sim,

1890 3272 2067 3316 tamen
2132 3278 2304 3331 usque
2379 3263 2540 3316 hodie
2598 3263 2790 3316 eadem
2859 3277 3076 3332 semper
3132 3264 3462 3319 testilicamli

1890 3360 2134 3412 nondum
2177 3375 2262 3413 me
2292 3360 2514 3413 satietas
2563 3361 2727 3428 cepit.
2764 3359 2942 3424 Quare
2990 3369 3040 3413 et
3079 3360 3130 3411 in
3174 3363 3464 3429 praisentia

1889 3467 2036 3508 eum,
2073 3451 2165 3518 qui
2229 3452 2483 3518 pernovit
2514 3452 2698 3502 omnia
2741 3452 3056 3518 priusquam
3084 3451 3233 3512 liant,
3271 3463 3464 3506 testem

1890 3539 2105 3598 invoco.
2163 3540 2296 3592 mihi
2355 3549 2414 3594 ut
2467 3542 2572 3592 ulla
2630 3542 2680 3592 in
2733 3556 2850 3593 rea
2913 3542 3189 3595 curriculo
3239 3550 3467 3599 rationis

1889 3632 2259 3693 deﬂecterem,
2284 3648 2350 3684 ne
2377 3631 2431 3684 in
2453 3640 2690 3685 mentem
2718 3632 2938 3699 quidem
2960 3648 3196 3700 unquam
3228 3637 3465 3702 venisse,

1889 3723 1983 3777 sed
2017 3723 2072 3776 in
2104 3723 2156 3776 id
2186 3739 2403 3778 omnem
2423 3739 2610 3776 curam
2667 3724 3119 3792 diligentiamque
3143 3727 3464 3790 contulisse,

1889 3830 1998 3868 non
2036 3816 2196 3869 modo
2231 3825 2284 3868 ut
2319 3831 2430 3870 rem
2469 3817 2769 3868 Romanam
2802 3815 3195 3884 ampliﬁcarcm
3225 3857 3239 3880 ,
3274 3834 3464 3872 verum

1889 3907 2056 3962 etiam
2082 3916 2139 3960 ut
2164 3905 2451 3976 imperium
2477 3905 2808 3976 imperatrici
2862 3906 3089 3975 ejusque
3118 3906 3228 3960 ﬁlio
3253 3918 3464 3962 sartum

1893 4007 2094 4053 tectum
2146 4013 2552 4072 conservarein.
2637 4013 2760 4060 nec,
2795 4008 3063 4067 quantum
3099 3999 3152 4053 in
3185 4015 3270 4053 me
3299 4011 3466 4065 esst,

207 4087 309 4139 καὶ
358 4086 544 4140 δίκαια
596 4088 913 4158 λογίζεσθαι
973 4092 1103 4159 ’περὶ⁵
1150 4090 1309 4160 ἐμοῦ,
1337 4069 1340 4070 ν
1367 4091 1462 4145 καὶ
1503 4089 1581 4161 μὴ
1613 4090 1783 4154 οὕτως

1891 4092 1998 4145 ulla
2028 4107 2124 4146 eos
2160 4091 2300 4146 allici
2335 4091 2536 4162 injuria
2586 4091 2849 4147 sinerem.
2887 4090 3019 4157 Qua:
3067 4107 3192 4144 cum
3230 4101 3284 4146 et
3319 4093 3466 4148 illam

201 4180 430 4248 ἐρήμην
460 4181 969 4250 καταψηφίζεσθαι,
999 4183 1312 4254 ἀνθρώποις
1343 4182 1660 4236 πεισθεῖσαν
1690 4201 1784 4235 συ-

204 4271 535 4337 κοφάνταις.
580 4271 735 4324 Ἐπεὶ
780 4272 824 4325 δ’
855 4274 1037 4344 ἐκείνη
1064 4273 1304 4344 τάληθὲς
1343 4273 1788 4344 παραδραμοῦσα

201 4364 496 4432 προείλετο
552 4363 614 4416 τὸ
673 4362 890 4431 ψεῦδος,
941 4369 1036 4416 καὶ
1082 4365 1249 4436 μηδὲν
1283 4364 1612 4435 ἠδικηκότα,
1646 4366 1785 4434 μήτε

202 4457 489 4524 πρόφασιν
547 4456 790 4526 πολέμου
837 4456 1279 4526 παρεσχημένον
1308 4457 1587 4524 οὐδεμίαν,
1626 4455 1785 4508 πολέ-

206 4566 336 4616 μιον
368 4547 674 4616 ἐψηφίσατο
723 4548 882 4617 αὐτῇ,
923 4549 1017 4600 καὶ
1061 4548 1263 4608 πάσαις
1301 4546 1520 4598 πόλεσιν
1551 4546 1785 4616 ἐκήρυξε

209 4639 291 4708 μὴ
318 4639 595 4708 δέχεσθαι,
650 4637 782 4691 ἀλλὰ
839 4638 1005 4691 παντὶ
1061 4638 1236 4690 σθένει
1292 4637 1571 4708 πολεμεῖν,
1603 4638 1787 4708 ἃύμῖν

201 4732 512 4783 λυσιτελεῖν
570 4733 707 4800 πρὸς
756 4733 824 4783 τὰ
875 4730 1119 4800 παρόντα
1176 4731 1268 4782 καὶ
1326 4732 1449 4799 ἐμοὶ
1513 4731 1788 4795 συνέδοξεν

203 4824 430 4892 ἀνάγκῃ
483 4823 923 4891 συνελαυνόμενοι
982 4822 1324 4891 ἐπράξαμεν.
1383 4824 1496 4891 Τῆς
1545 4823 1643 4892 μὲν
1696 4823 1787 4876 οὗν

204 4914 527 4984 προθυμίας
547 4914 706 4966 ἕνεκα
749 4913 843 4966 καὶ
883 4911 982 4980 τῆς
1012 4916 1140 4981 περὶ
1169 4913 1266 4981 ἐμὲ
1299 4913 1532 4976 εὐνοίας,
1563 4916 1790 4984 χάριτας

205 5007 348 5076 ὑμῖν
377 5005 573 5067 πολλὰς
606 5003 876 5074 ὁμολογῶ.
929 5005 1150 5057 Δίκαιον
1179 5004 1232 5056 δὲ
1269 5003 1510 5074 ήγοῦμαι
1543 5008 1641 5074 τὴν
1668 5008 1788 5074 ίσην

205 5098 306 5152 καὶ
340 5097 504 5150 αὐτὸν
536 5100 661 5165 περὶ
719 5095 862 5162 ὑμᾶς
899 5094 1343 5163 ἐπιδεικνύμενον
1374 5095 1722 5166 κηδεμονίαν,
1757 5094 1792 5149 ἆ

206 5191 490 5245 συνοίσειν
533 5191 716 5259 οῐομαι
769 5188 896 5256 ὑμῖν
959 5187 1200 5257 ἑκάστῳ,
1251 5189 1341 5240 καὶ
1377 5191 1666 5258 παραινεῖν
1698 5191 1793 5242 καὶ

202 5285 533 5355 ἐπιτρέπειν
559 5295 573 5309 ⁸
603 5281 664 5334 οὐ
709 5282 816 5350 γὰρ
849 5280 914 5332 ἂν
949 5278 1037 5349 εἴη
1063 5279 1342 5346 φιλοῦντος
1375 5281 1423 5332 εί
1462 5281 1572 5333 τῶν
1617 5281 1718 5351 ίδία
1741 5300 1791 5334 τι

1891 4205 1996 4242 non
2041 4188 2310 4258 lugerent,
2368 4202 2495 4242 vera
2544 4196 2600 4239 et
2627 4187 2771 4255 justa
2809 4186 2876 4239 de
2926 4201 3016 4253 me
3078 4188 3310 4251 sentire,
3364 4205 3465 4244 nec

1887 4279 2024 4330 adeo
2054 4276 2406 4346 sycopliantis
2433 4276 2732 4337 credulam,
2766 4275 2971 4329 indicta
2999 4290 3162 4331 eausa
3199 4279 3466 4333 condem-

1889 4384 2022 4422 nare
2051 4385 2139 4428 me
2171 4365 2505 4436 oportebat.'-
2532 4367 2669 4432 Quia
2708 4381 2836 4420 vero
2880 4368 3182 4435 postposita
3235 4371 3466 4425 veritate

1890 4460 2236 4514 mendacium
2276 4458 2530 4528 amplecti
2583 4457 2796 4520 maluit,
2852 4472 3047 4527 meque
3097 4459 3256 4528 culpa
3317 4460 3468 4516 omni

1891 4563 2218 4616 vacantem,
2282 4563 2337 4605 et
2400 4551 2606 4605 nullam
2668 4551 2810 4604 l-ello
2862 4565 3053 4604 ansam
3108 4553 3465 4620 prmbentem,

1892 4645 2104 4699 hostem
2161 4660 2320 4698 suum
2369 4643 2684 4706 declaravit,
2719 4651 2775 4695 et
2828 4641 3071 4696 edictum
3118 4658 3214 4712 per
3279 4661 3471 4700 omnes

1846 4793 1849 4796 _
1892 4741 2060 4791 urbes
2113 4737 2180 4791 do
2239 4750 2325 4790 me
2351 4734 2692 4788 exc-ludendo
2751 4743 2808 4787 et
2866 4749 3030 4801 quam
3058 4734 3328 4788 acerrime
3371 4752 3472 4803 0p-

1894 4827 2184 4897 pugnando
2240 4823 2622 4896 promulgavit,
2677 4821 2834 4893 44],
2878 4840 2997 4890 qum
3041 4824 3197 4875 vobis
3251 4834 3300 4876 ct
3338 4825 3473 4881 niEhi

1895 4920 1947 4972 in
2033 4933 2269 4988 praesens
2343 4927 2560 4985 tempus
2623 4913 2991 4969 conducibilia
3069 4927 3470 4982 apparuerunt.

1895 5011 2222 5081 necessitate
2266 5008 2531 5078 compulsi
2583 5007 2837 5060 fecimus.
2898 5007 3103 5060 Vestra:
3140 5006 3306 5074 igitur
3341 5020 3468 5077 «rora

1901 5115 1986 5153 me
2042 5108 2306 5168 prompta:
2354 5114 2417 5152 ac
2469 5098 2729 5152 studiosa:
2765 5099 3031 5152 voluntati
3086 5099 3339 5168 ingentes
3369 5117 3473 5172 ago
3535 5155 3538 5158 .

1897 5191 2125 5262 gratias,
2191 5201 2246 5246 et
2277 5206 2498 5260 aequum
2552 5190 2816 5256 arbitror,
2877 5207 2963 5246 me
3018 5195 3133 5260 pari
3167 5209 3266 5261 pro
3321 5195 3474 5248 vobis

1897 5301 2028 5338 cura
2063 5284 2384 5350 sollicitum,
2427 5300 2548 5353 quae
2575 5299 2702 5338 cum
2748 5284 2932 5338 fructu
2967 5297 3152 5340 vestro
3178 5288 3473 5355 conjuncta

201 5380 337 5447 ἐμοὶ
386 5375 755 5443 διαφερόντων
803 5373 965 5425 ἕνεκα
1016 5373 1118 5440 τῆς
1168 5373 1275 5424 τῶν
1305 5372 1479 5426 ἄλλων
1519 5377 1787 5444 σωτηρίας

1897 5387 2053 5448 puto,
2079 5380 2372 5446 ea'cuique
2404 5387 2460 5432 et
2501 5376 2756 5441 suadere,
2805 5386 2859 5431 et
2903 5377 3269 5433 committere.
3321 5379 3475 5433 llaud

201 5469 501 5540 ἀμελοίην.
539 5464 723 5528 Ὀσοις
750 5466 928 5519 τοίνυν
955 5465 1110 5535 ὑμῶν
1143 5468 1202 5518 ἐν
1225 5460 1311 5527 αἷς
1344 5468 1441 5536 οὐχ
1473 5467 1792 5520 ὑπόκεινται

206 5564 440 5617 πόλεσιν
472 5562 601 5630 ἡμῖν
629 5559 660 5629 ἢ
687 5559 930 5627 κώμαις,
961 5557 1130 5610 οἰκίαι
1157 5559 1216 5611 τέ
1248 5561 1356 5610 εἰσι
1386 5559 1479 5611 καὶ
1507 5559 1672 5612 τέκνα
1701 5561 1794 5612 καὶ

207 5656 500 5726 γυναῖκες,
531 5652 680 5721 καὶή
713 5651 850 5718 ἄλλη
877 5648 974 5702 τοῦ
1031 5649 1147 5719 βίου
1177 5646 1422 5720 ἀφορμὴ.
1453 5652 1518 5703 οὗ
1555 5654 1658 5722 χρὴ
1697 5655 1795 5720 τῇς

203 5754 296 5812 εἰς
335 5748 481 5815 ἡμᾶς
512 5747 722 5806 εὐνοίας
771 5745 935 5795 ’ἑνεκα
975 5742 1206 5796 ἐνταῦθλ
1270 5743 1691 5814 καρτεροῦντας,
1727 5747 1794 5798 τὰ

203 5847 392 5904 οἰκεῖα
421 5842 698 5895 ἀπολύειν.
752 5839 1147 5919 Ἄτοπονγὰρ
1191 5839 1291 5908 τὴν
1343 5842 1422 5901 είς
1465 5840 1564 5908 ἐμὲ
1611 5840 1793 5907 φιλίαν

1897 5472 2044 5525 enim
2100 5470 2262 5524 amici
2323 5469 2583 5540 fungerer
2649 5469 2852 5531 cilicio,
2919 5469 2962 5523 si
3024 5471 3311 5524 commoda
3357 5489 3474 5526 mea

1897 5564 2108 5633 privata
2184 5562 2418 5615 aliorum
2479 5561 2641 5616 saluti
2715 5571 3138 5630 anteponerem.
3198 5561 3472 5634 Quotquot

1894 5671 2027 5724 ergo
2089 5654 2144 5708 in
2205 5655 2437 5708 urbibus
2497 5665 2591 5707 aut
2654 5656 2794 5706 vicis
2839 5652 2999 5706 nobis
3049 5669 3158 5707 non
3216 5655 3475 5724 subjectis

1897 5747 2235 5800 domicilium
2272 5745 2507 5810 habetis,
2538 5754 2592 5799 et
2637 5759 2838 5798 uxores
2864 5758 2990 5797 cum
3022 5743 3233 5811 liberis,
3260 5746 3476 5814 aliaque

1898 5840 2019 5894 vita:
2037 5837 2301 5898 suls'dia,
2319 5854 2424 5892 non
2443 5852 2664 5891 necesse
2681 5847 2764 5890 est
2786 5836 2871 5890 hic
2893 5835 3034 5903 apud
3053 5852 3137 5888 me
3160 5837 3477 5901 perdurare.
