4194 6440
287 443 397 504 8³ῖὸ

1444 440 1982 505 HISTORIABUM
2019 440 2249 504 LIBER
2293 443 2405 504 III.

3398 438 3505 504 871

265 557 458 621 ἔδρων,
497 556 545 605 ol
593 553 754 622 δῆμοι
783 555 839 607 δέ
891 553 994 607 ὑπὸ
1048 553 1156 606 τῶν
1203 555 1545 606 στασιαστῶν
1572 554 1871 622 ἀγδμενοιε

1962 553 2179 607 iondum
2221 557 2457 610 transito
2511 560 2692 608 castra
2754 554 2978 621 locavit,
3033 555 3409 626 deiectamque
3437 561 3506 613 de

264 644 500 698 καὶστῶν
555 645 798 714 ἀπόρων,
856 647 922 697 τὰ
978 643 1252 712 βασιλίδος
1311 643 1539 713 ᾑροῦντο
1595 645 1825 712 μᾶλλον·

266 747 552 798 κρείττους
588 735 644 788 δέ
665 737 714 787 ot
739 735 923 787 πολλοὶ
955 735 1228 806 πανταχοῦ
1264 737 1560 803 γινόμενοι,
1593 735 1830 802 διέφθει-

272 843 365 896 ρον
393 828 518 888 τοὺς
543 825 821 890 δυνατούς.
847 828 968 878 Καὶ
1001 827 1262 895 σύγχυσις
1311 825 1459 896 δεινὴ
1500 826 1595 878 καὶ
1639 825 1834 889 ἀταξία

266 919 366 977 τὰς
400 917 581 978 πόλεις
607 919 880 985 κατεῖχεν.
932 916 1279 985 Ἀλέξανδρος
1304 916 1359 968 δέ
1383 917 1411 968 ὀ
1447 915 1650 969 Μυσῶν
1678 915 1833 983 βασι-

265 1007 393 1067 λεὺς
452 1009 572 1057 ἐπεὶ
605 1006 704 1069 τὴν
771 1006 1049 1075 ’Δδριανοῦ
1097 1009 1395 1074 κατασχεῖν
1421 1007 1520 1058 οὐκ
1570 1005 1833 1072 ἠδυνήθη,

269 1099 406 1164 πρὸς
456 1096 824 1164 Διδυμοτείχῳ
883 1097 1378 1166 ἐστρατοπέδευσεν
1437 1095 1628 1156 ἐλθὼν.
1671 1096 1837 1164 μήπω

282 1183 475 1243 διαϐὰς
511 1184 601 1234 τὸν
637 1183 858 1253 Ἕϐρον.
911 1184 1176 1254 Στρατιὰν
1230 1186 1288 1239 δέ
1343 1185 1743 1252 ἀπολεξάμενος
1774 1186 1839 1236 ἐκ

265 1272 365 1341 τῆς
398 1271 532 1335 ἰδίας
561 1274 660 1324 οὐκ
681 1263 890 1342 ὀλίγην,
932 1274 1066 1343 πρὸς
1098 1275 1193 1337 τὰς
1225 1274 1367 1328 κατὰ
1396 1275 1617 1344 Θρᾴκην
1645 1273 1842 1336 ἐξαπέ-

269 1365 448 1414 στειλε
498 1362 680 1425 πόλεις
733 1363 1119 1432 ληῖσομένους.
1183 1366 1340 1419 Οὕτω
1389 1366 1446 1418 δέ
1475 1365 1742 1434 συμϐάνή
1776 1367 1841 1416 ἐκ

269 1452 566 1514 Βυζαντίου
630 1452 889 1520 Ἀγγέλου
938 1452 1034 1506 τοῦ
1091 1454 1366 1524 πιγκέρνη
1427 1453 1843 1523 ἀναστρέφουσα

270 1540 527 1610 στρατιά,
549 1541 648 1592 ούκ
688 1541 890 1608 ὀλίγοις
923 1542 1102 1594 αὐτῶν
1129 1542 1520 1612 περιτυχοῦσα,
1551 1545 1642 1596 καὶ
1663 1544 1844 1611 κρείτ-

268 1649 382 1684 των
412 1634 700 1700 γενομένη,
737 1633 1030 1685 ἀπέκτεινε
1059 1635 1200 1685 κατὰ
1226 1635 1327 1702 τὴν
1364 1635 1565 1704 μάχην.
1613 1632 1846 1701 Ὁμοίως

268 1723 328 1774 δέ
362 1727 456 1775 καὶ
478 1723 699 1792 περὶτὰ
734 1722 979 1791 παράλια
1012 1725 1111 1792 τῆς
1135 1723 1356 1792 Θρᾴκης
1407 1723 1584 1792 χωρία
1617 1722 1846 1791 στρατιὰ

1933 644 2182 697 exercitu
2208 658 2430 698 manum
2485 658 2591 697 non
2646 645 2914 699 modicam
2953 647 3019 699 ad
3044 648 3209 701 urbes
3263 645 3509 702 Thracias

1946 733 2356 801 depopulandos
2407 733 2574 787 misit.
2607 733 2744 788 Tum
2798 735 2892 802 qui
2944 750 3008 788 ex
3049 751 3177 801 agro
3210 735 3510 804 Byzantina

1934 834 2059 874 cum
2109 821 2319 889 Angelo
2352 823 2615 890 piueerna
2663 826 3096 888 revertebantur,
3131 824 3380 893 plurimis
3417 841 3512 878 eo—

1935 927 2057 964 rum
2097 912 2270 976 obvii,
2303 915 2563 968 conllictu
2601 929 2696 969 eos
2723 915 3004 970 occidunt.
3037 917 3301 970 Similiter
3363 919 3510 972 circa

1937 1001 2212 1055 maritima
2248 1002 2499 1058 Thracia:
2555 1005 2674 1058 loca
2707 1007 2906 1072 Persae,
2936 1022 3058 1060 cum
3104 1017 3160 1060 et
3204 1009 3303 1075 ipsi
3338 1025 3512 1077 popu-

1938 1091 2110 1144 latum
2159 1094 2614 1158 transmisissent,
2648 1095 2874 1164 reliquis
2915 1097 3098 1151 Moesis
3147 1113 3277 1152 casu
3324 1115 3516 1161 occur.

1941 1191 2156 1247 rentcs,
2210 1184 2420 1252 aliquot
2480 1185 2813 1248 interiectis,
2864 1188 3178 1256 complures
3239 1190 3513 1256 capiunt:

1938 1271 2121 1324 caeteri
2148 1274 2215 1324 ad
2247 1272 2549 1326 exercitum
2581 1289 2740 1327 suum
2776 1290 2882 1328 non
2938 1278 3098 1330 modo
3134 1277 3253 1330 sine
3306 1293 3510 1345 praeda,

1943 1361 2035 1412 sed
2072 1369 2128 1413 et
2159 1360 2346 1414 multis
2371 1377 2593 1415 suorum
2620 1363 2838 1416 amissis
2871 1379 2930 1417 se
2961 1368 3260 1432 recipiunt.
3284 1369 3518 1420 Alexan-

1942 1449 2038 1501 der
2057 1464 2371 1518 quanquam
2419 1450 2572 1518 prius
2601 1451 3043 1507 Cantacuzenum
3096 1465 3514 1521 contemneret,

1945 1543 2089 1608 quod
2125 1542 2228 1594 sibi
2264 1557 2330 1594 ne
2353 1544 2574 1610 paulum
2608 1545 2828 1611 quidem
2858 1547 3119 1600 resistere
3145 1563 3304 1616 posse
3329 1553 3520 1617 opina-

1946 1640 2121 1696 retur,
2139 1645 2260 1684 cum
2287 1642 2650 1701 praeterquam
2666 1637 2811 1703 quod
2836 1638 3094 1704 utrinque
3111 1649 3165 1693 et
3192 1658 3216 1689 υ
3255 1639 3519 1693 Romanis

1946 1731 2054 1776 eta
2092 1721 2274 1775 Persis
2311 1722 2469 1776 lusus
2520 1733 2684 1788 esset,
2739 1725 2985 1778 audisset
3040 1726 3282 1796 insuper,
3340 1729 3516 1797 ipsum

272 1813 518 1883 Περσικὴ
544 1815 634 1866 ἐπὶ
664 1812 816 1866 λείαν
842 1814 936 1867 καὶ
963 1815 1105 1884 αὐτη
1142 1813 1538 1885 περαιωθεῖσα,
1564 1815 1674 1875 τοῖς
1712 1813 1842 1864 ὑπο-

1962 1811 2312 1880 Didymoticbi
2336 1813 2537 1868 habere
2562 1829 2819 1882 magnum
2853 1831 3140 1870 numerum
3169 1827 3517 1874 strenuorum

270 1902 480 1966 λοίποις
511 1902 620 1957 τῶν
669 1904 872 1958 Μυσῶν
927 1906 1066 1958 κατὰ
1102 1905 1272 1975 τύχην
1307 1904 1664 1976 συντυχοῦσα,
1701 1905 1837 1957 ἀπέ-

1962 1900 2198 1966 nilitum,
2257 1901 2504 1970 reliquiis
2570 1881 2686 1957 suis
2736 1903 2960 1967 timuit,
3045 1919 3114 1959 ne
3162 1907 3301 1959 forte
3360 1899 3522 1963 secus

273 1994 457 2046 κτεινέ
484 2010 544 2046 τε
577 1995 674 2046 καὶ
727 1987 840 2046 εἷλε
894 1993 1105 2058 ζῶντας
1155 1995 1215 2060 ἐξ
1266 1995 1445 2048 αὐτῶν
1484 1993 1736 2058 πολλούς.
1785 1996 1850 2048 Οί

272 2083 334 2137 δέ
358 2082 539 2136 λοιποὶ
591 2085 728 2152 πρὸς
766 2084 1132 2154 στρατόπεδον
1187 2085 1251 2137 τὸ
1287 2086 1490 2138 οἰκεῖον
1522 2085 1848 2154 ἐπανῆλθον,

273 2174 339 2227 ού
389 2174 550 2243 μόνον
579 2173 794 2244 ἔχοντες
826 2175 1017 2244 μηδὲν,
1048 2175 1183 2228 ἀλλὰ
1207 2176 1303 2228 καὶ
1330 2175 1437 2228 τῶν
1471 2174 1614 2227 ἰδίων
1627 2173 1853 2236 πολλοὺς

274 2268 668 2331 ἀποϐαλόντες.
716 2267 1065 2338 Ἀλέξανδρος
1086 2267 1140 2320 δέ
1177 2267 1358 2321 καίτοι
1392 2267 1658 2338 πρότερον
1685 2282 1855 2320 κατα-

279 2359 624 2432 φρονητικῶς
658 2360 795 2428 πρὸς
857 2358 1315 2428 Καντακουζηνὸν
1343 2360 1434 2410 τὸν
1478 2359 1704 2428 βασιλέα
1738 2357 1856 2410 δια-

282 2455 561 2520 κείμενος,
617 2448 707 2505 οία
751 2451 818 2521 δὴ
846 2451 1092 2521 οίόμενος
1148 2450 1282 2521 μηδέ
1339 2449 1498 2517 ὀλίγα
1553 2449 1852 2518 δυνάμενον

279 2543 698 2617 ἀντιτάττεσθαι
728 2544 860 2612 πρὸς
888 2545 1071 2608 αὑτὸν,
1097 2542 1231 2611 πρὸς
1266 2540 1346 2610 τῷ
1379 2539 1652 2617 πληγῆναι
1679 2540 1857 2608 ἀμφο-

279 2607 648 2706 τέρωθεξύπό
674 2652 734 2687 τε
771 2607 1061 2703 Ῥωμαίων
1096 2607 1189 2686 καὶ
1216 2607 1443 2702 Περσων
1504 2607 1599 2684 ἐτι
1649 2607 1743 2685 καί
1767 2631 1858 2683 τὸν

287 2728 512 2798 βασιλέα
541 2728 843 2796 πυθόμενος
873 2729 930 2778 ἐν
958 2725 1326 2794 Διδυμοτείχῳ
1357 2725 1618 2793 στρατιᾶς
1655 2723 1858 2791 πολλῆς

287 2823 385 2876 καὶ
414 2819 624 2887 ἀγαθῆς
660 2820 938 2888 εὐπορεῖν,
972 2818 1146 2868 ἔδεισε
1181 2818 1275 2868 καὶ
1310 2819 1437 2884 περὶ
1481 2817 1588 2868 τῶν
1638 2815 1860 2867 ὑπολοί-

289 2929 409 2965 πων
443 2914 518 2981 μὴ
545 2912 643 2962 οὐκ
675 2912 754 2970 εἰς
788 2908 990 2974 ἀγαθὸν
1042 2906 1193 2974 αὺτῴ
1240 2908 1272 2972 ἠ
1308 2907 1477 2972 τόλμα
1509 2903 1691 2974 ἀποϐῇ
1717 2921 1729 2933 ·
1766 2904 1861 2956 καὶ⁹

289 3005 515 3072 πέμψας
571 2998 889 3061 πρεσϐείαν,
919 2998 1191 3064 διελέγετο
1222 2997 1346 3065 περὶ
1376 2996 1617 3066 εἰρήνης.
1651 2996 1772 3048 Τῶν
1805 2996 1861 3048 δὲ

289 3095 502 3166 βασιλεῖ
531 3093 798 3146 συνόντων
826 3093 875 3143 οἱ
915 3091 970 3142 ἐν
1018 3089 1225 3160 ἡλικίαι
1248 3091 1343 3142 καὶ
1384 3088 1708 3160 θρασύτεροι
1765 3089 1863 3150 τὰς

288 3189 468 3257 ὁρμὰς
540 3185 614 3255 μὴ
663 3183 912 3253 δέχεσθαι
964 3180 1242 3250 παρῄνουν
1291 3181 1390 3249 τὴν
1450 3180 1698 3250 εἰρήνην,
1739 3176 1862 3232 ἀλλ’
1891 3219 1935 3278 c

286 3279 556 3346 ἐξώρμων
608 3275 830 3345 βασιλέα
870 3273 1067 3344 μᾶλλον
1121 3271 1258 3342 πρὸς
1296 3273 1394 3339 τὴν
1439 3272 1643 3340 μάχην.
1685 3269 1745 3322 Ὀ
1805 3269 1863 3322 δέ

293 3367 397 3424 οὐκ
431 3370 699 3430 ἐπείθετο,
732 3369 865 3437 πρὸς
898 3366 1048 3419 οὐδὲν
1078 3366 1325 3434 οἰόμενος
1357 3363 1449 3417 τὸν
1481 3363 1715 3432 πόλεμον
1770 3362 1868 3416 αύ-

293 3465 411 3526 τοῖς
445 3459 836 3529 λυσιτελήσειν.
872 3457 932 3509 El
964 3457 1060 3527 μέν
1093 3456 1201 3525 γὰρ
1231 3456 1370 3525 πρὸς
1406 3455 1867 3522 μόνους,ἐφασκε,

295 3556 517 3615 Μυσοὺς
552 3549 618 3622 ἦν
641 3553 669 3602 ὁ
695 3550 842 3619 ἁγὼν
876 3552 1031 3619 ἡμῖν,
1063 3544 1209 3617 εἶχεν
1250 3549 1315 3602 ἄν
1343 3564 1464 3600 τινα
1492 3549 1524 3616 ἡ
1555 3548 1730 3616 τόλμα
1778 3545 1866 3597 λό-

298 3662 430 3716 γον·
468 3647 587 3699 νυνὶ
622 3643 679 3696 δέ
720 3644 779 3695 ού
819 3641 1020 3710 μᾶλλον
1051 3639 1274 3701 τούτους
1311 3638 1481 3707 ἡμᾶς,
1512 3637 1547 3704 ἢ
1581 3637 1727 3699 ὅπως
1759 3638 1867 3689 Βυ-

300 3739 551 3805 ζαντίους
581 3732 940 3806 ἀμυνούμεθα
965 3731 1068 3802 χρὴ
1095 3735 1339 3784 σκοπεῖν.
1377 3731 1475 3781 Ἀν
1495 3745 1556 3781 τε
1574 3730 1684 3797 γάρ
1719 3731 1871 3800 νική-

305 3847 491 3899 σωμεν
515 3829 758 3893 Μυσοὺς,
788 3825 942 3879 ούδέν
981 3824 1132 3875 ἔσται
1178 3821 1364 3887 πλέον,
1402 3819 1435 3888 ἢ
1476 3821 1624 3881 ὅπως
1663 3820 1872 3873 ἐνθένδε

297 3921 668 3989 ἅπελάσωμεν
707 3935 722 3950 θ
755 3920 892 3986 ὅπερ
920 3916 1104 3977 αὐτοῖς
1137 3914 1349 3983 ἀνάγκη
1386 3913 1675 3983 πράττειν,
1720 3912 1784 3966 ἄν
1815 3931 1872 3966 τε

298 4013 631 4084 ἡττηθῶσιν,
672 4011 738 4064 ἄν
773 4023 834 4060 τε
901 4007 1002 4075 μή.
1075 4005 1202 4057 Ἐὰν
1249 4002 1307 4055 δέ
1351 4001 1646 4071 ἡττώμεθα
1697 4003 1872 4066 αὐτοὶ,

297 4105 490 4173 ὥσπερ
515 4102 634 4155 καθ’
665 4101 822 4170 ἡμῶν
854 4097 1036 4150 αὐτῶν
1073 4094 1390 4164 ἐξεπίτηδες
1421 4093 1876 4162 στρατηγήσομεν

298 4201 413 4251 τοῖς
468 4194 769 4264 πολεμίοις.
833 4191 996 4243 Ὥστε
1039 4188 1093 4242 τί
1134 4187 1200 4240 ἂν
1253 4187 1338 4257 είη
1389 4186 1592 4256 μᾶλλον
1649 4187 1877 4248 ἐκείνοις

301 4291 450 4361 ηδιον
471 4289 562 4342 καὶ
581 4284 1041 4352 λυσιτελέστερον,
1068 4281 1100 4349 ἢ
1124 4280 1269 4350 ἡμᾶς
1291 4279 1488 4340 αὐτοὺς
1518 4277 1609 4330 ὑπ’
1626 4276 1879 4338 ἀϐουλίας

300 4382 340 4435 ἃ
371 4380 598 4440 ἐκείνοις
627 4376 788 4444 εὐχῆς
811 4373 936 4438 ἄξια
955 4371 1262 4439 νομίζεται,
1297 4371 1472 4422 ποιεῖν
1500 4385 1515 4434 ;
1552 4367 1764 4430 ’Ἄλλως
1793 4384 1873 4433 τε,

302 4475 428 4527 οὺδέ
467 4470 823 4538 Ἀλεξάνδρου
858 4465 1137 4535 πρόφασιν
1189 4465 1324 4532 ἡμῖν
1353 4462 1568 4516 δικαίαν
1611 4461 1747 4530 πρὸς
1788 4461 1880 4512 τὸν

1951 1992 2198 2046 eveniret
2257 1992 2506 2057 audacia,
2557 1994 2850 2063 missisque
2908 1996 3224 2051 oratoribus
3272 1999 3338 2051 de
3391 2015 3522 2068 pace

1952 2079 2084 2150 egit.
2109 2080 2239 2146 Quae.
2273 2081 2588 2150 imperatori
2623 2084 2891 2138 militabat
2913 2086 3197 2154 juventus,
3215 2089 3524 2144 artatisier-

1954 2188 2084 2228 vore
2116 2174 2436 2238 animosior,
2492 2190 2682 2244 pacem
2743 2178 3078 2245 dissuadere,
3125 2183 3407 2248 magisque
3455 2187 3522 2235 ad

1953 2265 2202 2334 praelium
2262 2267 2563 2336 impellere.
2627 2268 2721 2323 Ille
2778 2269 3070 2338 repudiare
3119 2273 3429 2338 consilium,
3465 2287 3526 2329 ut

1956 2369 2148 2422 parum
2180 2355 2334 2410 utile.
2364 2355 2421 2411 Si
2467 2359 2636 2420 enim,
2669 2356 2978 2427 inquiebat.
3019 2376 3144 2414 cum
3179 2362 3308 2415 solis
3337 2362 3523 2418 Masis

1955 2453 2234 2498 certamen
2267 2446 2425 2501 nobis
2477 2459 2641 2512 esset,
2676 2465 2784 2502 non
2813 2450 2930 2503 sine
2968 2451 3154 2519 aliqua
3183 2454 3393 2509 ratione
3429 2469 3527 2508 au-

1959 2535 2212 2588 deremus
2241 2554 2254 2589 :
2285 2551 2431 2590 nunc
2461 2553 2569 2591 non
2602 2540 2774 2608 magis
2799 2544 3074 2609 quomodo
3097 2543 3314 2609 horum,
3361 2560 3525 2614 quam

1957 2627 2233 2692 quomodo
2278 2627 2666 2698 Byzantiorum
2702 2647 2733 2684 a
2764 2631 2923 2686 nobis
2958 2635 3065 2685 vim
3113 2637 3526 2703 prohibeamus,

1959 2716 2414 2771 considerandum
2457 2731 2563 2773 est.
2603 2719 2730 2774 Sive
2777 2721 2924 2776 enim
2973 2723 3176 2778 Muesos
3215 2727 3526 2792 vicerimus,

1961 2806 2099 2860 nihil
2131 2802 2536 2878 consequemur
2588 2812 2756 2876 aliud,
2809 2829 2972 2883 quam
3011 2826 3071 2869 ut
3122 2817 3250 2872 hinc
3305 2821 3526 2882 abeant,

1962 2896 2108 2964 quod
2148 2899 2368 2966 quidem
2423 2905 2732 2957 necessario
2780 2906 2894 2973 jam
2929 2905 3108 2962 facere
3144 2909 3382 2974 debent;
3414 2917 3528 2966 sive

1962 2987 2246 3043 vincamur
2287 2991 2426 3060 ipsi,
2484 2995 2632 3046 velut
2681 2995 2746 3048 de
2785 2998 3048 3050 industria
3105 2999 3291 3054 hostes
3341 3013 3529 3056 contra

1963 3089 2198 3146 nosmet,
2235 3092 2488 3151 tanquam
2532 3086 2700 3140 duces
2731 3102 2940 3151 eorum,
2989 3090 3342 3145 adducemus.
3391 3093 3530 3158 Quid

1969 3170 2135 3240 igitur
2163 3172 2270 3225 illis
2294 3174 2592 3242 jucundius
2655 3187 2818 3246 atque
2847 3178 3204 3242 fructuosius.
3240 3198 3400 3250 quam
3435 3203 3535 3238 nos

1970 3263 2112 3332 ipsos
2155 3265 2385 3320 stultitia
2440 3268 2676 3335 quadam
2710 3273 3073 3337 committere,
3134 3277 3280 3342 (ιιιιιιι
3333 3275 3434 3344 ipsi
3475 3289 3538 3330 ut

1969 3356 2190 3412 difﬁcile
2233 3359 2376 3411 votis
2421 3361 2786 3428 expetendum
2846 3366 3105 3419 censent?
3134 3366 3211 3419 Ad
3249 3367 3363 3421 haec
3409 3383 3533 3420 cum

1969 3449 2278 3504 Alexander
2329 3451 2531 3520 justam
2585 3453 2744 3508 nobis
2771 3470 2965 3525 pugnae
3022 3458 3369 3511 occasionem
3424 3475 3534 3512 non

1970 3543 2254 3606 obtulerit,
2288 3544 2471 3614 injusti
2503 3544 2697 3608 simus,
2720 3547 2825 3600 nisi
2852 3563 3037 3617 pacem
3064 3565 3188 3603 cum
3218 3565 3285 3603 eo
3307 3551 3538 3621 conjun-

1971 3652 2205 3706 gamus;
2248 3652 2356 3690 non
2388 3639 2534 3690 enim
2586 3653 2684 3692 nos
2717 3640 2930 3707 petivit,
2979 3643 3075 3694 sed
3134 3656 3261 3695 cum
3319 3642 3425 3695 alia
3473 3645 3539 3695 de

1972 3743 2136 3782 causa
2188 3728 2298 3781 huc
2347 3728 2614 3793 venisset,
2683 3731 2844 3785 nobis
2900 3732 3045 3786 haud
3093 3733 3282 3787 volens
3333 3735 3538 3788 nocuit.

1973 3819 2153 3886 Quare
2179 3822 2306 3891 quia
2342 3835 2444 3876 nec
2473 3823 2763 3891 profutura
2799 3833 2883 3878 est
2907 3825 3064 3879 nobis
3093 3824 3396 3887 dimicatio.
3446 3843 3546 3879 nec

1976 3910 2170 3964 idonea
2200 3913 2318 3982 ejus
2361 3927 2525 3967 causa
2575 3913 2829 3977 oﬂertur,
2882 3929 2983 3983 pax
3016 3915 3396 3983 amplectenda
3436 3927 3542 3971 est.

1977 4002 2075 4057 His
2097 4004 2255 4059 dictis
2270 4005 2738 4073 iegatosaccersit,
2754 4009 2821 4060 de
2839 4005 3045 4061 findere
3067 4009 3382 4078 respondet,
3408 4019 3463 4063 et
3479 4014 3544 4061 ad

1979 4095 2030 4149 i-l
2071 4107 2350 4166 promptos
2382 4098 2538 4152 donis
2567 4099 2818 4162 honorat,
2847 4109 3014 4167 atque
3046 4102 3111 4153 ad
3143 4115 3272 4156 suos
3295 4102 3547 4163 remittit,

1980 4188 2209 4256 ipseque
2264 4204 2360 4257 per
2403 4204 2532 4243 suos
2584 4191 2648 4242 ad
2695 4190 3064 4245 Alexandrum
3117 4190 3324 4262 legatos
3371 4192 3550 4246 Icedus

1980 4280 2286 4333 eonlirinat.
2325 4280 2457 4333 Dum
2518 4291 2699 4334 autem
2748 4297 2904 4351 reges
2939 4284 3005 4336 ad
3057 4283 3548 4336 eunstabilieudam

1983 4370 2275 4423 amicitiam
2295 4378 2553 4438 pararent
2572 4371 2888 4434 convenire,
2909 4372 3108 4425 hiemis
3138 4373 3555 4427 intervenientis

1985 4461 2254 4529 asperitas
2295 4476 2410 4514 rem
2445 4462 2695 4514 distinuit
2724 4479 2735 4513 :
2773 4460 2939 4532 446
2971 4479 3078 4530 prae
3107 4479 3212 4530 qua
3249 4479 3372 4518 cum
3401 4466 3551 4519 Μωεί

303 4566 542 4633 πόλεμον
591 4558 1035 4630 παρεσχημένου,
1065 4556 1388 4625 ἀδικοίημεν
1431 4554 1498 4606 ἂν
1551 4554 1606 4604 εί·
1657 4553 1733 4622 μὴ
1761 4552 1871 4604 δια-

1984 4552 2041 4605 in
2071 4550 2441 4606 tabernaculis
2472 4552 2770 4620 perdurare
2802 4553 3120 4620 nequirent,
3193 4555 3461 4608 militibus
3504 4569 3557 4609 et

302 4655 532 4708 λύεσθαι
567 4650 868 4718 ἐθέλοιμεν.
901 4647 976 4700 Οὐ
1003 4646 1112 4714 γὰρ
1141 4646 1273 4714 ἡμῖν
1309 4659 1374 4710 γε
1414 4644 1872 4711 ἐπεστράτευσεν,

302 4749 424 4802 ἀλλ’
453 4744 537 4812 ἐφ’
586 4743 782 4812 ἐτέραν
845 4739 1120 4808 πρόφασιν
1185 4736 1376 4798 ἐλθὼν,
1434 4735 1584 4787 άκων
1645 4733 1877 4801 ἔϐλαψεν

303 4840 479 4910 ἡμᾶς,
528 4833 666 4887 ὥστε
693 4833 788 4884 καὶ
821 4832 884 4882 ἐκ
923 4828 1015 4880 τοῦ
1044 4828 1119 4898 μὴ
1148 4825 1450 4879 λυσιτελεῖν
1477 4827 1508 4893 ἠ
1519 4827 1612 4892 μίν
1640 4823 1733 4875 τὸν
1779 4821 1878 4874 πό·

304 4932 498 4998 λεμον,
528 4926 623 4977 καὶ
668 4924 733 4974 ἐκ
767 4920 863 4974 τοῦ
916 4919 992 4989 μὴ
1027 4921 1300 4989 πρόφασιν
1331 4916 1548 4969 δικαίαν
1577 4913 1879 4982 εἰληφέναι,

307 5025 408 5092 τὴν
439 5021 661 5089 εἰρήνην
701 5015 902 5085 μᾶλλον
929 5011 1195 5080 αἱρετέον.
1223 5008 1464 5062 Τοιαῦτα
1515 5008 1706 5072 εἰπὼν,
1754 5007 1882 5067 τοὺς

309 5117 568 5185 πρέσϐεις
595 5107 1014 5181 προσεκαλεῖτο,
1071 5105 1165 5158 καὶ
1195 5101 1534 5172 ἐχρημάτιζε
1567 5106 1692 5170 περὶ
1723 5117 1886 5151 σπον-

307 5211 441 5263 δών.
473 5207 580 5259 Καὶ
632 5203 756 5256 ἐπεὶ
810 5201 1052 5254 κάκεῖνοι
1098 5195 1416 5250 διαλύεσθαι
1475 5191 1611 5264 ἦσαν
1646 5193 1880 5261 ἕτοιμοι,

311 5302 498 5358 αύτοῖξ
562 5297 659 5368 μὲν
701 5295 850 5364 δῶρα
897 5289 1202 5362 παρασχὼν
1233 5330 1248 5354 ,
1313 5288 1642 5356 ἀπέπεμπεν
1702 5287 1781 5347 εἰς
1829 5286 1888 5336 τὸ

261 5369 268 5376 ⁸
312 5391 698 5464 στρατόπεδον.
750 5385 1054 5457 Πρεσϐείαν
1089 5384 1144 5436 δὲ
1200 5381 1425 5450 πέμψας
1462 5380 1595 5449 πρὸς
1635 5377 1886 5441 Ἀλέξαν-

313 5489 464 5560 δρον,
498 5485 590 5537 καὶ
616 5481 779 5542 αὐτὸς
830 5477 1082 5530 ἐϐεϐαίου
1108 5475 1206 5538 τὰς
1239 5473 1494 5536 σπονδάς.
1535 5472 1888 5541 Βουλομένων

313 5581 375 5632 δέ
406 5578 515 5631 τῶν
553 5574 822 5644 βασιλέων
852 5574 944 5625 καὶ
994 5570 1247 5640 ἀλλήλοις
1283 5568 1558 5622 συνελθεῖν
1586 5569 1675 5618 ἐπι
1710 5565 1892 5633 φιλίας

319 5673 522 5743 μᾶλλον
548 5665 857 5739 βεϐαιώσει,
889 5663 1217 5716 διεκώλυσεν
1259 5662 1286 5714 ὁ
1332 5658 1540 5729 χειμὼν
1567 5658 1892 5725 ἐπιγενόμε-

320 5783 410 5826 νος
444 5761 710 5832 σφοδρόςο
745 5759 834 5827 ὑφ’
887 5752 949 5811 οὗ
1004 5758 1080 5825 μὴ
1123 5755 1420 5823 δυνάμενον
1465 5751 1526 5804 τὸ
1579 5754 1896 5820 στράτευμα

319 5854 530 5913 Μυσῶν
581 5851 967 5921 διακαρτερεῖν
1019 5849 1110 5900 ἐπὶ
1144 5849 1371 5916 σκηναῖς
1420 5842 1778 5912 ἀνεζεύγνυον
1817 5844 1896 5905 είς

548 5954 822 6010 ιἈτιιοι..
855 5947 974 6006 Gn.
1002 5941 1198 6005 CLIII.

1983 4645 2141 4712 equis
2161 4642 2366 4711 aliquot
2385 4644 2590 4697 enectis
2616 4642 2876 4712 frigorum
2906 4644 3276 4712 magnitudine
3338 4652 3556 4700 domum

1987 4744 2348 4789 reverterunt.
2378 4735 2506 4789 Post
2534 4735 2648 4789 inec
2689 4737 2982 4804 imperator
3007 4734 3424 4792 Cantaeuzenus
3450 4741 3562 4792 Au-

1988 4834 2200 4893 gustam
2229 4823 2294 4876 de
2319 4838 2449 4892 pace
2489 4824 2684 4876 iterum
2745 4825 3021 4892 appellat,
3069 4827 3315 4894 petitque
3359 4843 3428 4880 ne
3454 4844 3562 4896 qua

1989 4915 2142 4984 prius
2171 4914 2493 4977 temeritate,
2524 4915 2676 4982 paria
2707 4925 2802 4967 aut
2828 4915 3099 4968 deteriora
3125 4921 3292 4970 etiam
3346 4920 3400 4971 in
3460 4935 3562 4987 po-

1991 5019 2198 5063 sterum
2221 5007 2590 5076 aggrediatur.
2624 5007 2766 5072 Quin
2808 5010 2990 5077 potius
3020 5025 3146 5063 cum
3178 5025 3245 5063 ex
3300 5021 3566 5066 anteactis

1989 5101 2098 5168 jam
2127 5100 2462 5166 cognoverit,
2506 5098 2709 5152 bellum
2748 5110 2889 5153 istuc
2920 5101 3229 5154 Romanum
3273 5103 3562 5171 imperium

1994 5188 2243 5242 funditus
2269 5188 2611 5256 perditurum
2639 5227 2652 5251 ,
2687 5203 2874 5255 pacem
2907 5178 3162 5242 admittat
3190 5206 3204 5242 :
3235 5207 3290 5243 se
3320 5207 3562 5260 qu0.|uc,

1997 5281 2123 5335 licet
2159 5295 2255 5348 par
2286 5283 2401 5345 pari
2439 5279 2645 5333 referre
2675 5282 2870 5349 possit,
2903 5281 3210 5335 communis
3240 5285 3360 5335 Loni
3407 5300 3568 5337 causa

1998 5375 2066 5427 ab
2123 5371 2294 5426 armis
2343 5371 2708 5425 libentissime
2757 5371 3152 5426 discessurum.
3192 5373 3426 5441 Legatus
3453 5389 3570 5428 erat

1999 5466 2094 5536 qui
2123 5474 2181 5519 et
2205 5465 2360 5530 alias,
2388 5464 2699 5518 Demetrius
2726 5465 3087 5534 Sguropulus,
3111 5477 3166 5520 et
3196 5482 3303 5520 una
3333 5464 3573 5521 Joannes

2002 5559 2206 5614 Pothus
2229 5574 2295 5612 ex
2323 5558 2513 5626 Angeli
2547 5557 2825 5626 pincerna:
2854 5557 3189 5611 domesticis.
3223 5559 3302 5611 Ad
3344 5561 3571 5628 leg-tio-

2003 5668 2129 5706 nem
2161 5653 2254 5721 qui
2291 5649 2536 5720 Byzantii
2572 5664 2672 5718 pro
2729 5650 3082 5717 imperatrice
3107 5651 3417 5704 tractabant
3465 5652 3571 5706 im-

2005 5748 2215 5818 perium
2247 5743 2383 5798 nihil
2403 5746 2755 5812 respondent,
2785 5745 2880 5796 sed
2908 5743 3145 5813 legatum
3179 5745 3414 5798 alterum
3437 5748 3577 5799 mul-

2009 5840 2077 5897 tis
2105 5853 2391 5910 aspersum
2437 5837 2695 5891 convitiis
2733 5838 2787 5894 in
2825 5839 3130 5894 custodiam
3178 5840 3578 5908 compingunt:

3057 5989 3059 5991 .
3146 5934 3227 5996 28
