4194 6440
710 378 821 442 879

1890 375 2223 438 JOANNIS
2259 375 2792 440 CANTACUZENI
2860 457 2865 462 '

3911 379 4016 444 880

693 493 1016 551 tradendam
1039 507 1136 550 eos
1164 493 1410 550 allectat.
1437 494 1567 550 Dies
1601 508 1710 563 qno
1738 495 1915 548 veniat
1949 494 2272 563 przeﬁnitur.

2393 490 2662 555 Βασιλεὺς
2717 498 2775 545 σε
2802 495 2829 545 ὁ
2862 493 3320 564 Καντακουζηνὺς
3343 493 3613 547 διενοεῖτο
3648 492 3756 562 μὲν
3787 491 3872 556 ὡς
3898 493 4012 561 ἀμα

693 588 790 642 Ille
850 599 1143 658 assumpto
1197 589 1446 643 exercitu
1503 588 1568 641 ad
1635 589 1770 641 alias
1823 587 2070 642 Thracia!
2124 587 2290 641 urbes

690 683 899 736 iturum
968 682 1202 751 illasque
1256 682 1614 736 obsessurnm
1660 681 1891 751 ﬁngens,
1931 697 1997 735 ne
2070 682 2165 750 qui
2221 681 2290 735 ab

689 777 940 843 Augusta
979 773 1221 837 stabant,
1253 774 1515 828 infestum
1549 775 1669 844 t-jtts
1700 789 1987 828 accessum
2018 772 2290 827 Adriano—

693 867 866 932 polim
898 865 1253 928 nuntiarent,
1286 881 1449 934 supra
1479 865 1746 926 llebrum,
1777 874 1838 918 ut
1872 866 2137 932 postridie
2180 866 2285 916 iiii-

691 956 706 1008 Ι
737 965 845 1008 tem
876 954 1331 1018 transduCturus,
1369 966 1545 1009 castra
1586 955 1735 1009 facit.
1772 954 1936 1008 Mittit
1965 970 2188 1024 quoque
2216 953 2285 1008 ad

690 1049 1016 1103 Pineernam
1042 1048 1463 1109 consobrinum,
1502 1050 1596 1118 qui
1623 1064 1748 1103 cum
1777 1049 2088 1102 millenario
2122 1049 2284 1102 l’am-

687 1141 904 1208 pliilum
942 1141 1222 1202 serVabat,
1265 1149 1320 1194 et
1347 1156 1528 1194 arcem
1569 1156 1697 1194 cum
1729 1141 1854 1195 aliis
1876 1141 2059 1210 gravis
2101 1155 2282 1194 arma-

692 1245 828 1286 tura:
853 1248 916 1286 ac
935 1232 1236 1302 sagittariis
1280 1242 1500 1288 centum
1524 1251 1536 1284 :
1564 1235 1807 1297 mandat,
1842 1242 1902 1287 ut
1928 1233 2114 1288 rel‘cta
2139 1233 2285 1287 arcis

687 1325 958 1384 custodia,
991 1321 1047 1378 et
1087 1341 1154 1378 ex
1189 1327 1438 1394 equitatu
1496 1327 1778 1387 trecentis,
1808 1327 1903 1396 qui
1967 1325 2283 1379 inferiorem

686 1417 880 1470 urbem
910 1425 1225 1479 tuerentur,
1261 1433 1386 1471 cum
1411 1428 1610 1473 caetero
1637 1421 1854 1489 agmine
1883 1417 1949 1471 ad
1974 1433 2032 1472 se
2057 1419 2280 1483 veniat;

684 1507 1100 1578 Macattsam
1140 1509 1366 1578 insuper
1390 1509 1580 1574 addit,
1625 1526 1726 1565 cur
1759 1526 1888 1564 eum
1927 1518 2112 1565 vocet.
2151 1509 2282 1563 Pin-

683 1615 854 1652 cerna
897 1600 1158 1668 opinatus
1192 1599 1370 1653 solum
1393 1601 1537 1654 arcis
1565 1602 1882 1668 praesidium
1913 1601 2034 1655 urbi
2062 1616 2283 1654 servan-

683 1697 767 1743 dae
794 1691 1072 1755 sul‘ticere,
1117 1706 1242 1745 cum
1282 1700 1400 1744 toto
1426 1691 1677 1760 equitatu
1711 1690 1889 1746 adest.
1920 1689 2060 1744 Cum
2095 1701 2281 1745 autem

692 1799 791 1852 per
839 1792 1056 1837 noctem
1093 1783 1241 1836 illam
1292 1782 1496 1837 Boreas
1551 1767 2278 1852 spirassct'veliementius,

2391 577 2487 652 ἦρι
2519 583 2799 652 Βυζαντίῳ
2851 585 3326 654 ἐπιστρατεύσων,
3355 585 3454 637 καὶ
3497 586 3923 656 πειρασόμενος
3954 587 4002 637 tl

2391 676 2612 727 δύναιτο
2643 676 2825 744 ἐαυτῷ
2857 677 3145 729 ύποποιεῖν
3172 693 3186 706 ·
3220 678 3373 747 ὅμως
3413 679 3509 731 τοῦ
3549 679 3840 748 χειμῶνος
3885 680 4000 741 τοῖς

2395 766 2454 817 ἐν
2515 765 2960 834 Ἀδριανουπόλει
3037 769 3270 836 ἀρχουσι
3337 770 3729 838 προσπέμπων
3807 769 4006 838 κρύφα

2393 857 2491 908 καὶ
2524 855 2934 925 διαλεγόμενος,
2963 856 3155 910 ἔπεισε
3179 860 3280 926 τὴν
3310 857 3467 910 πόλιν
3492 859 3861 930 ἐγχειρίζειν.
3895 861 4003 913 Καὶ

2391 949 2516 1000 ἐπεὶ
2563 948 2877 1000 συντέῦειτο
2923 949 3107 1018 ἡμέρα
3152 949 3276 1002 καθ’
3307 949 3376 1020 ἣν
3427 950 3537 1002 ἔδει
3583 951 4003 1020 ἐπελθεῖν,ετὴν

2390 1037 2558 1092 οὖσαν
2609 1041 2875 1109 στρατιὰν
2926 1042 3285 1110 παραλαϐὼν,
3329 1043 3424 1095 καὶ
3461 1044 4002 1114 προσποιησάμενος

2390 1133 2474 1200 ἐφ’
2502 1133 2700 1201 ἐτέρας
2721 1133 2821 1201 τῆς
2846 1133 3073 1204 Θρᾴκης
3104 1133 3408 1201 βαδιεῖσθαι
3442 1135 3634 1198 πόλεις
3665 1135 3745 1198 ὡς
3775 1136 4004 1209 πολιορ-

2388 1226 2578 1293 κήσων
2617 1225 2704 1278 ἵνα
2741 1228 2816 1295 μὴ
2854 1227 2959 1278 ὑπό
2987 1244 3085 1279 του
3111 1228 3222 1280 τῶν
3266 1227 3338 1280 τὰ
3389 1228 3666 1297 βασιλίδος
3693 1231 4002 1300 ᾑρημένων

2389 1316 2528 1386 πρὸς
2578 1315 2677 1386 τὴν
2735 1317 3021 1387 Ἀδριανοῦ
3072 1320 3106 1388 ἡ
3156 1319 3348 1387 ἔφοδος
3405 1322 3651 1390 μηνυθῇ,
3697 1322 3863 1390 παρὰ
3909 1321 3999 1373 τὸν

2389 1407 2596 1478 Ἕϐρον
2629 1409 3132 1479 ἐστρατοπέδευσεν
3162 1410 3238 1472 ὡς
3283 1413 3736 1482 περαιωσάμενος
3777 1416 3862 1476 είς
3898 1413 3999 1482 τὴν

2387 1501 2712 1570 ὑστεραίαν.
2762 1502 2995 1572 Πέμψας
3056 1502 3113 1556 δὲ
3163 1503 3263 1555 καὶ
3324 1504 3465 1574 πρὸς
3524 1505 3849 1576 [Ιιγκέρνην
3907 1506 3997 1557 τὸν

2383 1592 2632 1662 ἀνεψιὸν,
2689 1591 2750 1646 τὸ
2817 1594 3119 1664 Πάμφυλον
3183 1594 3302 1662 ἅμα
3365 1597 3563 1665 χιλίοις
3631 1596 3994 1667 φρουροῦντα

2385 1685 2776 1752 στρατιώταις,
2807 1687 2907 1755 τήν
2934 1703 2993 1739 τε
3027 1687 3329 1759 ἀκρόπολιν
3359 1689 3573 1759 ἑτέροις
3606 1689 3866 1750 ὁπλίταις
3899 1691 3996 1741 καὶ

2384 1775 2562 1845 ψιλοῖς
2591 1775 2834 1841 τοξόταις
2861 1779 3085 1844 ἑκατὸν,
3119 1781 3343 1834 ἐκέλευε
3368 1783 3470 1852 τὴν
3505 1784 3564 1834 ἐν
3588 1785 3654 1852 τῇ
3687 1782 3996 1851 ἀκροπόλει

683 1874 929 1928 ιιιὶυςυιυ
970 1874 1173 1927 [lumen
1200 1874 1544 1944 eonglariare
1595 1876 1886 1946 incipiens,
1923 1877 2065 1930 intra
2114 1877 2272 1932 breve

2385 1873 2633 1942 φρουρὰν
2681 1872 3082 1939 καταλιπόντα,
3110 1876 3207 1927 καὶ
3236 1877 3336 1946 τῆς
3377 1878 3647 1946 στρατιᾶς
3673 1877 3779 1944 τῆς
3827 1878 3992 1930 ίππι-

684 1981 907 2039 tempus
940 1978 1114 2023 totum
1141 1969 1345 2038 frigore
1377 1970 1647 2024 constitit.
1674 1969 1865 2039 Neque
1890 1980 2077 2026 tamen
2127 1972 2271 2028 adeo

683 2064 837 2115 ﬁrma
886 2080 950 2118 ac
1000 2063 1169 2116 densa
1224 2071 1343 2116 erat
1373 2061 1606 2131 glacies,
1667 2075 1728 2115 ut
1763 2070 1989 2132 portare
2033 2065 2278 2135 equitem

681 2170 888 2230 posset,
927 2175 1026 2214 nec
1057 2159 1340 2213 consuetis
1380 2157 1702 2213 actuariolis
1739 2160 2036 2213 transitum
2068 2163 2276 2228 praebe-

680 2254 795 2316 bat,
829 2253 924 2305 sed
947 2252 1015 2305 ad
1046 2253 1188 2306 istuc
1219 2252 1431 2315 durior,
1461 2252 1525 2303 ad
1554 2265 1730 2320 equos
1761 2265 1898 2305 vero
1928 2252 2280 2308 sustinendos

604 2327 620 2335 ’
679 2346 927 2410 fragilior
978 2345 1324 2415 apparebat:
1371 2359 1495 2414 qua:
1547 2360 1637 2399 res
1691 2345 1921 2398 multam
1958 2347 2274 2402 transeundi

680 2436 1089 2490 dul-itationem
1147 2435 1409 2490 habebat.
1458 2436 1564 2490 Per
1605 2437 1724 2490 dies
1775 2437 1959 2506 itaque
1991 2437 2277 2494 duodenos

681 2529 989 2595 imperator
1031 2525 1103 2579 ibi
1140 2526 1190 2578 in
1235 2525 1448 2578 stativis
1490 2530 1712 2589 mansit,
1751 2536 2078 2595 exspectans
2104 2528 2149 2583 si
2167 2543 2276 2598 quo

681 2623 846 2673 modo
879 2621 1106 2672 daretur
1137 2617 1381 2672 Hebrum
1412 2621 1812 2672 transmittere.
1855 2617 1912 2672 In
1954 2620 2038 2674 his
2077 2619 2276 2674 Adria-

682 2713 923 2776 no;:o.im
957 2712 1219 2784 Byzantio
1267 2711 1729 2780 supervenientes
1759 2713 2004 2766 sexcenti
2049 2714 2274 2780 milites,

681 2823 797 2861 rem
835 2808 1241 2861 disturbarunt.
1276 2806 1346 2860 At
1370 2803 1668 2875 Pamphili,
1701 2806 1961 2875 quoniam
1985 2807 2273 2861 .Pincerna

677 2915 805 2955 cum
824 2899 1002 2968 copiis
1020 2913 1126 2952 n0n
1147 2899 1356 2962 aderat,
1371 2913 1482 2967 pra:
1499 2898 1702 2966 quibus
1714 2912 1783 2967 op
1795 2897 1976 2964 pidani
1991 2899 2274 2969 quippiam

683 2997 807 3048 novi
844 3001 1056 3047 tentare
1087 2990 1434 3052 metuebant,
1472 2991 1628 3059 prius
1663 2991 1990 3058 quibusdam
2030 3005 2060 3044 e
2085 2990 2272 3060 praesi-

683 3091 773 3142 dio
805 3085 1037 3155 pCCttllia
1073 3092 1361 3137 numerata
1398 3083 1706 3150 corruptis,
1755 3089 1813 3135 et
1863 3095 1931 3134 eo
1970 3081 2269 3150 perpulsis,

680 3193 741 3233 ut
761 3196 888 3232 vasa
910 3178 1051 3231 clam
1069 3181 1427 3236 evacuarent,
1450 3173 1504 3225 in
1532 3172 1736 3240 quibus
1763 3186 1960 3240 aquam
1984 3179 2040 3225 et
2060 3173 2266 3235 vinum,

678 3284 734 3326 et
761 3274 803 3324 si
841 3271 970 3339 quid
1023 3267 1170 3320 aliud
1228 3265 1485 3335 potabil",
1522 3267 1819 3319 serVabant
1848 3275 1979 3331 (non
2024 3263 2171 3317 enim
2201 3279 2268 3317 ex

683 3376 853 3436 puteo
882 3359 1102 3415 haurire
1133 3359 1352 3423 licebat,
1382 3368 1675 3427 postquam
1711 3355 1814 3410 sibi
1839 3353 2012 3410 factas
2039 3356 2268 3410 insidias

679 3461 826 3513 audii
849 3457 1023 3520 rant),
1064 3456 1324 3508 custodes
1389 3453 1534 3505 arcis
1592 3452 1758 3506 simul
1787 3459 1898 3506 tota
1927 3452 2058 3506 urbs
2092 3466 2270 3520 oppu-

678 3564 826 3623 gnat,
865 3557 1322 3618 expugnatosque
1362 3555 1416 3599 et
1447 3544 1790 3599 intoleranda
1825 3543 1918 3599 siti
1973 3559 2269 3613 oppressos

680 3646 745 3693 ad
769 3643 1102 3693 deditionem
1138 3636 1328 3704 adigit,
1363 3649 1428 3686 ac
1461 3644 1574 3687 tri-s
1599 3648 1791 3687 eorum
1833 3635 2003 3688 duces
2031 3637 2262 3700 vinctos,

678 3749 805 3784 cum
834 3741 949 3783 tuto
980 3726 1236 3798 praesidio
1268 3729 1338 3779 ad
1367 3732 1669 3792 Augustam
1700 3725 2029 3796 Byzantium
2060 3727 2264 3794 mittit;

675 3840 818 3894 quos
853 3821 1098 3893 Byzantii
1140 3818 1542 3874 contumeliose
1589 3826 1853 3870 tractatos
1895 3825 1950 3871 et
2003 3817 2265 3871 omnibus

679 3921 930 3971 d.cit'rt.a
965 3915 1239 3968 laceratos
1271 3914 1323 3964 in
1349 3925 1627 3964 carcerem
1666 3909 1957 3963 dederunt.
2002 3908 2061 3964 In
2098 3910 2269 3978 impe-

677 4020 918 4062 ratorettt
951 4021 1177 4075 quoque
1206 4003 1654 4057 Cantacuzenum
1700 4017 1758 4055 se
1784 4001 2037 4071 improbe
2063 4002 2263 4071 :gesse-

678 4115 829 4164 ruut,
861 4119 890 4154 a
931 4101 1079 4152 nulla
1136 4097 1432 4150 verborum
1484 4095 1791 4164 petulantia
1850 4102 2264 4164 temperantes,

674 4211 850 4261 eoque
899 4187 1216 4244 stoliditatis
1267 4186 1545 4256 progressi
1598 4195 1747 4247 sunt,
1810 4193 1872 4239 ut
1937 4186 1982 4239 si
2041 4185 2265 4256 quando

673 4286 914 4342 Jnanm-s
953 4283 1257 4348 imperator
1317 4277 1641 4331 adolescens
1675 4292 1706 4330 e
1746 4277 1949 4346 palatio
1992 4278 2060 4332 ad
2095 4278 2264 4332 animi

679 4380 1149 4431 oblectamentum
1201 4373 1462 4441 qu0piam
1506 4371 1754 4439 prodiret
1795 4369 1888 4438 (ob
1921 4379 2139 4448 atatem
2194 4373 2269 4426 si-

672 4471 896 4538 qnirb-m
944 4475 1316 4527 immaturam,
1367 4461 1708 4532 publicaerei
1759 4462 2263 4538 nihil'attingebat,

2385 1963 2487 2032 κῆς
2519 1965 2895 2034 τριακοσίους,
2932 1958 3078 2020 ὥστε
3125 1970 3393 2039 φρουρεῖν
3439 1970 3540 2036 τὴν
3593 1969 3754 2022 κάτω
3801 1969 3988 2033 πόλιν,

2380 2057 2509 2117 τοὺς
2543 2055 2772 2119 λοιποὺς
2809 2057 3179 2124 ἀναλαϐόντα,
3208 2060 3370 2130 ἥκειν
3400 2059 3539 2130 πρὸς
3567 2060 3758 2125 αὑτὸν,
3793 2062 3992 2130 ἐδήλου

2380 2145 2436 2199 δὲ
2470 2149 2566 2200 καὶ
2598 2147 2698 2217 τὴν
2737 2149 2918 2202 αἰτίαν
2965 2144 3031 2220 ἦς
3069 2151 3237 2204 ’ἑνεκα
3277 2151 3524 2205 καλοῖτο.
3569 2151 3630 2204 ’0
3671 2151 3720 2204 δ’
3764 2153 3988 2222 ἡγησά-

2384 2255 2545 2306 μενος
2577 2240 2676 2309 τὴν
2708 2243 2768 2293 ἐν
2797 2243 2863 2311 τῇ
2906 2242 3209 2312 ἀκροπόλει
3237 2244 3410 2313 μόνην
3432 2248 3688 2314 φρουρὰν
3714 2245 3990 2313 ἀρκέσειν

2381 2332 2522 2401 πρὸς
2549 2333 2891 2402 κατάσχεσιν
2925 2335 3024 2403 τῆς
3061 2335 3296 2400 πόλεως,
3318 2337 3448 2398 τοὺς
3485 2337 3695 2400 ἱππέας
3728 2338 3991 2398 ἅπαντας

2339 2496 2347 2503 _
2381 2423 2745 2494 παραλαϐὼν,
2772 2422 2909 2496 ἧκεν
2937 2426 3013 2489 ὡς
3037 2425 3289 2495 βασιλέα.
3334 2428 3448 2498 Τῆς
3477 2430 3653 2499 αὐτῆς
3689 2430 3749 2483 δὲ
3778 2431 3987 2496 νυκτὸς

2378 2519 2474 2572 τοῦ
2518 2521 2694 2588 Βορέα
2727 2521 3067 2585 πνεύσαντος
3093 2522 3456 2594 δριμύτερον,
3483 2525 3582 2592 ἀμ’
3615 2527 3806 2598 ἡμέρα
3839 2543 3985 2597 xpu-

2380 2610 2712 2664 σταλούσθαι
2756 2613 2958 2682 ἡρχετο
3003 2615 3032 2665 ὁ
3091 2615 3364 2684 ποταμὸς,
3414 2615 3510 2668 καὶ
3541 2615 3712 2685 ὀλίγῳ
3744 2615 3986 2686 ὕστερον

2377 2705 2526 2770 ἄπας
2572 2707 2881 2776 διεφαίνετο
2943 2709 3382 2778 κρυσταλωθείς.
3434 2711 3577 2763 οὔτε
3620 2711 3679 2763 δὲ
3709 2711 3981 2764 τοσοῦτον

2377 2794 2492 2870 εἶχε
2545 2803 2910 2872 στερρότητος
2951 2803 2979 2854 ὁ
3024 2803 3225 2869 πάγος,
3257 2802 3399 2854 ὥστε
3436 2803 3658 2871 στέγειν
3697 2804 3828 2867 τοὺς
3878 2805 3979 2856 ἱπ-

2378 2893 2520 2954 πέας
2549 2892 2638 2944 ἐπ’
2669 2893 2836 2946 αὑτὸν
2879 2893 3344 2964 περαιουμένους,
3367 2893 3495 2947 οὗτε
3530 2897 3646 2958 τοῖς
3678 2894 3982 2965 συνήθεσιν

2375 2985 2624 3048 ἀκατίοις
2675 2986 2813 3056 πρὸς
2867 2987 2961 3040 τὸν
3017 2989 3192 3056 πόρον
3240 2987 3416 3040 δίοδον
3471 2991 3768 3057 παρεῖχεν,
3834 2987 3980 3041 ἀλλά

2375 3078 2470 3132 τοῦ
2503 3078 2625 3147 μὲν,
2660 3079 3024 3149 στερρότερος
3053 3078 3335 3148 ἐφαίνετο,
3381 3079 3475 3131 τοῦ
3510 3081 3731 3147 στέγειν
3756 3079 3815 3130 δὲ
3846 3079 3980 3142 τοὺς

2377 3171 2600 3237 ῖππους,
2659 3170 3082 3240 ἀδρανέστερος.
3148 3171 3240 3221 Διὸ
3303 3174 3398 3222 καὶ
3452 3170 3697 3238 ἀπορίαν
3758 3169 3975 3239 πολλὴν

2374 3264 2605 3332 παρεῖχε
2666 3261 2803 3330 πρὸς
2864 3261 2956 3313 τὸν
3015 3262 3206 3330 πόρον.
3277 3261 3624 3314 Δυοκαίδεκα
3704 3263 3808 3330 μὲν
3878 3257 3977 3314 οὗν

2372 3354 2866 3424 ἐστρατοπεδεύετο
2894 3354 3059 3404 ἐκεῖὸ
3086 3354 3344 3423 βασιλεὺς
3375 3355 3614 3424 ἡμέρας,
3645 3355 3976 3424 περιμένων

2373 3442 2421 3494 εί
2469 3444 2660 3512 τρόπῳ
2687 3442 2753 3510 δή
2802 3459 2910 3494 τινι
2964 3443 3246 3510 ἐγγένοιτο
3292 3444 3386 3495 τὸν
3435 3445 3639 3512 Ἕϐρον
3682 3443 3969 3514 διαϐῆναι.

2383 3535 2472 3587 Ἐν
2521 3537 2748 3598 ταύταις
2800 3537 2857 3589 δὲ
2892 3538 2957 3589 ἐκ
2991 3537 3296 3600 Βυζαντίου
3337 3539 3405 3607 τῇ
3445 3537 3740 3606 Ἀδριανοῦ
3774 3539 3970 3604 ἐπιγε·

2369 3629 2588 3697 νόμενοι
2659 3628 2993 3696 στρατιῶται
3078 3630 3356 3694 ἑξακόσιοι

2369 3723 2676 3789 ἀφείλοντο.
2724 3722 2812 3773 Ἑν
2867 3722 3148 3791 Παμφίλῳ
3200 3723 3257 3775 δὲ
3310 3724 3431 3774 ἐπεὶ
3463 3725 3490 3774 ὁ
3536 3724 3856 3793 [Ιιγκέρ-ιης
3905 3726 3968 3777 οὺ

2370 3814 2576 3883 παρῆν,
2614 3814 2758 3882 ἔχων
2802 3815 2904 3884 τὴν
2953 3817 3223 3884 στρατιὰν
3268 3816 3338 3886 ἣν
3371 3819 3571 3869 ἐκεῖνοι
3621 3817 3970 3869 ἐδεδοίκεσαν

2370 3909 2742 3978 νεωτερίζειν,
2773 3911 3043 3980 πρότερον
3073 3911 3182 3962 τῶν
3213 3911 3472 3980 φρουρῶν
3511 3926 3670 3972 τινας
3707 3911 3969 3979 χρήμασι.

2369 4002 2831 4072 διαφθείραντες,
2890 4005 2986 4056 καὶ
3042 4003 3337 4066 πείσαντες
3394 4004 3463 4057 τὰ
3523 4005 3727 4071 ἀγγεῖα
3787 4002 3970 4069 λαθρα

2369 4093 2653 4157 ἐκκενοῦν,
2685 4095 2744 4146 ἐν
2784 4089 2868 4156 οἷς
2919 4095 3065 4164 ὕδωρ
3111 4097 3302 4158 αὐτοῖς
3344 4095 3440 4149 καὶ
3487 4091 3653 4158 οἶνος,
3689 4098 3789 4148 καὶ
3826 4095 3884 4147 εί
3915 4112 3968 4147 τι

2368 4184 2561 4255 ἕτερον
2608 4186 2776 4255 ὑγρὸν
2827 4185 2965 4252 πρὸς
3015 4185 3178 4238 πόσιν
3225 4187 3588 4254 ἐφυλάττετο,
3641 4187 3704 4239 ού
3755 4188 3870 4256 γὰρ
3904 4188 3972 4238 ἐκ

2371 4279 2556 4347 πηγῆς
2595 4277 2867 4348 ἀρύεσθαι
2915 4279 3066 4347 ἐνῆν,
3096 4278 3172 4343 ὡς
3209 4279 3482 4331 ἐπύθοντο
3511 4280 3834 4349 ἠνυσμένην
3867 4279 3969 4349 τὴν

2368 4369 2950 4440 ἐπιϐουλὴν,πόλεμον
2986 4369 3124 4438 πρὸς
3172 4371 3298 4432 τοὺς
3344 4371 3402 4422 ἐν
3447 4370 3752 4440 ἀκροπόλει
3789 4388 3970 4441 φροη-

2373 4460 2500 4530 ροὺς
2538 4464 2694 4530 κοινῇ
2741 4462 2898 4514 πᾶσα
2934 4462 2968 4530 ἡ
3017 4461 3171 4524 πόλις
3220 4459 3605 4531 ἀναιροῦνται.
3649 4464 3762 4515 Καὶ
3794 4467 3971 4515 ἐκποο

3443 3631 3540 3699 τὴν
3612 3631 3972 3702 ἐπιχείρησιν

676 4561 901 4632 quando
963 4568 1116 4624 patre
1171 4556 1444 4609 moriente
1500 4569 1610 4606 non
1653 4553 1782 4622 plus
1837 4559 2037 4609 n‘ovem
2092 4549 2266 4612 anxios

2377 4553 2765 4622 λιορκήσαντες
2812 4553 2873 4603 ἐν
2921 4551 3155 4614 ταύταις
3205 4555 3326 4615 ταῖς
3374 4554 3638 4622 ἡμέραις,
3678 4557 3971 4621 παρεστή-

674 4666 841 4710 ιι.ιιυδ
874 4653 1033 4720 erat),
1063 4649 1337 4720 ρεπιιιὶδεί
1373 4648 1597 4717 quidam
1630 4649 1700 4702 ab
1722 4650 1788 4702 iis
1816 4649 1910 4717 qui
1943 4649 2008 4702 ad
2050 4649 2264 4704 clavum

676 4747 964 4807 ardebant,
1001 4741 1234 4794 fetutinas
1261 4740 1417 4808 juxta
1456 4753 1519 4791 ac
1555 4740 1705 4792 viros
1754 4739 2073 4804 incitabant,
2118 4749 2178 4793 ut
2203 4757 2268 4794 eo

675 4848 998 4892 transeunte
1029 4832 1318 4902 complura
1375 4831 1652 4900 longeque
1696 4831 2015 4900 turpissima
2049 4836 2102 4886 in
2129 4831 2272 4888 Can-

673 4940 1009 4982 lucuzmium
1056 4923 1348 4977 maledicta
1380 4931 1722 4976 evomrrent.
1768 4923 1834 4977 Et
1861 4926 1964 4979 hoc
2005 4933 2266 4994 tanquam

665 5021 977 5088 jucundum
1030 5031 1232 5070 munus
1283 5016 1604 5084 imperatori
1639 5030 1810 5083 puero
1855 5015 2267 5072 olIerebant.ln

673 5116 708 5168 ιι
739 5129 829 5167 see
899 5125 1067 5181 porro
1147 5108 1508 5163 contumeliis
1558 5108 1725 5161 etiam
1795 5107 1900 5162 hoc
1954 5108 2056 5162 sibi
2086 5108 2268 5177 "vole-

670 5207 810 5262 bnlll
876 5209 986 5272 (ut
1054 5202 1258 5272 populo
1310 5202 1572 5272 majorem
1652 5201 1908 5258 timorem
1960 5201 2266 5271 |ingenera-

681 5302 850 5368 rent),
880 5300 1345 5360 Cantacuzeuum,
1383 5297 1426 5348 si
1456 5294 1727 5357 vinceret,
1749 5293 2011 5348 atrociter
2036 5294 2267 5364 injurias

673 5399 1129 5465 persecuturum,
1190 5387 1242 5442 id
1296 5383 1446 5457 quod
1501 5387 1610 5441 illis
1643 5401 1709 5440 ex
1749 5383 2024 5442 sententia
2060 5386 2264 5441 evenit.

672 5484 868 5541 Omnis
902 5494 1136 5548 namque
1166 5477 1420 5548 populus,
1457 5492 1569 5546 quo
1599 5477 1776 5544 magis
1810 5474 2136 5538 insaniebat,
2163 5473 2269 5529 hoc

675 5577 919 5646 amplius
953 5573 1249 5637 metuebat,
1287 5581 1342 5626 et
1368 5585 1496 5625 cum
1531 5570 1633 5622 sibi
1677 5568 2003 5639 condignam
2055 5583 2267 5622 merce-

671 5672 799 5726 dem
834 5682 1126 5738 repen~uin
1174 5667 1238 5719 iri
1275 5664 1619 5728 formidaret,
1651 5661 1919 5716 audacius
1939 5661 2174 5726 furebat,
2212 5669 2270 5716 et

671 5780 701 5816 a
740 5760 1189 5815 reconciliatione
1239 5759 1414 5826 magis
1441 5755 1796 5810 abhorrebat.
1824 5751 1990 5825 ‘50
2017 5753 2135 5808 Nisi
2178 5754 2268 5808 ille

672 5857 883 5909 viribus
908 5851 1139 5906 omnino
1161 5851 1462 5905 destitutus
1492 5865 1553 5905 ac
1598 5849 1854 5921 perditus
1883 5859 2045 5913 esset,
2079 5864 2185 5903 non
2206 5862 2268 5903 se

2374 4661 2540 4698 σα.το
2585 4645 2826 4713 μάλιστα
2866 4644 2995 4714 δίψῃ
3050 4644 3406 4708 πιεσθέντας.
3442 4647 3723 4715 Δήσαντες
3752 4646 3808 4697 δὲ
3837 4646 3968 4708 τούς

2371 4754 2431 4788 τε
2459 4737 2802 4808 ἡγουμένους
2836 4737 3039 4801 αὐτῶν,
3074 4737 3124 4790 οῖ
3155 4733 3300 4808 ἦσαν
3323 4740 3493 4806 τρεῖς,
3530 4737 3625 4791 καὶ
3662 4739 3765 4807 τὴν
3793 4755 3970 4808 φρου-

2376 4831 2496 4900 ράν,
2525 4829 2782 4898 ἔπεμψαν
2819 4830 2900 4891 είς
2942 4829 3217 4898 βασιλίδα.
3265 4829 3372 4885 Οὒς
3427 4831 3525 4883 καὶ
3575 4832 3967 4900 ἀτιμάσαντες

2371 4923 2419 4974 oi
2443 4924 2501 4974 ἐν
2522 4922 2804 4990 Βυζαντίῳ
2843 4922 2940 4974 καὶ
2969 4923 3083 4976 πᾶν
3119 4918 3260 4985 εἶδος
3289 4924 3697 4993 ἐπιδειξάμενοι
3730 4927 3824 4992 ἐρε
3837 4941 3967 4994 σχε-

2372 5013 2515 5074 λίας,
2548 5012 2694 5081 εἶχον
2742 5014 2800 5064 ἐν
2839 5013 3232 5082 δεσμωτηρίῳ.
3273 5013 3510 5082 Ὁμοίως
3563 5013 3620 5065 δὲ
3671 5013 3768 5066 καὶ
3823 5017 3966 5084 πρὸς

2374 5105 2601 5175 βασιλέα
2648 5105 2739 5157 τὸν
2794 5104 3252 5174 Καντακουζηνὸν
3307 5104 3512 5174 πολλὴν
3587 5104 3968 5158 ἐνεδείκνυντο

2371 5195 2796 5267 ἀγνωμοσύνην,
2831 5198 3094 5268 οὐδεμιᾶς
3121 5197 3335 5268 ὕϐρεως
3365 5199 3705 5269 φειδόμενοι.
3744 5200 3842 5261 Et;
3874 5217 3965 5252 το-

2374 5287 2568 5342 σοῦτον
2592 5287 2650 5341 δὲ
2681 5288 2953 5358 προῆλθον
2989 5289 3244 5352 ἀτοπίας,
3272 5289 3348 5353 ὡς
3383 5291 3438 5342 εί
3480 5306 3610 5343 ποτε
3658 5291 3758 5343 καὶ
3804 5291 3965 5360 βασι-

2372 5383 2499 5443 λεὺς
2529 5384 2558 5434 ὁ
2594 5381 2713 5446 νέος
2755 5379 3008 5450 Ἰωάννης
3041 5381 3227 5450 προῖοι
3255 5382 3366 5434 τῶν
3400 5381 3697 5451 βασιλείων
3739 5386 3962 5454 ῥᾳστώ-

2373 5491 2473 5544 νης
2509 5473 2694 5526 εἵνεκα
2721 5489 2735 5504 ο
2771 5473 2833 5525 ού
2875 5473 2984 5542 γὰρ
3012 5472 3076 5542 δὴ
3116 5472 3269 5542 αὑτῷ
3301 5489 3354 5524 τι
3383 5472 3490 5526 τῶν
3521 5475 3716 5528 κοινῶν
3754 5479 3965 5548 ἐπράτο

2370 5583 2497 5620 τετο
2527 5566 2616 5619 διὰ
2644 5565 2705 5618 τὸ
2749 5564 2850 5634 τῆς
2879 5565 3098 5634 ἡλικίας
3138 5565 3278 5618 πάνυ
3309 5565 3522 5632 ἀτελὲς,
3547 5567 3701 5619 ἐννέα
3743 5569 3857 5638 γὰρ
3893 5565 3963 5641 ἦν

2371 5659 2469 5729 ἔτη
2505 5657 2750 5727 γεγονὼς
2801 5656 3168 5722 τελευτῶντος
3218 5658 3314 5712 τοῦ
3349 5661 3557 5729 πατρός
3586 5661 3726 5714 ’ὑπὸ
3757 5663 3871 5715 τῶν
3895 5665 3963 5717 τά

2373 5752 2679 5822 πράγματα
2713 5751 2950 5820 ἐχόντων
2974 5751 3438 5822 προπεμπόμενοί
3467 5770 3638 5820 τινες,
3665 5755 3755 5806 τὸν
3787 5756 3961 5825 δῆμον

2371 5841 2682 5908 διηρέθιζον
2712 5842 2809 5895 καὶ
2837 5840 3041 5913 ἀνδρας
3069 5845 3167 5896 καὶ
3197 5847 3488 5913 γυναῖκας,
3521 5845 3666 5901 ὥστε
3701 5846 3936 5910 διῐόντος
