4194 6440
699 391 802 452 883

1861 397 2206 458 JOANNIS‘
2225 397 2750 459 CANTACUZENI
2834 461 2840 467 ,

3820 388 3924 454 εει

700 508 887 561 nlcarc
926 507 1240 572 consilium,
1297 524 1419 578 qua:
1463 511 1578 565 visa
1622 519 1805 565 essent
1840 511 1945 566 sibi
1984 521 2040 568 et
2091 512 2242 567 sociis

2359 509 2811 581 ἐξενηνεγμένος⁸
2844 507 2968 561 ὅθεν
3015 509 3106 560 καὶ
3141 508 3250 559 τῶν
3296 503 3638 574 πραγμάτων
3673 501 3924 566 ἐπειγόνο

697 597 956 650 omnibus
989 599 1318 666 conducere,
1352 602 1602 656 confecta
1631 617 1752 658 esse
1790 620 1803 655 :
1836 603 2154 672 orabatque,
2187 616 2256 655 ne

697 686 903 740 idcirco
929 689 1086 758 quasi
1132 688 1374 758 despecti
1423 691 1862 762 indignarentur,
1895 693 1993 748 sed
2040 694 2085 749 si
2120 692 2255 762 quid

693 775 926 839 iactum,
955 779 1102 843 quod
1135 779 1336 835 factum
1380 797 1488 836 non
1537 784 1894 852 oportuisset,
1924 800 2108 839 rerum
2153 798 2254 837 ne-

695 868 934 920 cessitati
965 869 1326 926 ascriberent.
1356 873 1567 928 Prattor
1599 874 1766 942 igitur
1792 890 1894 928 nec
1922 875 2251 944 legationem

694 956 937 1021 admisit,
970 973 1071 1012 nec
1100 960 1165 1011 ad
1199 961 1401 1016 bellum
1449 965 1720 1033 prorupit,
1770 965 1865 1020 sed
1912 964 2256 1019 communio-

695 1062 817 1097 nem
851 1050 1229 1104 tantummodo
1270 1055 1563 1108 recusavit.
1610 1054 1845 1109 Perinde
1887 1064 2255 1124 protostrator

697 1137 1081 1206 imperatorem
1113 1148 1171 1192 ut
1202 1141 1502 1196 amicorum
1527 1144 1684 1198 valde
1711 1145 2086 1198 immemorem
2119 1144 2256 1198 insi-

692 1231 957 1294 mulabat,
990 1230 1136 1298 quod
1180 1231 1442 1285 nimirum
1484 1247 1563 1299 se,
1594 1233 1689 1302 qui
1735 1243 1843 1288 tam
1879 1234 2066 1288 multis
2094 1235 2255 1289 annis

694 1329 896 1371 tantam
939 1321 990 1373 ei
1028 1321 1463 1378 benevolentiam
1509 1334 1784 1389 navssset,
1834 1333 1894 1379 ut
1937 1323 2251 1393 quempiam

695 1426 833 1476 pene
871 1413 1150 1480 vulgarem
1197 1428 1262 1466 ac
1308 1414 1582 1480 plebeium
1611 1417 2052 1485 contempsisset,
2087 1415 2252 1484 idque

689 1516 814 1552 cum
851 1517 963 1554 rem
1014 1513 1119 1557 tam
1172 1504 1396 1557 arduam
1446 1504 1847 1561 meditaretur:
1885 1507 2022 1561 nihil
2070 1517 2251 1561 tamen

689 1591 872 1660 legato
930 1593 1061 1647 fecit
1113 1595 1261 1655 mali,
1318 1595 1421 1650 nisi
1474 1597 1618 1664 quod
1671 1613 1797 1652 mox
1843 1599 1910 1652 ad
1967 1599 2250 1652 dominum

689 1696 848 1734 suum
886 1682 1087 1736 reverti
1115 1683 1298 1752 jussit.
1335 1685 1406 1737 At
1450 1685 1648 1756 Syrges
1692 1687 1913 1758 sivegex
1945 1689 2251 1758 antiquiore

688 1773 922 1841 quadam
955 1788 1117 1827 causa
1148 1788 1500 1838 succensens,
1533 1778 1648 1831 sive
1681 1786 1794 1831 tum
1825 1756 2248 1847 primumquod

689 1879 748 1918 se
773 1877 1146 1937 contemptum
1178 1871 1572 1941 suspicaretur,
1599 1875 2021 1938 excandescens,
2045 1883 2101 1928 et
2125 1890 2251 1928 ver-

689 1955 756 2008 ba
788 1957 1092 2026 legatorum
1143 1970 1203 2014 ut
1239 1963 1372 2017 nihil
1408 1965 1706 2018 sincerum
1742 1965 2103 2029 continentia,
2153 1963 2249 2018 sed

688 2047 878 2102 dolose
906 2052 1136 2105 eunticta
1173 2054 1379 2123 rejecit,
1406 2054 1633 2121 addens,
1665 2056 1768 2108 etsi
1799 2070 1828 2109 a
1861 2053 2244 2109 Cantacuzeuo

690 2139 836 2192 inter
895 2139 1148 2196 homines
1199 2142 1416 2196 trioboli
1467 2153 1612 2198 esset
1661 2152 2003 2205 numeratus,
2068 2152 2250 2196 tamen

693 2233 868 2300 reipsa
900 2233 1323 2296 declaraturum.
1357 2251 1415 2290 se
1443 2251 1566 2289 cum
1602 2235 1792 2289 amicis
1824 2233 2105 2304 prodesse.
2137 2241 2249 2286 tum

693 2321 931 2375 inimicis
974 2323 1170 2377 obesse
1217 2338 1382 2392 posse
1416 2323 1904 2392 quamplurimum,
1943 2333 1998 2378 et
2042 2322 2251 2392 legatos

689 2412 743 2464 in
767 2427 1045 2467 carcerem
1074 2414 1296 2469 inclusit
1323 2431 1336 2468 :
1367 2415 1704 2470 Demetrium
1733 2428 1930 2482 nempe
1950 2412 2252 2469 Casandre-

691 2521 844 2568 num,
880 2518 936 2560 et
967 2505 1246 2560 Lascarim
1280 2521 1536 2576 magnum
1562 2505 1978 2560 ebartularium.
2001 2505 2251 2574 Cumque

686 2599 1104 2654 Cantaeuzenns
1139 2599 1331 2654 Pheris
1367 2599 1592 2654 haberet
1625 2614 1735 2654 non
1783 2598 1958 2654 solum
2009 2598 2248 2668 pecoris,

687 2692 781 2744 sed
809 2702 867 2746 et
895 2691 1067 2745 tritici
1122 2691 1465 2761 aliarumque
1507 2691 1726 2761 frugum
1755 2690 2031 2758 ingentem
2059 2704 2254 2744 nume-

688 2795 832 2845 rum,
870 2789 1154 2849 propterea
1198 2781 1342 2848 quod
1380 2779 1673 2848 ampliores
1729 2793 1793 2833 ac
1836 2777 2022 2847 plures
2074 2775 2125 2831 ei
2162 2775 2251 2832 hic

688 2888 851 2942 quam
888 2871 1029 2941 apud
1066 2874 1234 2926 urbes
1266 2871 1402 2926 alias
1432 2871 1809 2937 possessiones
1836 2877 2017 2935 erant,
2064 2868 2250 2924 omnia

684 2967 869 3019 statim
916 2963 984 3018 ad
1031 2979 1091 3018 se
1136 2965 1354 3017 avertit.
1405 2962 1526 3028 Quo
1576 2961 1788 3016 firmior
1841 2961 2086 3032 suspicio
2123 2960 2249 3027 fuit,

685 3056 855 3114 armis
887 3057 1275 3124 imperatorem
1322 3054 1716 3124 appetiturum,
1759 3053 1911 3124 quod
1954 3053 2122 3108 sciret
2167 3052 2250 3122 (ut

683 3159 768 3202 est
797 3146 1084 3215 credibile)
1115 3147 1352 3216 majores
1378 3161 1444 3200 ex
1481 3145 1712 3200 dissidio
1755 3159 1880 3200 cum
1918 3144 2034 3208 illo,
2082 3159 2247 3214 quam

682 3257 749 3296 ex
782 3242 1075 3295 concordia
1125 3239 1335 3293 fructus
1357 3253 1478 3293 sese
1503 3247 2236 3308 percepturum,quantum-

680 3334 1000 3403 vis-primis
1040 3332 1111 3387 ab
1167 3347 1234 3386 eo
1279 3330 1738 3399 amplissimisque
1797 3328 2104 3385 honoribus
2147 3345 2246 3384 au-

681 3437 921 3496 geretur.
952 3425 1062 3478 Nec
1087 3423 1266 3477 solum
1291 3431 1400 3475 tam
1425 3422 1720 3490 epulentus
1744 3419 1930 3474 subito
1953 3419 2242 3496 evadebat,

679 3485 773 3570 ged
813 3516 1040 3583 insuper
1072 3513 1278 3566 amicos
1310 3485 1581 3581 ejus,vqui
1628 3509 1885 3578 permulti
1925 3485 2131 3564 Pheras
2161 3509 2247 3562 in-

681 3607 957 3670 colebant,
994 3603 1364 3665 scrutabatur,
1421 3591 1690 3670 bbnisque
1719 3599 1975 3655 omnibus
2006 3599 2243 3654 nudatos

683 3698 998 3754 immaniter
1032 3695 1312 3766 puniebat.
1354 3695 1421 3749 Et
1464 3709 1588 3747 cum
1639 3679 1906 3747 antea'ad
1953 3690 2060 3746 hoc
2099 3699 2245 3744 esset

678 3791 1164 3866 prOpensissimus,
1197 3797 1311 3840 tum
1349 3783 1653 3855 praesertim
1689 3783 1823 3837 nihil
1854 3782 1920 3837 ad
1950 3781 2246 3838 crudelita-

679 3899 786 3939 tem
845 3880 1042 3949 reliqui
1111 3879 1292 3933 facere
1345 3875 1751 3941 contendebat,
1809 3884 1864 3928 et
1913 3872 2244 3944 Byzantinos

679 3981 838 4043 longo
882 3972 1173 4028 intervallo
1217 3969 1513 4038 superabat
1558 3969 1611 4022 iu
1647 3967 1926 4030 omnibus,
1964 3965 2010 4019 si
2045 3965 2244 4020 verbo-

602 4133 604 4135 ,
677 4087 799 4122 rum
842 4064 1210 4120 contumelias
1252 4061 1526 4128 excipias;
1579 4058 1632 4114 in
1685 4059 1848 4132 452
1888 4059 1992 4112 hoc
2038 4057 2242 4127 quippe

677 4174 788 4214 uno
819 4155 1119 4210 modestius
1141 4169 1198 4207 se
1224 4153 1467 4222 geri-bat.
1500 4151 1848 4205 Connubium
1881 4157 2065 4203 autem
2094 4147 2242 4212 illim,

676 4249 823 4317 quod
873 4249 1022 4316 prius
1067 4246 1177 4298 lilio
1227 4243 1572 4312 itttperalOris
1601 4241 1946 4311 promiserat,
1995 4240 2240 4294 rescidit.

675 4341 830 4396 Tunc
863 4339 1028 4406 igitur
1059 4337 1128 4390 oh
1177 4333 1581 4388 inclementiam
1633 4331 1851 4395 hiemis,
1878 4345 2000 4398 quae
2037 4329 2244 4400 Byzan-

677 4437 751 4486 tio
779 4431 1028 4484 exierant
1091 4437 1143 4480 el
1169 4443 1288 4496 qua:
1314 4423 1678 4494 llidytnotichi
1708 4432 1867 4476 erant
1893 4421 2084 4490 copiae,
2113 4436 2242 4474 con-

2279 1841 2327 1900 B

2359 619 2487 663 των,
2518 602 2614 654 καὶ
2665 600 2797 668 πρὶν
2841 599 3026 660 αὐτοῖς
3067 595 3440 650 κοινώσασθαι
3469 595 3568 662 τήν
3599 594 3854 662 γνώμην,
3890 591 3927 644 ἀ

2359 691 2508 761 αὐτῷ
2560 709 2619 742 τε
2673 693 2768 743 καὶ
2815 691 2949 742 πᾶσι
2996 691 3112 749 τοῖς
3157 687 3378 740 συνοῦσι
3407 684 3710 738 λυσιτελεῖν
3744 683 3924 735 ἐδόκει

2358 779 2839 848 καταπεπρᾶχθαι.
2882 777 3064 842 Ἢξίου
3097 794 3156 831 τε
3209 778 3283 846 μὴ
3317 777 3404 828 διὰ
3422 777 3490 828 τὰ
3537 774 3768 827 τοιαῦτα
3797 772 3929 824 δυσ-

2358 871 2630 940 χεραίνειν
2658 869 2736 930 ὡς
2798 867 3195 937 περιοφθέντας
3224 883 3238 897 ο
3269 866 3386 919 ἀλλ’
3416 865 3470 916 εῐ
3495 882 3545 916 τι
3580 865 3674 916 καὶ
3702 861 3817 913 τῶν
3852 861 3925 928 μή

2355 961 2584 1014 δεόντων
2633 960 2868 1028 γένοιτο,
2897 959 3115 1030 ἀνάγκῃ
3146 957 3254 1009 τῶν
3305 955 3647 1023 πραγμάτων
3694 953 3927 1022 προσλο-

2356 1050 2633 1119 γίζεσθαι.
2683 1050 2970 1118 Ἐπαρχος
3025 1050 3122 1116 μὲν
3166 1043 3262 1100 οὖν
3303 1045 3428 1098 οὔτε
3474 1045 3574 1115 τήν
3627 1043 3926 1112 πρεσϐείαν

2354 1141 2740 1212 προσεδέξατο,
2787 1141 2902 1194 οὗτ⁹
2953 1139 3122 1202 εὐθὺς
3175 1138 3312 1208 πρδς
3369 1138 3606 1205 πόλεμον
3645 1132 3925 1200 ¹ἐκινήθη,

2352 1233 2489 1286 ἀλλά
2527 1235 2626 1302 τὴν
2653 1235 2939 1286 κοινωνίαν
2990 1232 3152 1299 μόνον
3190 1231 3556 1298 ἀπηγόρευεν.
3601 1225 3839 1293 ὀμοίως
3869 1225 3925 1275 δί

2353 1323 2450 1376 καὶ
2494 1324 2936 1393 πρωτοστράτωρ
2978 1320 3180 1388 πολλὴν
3223 1319 3317 1370 τοῦ
3350 1317 3620 1385 βασιλέως
3669 1317 3925 1382 ἀμνημο-

2354 1413 2520 1482 σύνην
2570 1412 2680 1465 τῶν
2734 1414 2904 1480 φίλων
2935 1411 3251 1478 κατηγόρει,
3287 1410 3368 1461 δτι
3415 1406 3480 1474 δὴ
3526 1405 3691 1456 αὑτὸν
3720 1403 3926 1469 πολλὴν

2352 1507 2452 1574 τῆς
2487 1506 2567 1565 είς
2590 1505 2817 1566 ἐκεῖνον,
2851 1504 3066 1563 εὐνοίας
3111 1503 3174 1553 ὲκ
3217 1499 3426 1552 πολλῶν
3457 1499 3596 1548 ἑτῶν
3639 1495 3924 1558 ἀπόδειξιν

2352 1595 2806 1661 ἐπιδεδειγμένον,
2846 1592 2922 1653 ὥς
2962 1609 3082 1644 τινα
3123 1591 3231 1643 τῶν
3269 1587 3482 1640 πολλῶν
3509 1587 3690 1652 ὀλίγον
3735 1585 3929 1650 διαφέ-

2357 1706 2519 1760 ροντα
2569 1688 2807 1759 περιεῖδε
2844 1688 2939 1738 καὶ
2977 1684 3151 1738 ταῦτα
3183 1699 3448 1742 tato-not;
3499 1681 3710 1749 μέλλων
3742 1681 3928 1745 ἐγχειο

2357 1786 2492 1852 ρεῖν.
2526 1782 2691 1834 Οὖδὲν
2733 1781 2912 1849 μέντοι
2937 1778 3111 1831 δεινὸν
3142 1779 3400 1845 εῐργαστο
3430 1774 3520 1826 τὸν
3544 1771 3923 1842 πρεσϐευτὴν,

2352 1875 2470 1929 ἀλλ’
2532 1875 2785 1926 ἐκέλευεν
2831 1867 2988 1933 αὖθις
3038 1868 3400 1936 ἀναστρέφειν
3455 1865 3591 1935 πρὸς
3640 1863 3734 1916 τὸν
3784 1861 3930 1928 πέμ-

2353 1968 2550 2037 ψαντα.
2601 1951 2818 2034 Συργῆς
2867 1963 2946 2026 δὲ,
2979 1962 3090 2015 εἴτε
3142 1961 3237 2012 καὶ
3281 1961 3344 2011 ὲκ
3403 1955 3728 2027 προφάσεώς
3777 1967 3930 2014 τινος

2353 2060 2717 2129 ἀρχαιοτέρας
2751 2055 2982 2124 μηνίων,
3038 2055 3148 2106 εἴτε
3186 2054 3279 2105 καὶ
3327 2050 3450 2102 τότε
3483 2049 3701 2117 πρῶτον
3731 2047 3798 2097 ὲκ
3823 2041 3928 2096 τοῦ

2353 2149 2746 2219 παρεωρᾶσθαι
2790 2145 3205 2200 ὑπωπτευκέναι
3255 2144 3391 2212 πρὸς
3438 2139 3607 2210 όργὴν
3663 2137 3924 2206 ἐξήγετο,

2351 2243 2478 2304 τούς
2531 2258 2590 2294 τε
2635 2241 2830 2307 λόγους
2884 2238 2985 2308 τῆς
3033 2235 3330 2307 πρεσϐείας
3379 2233 3456 2296 ώς
3504 2232 3727 2301 ἔχοντας
3764 2227 3928 2279 οὐδὲν

2353 2335 2524 2402 ὑγιὲς,
2559 2333 2674 2387 ἀλλ’
2704 2334 2890 2405 ἀπάτῃ
2937 2325 3495 2395 συνεσκευασμένους,
3524 2322 3922 2389 ἀπεπέμπετο,

2325 2430 2580 2496 ,φάσκων
2606 2428 2682 2489 ὡς
2723 2426 2774 2479 εί
2817 2425 2913 2478 καὶ
2962 2422 3093 2493 παρ’
3139 2419 3332 2488 ἐκείνῳ
3358 2417 3467 2470 τῶν
3497 2414 3719 2484 μηδενὸς
3750 2411 3926 2474 ἀξίων

2351 2518 2634 2588 ἐνομίσθη,
2664 2516 2780 2570 ἀλλ’
2820 2516 2984 2576 αὐτὸς
3013 2513 3200 2575 αὐτοῖς
3231 2511 3415 2580 ἔργοις
3464 2508 3713 2576 ποιήσειν
3745 2521 3925 2557 κατα-

2353 2610 2541 2683 φανὲς,
2573 2609 2648 2671 ώς
2691 2607 2817 2670 τούς
2848 2623 2909 2659 τε
2959 2606 3150 2674 φίλους
3179 2603 3433 2672 ὠφελεῖν,
3468 2599 3563 2654 καὶ
3596 2599 3720 2658 τοὺς
3754 2597 3923 2648 πολε-

2356 2704 2511 2775 μίους
2579 2701 2838 2770 βλάπτειν
2908 2698 3127 2750 δύναιτο
3181 2695 3250 2746 τά
3319 2693 3580 2763 μέγιστα,
3641 2690 3735 2741 καὶ
3787 2686 3923 2746 τοὺς

2352 2794 2611 2864 πρέσϐεις
2633 2795 2713 2856 είς
2737 2792 2798 2844 τὸ
2825 2789 3202 2857 δεσμωτήριον
3237 2785 3462 2852 είσῆγεν
3491 2799 3505 2814 ο
3530 2781 3580 2833 οῖ
3602 2777 3923 2847 Δημήτριός

2351 2904 2409 2942 τε
2455 2882 2596 2958 ἦσαν
2641 2887 2669 2938 ό
2716 2879 3104 2950 Κασανδρηνὺς
3129 2878 3224 2930 καὶ
3272 2874 3521 2944 Λάσκαρ.
3557 2871 3614 2934 δς
3642 2865 3708 2938 ἦν
3740 2869 3924 2938 μέγας

2351 2976 2740 3050 χαρτουλάριος
2789 2975 2890 3042 τὴν
2927 2970 3109 3036 ἀξίαν.
3147 2970 3342 3030 Ὀντος
3388 2966 3444 3019 δὲ
3492 2966 3548 3016 ὲν
3596 2964 3792 3030 Φεραῖς
3848 2959 3920 3010 οὐ

2354 3070 2740 3142 βοσκημάτων“
2795 3066 2958 3135 μόνον
3025 3062 3269 3132 πλήθους
3332 3051 3774 3123 Καντακουζηνῷ
3806 3050 3924 3142 ,τῷ

2352 3141 2581 3232 βασιλεῖ,
2618 3158 2753 3212 ἀλλά
2795 3157 2890 3210 καὶ
2931 3153 3160 3224 πυρῤῶν
3204 3151 3300 3204 καὶ
3343 3147 3574 3218 καρπῶν
3600 3145 3710 3197 τῶν
3736 3141 3922 3195 ἀλλων

2347 3255 2436 3309 διὰ
2480 3254 2542 3307 τὺ
2594 3251 2834 3322 μεγάλας
2881 3247 2978 3302 καὶ
3029 3244 3292 3305 πλείστας
3342 3243 3568 3309 κτήσεις
3621 3234 3848 3305 μᾶλλον,
3882 3233 3916 3300 ἢ

2346 3345 2492 3401 κατά
2529 3344 2626 3406 τὰς
2657 3341 2823 3404 ἄλλας
2868 3339 3054 3399 πόλεις
3086 3334 3339 3389 ἐνταυθοῖ
3365 3329 3692 3399 κεκτῆσθαι,
3731 3327 3919 3378 πάντα

2345 3438 2582 3490 ἐποιεῖτο
2631 3435 2738 3488 ῖδια
2796 3429 2982 3490 εὐθύς.
3019 3429 3099 3480 Δι’
3147 3425 3184 3480 ἀ
3217 3425 3313 3478 καὶ
3346 3423 3548 3489 μᾶλλον
3578 3417 3917 3484 ὑπωπτεύθη

2347 3529 2442 3583 τὸν
2499 3527 2634 3598 πρὸς
2685 3526 2890 3578 ἐκεῖνον
2951 3518 3189 3587 πόλεμον
3237 3513 3496 3587 ᾑρῆσθαι,
3550 3509 3803 3573 συνιδὼν,
3835 3510 3918 3570 ὡς

2343 3622 2543 3685 ἔοικεν,
2578 3618 2652 3680 ώς
2679 3617 2743 3668 ὲκ
2775 3613 2876 3684 τῆς
2900 3610 3166 3678 διαφορᾶς
3199 3609 3298 3677 τῆς
3331 3608 3466 3676 πρὸς
3492 3606 3704 3656 ἐκεῖνον
3740 3600 3915 3669 μείζω

2342 3712 2564 3766 δύναιτο
2594 3705 2962 3774 καρποῦσθαι,
2997 3702 3030 3773 ἦ
3060 3701 3161 3771 τῆς
3189 3699 3466 3769 ὁμονοίας,
3494 3697 3547 3749 εῐ
3573 3712 3636 3762 γε
3673 3695 3770 3748 καὶ
3798 3693 3913 3744 τῶν

2343 3803 2578 3872 πρώτων
2633 3800 2726 3852 καὶ
2765 3796 3036 3866 μεγίστων
3067 3790 3332 3845 ἀπολαύοι
3365 3788 3496 3858 παρ’
3527 3786 3679 3852 αὑτῷ
3704 3784 3910 3852 τιμῶν.

2343 3895 2418 3947 Οὐ
2452 3893 2611 3960 μόνον
2659 3891 2766 3956 γὰρ
2819 3888 3044 3939 ἐκείνων
3087 3881 3359 3937 τοσούτων
3403 3879 3573 3932 ὄντων
3616 3876 3808 3945 κύριος
3843 3873 3913 3943 ἦν
4008 3922 4028 3950 ὅ

2343 3985 2527 4046 εὐθὺς,
2561 3979 2696 4036 ἀλλά
2743 3979 2836 4031 καὶ
2879 3977 3006 4038 τοὺς
3051 3975 3239 4043 φίλους
3285 3969 3562 4042 διηρεύνα,
3592 3967 3640 4021 οῖ
3685 3963 3827 4036 ἦσαν
3853 3968 3914 4018 ἐν

2343 4077 2542 4146 Φεραῖς
2581 4070 2790 4124 πολλοί.
2826 4069 2932 4122 Καὶ
2986 4067 3207 4120 πάντων
3257 4065 3357 4125 τάς
3403 4061 3594 4122 οὐσίας
3641 4061 3912 4128 ἀφαιρού-

2348 4182 2529 4236 μενος,
2584 4160 2844 4223 ἐκόλαζεν
2900 4155 3325 4222 ἀπανθρώπως’
3363 4147 3432 4221 ἦν
3485 4151 3595 4218 γὰρ
3656 4149 3719 4218 δὴ
3774 4147 3915 4217 πρὸς

2343 4256 2501 4310 τοῦτο
2551 4252 2815 4322 πρότερόν
2869 4264 2926 4299 τε
2986 4247 3128 4315 ἔχων
3161 4242 3396 4312 μάλιστα
3444 4239 3785 4310 ὲπιρῤεπῶς,
3818 4242 3914 4288 καὶ

2344 4346 2465 4400 τότε
2543 4343 2777 4412 μάλιστα
2835 4337 3214 4408 ἐφιλονείκησε
3293 4330 3564 4401 μηδεμίαν
3626 4329 3913 4396 ὠμότητος

2347 4433 2656 4504 ὑπερϐολὴν
2683 4429 2989 4483 ἀπολιπεῖν.
3021 4425 3209 4494 Πολλῷ
3239 4423 3347 4492 γὰρ
3383 4421 3461 4490 τῷ
3489 4420 3672 4490 μέτρῳ
3700 4420 3830 4481 τοὺς
3856 4422 3914 4470 ἐν

675 4539 901 4581 currere
969 4521 1357 4589 nequiverunt.
1411 4517 1637 4571 Interim
1695 4499 2061 4585 protostrator
2106 4512 2237 4567 facti

2348 4525 2623 4593 Βυζαντίῳ
2658 4522 2979 4591 παρήλασεν
3011 4519 3068 4570 ἐν
3098 4520 3254 4576 πᾶσι,
3279 4513 3419 4580 πλὴν
3442 4513 3540 4579 τῆς
3568 4511 3780 4580 ὕϐρεως
3803 4526 3828 4541 --
3851 4512 3912 4561 ἐν

675 4621 971 4686 paenitens,
999 4613 1141 4681 quod
1169 4612 1492 4680 legationem
1521 4607 1831 4675 repulisset,
1859 4621 1956 4674 pcr
1983 4604 2239 4657 intimum

674 4709 964 4776 quemdam
1013 4704 1228 4757 occulte
1279 4702 1469 4753 urbem
1517 4697 1962 4752 Thessalonicam
2014 4695 2244 4763 impera-

677 4801 777 4854 tori
810 4815 866 4852 se
903 4797 1232 4850 traditurum
1275 4793 1600 4862 pollicetur;
1631 4805 1750 4843 esse
1792 4789 1937 4843 enim
1977 4787 2108 4847 illic,
2145 4788 2239 4856 qui

674 4893 722 4944 ci
756 4891 1021 4949 faverent,
1054 4902 1214 4953 quam
1251 4884 1542 4953 plurimos;
1593 4891 1648 4935 et
1691 4882 1967 4944 monebat,
2002 4896 2067 4934 ne
2100 4897 2240 4935 cun-

672 4993 938 5044 ctaretur,
979 4983 1072 5033 sed
1124 4976 1272 5031 veris
1327 4975 1485 5029 initio
1535 4973 1843 5036 accederet,
1895 4973 2127 5026 multum
2179 4988 2240 5027 se

673 5076 796 5145 ejus
824 5071 1130 5127 rationibus
1159 5067 1656 5122 commodaturum.
1691 5064 1956 5119 Similiter
1986 5073 2040 5119 et
2069 5064 2240 5119 Chre-

673 5173 772 5232 les,
827 5169 924 5240 qui
977 5165 1272 5234 aliquando
1322 5179 1388 5218 ex
1439 5163 1697 5222 Triballis
1748 5161 1813 5216 ad
1865 5162 2239 5221 Andronicum

671 5259 1058 5328 transfugerat,
1105 5271 1227 5310 sese
1278 5270 1402 5306 cum
1453 5253 1600 5306 mille
1640 5250 1926 5315 militibus,
1960 5261 2016 5305 et
2063 5251 2240 5306 tribus

669 5353 887 5421 oppidis
913 5349 1202 5405 dediderat
1231 5365 1244 5400 :
1278 5360 1401 5414 qua:
1437 5343 1696 5396 Romanis
1727 5343 1992 5413 subjecta,
2027 5343 2240 5398 Andro-

669 5445 809 5498 uicis
843 5444 983 5495 inter
1030 5455 1087 5493 se
1133 5435 1601 5506 belligeranlibus,
1640 5434 1862 5489 Triballi
1899 5434 2094 5490 incolis
2137 5437 2238 5490 de-

669 5537 937 5589 ditionem
972 5532 1304 5586 facientibus
1339 5538 1694 5597 occuparant.
1729 5525 1828 5581 llic
1860 5530 2041 5597 itaque
2064 5529 2237 5584 Chre—

667 5635 744 5684 lrs
793 5626 1020 5695 pecunia
1081 5625 1405 5684 instructus,
1464 5631 1519 5675 et
1544 5619 1846 5674 exercitum
1887 5621 1990 5674 sub
2035 5637 2235 5678 senon

664 5715 1076 5786 atpernandum
1116 5714 1345 5777 habens,
1383 5721 1438 5766 et
1478 5723 1636 5766 antea
1671 5702 1984 5778 imperatori
2026 5700 2230 5767 Canta-

662 5823 869 5866 cizcno
899 5806 1275 5862 amicissimus
1307 5803 1425 5876 (per
1456 5818 1618 5873 quem
1653 5811 1709 5857 et
1740 5787 2043 5858 Andronici
2091 5805 2232 5862 auti-

2343 4616 2516 4682 τούτῳ
2556 4599 2670 4682 ⁷γὰρ
2724 4612 2868 4679 μόνῳ
2915 4605 3296 4676 σωφρονοῦντα
3329 4601 3523 4655 ἑαυτὸν
3576 4599 3908 4669 παρέσχετο.

2343 4709 2456 4775 Τήν
2485 4721 2543 4756 τε
2578 4702 2876 4773 μνηστείαν
2920 4699 3019 4767 τῆς
3067 4695 3337 4766 θυγατρὸς
3375 4695 3442 4765 ήν
3484 4695 3749 4762 πρότερον
3780 4693 3913 4762 πρὸς

2341 4800 2433 4852 τὸν
2467 4795 2732 4868 βασιλέως
2760 4793 2873 4845 υἱὸν
2908 4789 3197 4858 πεποίητο,
3237 4789 3474 4842 διέλυσε.
3509 4786 3646 4838 Τότε
3684 4787 3786 4853 μὲν
3818 4781 3909 4837 οὖν

2342 4875 2610 4960 χειμῶνος
2641 4884 2876 4949 ἐξαισίου
2909 4879 3377 4952 ἐπιγενομένου,ή
3410 4896 3468 4930 τε
3521 4881 3584 4929 ἐκ
3611 4876 3909 4940 Βυζαντίου

2343 4983 2443 5036 καὶ
2483 4984 2516 5051 ἡ
2561 4981 2625 5032 ἑκ
2670 4977 3055 5045 Διδυμοτείχου
3097 4975 3330 5043 στρατιά
3374 4971 3670 5041 ἡσύχαζον,
3708 4971 3792 5040 μὴ
3828 4970 3913 5022 δυ-

2343 5075 2566 5142 νάμενοι
2621 5069 2873 5140 ἀλλήλοις
2930 5064 3303 5129 ἀντεπεξιέναι
3353 5063 3444 5116 διὰ
3489 5065 3584 5116 τὸν
3635 5063 3914 5133 χειμῶνα.

2355 5164 2443 5216 Ἐν
2467 5163 2639 5233 τούτῳ
2662 5159 2719 5214 δὲ
2746 5161 2840 5214 καὶ
2866 5162 2892 5212 ό
2923 5157 3362 5228 πρωτοστράτωρ
3389 5158 3451 5208 ὲκ
3477 5155 3908 5223 Θεσσαλονίκης,

2341 5255 2423 5310 ὅτι
2449 5256 2548 5325 τὴν
2579 5254 2842 5326 βασιλέως
2863 5253 3136 5306 ἀπείπατο
3161 5249 3455 5321 πρεσϐείαν
3480 5248 3905 5318 μεταμεληθεὶς,

2341 5349 2450 5402 τῶν
2480 5347 2830 5401 οἰκειοτάτων
2857 5345 3082 5414 πέμψας
3117 5347 3262 5402 τινὰ,
3299 5342 3487 5412 κρύφα
3529 5340 3809 5408 διελέγετο
3835 5343 3907 5403 ὡς

2342 5439 2744 5508 Θεσσαλονίκην
2800 5435 3175 5505 παραδώσων·
3227 5431 3366 5487 εἶναι
3416 5432 3522 5502 γάρ
3582 5432 3734 5501 αὐτῷ
3784 5433 3911 5492 τοὺς

2343 5533 2798 5600 συμπράττοντας
2852 5530 2970 5582 ἐκεῖ
3021 5529 3268 5588 πολλούς.
3321 5523 3685 5579 Συνεὸούλευέ
3727 5539 3791 5576 τε
3834 5526 3907 5592 μὴ

2344 5625 2561 5694 μέλλειν
2583 5662 2600 5684 ,
2632 5622 2746 5674 ἀλλ’
2779 5621 2893 5689 ἄμα
2923 5616 3017 5688 ἦρι
3051 5621 3203 5688 ἥκειν
3234 5621 3369 5688 πρὸς
3399 5619 3585 5682 αὑτὸν,
3605 5619 3681 5680 ὼς
3705 5619 3907 5686 πολλῆς

2340 5717 2486 5782 αὑτῴ
2540 5714 2805 5782 ὠφελείας
2863 5713 3125 5782 ἐσομένης
3174 5712 3235 5776 ιξ
3290 5709 3521 5764 ἐκείνου.
3567 5709 3804 5778 Ὁμοίως
3847 5710 3905 5762 δὲ

2342 5807 2701 5880 καζΧρέλ.ης,
2733 5807 2786 5867 ὃς
2830 5801 2896 5882 ἦν
2937 5808 3202 5876 πρότερον
3251 5805 3380 5872 πρὸς
3433 5802 3770 5874 Ἀνδρόνικον
3812 5801 3904 5854 sev
