4194 6440
285 420 392 482 885

1423 425 1974 487 IIISTOIIIARUM
2016 429 2249 489 LIBER
2292 428 2412 491 lli.

3449 433 3556 499 886

287 531 514 599 βασιλέα
551 533 951 605 ηὐτομοληκὼς
983 537 1049 589 ὲκ
1081 536 1393 607 Τριϐαλῶν,
1428 537 1773 603 στρατιώτας
1813 553 1869 589 τε

1981 539 2164 594 citiam
2189 542 2426 610 adeptus
2455 542 2664 615 fuerat)
2692 544 2844 599 misit
2875 545 2992 615 ipse
3024 559 3246 614 quoque
3277 545 3559 614 signiﬁca-

286 624 427 693 ἔχων
466 626 695 694 χιλίους,
730 630 826 682 καὶ
860 630 1045 691 πόλεις
1074 630 1220 694 τρεῖς
1258 628 1691 697 παραδεδωκὼς,
1722 630 1866 682 κατὰ

285 718 378 770 τὸν
414 722 552 788 πρὸς
603 720 871 790 ἀλλήλους
915 720 1024 774 τῶν
1063 721 1423 791 Ἀνδρονίκων
1469 720 1737 790 βασιλέων
1773 720 1870 773 πό·

288 810 457 879 ὶεμον
504 813 770 881 κατέσχον
820 815 869 867 οἱ
902 813 1167 884 Τριϐαλοὶ
1210 813 1317 866 τῶν
1346 814 1691 881 κατεχόντων
1737 812 1872 864 Ῥω-

290 902 470 969 μαίων
520 904 892 975 παραδόντων.
938 899 1109 967 Οὗτος
1153 904 1215 972 δὴ
1263 899 1357 956 οὖν
1410 906 1438 956 ό
1491 902 1707 973 Χρέλης
1736 904 1873 971 χρὴ·

291 992 428 1059 μασί
472 1010 531 1044 τε
581 981 916 1065 ἐρρωμένος,
944 995 1039 1047 καὶ
1088 995 1354 1062 στρατιὰν
1405 994 1544 1061 ἔχων
1590 994 1870 1060 ἀξιόλογον

290 1085 380 1153 ὑφ’
415 1086 616 1154 ἑαυτῷ,
642 1089 736 1139 καὶ
766 1086 1032 1156 πρότερον
1060 1086 1272 1156 βασιλεῖ
1309 1085 1388 1155 τῷ
1419 1085 1872 1156 Καντακουζηνῷ

291 1183 347 1242 ἐς
375 1182 443 1233 τὰ
482 1182 716 1249 μάλιστα
763 1182 913 1250 φίλος
948 1181 1047 1245 ὢν,
1075 1183 1142 1235 δι’
1169 1182 1339 1237 αὐτοῦ
1367 1183 1475 1251 γὰρ
1514 1183 1609 1235 καὶ
1648 1183 1872 1252 Ἀνδρο-

290 1272 428 1340 ιὶκῳ
471 1272 747 1341 προσῆλθε
791 1273 868 1342 τῷ
903 1273 1135 1343 βασιλεῖ,
1164 1275 1386 1343 πέμψας
1428 1274 1520 1327 καὶ
1568 1274 1752 1337 αὐτὸς,
1788 1275 1873 1327 ὅτι

289 1378 349 1413 τε
382 1364 591 1430 αἰροίτο
615 1363 806 1432 ἐδήλου
840 1365 909 1417 τὰ
933 1365 1168 1427 ἐκείνου,
1197 1368 1295 1418 καὶ
1321 1364 1557 1435 παρῄνει
1591 1367 1683 1417 καὶ.
1711 1364 1874 1427 αὐτὸς

293 1454 430 1522 πρὸς
462 1453 561 1521 τὴν
598 1454 839 1524 ἑσπέραν
869 1455 1074 1523 μᾶλλον
1109 1454 1440 1524 τρέπεσθαι,
1458 1454 1533 1514 ὡς
1567 1455 1626 1507 ού
1658 1453 1873 1522 φαύλης

292 1544 439 1605 τινὸς
484 1545 713 1597 αὐτόθεν
766 1546 1030 1614 ἐσομένης
1083 1546 1375 1613 ὡφελείας.
1432 1544 1697 1606 Βασιλεὺς
1740 1545 1796 1596 δὲ
1847 1546 1875 1596 ὁ

294 1637 772 1706 Καν;ακουζηνὸς,
807 1639 928 1691 ἐπεὶ
972 1638 1133 1708 ἔαρος
1163 1638 1281 1707 ὥρα
1317 1638 1417 1708 ’ήδη
1450 1633 1540 1709 ἦν,
1574 1638 1874 1707 ἐκκλησίαν

295 1727 619 1796 συναγαγὼν
673 1731 737 1782 ἐκ
784 1731 892 1783 τῶν
927 1732 1221 1794 συνόντων,
1256 1730 1393 1801 πρὸς
1441 1732 1469 1783 ὃ
1516 1748 1567 1783 τι
1613 1730 1721 1799 χρὴ
1752 1731 1877 1800 τρέ-

295 1820 494 1870 πεσθαι
547 1822 897 1878 ἐσκέπτοντο.
945 1824 1101 1875 Ὅσοι
1156 1823 1255 1891 μὲν
1301 1819 1395 1876 οὖν
1450 1824 1515 1876 ὲκ
1568 1824 1871 1887 Βυζαντίου

291 1908 457 1979 ἦσαν,
484 1913 583 1980 τὴν
630 1915 709 1976 εἰς
757 1914 1052 1978 Βυζάντιον
1104 1916 1307 1983 μᾶλλον
1367 1915 1758 1968 συνεϐούλευον
1791 1919 1875 1968 αἰ-

294 2004 508 2074 ρῐσθαι
543 2006 791 2075 εἰσϐολήν
836 2023 849 2037 ·
877 2007 951 2070 ὡς
990 2008 1057 2078 ἦν
1084 2009 1432 2079 κρατήσωσιν
1467 2009 1702 2073 ἐκείνου,
1736 2004 1877 2062 εἶναι

293 2098 354 2151 Et
396 2100 499 2151 οὐκ
541 2100 790 2165 ἀγεννεῖς
831 2102 1076 2166 ἐλπίδας,
1116 2101 1330 2154 πολλῶν
1370 2105 1487 2155 ἐκεῖ
1516 2102 1581 2155 τὰ
1611 2101 1879 2168 βασιλέως

294 2193 613 2262 ᾑρημένων,
650 2193 903 2262 μεγάλων
946 2193 1387 2262 ἀπαλλαξόμενοι
1435 2194 1529 2246 καὶ
1563 2194 1743 2248 πόνων
1783 2196 1879 2248 καὶ

296 2283 579 2337 κινδύνωι.
613 2285 675 2337 0i
706 2285 749 2337 δ’
778 2285 1024 2349 ἑσπέριοι
1071 2286 1181 2348 τοῖς
1206 2288 1272 2339 ἐκ
1304 2286 1402 2352 τῆς
1435 2285 1677 2354 ἑσπέρας
1711 2302 1882 2356 προσ-

295 2377 443 2445 έχειν
495 2375 664 2445 ᾣοντο
724 2375 926 2444 μᾶλλον
972 2379 1262 2445 πράγμασι
1296 2377 1430 2441 δεῖν,
1460 2376 1537 2440 ὼς
1566 2377 1668 2429 οὐκ
1716 2381 1882 2429 ὲκπε-

298 2467 713 2534 πολεμωμένοις
768 2467 1020 2536 βασιλεῖ,
1078 2468 1217 2522 ἀλλά
1274 2470 1741 2539 προσχωρήσουσι
1791 2470 1881 2522 διὰ

296 2560 399 2627 τὴν
442 2557 658 2612 εὔνοιαν
710 2561 927 2630 ῥᾳδίως.
979 2562 1058 2615 Τὰ
1109 2562 1155 2614 δ’
1200 2563 1257 2614 ἐν
1301 2563 1584 2634 Βυζαντίῳ
1634 2562 1881 2632 μεγάλης

295 2650 505 2704 δεῖσθαι
551 2651 652 2721 τῆς
703 2654 1088 2722 παρασκευῆς,
1139 2653 1353 2708 πολλῶν
1397 2654 1570 2707 ὄντων
1623 2656 1741 2707 ἐκεῖ
1772 2654 1882 2708 τῶν

299 2746 732 2813 πολεμιωτάτων
761 2747 993 2815 βασιλεῖ,
1034 2750 1126 2800 καὶ
1175 2749 1305 2811 τοὺς
1337 2748 1533 2812 ἄλλους
1574 2749 1883 2816 ἐναγόντων

300 2837 440 2905 πρὸς
491 2838 579 2890 τὸν
632 2839 890 2907 πόλεμον.
931 2836 1027 2902 Οἷς
1074 2839 1155 2893 δεῖ
1211 2840 1636 2911 ἐπιστρατεύειν
1678 2843 1882 2913 ἐπανή-

297 2943 497 2990 κοντας
537 2931 601 2981 ὲκ
631 2931 731 2999 τῆς
763 2930 1025 3001 ἑσπέρας,
1060 2934 1156 2984 καὶ
1185 2932 1431 3001 μεγάλην
1475 2931 1691 2985 ἐκεῖθεν
1720 2950 1881 3002 περι-

298 3020 676 3089 ϐεϐλημένους
727 3024 980 3094 δύναμιν.
1017 3025 1091 3079 Τὸ
1140 3028 1328 3095 μέντοι
1358 3024 1754 3096 μισθοφορικὸν
1786 3025 1884 3095 τῆς

300 3114 585 3179 στρατιᾶς,
619 3117 712 3167 καὶ
762 3116 877 3168 ὅσοι
939 3117 1047 3170 τῶν
1105 3117 1372 3187 βασιλέως
1424 3113 1567 3188 ἦσαν
1628 3119 1879 3183 οἰκετῶν,

1974 638 2112 689 tum.
2153 647 2212 686 se
2257 634 2378 702 ejus
2421 643 2607 701 partes
2645 636 2824 703 sequi,
2863 651 2987 689 cum
3031 635 3439 698 cohortatione,
3477 639 3557 691 uti

1972 723 2037 776 ad
2076 723 2434 779 Occidentem
2485 740 2545 779 se
2576 736 2948 785 converteret.
2982 736 3173 795 utp0te
3228 744 3339 782 non
3392 730 3560 783 mini-

1973 831 2093 870 mos
2121 815 2195 871 ibi
2227 818 2487 871 utilitatis
2515 817 2733 871 fructus
2764 818 3111 875 inventurus.
3138 819 3559 874 Cantaeuzenus

1973 920 2098 960 cum
2126 911 2238 977 jam
2276 922 2509 962 vernum
2550 918 2768 977 tempus
2810 907 3049 971 adesset,
3086 919 3283 963 coacto
3326 924 3557 963 suorum

1973 998 2234 1061 concilio,
2294 1014 2406 1068 quo
2439 999 2686 1054 eundum
2721 1008 2889 1065 esset,
2941 998 3307 1053 deliberabat.
3355 1000 3561 1070 Byzan-

1977 1090 2076 1144 tini
2105 1106 2298 1146 omnes
2330 1092 2741 1159 expeditionem
2787 1092 3147 1163 Byzantinam
3204 1092 3559 1160 anterapienu

1975 1184 2098 1237 dam
2165 1184 2583 1248 decernebant;
2644 1200 2769 1238 nam
2830 1186 2873 1238 si
2929 1200 2992 1239 ea
3053 1184 3189 1238 urbe
3248 1185 3560 1253 potirentur

1977 1280 2119 1344 (esse
2148 1285 2332 1330 autem
2369 1276 2617 1345 potiundi
2654 1276 2969 1344 praeclaram
3004 1279 3206 1345 spem),
3256 1277 3447 1330 multis
3484 1278 3560 1330 ibi

1978 1365 2336 1435 imperatoris
2372 1379 2559 1436 partes
2605 1366 3088 1435 amplectentibns.
3141 1366 3352 1435 magnis
3401 1364 3562 1419 dein-

1976 1474 2106 1527 ceps
2135 1468 2189 1512 et
2223 1458 2510 1512 laboribus
2552 1468 2608 1512 et
2671 1459 2937 1527 periculis
2979 1458 3099 1511 fore
3143 1457 3366 1510 liberos.
3398 1454 3562 1511 Occi-

1976 1552 2225 1606 dentales
2271 1560 2453 1605 autem
2505 1551 2681 1619 magis
2724 1549 2790 1602 ad
2848 1565 2937 1602 res
2996 1548 3313 1603 Occidentis
3348 1547 3562 1601 incum-

1977 1642 2219 1698 bendum
2255 1644 2597 1705 censebant;
2630 1640 2833 1709 quippe
2880 1640 3024 1692 baud
3071 1639 3318 1693 ell‘eratis
3358 1639 3472 1692 illic
3503 1639 3560 1692 in

1977 1736 2367 1806 imperatorem
2395 1733 2745 1796 mortalibus,
2773 1748 2836 1787 ac
2868 1732 3102 1801 proinde
3127 1731 3198 1786 ob
3229 1731 3565 1786 benevolen-

1980 1831 2111 1884 tiam
2152 1844 2263 1883 non
2312 1826 2534 1881 difﬁcile
2582 1826 2650 1879 ad
2701 1825 2821 1893 ejus
2875 1824 3170 1893 imperium
3220 1823 3560 1879 accessuris.

1979 1922 2262 1977 Adversus
2304 1919 2637 1991 Byzantinos
2682 1933 2823 1986 opus
2858 1916 2977 1971 fore
3019 1931 3216 1985 magno
3267 1924 3560 1983 apparatu,

1983 2014 2207 2084 quando
2255 2012 2373 2066 illic
2418 2010 2576 2065 multi
2628 2010 2740 2064 sint
2788 2010 2909 2079 ejus
2957 2009 3143 2062 hostes
3192 2006 3562 2068 acerbissimi,

1983 2105 2077 2174 qui
2113 2114 2171 2159 et
2205 2104 2346 2158 alios
2381 2102 2447 2156 ad
2491 2118 2643 2156 arma
2673 2102 3015 2155 exsuscitent
3045 2117 3057 2154 :
3096 2101 3150 2154 in
3182 2115 3324 2171 quos
3355 2099 3424 2154 ab
3472 2112 3567 2151 oc-

1984 2196 2207 2252 cidente
2238 2204 2432 2251 auctos
2463 2194 2711 2265 potentia
2756 2208 3032 2257 reversos,
3081 2207 3304 2247 met-ere
3342 2200 3565 2261 oporte-

1984 2299 2090 2345 rct.
2126 2289 2448 2343 Merrenarii
2501 2296 2559 2341 et
2606 2286 2895 2341 domestici
2946 2287 3303 2354 imperatoris
3352 2285 3563 2339 nullum

1983 2381 2284 2435 discrimen
2321 2378 2624 2444 faciebant,
2666 2379 2842 2443 parati
2874 2378 2954 2433 ire
2990 2394 3099 2447 quo
3127 2378 3221 2433 ille
3250 2376 3566 2433 consultum

1985 2480 2225 2542 putaret.
2261 2470 2434 2541 Cujus
2490 2470 2606 2525 haec
2658 2470 2762 2523 iuit
2820 2471 3093 2524 sententia
3131 2485 3144 2522 :
3179 2468 3567 2524 Occidentales

1985 2567 2131 2621 ultro
2158 2573 2444 2629 vocantes,
2481 2571 2538 2617 et
2562 2572 2669 2618 tam
2699 2563 2854 2617 multi
2886 2562 3031 2616 baud
3065 2560 3374 2631 negligendi
3404 2568 3565 2624 sunt;

1984 2659 2079 2729 qui
2115 2658 2161 2713 si
2198 2657 2283 2713 vel
2319 2671 2433 2710 non
2480 2664 2767 2721 vocarent,
2800 2668 2857 2710 et
2900 2654 3079 2709 solum
3127 2652 3338 2723 aliquid
3380 2652 3570 2722 explo-

1985 2760 2117 2805 ratae
2146 2750 2265 2820 spei
2292 2748 2813 2814 subostenderetur,
2850 2746 2920 2802 ad
2949 2762 3052 2802 nos
3086 2761 3147 2800 se
3178 2746 3567 2815 adjungerent,

1985 2844 2032 2898 si
2085 2844 2160 2897 ibi
2208 2858 2479 2898 essemus.
2538 2843 2713 2895 Tanta
2764 2840 2935 2911 igitur
2987 2839 3311 2895 accessione
3364 2837 3568 2891 virium

1987 2945 2186 3006 Sponte
2219 2936 2474 2999 dimissa,
2504 2949 2668 3004 quam
2714 2932 3179 3002 vituperationem
3228 2946 3339 2985 non
3391 2944 3571 2984 mere-

1988 3027 2210 3081 remur?
2259 3026 2422 3098 453
2452 3025 2615 3080 Nunc
2666 3025 2932 3094 quoniam
2992 3025 3098 3094 ipsi
3146 3033 3463 3085 accersunt,
3513 3032 3570 3077 et

1986 3129 2202 3175 certum
2249 3127 2356 3183 est,
2390 3133 2493 3173 nos
2540 3132 2728 3171 rerum
2764 3115 2876 3172 illic
2915 3115 3217 3186 petituros,
3258 3129 3370 3167 non
3404 3112 3571 3167 babct

298 3204 613 3275 ἱιεφὲροντο
640 3207 773 3276 πρὸς
804 3208 956 3261 οὐδέν
991 3225 1005 3239 ο
1052 3209 1170 3262 ἀλλ’
1203 3209 1412 3279 ἕτοιμοι
1441 3205 1581 3279 ἦσαν
1608 3211 1743 3277 πρὸς
1776 3210 1802 3261 ὅ
1832 3228 1880 3262 τι

1992 3211 2293 3280 quidquam
2329 3224 2432 3265 nec
2457 3209 2738 3272 utilitatis,
2763 3224 2865 3264 nec
2906 3207 3234 3277 prudentiae,
3273 3217 3438 3261 tantm
3467 3221 3570 3273 op-

299 3296 369 3347 Ξιν
403 3296 610 3363 βασιλεῖ
659 3299 791 3369 δοκῇ
847 3300 1148 3353 λυσιτελεῖν
1199 3301 1531 3371 τρεψόμενοι
1570 3303 1663 3355 καὶ
1702 3301 1877 3356 αὐτοί.

298 3388 565 3451 Βασιλεὺς
611 3391 666 3441 δὲ
698 3392 797 3442 οὐκ
832 3393 1039 3459 ἔψασκε
1090 3394 1203 3445 δεῖν
1238 3395 1366 3455 τοὺς
1393 3394 1458 3445 ἐκ
1498 3393 1598 3462 τῆς
1640 3394 1881 3462 ἑσπέρας

297 3481 603 3543 καλοῦντας
652 3484 813 3549 ϐιτας
878 3486 1235 3555 τηλικούτους
1300 3488 1600 3557 περιορᾷνο
1655 3488 1750 3539 καὶ
1804 3486 1879 3554 μὴ

297 3574 615 3629 καλούντων
665 3579 796 3649 γὰρ,
853 3582 901 3632 εἰ
967 3580 1128 3647 μόνον
1181 3580 1338 3642 ἐλπίς
1393 3596 1476 3641 τις
1543 3576 1879 3647 ὑπεφαίνετο

301 3666 520 3735 βεϐαία,
555 3670 649 3723 τοῦ
709 3672 1080 3741 προσάξεσθαι
1142 3673 1340 3734 αὐτοὺς
1393 3674 1511 3725 ἐκεῖ
1563 3689 1877 3741 παραγενο-

300 3759 520 3822 μένους,
554 3758 696 3832 ἦμεν
742 3764 809 3817 ἂν
853 3766 1108 3833 οὐδεμιᾶς
1143 3763 1557 3834 ἀπηλλαγμένοι
1586 3764 1871 3834 μέμψεως,

1988 3302 2312 3369 portunitati
2338 3302 2552 3367 deesse,
2586 3301 2683 3355 sed
2716 3302 2936 3354 illorum
2970 3314 3192 3370 quoque
3221 3296 3570 3353 assumenda:

1986 3396 2154 3455 vires,
2195 3403 2251 3447 et
2279 3394 2360 3447 sic
2394 3394 2617 3448 demum
2657 3392 2750 3446 alii
2786 3390 3120 3461 subjugandi
3160 3399 3311 3447 sunt.
3345 3390 3570 3443 Timen-

1984 3488 2111 3541 dL'lZ
2169 3488 2391 3554 quippe,
2458 3485 2506 3540 si
2558 3500 2656 3540 eos
2713 3500 2822 3538 non
2880 3482 3290 3546 curaverimus,
3349 3495 3419 3535 ne
3474 3496 3571 3550 pro

1985 3578 2181 3631 amicis
2210 3586 2266 3631 et
2302 3577 2486 3636 sociis.
2537 3576 2724 3631 hostes
2761 3591 2869 3630 una
2901 3590 3027 3630 cum
3066 3575 3281 3629 caeteris
3317 3572 3569 3642 experia-

1985 3685 2129 3724 mur.
2168 3668 2284 3734 llis,
2318 3678 2375 3723 et
2403 3669 2530 3724 aliis
2562 3683 2689 3738 pars
2731 3669 2945 3733 volens,
2990 3682 3118 3736 pars
3167 3667 3335 3721 invita
3384 3666 3572 3721 calcu-

1978 3764 2093 3817 lum
2120 3763 2472 3831 adjecerunt.

298 3853 349 3904 εἰ
389 3853 642 3923 τοιαύτην
696 3856 924 3926 δύναμιν
982 3857 1286 3927 προείμεθα
1339 3860 1587 3919 ἑκόντες·
1620 3857 1759 3910 Νυνὶ
1796 3857 1875 3921 δὲ,
1921 3854 2228 3908 καλούντων
2289 3871 2348 3906 τε
2414 3853 2615 3917 αὐτῶν,
2651 3855 2743 3907 καὶ
2777 3852 3000 3923 βεϐαίαν
3028 3853 3136 3905 τῶν
3163 3853 3280 3905 ἐκεῖ
3304 3856 3566 3923 πραγμά.

297 3963 410 3997 των
459 3948 808 4017 παρεχόντων
853 3950 952 4019 τὴν
1003 3949 1339 4020 παράληψιν,
1392 3949 1518 4002 οὔτε
1567 3948 1870 4009 λυσιτελὲς,
1913 3945 2039 3999 οὕτε
2109 3946 2327 4015 σῶφρον
2373 3946 2657 4014 παριδεῖν·

2734 3945 2869 3998 ἀλλά
2915 3945 3033 3999 δέον
3064 3948 3159 3999 καὶ
3189 3947 3290 4017 τὴν
3338 3946 3566 3999 ἐκείνων

301 4039 709 4107 προσλαϐόντας
754 4042 1002 4111 δύναμιν,
1045 4042 1188 4095 οὕτω
1264 4047 1463 4114 χωρεῖν
1513 4045 1606 4096 ἐπὶ
1652 4045 1778 4104 τοὺς
1847 4040 2059 4103 ἄλλους.
2102 4041 2229 4101 Δέος
2301 4039 2409 4109 γὰρ
2459 4039 2532 4109 μὴ
2581 4038 2674 4091 καὶ
2730 4039 2938 4108 ταύτης
2981 4039 3376 4109 ἀμελήσαντες,
3442 4041 3567 4093 ἀντὶ

300 4133 593 4201 συμμάχου
642 4136 733 4186 καὶ
792 4136 969 4203 φίλης,
1024 4136 1289 4205 πολεμίαν
1371 4140 1509 4206 πρὸς
1564 4141 1677 4200 τοῖς
1729 4136 1909 4197 ἄλλοις

300 4227 726 4295 ἐπεψηφίζοντο,
756 4230 808 4283 οἱ
845 4231 944 4302 μὲν
974 4233 1211 4299 ἑκόντες,
1244 4234 1294 4286 oi
1325 4234 1370 4286 δ’
1405 4235 1641 4305 ἀνάγκη.

1987 4135 2205 4203 ἕξομεν.
2264 4135 2450 4197 Οὕτως
2502 4135 2752 4197 εἰπόντος
2819 4133 3106 4204 βασιλέως,
3162 4137 3253 4188 καὶ
3313 4137 3362 4189 οἱ
3417 4135 3568 4191 ἄλλοι

1691 4354 1920 4411 CAPUT
1966 4354 2177 4409 XXXII.

301 4473 446 4553 Quos
468 4472 832 4553 JDidyiit‘otichi
861 4476 1263 4553 Cantacuzcnus
1297 4485 1587 4553 imperator
1616 4486 1770 4536 duces
1806 4486 2040 4552 equitum
2079 4492 2125 4535 et
2157 4482 2580 4536 suburbanorum
2630 4483 2924 4549 reliquerit.
2955 4479 3083 4534 Cum
3125 4479 3311 4553 quibus
3353 4478 3563 4553 exierit.

379 4543 608 4610 Deiectio
658 4545 994 4601 Constantini
1042 4543 1546 4621 l’alazologi.'liera
1606 4543 1885 4608 castellum
1945 4563 2208 4614 tentatur,
2262 4562 2308 4604 et
2402 4564 2578 4619 raptor
2620 4543 2898 4605 monac/tos
2942 4553 2989 4601 ei
3036 4543 3290 4617 parcitur.
3336 4548 3566 4601 Joannes

379 4612 625 4667 Bututzes
649 4615 703 4666 id
737 4618 788 4667 in
818 4616 977 4675 ﬁdem
1024 4620 1375 4675 imueratricis
1410 4625 1619 4675 rediait.
1648 4625 1778 4675 Eius
1828 4627 2004 4675 timor.
2064 4621 2281 4675 Obsidio
2338 4571 2670 4675 libi-ititemii.
2731 4622 2984 4674 Batatzes
3016 4621 3278 4675 promissa
3340 4618 3566 4675 turpiter

376 4612 625 4693 {tutatus
649 4615 703 4666 id
737 4618 788 4667 in
818 4616 977 4681 ﬁdem
1024 4612 1375 4688 imperatricis
1410 4625 1619 4693 redigit.
1648 4625 1778 4692 Ejus
1828 4627 2004 4676 timor.
2064 4612 2281 4676 Obsidio

377 4683 539 4753 fallit.

377 4798 520 4865 Πρὸς
558 4798 657 4866 μὲν
692 4799 783 4851 οὖν
816 4802 1184 4875 Διδυμοτείχῳ
1217 4806 1467 4873 βασιλίδα
1494 4810 1592 4875 τὴν
1639 4810 1874 4875 γυναῖκα
1910 4820 1957 4876 D

300 4891 598 4944 κατέλιπεν
648 4894 675 4944 ὁ
720 4892 975 4960 βασιλεὺς
1032 4896 1149 4967 ἅμα
1196 4900 1502 4970 Θυγατράσι
1552 4901 1731 4968 τρισὶ,
1783 4901 1881 4951 καὶ

297 4984 460 5037 δουκὶ
500 4985 798 5056 Νικηφόρῳ
829 4988 903 5056 τῷ
926 4989 1185 5042 δεσπότου
1218 4992 1390 5057 παιδὶ,
1502 4991 1720 5059 Μαρίαν
1754 5006 1879 5042 συν-

297 5078 476 5148 ῴκισε
541 5080 638 5149 τὴν
687 5079 981 5150 θυγατέρα,
1036 5081 1313 5145 ἀδυνάτως
1365 5083 1545 5151 ἔχοντι
1587 5083 1882 5152 στρατεύε-

301 5171 434 5223 σθαι
467 5170 556 5223 διὰ
594 5172 691 5241 τὴν
730 5172 969 5242 ἡλικίαν,
1002 5173 1080 5226 ἔτι
1117 5175 1224 5247 γὰρ
1276 5173 1590 5245 παρήμειϐε
1615 5175 1715 5243 τὴν
1756 5191 1887 5225 παι-

299 5263 503 5331 δικήν
560 5265 818 5333 στρατιάν
857 5282 917 5317 τε
973 5266 1205 5337 ἱππικὴν
1240 5267 1375 5336 ὅσην
1436 5265 1572 5336 ᾤετο
1621 5265 1887 5334 ἀρκέσειν

301 5356 448 5423 πρὸς
495 5356 593 5417 τὰς
652 5358 715 5409 ὲκ
763 5357 871 5409 τῶν
922 5357 1101 5410 ἄλλων
1154 5359 1384 5423 πόλεων,
1433 5361 1529 5409 καὶ
1588 5356 1887 5419 Βυζαντίου

2384 4618 2670 4676 erit/temii.
2731 4622 2984 4674 Batatzes
3016 4621 3278 4689 promissa
3340 4618 3566 4685 turpiter

2056 4807 2225 4875 Igitur
2246 4804 2390 4875 apud
2418 4803 2886 4874 Didymoticbum,
2912 4804 3201 4872 conjugetn
3230 4817 3352 4854 eum
3386 4803 3565 4857 tribus

1991 4894 2234 4959 ﬁliabus,
2285 4905 2341 4949 et
2388 4894 2757 4964 Nicephorum
2825 4894 3043 4958 ducem,
3093 4894 3337 4962 despotzn
3392 4894 3563 4947 ﬁlium

1992 4988 2100 5057 (cui
2136 4986 2359 5041 Mariam
2416 4986 2582 5040 ﬁliam
2627 4987 3027 5054 desponderat,
3064 4986 3271 5054 quique
3313 5001 3410 5054 per
3439 4998 3568 5038 λεω-

1993 5088 2101 5132 tem
2136 5079 2463 5132 imbecillam
2490 5094 2553 5133 ac
2586 5078 2853 5147 puerilem
2885 5077 3119 5131 tolerare
3152 5076 3402 5130 militiam
3436 5091 3562 5130 non-

1987 5172 2118 5224 dum
2154 5180 2365 5241 poterat
2393 5170 2534 5243 [83])
2565 5181 2621 5225 et
2655 5181 2865 5224 turmas
2900 5179 3208 5238 equestres,
3239 5178 3376 5238 quot
3411 5169 3543 5222 nimi

1986 5279 2108 5317 rum
2143 5274 2332 5316 contra
2372 5264 2603 5317 aliarum
2639 5261 2859 5315 urbium
2920 5271 2976 5314 et
3006 5260 3252 5331 Byzantii
3299 5260 3562 5328 impetum

1986 5365 2103 5410 tum
2162 5353 2493 5412 sull'ecturas
2543 5353 2827 5418 credebat,
2864 5352 3115 5422 reliquit.
3170 5350 3338 5403 Erant
3382 5360 3562 5403 autem

1586 5470 1801 5532 Jacobi
1838 5470 2100 5531 Pontani
2139 5476 2326 5531 notae.

378 5574 495 5640 (83)
530 5576 679 5643 Apud
717 5573 963 5643 Euripid.
1000 5576 1051 5627 in
1100 5575 1309 5628 Hecuba
1362 5574 1682 5645 Polydorus,
1719 5573 1878 5628 mini-

297 5662 427 5701 mus
464 5655 714 5698 natorum
752 5647 969 5701 Priami.
1002 5646 1067 5699 de
1098 5661 1195 5700 se:

449 5716 495 5767 N
514 5715 738 5777 Δώτατος
760 5715 803 5766 δ’
828 5712 896 5784 ἦν
935 5717 1246 5784 Πριαμιδῶν
1266 5729 1281 5745 ο
1319 5715 1347 5767 δ
1376 5716 1468 5768 καί
1506 5733 1570 5782 με
1598 5719 1701 5784 γῆς

456 5785 877 5853 ἰ’πεξέπεμψεν
904 5826 917 5847 ,
956 5783 1215 5853 ούτεγάρ
1248 5786 1436 5853 φέρειν
1466 5786 1627 5847 ὅπλα.

450 5855 577 5908 Οῧτ’
612 5849 770 5923 ἔγχος
792 5849 901 5919 οἷός
927 5854 973 5906 τ’
993 5850 1060 5920 ἦν
1092 5849 1196 5923 νεῴ
1224 5849 1491 5924 βραχίονι.

2126 5572 2389 5640 Erantque
2425 5584 2551 5625 natu
2582 5571 2910 5624 l’riamidum
2944 5571 3258 5625 novissimus
3284 5582 3303 5620 :

2129 5646 2292 5711 Atque
2325 5646 2424 5695 Imc
2464 5644 2604 5710 foras
2636 5644 2966 5709 potissimum
3001 5658 3079 5693 me
3116 5640 3281 5707 Vatia

2127 5711 2401 5770 Submisit.
2438 5729 2491 5763 ut
2528 5714 2611 5763 cui
2646 5730 2735 5764 nec
2770 5713 3004 5779 ferundae
3030 5713 3225 5762 lancea:

2129 5783 2189 5834 Et
2219 5783 2287 5834 ad
2316 5800 2463 5835 arma
2502 5782 2728 5833 nondum
2762 5794 2938 5835 tenera
2972 5780 3223 5847 sufﬁceret
3252 5794 3463 5831 manus.
