4194 6440
269 417 378 482 889

1412 415 1967 478 IIIS'I‘ORIARUM
2011 416 2246 477 LIBER
2291 416 2406 477 III.

3426 413 3535 476 890

279 533 623 606 Ἀνδρονίκου
649 535 1080 607 προσηγόρευτο,
1107 536 1349 605 ἐγένετο,
1370 536 1465 590 καὶ
1491 535 1844 606 περιενάθητι

1963 535 2196 590 urbibus
2225 551 2334 590 non
2363 535 2577 590 modica
2607 535 2866 605 adjuncta
2897 549 3082 598 manu,
3113 533 3240 603 quia
3271 547 3328 586 se
3360 532 3538 599 impe-

269 628 577 696 πολιορκῶν
635 631 694 681 ἐν
727 629 993 699 τέσσαρσι
1039 631 1131 683 καὶ
1175 629 1384 682 εἴκοσιν
1433 631 1692 698 ἡμέραις.
1743 624 1852 679 Ἶῐν

265 723 376 791 γὰρ
405 722 468 788 δὴ
519 721 615 773 καὶ
649 722 785 792 πρὸς
837 723 1054 788 Χρέλην
1115 723 1210 776 καὶ
1264 724 1732 792 πρωτοσρτὰτορα
1758 719 1850 770 τὸν

267 809 574 879 Συναδηνὸν
623 811 680 862 ὲν
737 811 1112 882 Θεσσαλονίκῃ
1167 811 1294 874 τοὺς
1352 809 1700 880 μηνύσοντας
1753 807 1850 875 τὴν

265 901 476 952 ἐκείνου
515 900 701 966 ἄφιξιν
749 901 1087 970 πεπομφὼς,
1118 904 1215 956 καὶ
1278 901 1574 972 περιέμενε
1632 899 1848 968 μαθεῖν,

265 991 314 1041 εἰ
351 992 416 1042 τὰ
449 991 538 1042 ἴσα
569 989 760 1060 ὥσπερ
791 992 885 1042 καὶ
919 993 1186 1061 πρότερον
1219 993 1348 1060 περὶ
1377 989 1542 1042 αὑτοῦ
1568 981 1851 1042 διανοοῦν-

263 1098 376 1153 ται.
429 1081 714 1150 Βατὰτζης
780 1083 836 1134 δὲ
883 1081 1007 1144 τούς
1042 1099 1101 1133 τε
1134 1079 1477 1151 στρατιώτας
1525 1080 1618 1143 οὓς
1640 1083 1702 1132 ἐκ
1745 1082 1849 1132 Βυ-

267 1169 488 1234 ζαντίου
519 1165 654 1241 ἧκεν
693 1171 840 1240 ἔχων
901 1173 1272 1241 ἐπαγόμενος,
1306 1173 1402 1226 καὶ
1465 1174 1528 1224 ὲκ
1565 1172 1676 1224 τῶν
1707 1172 1850 1225 κατὰ

261 1263 361 1332 τὴν
395 1264 619 1334 Θρᾴκην
657 1267 753 1316 καὶ
797 1264 1062 1334 Ῥοδόπην
1091 1265 1302 1318 πόλεων
1334 1265 1435 1317 οὐκ
1465 1264 1654 1332 ὀλίγην
1687 1281 1852 1332 στρα-

261 1359 386 1407 τιαν
432 1355 780 1426 συνειλοχὼς,
809 1357 910 1408 οὐκ
950 1353 1256 1425 ἀξιόμαχον
1291 1355 1348 1408 δὲ
1384 1357 1536 1424 ὅμως
1573 1355 1712 1424 πρὸς
1741 1357 1842 1423 τήν

267 1447 560 1514 βασιλέως,
611 1444 678 1517 ἦν
717 1449 824 1516 γὰρ
873 1447 936 1516 δή
971 1448 1034 1498 ὲκ
1069 1445 1342 1516 βασιλίέος
1391 1447 1484 1498 καὶ
1531 1445 1642 1496 τῶν
1670 1443 1850 1497 ἄλλων

259 1539 372 1590 τῶν
403 1540 468 1590 τὰ
501 1539 814 1608 πράγματα
869 1539 1114 1606 ἀγόντων
1149 1539 1242 1590 τὸν
1281 1537 1420 1602 πρὸς
1470 1539 1680 1588 ἐκεῖνον
1723 1537 1849 1588 ἐπι-

258 1629 641 1697 τετραμμένος
671 1629 932 1696 πόλεμον,
978 1629 1237 1696 ἐφείπετο
1265 1629 1364 1680 οὐκ
1416 1625 1672 1694 ἐγγύθεν,
1713 1625 1850 1678 ἀλλὰ

264 1723 394 1791 μιᾶς
447 1722 479 1788 ή
507 1721 662 1790 κέρας
712 1721 830 1773 ὁδὸν
883 1719 1096 1790 διέχων,
1138 1721 1232 1772 διὰ
1269 1717 1848 1788 πολλῆς,ποιούμενος

263 1815 502 1882 σπουδῆς
527 1814 588 1866 τὸ
621 1813 698 1884 μὴ
756 1817 821 1883 τῇ
872 1812 1142 1882 βασιλέως
1189 1813 1422 1882 στρατιᾷ
1489 1811 1845 1880 περιτυχεῖνο

1955 628 2122 681 ratori
2151 627 2418 698 imparem
2448 626 2730 693 cernebat,
2763 641 2871 679 non
2907 641 3098 694 prope,
3123 624 3216 678 sed
3246 625 3537 680 intervallo

1954 720 2123 774 unius
2155 718 2265 774 diei
2295 719 2714 787 insequebatur.
2747 731 3008 786 perquam
3043 716 3276 769 sollicite
3309 731 3532 778 cavens.

1954 827 2022 866 ne
2081 812 2134 864 in
2185 812 2309 880 ejus
2361 811 2549 878 copias
2601 797 2908 868 incideret;
2959 807 3160 861 St'ICbai
3215 809 3364 862 enim
3416 810 3536 860 sine

1952 904 2106 958 clade
2133 919 2192 957 se
2239 919 2346 956 non
2392 916 2711 956 evasurum.
2743 901 3092 954 Peritheorio
3125 907 3308 952 autem
3333 899 3402 951 ab
3435 899 3537 950 im-

1955 1005 2210 1064 peratore
2256 1004 2408 1047 arcte
2455 993 2702 1056 obsesso,
2741 1007 2958 1045 onmem
3006 991 3294 1044 rudentem
3348 1006 3535 1043 move-

1953 1088 2067 1150 bat,
2097 1095 2156 1139 ut
2184 1101 2310 1138 eum
2342 1085 2529 1154 paucis
2561 1084 2892 1153 quibusdam
2928 1084 3076 1152 (quia
3115 1099 3238 1136 cum
3285 1083 3535 1150 pluribus

1951 1192 2061 1230 non
2097 1174 2322 1246 licebat)
2367 1175 2708 1229 clandestine
2765 1174 2819 1226 in
2875 1177 3064 1228 urbem
3114 1176 3234 1242 ejus
3289 1175 3534 1227 tutanda:

1951 1285 2110 1322 causa
2136 1269 2488 1337 irrumperet.
2528 1267 2634 1322 Sed
2658 1267 2875 1321 frustra.
2903 1267 3036 1320 Nam
3077 1267 3535 1336 imperatorassi-

1952 1362 2058 1416 dua
2083 1363 2371 1418 obsidione
2397 1363 2656 1426 instabat,
2679 1369 2947 1416 eromnes
2969 1362 3150 1414 aditus
3181 1361 3424 1414 custodia
3443 1375 3534 1412 se-

1953 1453 2157 1523 piebat,
2197 1454 2592 1525 machinasque
2627 1455 2947 1522 omnigenus
2997 1463 3053 1507 et
3084 1453 3260 1507 scalas
3295 1452 3359 1504 ad
3399 1465 3536 1504 mm-

1951 1546 2043 1599 nia
2071 1547 2493 1600 conscendenda
2527 1547 2902 1614 comparabat.
2931 1545 3095 1617 455
3127 1545 3376 1598 Batalzes
3409 1559 3534 1597 cum

1957 1639 2199 1694 obsessis
2231 1640 2380 1694 nulla
2411 1640 2497 1712 via
2527 1648 2712 1709 posset
2745 1653 3090 1700 succurrere,
3127 1637 3192 1692 ad
3235 1639 3534 1705 imperato-

1955 1747 2070 1785 rem
2107 1733 2356 1794 mittens,
2405 1742 2461 1784 et
2507 1733 2796 1800 pristinam
2827 1729 3270 1785 benevolentiam
3313 1728 3538 1797 proﬁte-

1956 1829 2066 1883 tur,
2097 1831 2152 1876 et
2196 1837 2352 1890 mque
2395 1832 2453 1876 ut
2505 1823 2660 1890 prius
2706 1821 3176 1876 studiosissimum
3225 1820 3375 1874 illius
3417 1820 3535 1873 fore

259 1908 378 1978 ᾔδει
407 1911 514 1976 γὰρ
545 1907 607 1959 οὐ
642 1907 810 1976 χωρὶς
847 1905 1050 1976 ζημίας
1089 1904 1437 1971 ἀπαλλάξων.
1474 1904 1844 1973 Περιθεωρίου

1955 1910 2264 1976 promittit;
2317 1912 2384 1965 ad
2444 1911 2724 1965 vitandam
2773 1927 2906 1966 vero
2958 1912 3328 1980 suspicionem
3387 1898 3533 1979 apud

257 2001 314 2051 δ’·
348 1999 450 2052 ὑπὸ
485 1998 754 2068 βασιλέως
827 1998 1294 2068 πολιορκουμένου
1337 1997 1602 2066 ἀκριϐῶς,
1659 1998 1845 2049 πᾶσαν

262 2093 367 2162 μὲν
432 2091 602 2144 ἐκίνει
652 2091 930 2160 μηχανὴν,
966 2091 1040 2154 ὡς
1074 2092 1192 2161 ἅμα
1242 2092 1387 2144 τισὶν
1439 2089 1646 2156 ὀλίγοις
1670 2091 1718 2141 εί
1758 2089 1848 2141 δύ-

259 2201 434 2248 ναιτο,
468 2185 685 2238 πλείοσι
719 2185 826 2254 γὰρ
856 2184 958 2238 οὐκ
987 2183 1116 2252 ὲνῆν
1147 2184 1446 2248 διαλαθεῖν,
1506 2181 1846 2254 παρελευσά·

263 2295 428 2346 μενος
463 2279 543 2340 είς
574 2277 674 2348 τὴν
701 2277 862 2330 πόλιν
899 2277 992 2330 καὶ
1033 2275 1312 2345 φυλάξων.
1367 2277 1539 2329 ’Πνυε
1581 2275 1636 2328 δὲ
1667 2275 1840 2336 οὐδὲν,

261 2368 532 2440 βασιλέως
572 2372 668 2439 τῆς
721 2369 1042 2440 πολιορκίας
1103 2371 1375 2432 συντόνως
1427 2370 1714 2438 ἐχομένου.
1752 2366 1846 2420 καὶ

257 2462 350 2514 διὰ
382 2463 563 2530 πάσης
624 2462 955 2530 ποιουμένου
1008 2462 1260 2530 φυλακῆς
1301 2479 1316 2494 ο
1353 2461 1733 2531 μηχανήματά
1785 2479 1846 2513 τε

257 2551 372 2620 γὰρ
408 2552 727 2604 παντοδαπὰ
775 2553 871 2604 καὶ
929 2552 1211 2620 κλίμακας
1250 2553 1391 2622 πρὸς
1458 2553 1558 2622 τήν
1591 2570 1850 2621 τειχομα-

259 2645 390 2715 χίαν
423 2643 834 2714 παρεσκεύαζε.
877 2645 1164 2715 Βατάτζης
1216 2645 1272 2697 δὲ
1311 2644 1487 2696 οὐδενὶ
1511 2645 1700 2714 τρόπῳ
1732 2647 1846 2706 τοῖς

257 2733 746 2804 πολιορκουμένοις
791 2733 1022 2802 βοηθεῖν
1060 2734 1377 2802 δυνάμενος,
1440 2735 1576 2802 πρὸς
1614 2733 1846 2802 βασιλέα

256 2825 512 2894 πέμψας,
557 2828 656 2894 τήν
690 2841 748 2876 τε
807 2824 1030 2878 εὔνοιαν
1070 2825 1343 2894 ὡμολόγει
1407 2826 1504 2894 τὴν
1546 2827 1842 2896 προτέραν,

253 2915 360 2966 καὶ
399 2914 472 2975 ὼς
505 2913 658 2965 οὐδὲν
690 2907 913 2986 ἦττονή
950 2915 1247 2983 πρότερον,
1294 2915 1388 2966 καὶ
1430 2915 1527 2965 νῦν
1559 2913 1748 2975 εὔνους
1784 2915 1845 2968 τέ.

255 3009 410 3058 ἐστιν
441 3007 592 3075 αὑτῷ
650 3008 744 3058 καὶ
777 3007 887 3057 τῶν
921 3009 1162 3076 μάλιστα
1221 3005 1554 3074 φιλούντων.
1602 3007 1842 3077 Ἀνάγκη

251 3101 312 3152 δὲ
347 3100 440 3152 τδν
482 3101 727 3169 πόλεμον
754 3099 1016 3152 ὑπελθεῖν
1040 3100 1132 3153 τοῦ
1172 3100 1250 3170 μὴ
1277 3102 1430 3170 παρὰ
1459 3105 1572 3164 τοῖς
1613 3102 1845 3171 ἄρχουσι

271 3191 568 3262 Ῥωμαίων
614 3191 1040 3246 ὑποπτεύεσθαι.
1081 3193 1156 3246 Οὖ
1188 3195 1252 3264 δή
1297 3193 1462 3247 ἕνεκα
1514 3197 1610 3248 καὶ
1651 3195 1748 3247 νῦν
1778 3195 1843 3247 τὰ

1955 2001 2326 2056 Romanorum
2378 2003 2670 2059 art-hontas
2729 2019 2788 2058 se
2837 2004 2968 2058 huic
3015 2003 3158 2058 bello
3211 2003 3537 2057 submittere

1953 2098 2236 2152 debuisse.
2282 2095 2654 2163 Qttamobrem
2703 2104 2757 2151 et
2789 2097 2974 2156 nunc.
3022 2112 3142 2166 qua:
3194 2095 3536 2150 conductum

1945 2191 2177 2262 ju-licet.
2209 2205 2527 2242 suasurum.
2571 2189 2704 2243 Nam
2749 2195 2808 2242 ut
2849 2187 3112 2249 amicum,
3167 2203 3291 2242 esse
3332 2187 3539 2241 sollici-

1952 2293 2089 2347 tum,
2133 2281 2280 2350 quod
2330 2281 2534 2336 bellum
2576 2281 2680 2335 hoc
2727 2297 2834 2334 non
2883 2281 3160 2335 Romanos
3207 2279 3389 2342 modo,
3441 2280 3535 2334 sed

1951 2375 2132 2444 ipsum
2177 2391 2400 2444 quoque
2447 2373 2893 2430 Cantacuzenum
2941 2375 3266 2444 gravissime
3304 2375 3538 2427 alllictu-

1953 2487 2071 2523 rum
2107 2469 2178 2523 sit
2240 2470 2372 2524 Esse
2407 2479 2590 2523 autem
2629 2469 2744 2522 hate
2781 2483 2906 2536 qua:
2941 2469 3189 2529 suadeat,
3233 2475 3293 2522 ut
3340 2467 3536 2538 positis

1950 2560 2119 2615 armis
2165 2561 2341 2616 [tedas
2387 2561 2537 2630 pacis
2573 2577 2696 2614 cum
2749 2561 3100 2630 imperatrit-e
3150 2561 3313 2613 feriat
3360 2568 3434 2622 et,
3491 2559 3536 2612 si

1950 2653 2184 2722 placeat,
2223 2653 2338 2720 ipse
2375 2669 2540 2722 quam
2569 2653 2809 2722 primttm
2857 2652 2923 2706 ad
2969 2668 3091 2706 eam
3129 2651 3536 2720 proﬁciscatur,

1951 2745 2018 2800 de
2049 2761 2181 2816 pace
2221 2761 2346 2800 eum
2380 2746 2571 2798 eadem
2603 2755 2828 2799 acturus
2861 2763 2873 2798 ι
2924 2761 3088 2815 quam
3141 2745 3330 2814 utique
3368 2745 3539 2798 IIl'XU-

1951 2855 2048 2895 rus
2107 2840 2198 2902 sit,
2250 2839 2294 2890 si
2347 2852 2502 2893 suam
2553 2838 2630 2892 illi
2679 2838 2982 2908 potentiam
3037 2837 3371 2897 declararit:
3410 2854 3536 2892 nam

1950 2933 2099 3004 quod
2159 2931 2602 2986 inﬁrmissimum
2657 2939 2937 2998 putarent.
3005 2929 3130 2984 ideo
3189 2931 3538 2986 adversarios

1949 3025 2071 3095 ejus
2104 3023 2170 3077 ad
2209 3038 2360 3076 arma
2399 3022 2742 3090 provolasse.
2777 3020 2930 3074 Talia
2959 3021 3213 3075 Batatzes
3241 3038 3337 3091 per
3364 3024 3536 3076 inter-
3619 3065 3624 3070 .
3671 3067 3679 3076 .

1951 3111 2428 3181 nuntium.Cujus
2472 3109 2770 3165 consilium
2819 3111 3123 3180 imperator
3153 3110 3396 3165 libenter
3439 3128 3542 3164 au-

1950 3205 2111 3270 divit,
2173 3219 2344 3274 seque
2392 3211 2543 3256 certo
2590 3201 2716 3256 loco
2763 3203 3050 3257 conveniri
3097 3203 3282 3274 jussit,
3331 3203 3422 3257 ubi
3470 3205 3539 3256 de

251 3285 522 3338 δοκοῦντα
567 3280 943 3355 λυσιτελήσειν
982 3285 1398 3354 συμϐουλεύειν.
1435 3287 1708 3357 Κήδεσθαι
1741 3288 1844 3358 γὰρ

1953 3299 2103 3370 pacis
2153 3295 2570 3351 conditionibus
2643 3293 2789 3348 inter
2837 3309 2897 3347 se
2955 3295 3427 3364 colloquerentur.
3471 3295 3538 3350 Et

250 3377 320 3432 οὐ
364 3377 653 3448 Ῥωμαίων
697 3379 862 3450 μόνον
897 3379 967 3432 τὰ
993 3380 1198 3451 ἔσχατα
1328 3380 1424 3433 τοῦ
1461 3382 1698 3450 πολέμου
1726 3399 1848 3434 πει-

255 3471 535 3541 σομένων,
565 3471 702 3525 ἀλλὰ
761 3474 857 3525 καὶ
909 3473 1004 3526 σοῦ
1035 3473 1122 3526 διὰ
1166 3473 1265 3544 τὴν
1299 3475 1510 3542 φιλίαν.
1572 3474 1761 3528 Ταῦτα
1789 3475 1846 3527 δέ

251 3563 398 3624 ἐστι,
426 3562 519 3614 τὸν
549 3563 787 3632 πόλεμον
820 3563 1220 3633 καταθέμενον,
1247 3566 1481 3628 σπονδὰς
1509 3567 1846 3637 ποιήσασθαι

252 3653 398 3722 πρὸς
441 3651 689 3719 βασιλίδα
737 3653 869 3724 περὶ
920 3655 1018 3722 τῆς
1063 3655 1315 3725 εἰρήνης.
1379 3658 1491 3708 Καὶ
1543 3659 1659 3724 εῐγε
1702 3657 1845 3710 κατὰ

249 3746 484 3816 γνώμην
531 3745 682 3814 αὐτῷ
719 3745 828 3816 εἴη,
885 3747 1047 3800 αὐτὸν
1091 3749 1226 3819 πρὸς
1266 3744 1577 3823 βασιλίδα
1611 3749 1844 3820 τάχιστα

247 3839 476 3892 δύναιτο
531 3840 833 3892 ἀπελθόντα
885 3839 1229 3904 διαλέξεσθαι
1262 3844 1388 3912 περὶ
1424 3843 1648 3912 εἰρήνης
1693 3859 1707 3873 ·
1737 3843 1846 3895 οἴε-

249 3935 381 3987 σθαι
411 3933 468 3986 δὲ
504 3939 598 3986 καὶ
662 3933 872 3986 πείσειν
912 3935 1107 4004 ῥᾷστα,
1164 3937 1262 4004 τὴν
1302 3935 1557 4004 δύναμιν,
1595 3937 1662 4008 ἦν
1697 3936 1844 4006 ἔχεις

247 4025 500 4094 φανερὰν
551 4024 882 4094 ποιήσαντα.
933 4023 1211 4086 Ἐκείνους
1268 4025 1379 4095 γὰρ
1415 4023 1526 4077 τῶν
1563 4025 1683 4078 λίαν
1732 4028 1844 4079 olo-

250 4121 456 4188 μένους
511 4117 932 4169 ἀσθενεστάτων
995 4115 1296 4187 προθύμως
1356 4118 1658 4188 ὡρμῆσθαι
1705 4119 1842 4188 πρὸς

245 4211 343 4262 τὸν
406 4209 668 4279 πόλεμον.
736 4208 796 4262 '0
835 4209 933 4278 μὲν
966 4205 1060 4262 οὖν
1092 4209 1374 4277 Βατάτζης
1420 4209 1648 4263 τοιαῦτα
1679 4213 1845 4280 ἐπιμε-

249 4301 506 4356 σῦεύετο.
541 4301 811 4364 Βασιλεὺς
866 4301 922 4353 δὲ
961 4302 1220 4368 ἁσμένως
1248 4317 1306 4354 τε
1341 4301 1561 4366 ἐδέξατο
1595 4305 1714 4365 τους
1749 4303 1840 4356 λό-

243 4409 406 4458 γους,
440 4393 534 4443 καὶ
567 4389 702 4459 πρός
729 4407 852 4442 τινα
892 4389 1109 4442 ἐκέλευε
1142 4389 1307 4442 τόπον
1353 4391 1632 4443 συν;λοεῖν
1666 4393 1840 4463 αὐτῷ,

242 4487 308 4537 ἐν
337 4475 383 4551 ᾦ
414 4483 543 4554 περὶ
595 4483 688 4536 τοῦ
799 4483 903 4554 χρὴ
952 4483 1204 4550 γενέσθαι
1252 4486 1350 4554 τήν
1413 4486 1638 4556 είρήνην
1669 4486 1844 4540 διαλέ-

1951 3393 2069 3462 ipse
2102 3391 2221 3446 sine
2259 3405 2411 3444 mora
2449 3389 2513 3443 ad
2560 3398 2781 3459 pactum
2829 3387 3011 3443 locmn
3057 3391 3230 3454 venit,
3280 3389 3540 3444 Batatzen

1950 3493 2309 3554 exspectans.
2362 3481 2466 3548 Qui
2520 3481 2637 3534 sive
2686 3489 2884 3551 suopte
2933 3491 3094 3545 nutu,
3144 3482 3258 3536 sive
3311 3484 3541 3536 alterius

1951 3577 2217 3646 impulsu,
2251 3575 2548 3629 adventum
2583 3590 2745 3628 suum
2787 3574 2840 3627 in
2874 3574 3019 3628 diem
3053 3584 3335 3644 posterum
3364 3575 3542 3628 distu-

1947 3665 2034 3729 Iit.
2071 3665 2352 3720 allirtnans
2385 3664 2525 3719 velle
2558 3679 2616 3718 se
2657 3664 2878 3733 quidem
2918 3665 3070 3734 pacis
3120 3665 3261 3717 inter
3311 3666 3542 3729 impera-

1951 3771 2098 3814 tores
2141 3756 2500 3814 coneiliandte
2549 3771 2803 3826 promum
2849 3755 3087 3811 condunt
3129 3772 3284 3820 esse;
3343 3757 3541 3812 timere

1949 3861 2159 3918 tamen,
2188 3865 2258 3906 ne
2297 3865 2422 3904 cum
2458 3849 2638 3904 neutri
2689 3848 2830 3918 parti
2883 3849 3270 3912 eommodarit,
3319 3849 3541 3902 sibimet

1947 3942 2312 3996 maximarum
2375 3940 2755 3994 calamitatum
2819 3940 3095 3993 maximus
3161 3950 3356 3994 auctor
3423 3941 3536 3996 ﬁat.

1949 4035 2164 4091 Idcirco
2204 4035 2269 4089 ad
2325 4036 2502 4104 ipsum
2553 4035 2610 4089 in
2670 4050 2912 4104 praesens
2965 4036 3200 4089 veritum
3251 4037 3538 4090 aea-edere.

1945 4125 2082 4182 Nam
2106 4127 2197 4196 qui
2225 4127 2471 4197 Byzantii
2501 4143 2731 4180 summa:
2757 4141 2944 4180 rerum
2969 4127 3322 4196 prmsideant,
3347 4144 3542 4197 quam-

1947 4211 2030 4276 vis
2058 4220 2265 4274 nullam
2301 4220 2641 4289 suspicionis
2677 4219 3029 4274 occasionem
3061 4220 3240 4284 danti,
3275 4221 3385 4275 into
3411 4239 3542 4275 vero

1945 4328 2067 4383 qua:
2105 4313 2241 4380 ipsis
2267 4313 2575 4392 placerent,
2612 4313 2968 4383 perstudiose
3009 4315 3316 4382 prmstanti,
3367 4327 3422 4372 ct
3471 4315 3540 4369 ab

1946 4423 2010 4461 eo
2042 4405 2322 4460 delicienti
2353 4405 2523 4475 (quod
2558 4405 2935 4470 fortunarum,
2969 4407 3541 4478 charissimorumque

1945 4497 2273 4556 liberorum,
2305 4508 2360 4550 et
2408 4487 2594 4551 uxoris
2643 4497 2999 4551 amissionem
3034 4497 3178 4552 ferre
3209 4515 3316 4554 non
3335 4501 3540 4570 posset)

241 4577 436 4642 ξονται
459 4594 472 4606 ·
517 4576 684 4646 μηδὲν
715 4593 774 4629 τε
805 4576 1104 4646 μελλήσας,
1141 4576 1275 4646 πρὸς
1307 4578 1396 4630 τὸν
1427 4579 1840 4648 συντεθειμένον

1950 4595 2137 4644 tamen
2177 4591 2426 4644 nondum
2479 4591 2642 4646 [idem
2693 4591 2922 4656 habere,
2973 4591 3067 4646 sed
3121 4593 3297 4662 ipsius
3350 4583 3543 4647 interi-

240 4667 384 4742 ἦλθε
419 4671 606 4734 τόπον,
636 4671 726 4722 τὸν
760 4668 1046 4739 Βατάτζην
1079 4673 1414 4739 περιμένων.
1461 4670 1518 4724 ’0
1554 4671 1721 4738 δ”,εῖέ
1745 4672 1841 4724 αὖ,

239 4767 336 4828 τος
364 4764 455 4832 ὑφ’
479 4763 697 4826 ἑαυτοῦ,
732 4765 834 4818 εἶθ’
867 4765 1057 4832 ἐτέρου
1085 4763 1548 4832 συμϐουλεύοντος
1574 4765 1840 4832 πεισθεὶς,

241 4861 331 4921 είς
364 4858 461 4930 τήν
525 4859 822 4928 ὑστεραίαν
879 4857 1229 4921 ἀνεεάλλετο,
1292 4857 1392 4929 τῆς
1458 4859 1556 4928 μὲν
1606 4861 1831 4930 εἰρήνης

245 4953 410 5020 ὑμῶν
459 4953 566 5004 τῶν
632 4951 660 5022 β
708 4967 738 5003 σ
765 4951 900 5004 λέων
964 4955 1202 5022 μάλιστα
1239 4951 1530 5022 βούλεσθαι
1564 4952 1736 5006 εἰπὼν
1761 4955 1841 5006 αἰ-

243 5047 525 5107 τιώτατος
556 5045 839 5112 γενέσθαι,
883 5044 1188 5097 δεδοικέναι
1217 5044 1273 5097 δὲ
1308 5044 1383 5114 μὴ
1421 5045 1682 5116 οὐδεμίαν
1715 5047 1842 5118 ὄνη-

243 5158 338 5193 σιν
373 5138 659 5208 ἑκατέροις
716 5139 1142 5208 παρασχόμενος
1175 5139 1355 5209 ἑαυτῷ
1416 5141 1526 5191 τῶν
1559 5141 1839 5210 μεγίστων

221 5233 552 5304 συμφορῶν
604 5231 930 5293 αἰτιώτατος
985 5232 1320 5300 κατασταίη.
1363 5232 1457 5286 Διὸ
1515 5235 1637 5288 οὐδὲ
1700 5237 1838 5307 πρὸς

241 5327 418 5382 αὑτὸν
441 5325 842 5396 τετολμηκέναι
873 5324 968 5378 νῦν
1000 5323 1196 5378 ἐλθεῖν.
1226 5325 1365 5384 Τοὺς
1397 5327 1506 5396 γὰρ
1537 5331 1595 5380 ὲν
1624 5330 1835 5396 Βυςαν-

1951 4684 2138 4737 mendi
2187 4691 2512 4754 pra-textum
2557 4700 2829 4753 quaerere.
2864 4683 3132 4750 Quocirca
3171 4701 3274 4740 nec
3319 4701 3417 4755 pro
3449 4703 3542 4740 se-

1951 4785 2176 4844 questro
2230 4777 2403 4844 pacis,
2463 4786 2524 4830 ut
2571 4778 2792 4839 dixerit,
2851 4777 3174 4847 Byzantium
3225 4781 3302 4834 ire
3355 4796 3538 4848 posse.

1947 4869 2258 4940 Imperator
2288 4870 2440 4940 pacis
2470 4886 2580 4923 non
2616 4879 2723 4924 tam
2758 4887 2895 4932 suae,
2924 4887 3086 4940 quant
3116 4871 3308 4925 aliena:
3333 4873 3543 4924 utilita-

1948 4963 2021 5018 tis
2062 4963 2238 5034 gratia
2271 4979 2330 5018 se
2362 4964 2786 5033 cultidissimum
2822 4979 2945 5018 esse
2989 4963 3312 5034 respondit;
3367 4965 3542 5018 nihilo

1947 5058 2138 5112 minus
2189 5057 2337 5111 haud
2392 5072 2728 5128 quemquam
2789 5057 2842 5110 in
2897 5057 3198 5112 discrimen
3247 5073 3540 5128 prmvtsum

1946 5149 2295 5214 adacturum,
2328 5163 2564 5218 seseque
2608 5151 2913 5214 neminem,
2945 5149 3094 5219 quod
3129 5149 3195 5204 ad
3243 5152 3422 5221 ipsum
3455 5160 3540 5203 at-

1947 5246 2142 5310 tineat,
2177 5243 2493 5310 laedentem,
2533 5245 2644 5298 Deo
2683 5243 2873 5298 omnia
2910 5244 3246 5315 inspectanti
3285 5245 3542 5302 fortunas

1943 5353 2076 5394 suas
2103 5337 2555 5416 commissurum.

242 5429 352 5496 τίφ
415 5425 523 5477 τῶν
603 5427 951 5494 πραγμάτων
1026 5423 1321 5494 ἄρχοντας,
1401 5429 1584 5482 καίτοι
1634 5433 1912 5506 μηδεμίαν
1953 5437 2190 5508 ὑποψίας
2245 5436 2528 5507 πρόφασιν
2609 5437 3040 5509 παρασχομένῳ,
3105 5438 3244 5492 ἀλλὰ
3319 5440 3416 5493 καὶ
3455 5437 3543 5493 ,τὰ

245 5521 486 5581 ἐκείνοις
549 5517 810 5571 δοκοῦντα
871 5519 1023 5590 πάσῃ
1092 5521 1391 5592 πράττοντι
1453 5530 1684 5600 σπουδῇ,
1753 5536 1846 5585 καὶ
1884 5535 2051 5588 αὑτοῦ
2116 5532 2454 5604 ἀφεστηκότι
2522 5533 2612 5586 διὰ
2645 5535 2705 5586 τὸ
2735 5535 2810 5605 μὴ
2833 5534 3252 5606 τὴντῶνόντων
3284 5535 3542 5608 στέρησιν

243 5617 348 5670 καὶ
380 5615 655 5684 φιλτάτιον
701 5616 795 5668 καὶ
862 5620 1126 5683 γυναικὸς
1176 5619 1366 5689 φέρειν
1430 5620 1712 5687 δύνασθαι,
1746 5627 1898 5698 ὅμως
1937 5629 2097 5682 οὐδὲν
2161 5628 2490 5680 πεπεικέναι
2552 5629 2628 5691 ὡς
2678 5630 2858 5700 πιστῷ
2921 5633 3050 5701 περὶ
3101 5631 3300 5692 αὐτοὺς
3343 5632 3544 5700 προσέ-

243 5727 390 5778 χειν,
435 5706 578 5763 ἀλλὰ
641 5705 914 5774 πρόφασίν
982 5725 1104 5762 τινα»
1156 5707 1342 5780 ζητεῖν
1411 5715 1468 5779 ἐξ
1505 5709 1574 5788 ἦς
1643 5717 2057 5791 διαφθεροῦσιν.
2119 5714 2220 5773 Ὧν
2281 5721 2446 5774 ἕνεκα
2515 5723 2625 5774 οὐδ’
2697 5721 2844 5793 ὑπὲρ
2915 5725 3012 5792 τῆς
3063 5726 3291 5796 εἰρήνης
3349 5724 3542 5798 ὥσπερ

243 5798 408 5857 εἶπεν
445 5802 526 5865 εἰς
572 5799 870 5868 Βυζάντιον
908 5803 1175 5860 δύνασθαι
1232 5811 1435 5865 ἐλθεῖν.
1511 5813 1778 5880 Βασιλεὺς
1849 5817 1908 5871 δὲ
1951 5821 2177 5888 εἰρήνης
2237 5821 2337 5890 μὲν
2385 5819 2595 5886 ἔφασκε
2657 5821 2752 5875 καὶ
2809 5821 3046 5890 μάλιστα
3110 5823 3402 5892 ὲπ.ουμεῖν
3438 5825 3542 5896 οὐχ

243 5896 452 5953 ἑαυτοῦ
522 5895 745 5968 μᾶλλον,
811 5898 843 5971 ἢ
878 5900 987 5955 τῶν
1021 5901 1200 5958 ἄλλων
1245 5904 1511 5975 ὠφελείας
1563 5909 1746 5965 ἕνεκα.
1793 5912 1882 5978 Εἰς
1923 5913 2202 5985 προῦπτον
2229 5915 2282 5970 δὲ
2318 5913 2566 5972 κίνδυνον
2587 5915 2885 5987 ἐμϐάλλειν
2915 5916 3110 5972 ἑαυτὸν
3138 5919 3329 5976 οὐδένα
3361 5921 3534 5995 ἀναγ-
