4194 6440
228 422 336 484 905

1377 421 1913 482 HISTORIARUM
1956 420 2188 479 LIBER
2230 420 2343 478 ili.

3381 421 3485 483 906

230 532 701 601 πρωτοστράτορα
758 530 981 601 πέμψας
1033 525 1132 601 ἦν,
1195 530 1355 600 ἦκειν
1385 532 1485 598 τὴν
1541 533 1807 600 ταχίστην

1915 529 2314 583 administrari.
2356 529 2433 582 Ne
2484 529 2783 595 imperator
2826 530 3043 597 quidem
3086 534 3490 596 cunctandum,

227 623 702 691 ἀπαγγέλλοντας,
739 624 815 687 ὡς
839 624 949 677 τῶν
986 624 1167 677 ἐκεῖσε
1200 623 1423 677 πάντων
1451 625 1559 676 ύπδ
1584 640 1802 690 πρωτο-

230 714 537 783 στράτορος
571 714 753 776 καλῶς
786 714 1166 784 διῳκημένων.
1211 716 1420 769 Ἐδόκει
1456 717 1555 781 μὲν
1586 711 1679 769 οὖν
1709 718 1804 768 καὶ

228 805 441 871 βασιλεῖ
495 807 569 875 μὴ
607 805 827 873 μέλλειν
866 807 999 869 δεῖν,
1049 806 1186 859 ἀλλὰ
1222 810 1358 875 πρὸς
1399 808 1805 875 Θεσσαλονίκην

226 897 545 962 ἐπείγεσθαι
578 898 1090 965 οὗσαν.ἀναγκαίαν
1113 915 1129 930 ·
1164 900 1273 951 τῶν
1309 899 1444 968 πρὸς
1488 900 1587 969 τὴν
1634 916 1808 967 τειχο-

232 987 434 1053 μαχίαν
458 988 512 1039 δὲ
543 989 760 1041 πάντων
806 990 910 1059 ήδη
947 990 1515 1059 παρεσκευασμένων,
1545 990 1803 1042 ἐκέλευεν

226 1078 310 1140 είς
345 1079 438 1149 τὴν
476 1080 772 1150 ὑστεραίαν
809 1082 924 1151 ἅμα
956 1082 1099 1151 πρωῒ
1131 1083 1238 1134 τῶν
1263 1097 1460 1149 τειχων
1493 1083 1809 1150 ἀποπειραέ

229 1171 526 1236 σαμὲνους,
564 1173 613 1223 εί
652 1174 727 1242 μὴ
759 1172 1010 1227 δύναιντο
1044 1174 1527 1243 παραστήσασθαι,
1582 1176 1646 1241 τῇ
1686 1174 1804 1241 μετ’

227 1261 423 1331 αὑτὴν,
474 1264 573 1330 τῆς
629 1267 708 1324 είς
762 1266 1164 1333 Θεσσαλονίκης
1214 1266 1435 1334 ἔχεσθαι
1505 1266 1800 1334 φερούσης.

228 1353 390 1407 Οὕτω
427 1356 527 1423 μὲν
555 1351 654 1409 οὖν
676 1358 945 1416 ἐδέδοκτο.
976 1359 1085 1411 Καὶ
1123 1359 1235 1426 ’ἅμα
1270 1359 1417 1427 πρωϊ
1440 1360 1495 1422 ἐς
1530 1360 1629 1429 τὴν
1651 1361 1810 1411 ὑστε-

234 1445 399 1512 ραίαν
429 1447 809 1516 ὁπλισάμενοι,
846 1449 1187 1517 προσέὁαλον
1224 1451 1337 1505 τοῖς
1362 1448 1566 1517 τείχεσι
1598 1451 1810 1519 προσά-

230 1552 421 1601 γοντες
448 1539 546 1600 τὰς
578 1541 854 1609 μηχανάς.
890 1543 988 1594 Διά
1018 1543 1200 1611 πάσης
1231 1543 1286 1593 δὲ
1326 1542 1539 1611 ἡμέρας
1567 1543 1667 1611 τῆς
1694 1560 1804 1594 τει-

230 1631 508 1697 χομαχίας
534 1634 969 1701 καρτερωτάτης
1002 1635 1407 1703 γεγενημένης,
1458 1634 1661 1702 μικροῦ
1712 1635 1809 1701 μὲν

230 1721 453 1789 ἐδέησεν
482 1723 710 1788 ἁλῶναι,
742 1726 851 1777 τῶν
880 1743 938 1777 τε
982 1726 1273 1794 κλιμάκων
1303 1724 1808 1795 προσερεισθεισῶν

227 1816 342 1873 τοῖς
377 1817 599 1883 τείχεσι,
634 1819 725 1869 καὶ
752 1818 1148 1888 μηχανήματός
1178 1819 1322 1878 τινδς
1353 1820 1445 1873 ἐπὶ
1474 1819 1687 1887 τροχῶν
1722 1836 1810 1887 χε-

229 1906 410 1975 λώνης
453 1912 1027 1979 προσαγορευομένου.
1095 1911 1160 1964 Ἦ
1213 1911 1309 1976 νὺξ
1341 1913 1399 1965 δὲ
1450 1913 1647 1965 αὐτίκα
1695 1914 1814 1963 ὲπι-

229 2003 507 2067 γενομένη
543 2001 841 2054 διεκώλυσε
876 2004 974 2074 τὴν
1010 2003 1235 2057 ἆλωσιν.
1265 2002 1329 2057 Oi
1359 2002 1811 2073 πολιορκούμενοι

233 2085 293 2137 δὲ
325 2087 629 2154 δείσαντες,
694 2093 769 2161 μὴ
804 2093 886 2155 είς
924 2094 1024 2161 τὴν
1061 2095 1361 2163 ὑστεραίαν
1422 2090 1579 2158 αὖθις
1636 2096 1812 2164 μάχης

228 2175 409 2230 ἁλῶσι
469 2182 775 2251 γενομένης
813 2185 1204 2238 ἐϐουλεύσαντο
1242 2187 1435 2249 νυκτὸς
1480 2189 1690 2250 πίστεις
1724 2187 1814 2243 λα-

235 2272 428 2335 ϐόντες
466 2276 620 2340 παρὰ
648 2275 937 2343 βασιλέως,
975 2279 1237 2349 ὁμολογίᾳ
1292 2281 1392 2347 τὴν
1425 2280 1580 2333 πόλιν
1627 2297 1810 2351 παρα-

230 2363 442 2417 δοῦναι.
487 2368 595 2419 Καὶ
628 2368 744 2435 ἅμα
787 2370 930 2439 ττρωῖ
993 2372 1055 2422 ὲκ
1106 2371 1217 2423 τῶν
1254 2374 1451 2442 τειχῶν
1482 2375 1595 2435 τοῖς
1625 2376 1703 2435 είς
1750 2376 1812 2426 τὸ

228 2455 607 2521 στρατόπεδον
647 2456 902 2509 ἐκέλευον
940 2459 1169 2528 μηνύειν
1205 2459 1437 2528 βασιλεῖ,
1489 2462 1535 2512 εἰ
1571 2461 1814 2531 βούλοιτο

236 2547 334 2598 ἐπὶ
363 2548 635 2616 συμϐάσει
666 2550 765 2619 τὴν
798 2550 954 2603 πόλιν
991 2551 1467 2621 παραλαμϐάνειν.
1528 2553 1730 2617 Ἡδέως
1756 2553 1812 2607 δὲ

240 2635 511 2702 βασιλέως
544 2637 635 2687 τὸν
664 2637 824 2703 λόγον
852 2638 1168 2706 δεξαμένου,
1196 2640 1290 2691 καὶ
1323 2639 1634 2702 κελεύοντος
1656 2642 1813 2709 ἥκειν

238 2728 380 2795 πρδς
417 2727 581 2781 αὑτὸν
629 2729 704 2789 ὠς
739 2730 918 2783 πάντα
953 2729 1253 2800 πράξοντος
1310 2732 1495 2793 αὑτοῖς
1546 2732 1613 2784 τὰ
1672 2731 1812 2785 κατὰ

241 2819 494 2888 γνώμην,
529 2817 665 2883 ἧκον
710 2822 801 2874 τοῦ
831 2839 889 2873 τε
923 2823 1122 2891 δήμου,
1185 2827 1281 2877 καὶ
1316 2824 1424 2876 τῶν
1470 2822 1603 2890 παρ’
1630 2823 1812 2885 αὑτοῖς

235 2912 483 2965 δυνατῶν
513 2912 705 2978 ὀλίγοι,
745 2916 836 2966 καὶ
871 2914 979 2967 τῶν
1002 2915 1081 2985 τῷ
1113 2915 1302 2983 κλήρῳ
1330 2915 1428 2983 τῆς
1454 2915 1585 2983 παρ’
1628 2916 1812 2977 αὐτοῖς

238 3003 541 3068 ἐκκλησίας
595 3004 1038 3073 κατειλεγμένων
1067 3020 1080 3034 ο
1134 3005 1314 3064 αίτίας
1348 3003 1403 3055 δὲ
1442 3004 1631 3072 ῶσπερ
1680 3007 1813 3057 ἀπο-

236 3093 459 3155 λύοντες
516 3096 746 3158 ἐαντοὺς
805 3098 898 3149 ἐπὶ
956 3096 1032 3166 τῷ
1083 3097 1225 3148 ὅπλα
1262 3097 1617 3165 κεκινηκέναι
1674 3096 1811 3164 πρὸς

241 3184 429 3246 αὑτὸν,
471 3187 531 3233 τὸ
584 3184 701 3235 δέον
753 3184 962 3250 ἔφασαν
1018 3184 1405 3251 πεποιηκέναι,
1462 3184 1809 3253 ὀμωμοκέναι

235 3272 348 3336 γάρ
400 3269 567 3339 ὀλίγῳ
602 3272 869 3339 πρότερον
923 3271 1343 3341 άντιστήσεσθαι
1406 3273 1518 3332 τοῖς
1578 3271 1809 3344 βασιλίδι

234 3362 541 3431 πολεμοῦσι
575 3363 740 3432 μέχρι
798 3362 888 3414 καὶ
918 3361 1012 3415 τοῦ
1062 3362 1315 3416 δυνατοῦ.
1350 3363 1487 3424 Τούς
1521 3380 1580 3414 τε
1612 3364 1811 3432 ὅρκους

235 3454 536 3520 τοιγαροῦν
567 3454 934 3522 τετηρηκέναι
981 3453 1265 3521 ἀσφαλῶς,
1318 3455 1413 3506 καὶ
1448 3446 1507 3505 τδ
1544 3453 1635 3505 νῦν
1664 3455 1812 3505 λυσι-

233 3548 416 3599 τελεῖν
443 3546 772 3614 φαινόμενον
796 3548 859 3597 ὲκ
889 3546 999 3597 τῶν
1030 3548 1375 3614 πραγμάτων
1404 3545 1666 3613 πράττειν
1697 3544 1811 3612 μετ’

237 3633 693 3702 εὐγνωμοσύνης.
758 3633 918 3684 Ὅθεν
979 3632 1122 3696 ἄξιοι
1181 3632 1514 3703 συγγνώμης
1571 3634 1815 3701 νομίζειν

240 3720 388 3777 εἶναι
414 3723 544 3793 παρ’
578 3723 749 3793 αὐτῷ.
788 3724 1006 3775 Δεῖσθαι
1042 3725 1225 3792 μέντοι
1263 3725 1480 3791 καὶτῆς
1521 3724 1589 3775 δι’
1634 3724 1814 3791 ὅρκων

240 3819 568 3885 ἀσφαλείας,
597 3816 671 3875 ὡς
703 3816 855 3869 οὐδὲν
900 3817 1180 3870 πείσονται
1211 3817 1320 3869 τῶν
1355 3819 1496 3869 κατὰ
1526 3817 1616 3869 τὸν
1646 3817 1811 3869 πόλε-

236 3930 340 3980 μον
376 3912 563 3973 αὑτοῖς
590 3911 966 3979 εἰργασμένων
997 3911 1183 3973 ἓνεκα,
1226 3913 1320 3961 καὶ
1347 3910 1453 3961 τῶν
1496 3908 1724 3978 ὕϐρεων,
1754 3911 1809 3961 αἳ

234 4004 392 4071 παρὰ
447 4004 668 4069 φαύλων
706 4005 798 4055 καὶ
854 4002 947 4055 τοῦ
983 4004 1216 4071 μηδενὸς
1266 4001 1434 4066 ἀξίων
1502 4003 1809 4071 ἀνθρώπων

231 4096 488 4166 εἴρηνται
520 4097 653 4165 πρὸς
686 4096 848 4149 αὑτὸν
882 4097 988 4147 τῶν
1026 4100 1084 4148 ὲν
1134 4096 1277 4163 λόγῳ
1302 4095 1521 4147 πάντων
1575 4096 1809 4161 μάλιστα

233 4188 586 4256 ἀνιωμένων,
626 4191 721 4240 καὶ
749 4189 847 4254 τὴν
885 4187 1187 4239 ἀκολασίαν
1235 4188 1331 4256 τῆς
1380 4186 1626 4254 γλώττης
1662 4184 1808 4236 τιῡε-

239 4282 421 4349 μένων
475 4283 532 4331 ὲν
582 4279 765 4348 δεινῷ.
820 4277 1097 4348 Οὑδεμιᾶς
1145 4278 1252 4347 γάρ
1286 4278 1496 4346 ὕϐρεως
1532 4276 1809 4345 ἐφείδοντο

231 4372 475 4434 ἑστῶτες
513 4372 606 4423 ἐπὶ
640 4372 748 4423 τῶν
772 4370 993 4438 τειχῶν.
1038 4370 1202 4421 Ὅθεν
1254 4369 1342 4420 καί
1380 4386 1506 4421 ποτε
1542 4368 1807 4436 βασιλέως

232 4470 294 4517 ἐν
351 4464 537 4524 ὅπλοις
567 4464 856 4532 παριόντος
894 4462 987 4513 καὶ
1039 4463 1107 4513 τά
1161 4461 1317 4528 τείχη
1356 4461 1808 4529 κατασκεπτομέ-

1916 618 2015 673 sed
2040 617 2514 680 Thessalonicam,
2551 629 2609 672 ut
2644 619 2710 671 ad
2744 620 2933 673 urbem
2972 622 3193 674 maximi
3227 626 3493 678 momenti

1920 709 2294 764 festinandum
2348 710 2536 774 duxit;
2569 718 2624 762 et
2689 712 2947 766 omnibus
3000 712 3112 779 jam
3165 713 3233 765 ad
3292 716 3495 768 moenia

1920 802 2247 855 Pcritheorii
2301 801 2670 870 Oppugnanda
2729 802 3039 863 confectis,
3104 805 3369 872 praecepit
3430 807 3501 858 iis

1919 890 2187 957 postridie
2216 889 2303 941 die
2351 890 2705 942 illucescente
2742 890 2992 952 tentatis,
3039 891 3083 943 si
3120 904 3354 945 conatus
3388 909 3497 946 non

1922 981 2306 1049 responderet,
2334 982 2424 1034 die
2458 982 2623 1034 tertio
2658 982 2799 1034 viam
2834 997 3025 1035 versus
3050 982 3497 1037 Thessalonicam

1925 1077 2215 1143 arriperet.
2249 1074 2341 1128 Sic
2368 1074 2606 1127 censuit.
2646 1074 2741 1127 Die
2771 1083 2982 1139 exorto,
3012 1089 3221 1138 muros,
3260 1076 3499 1129 admotis

1919 1164 2087 1219 etiam
2128 1164 2656 1226 machinationibus,
2707 1163 2975 1216 invadunt
3010 1183 3021 1216 :
3051 1182 3191 1232 quos
3224 1182 3348 1221 cum
3383 1176 3499 1219 toto

1921 1255 2013 1308 die
2065 1264 2479 1323 oppugnassent
2541 1258 2848 1320 acerrime,
2906 1273 3095 1325 parum
3140 1259 3313 1311 abfuit
3366 1262 3498 1327 quin

1920 1361 2017 1399 eos
2055 1356 2175 1400 acta
2230 1349 2340 1416 jam
2397 1348 2692 1406 testudine.
2737 1356 2792 1401 et
2840 1349 3002 1403 scalis
3055 1350 3329 1419 applicitis
3362 1367 3497 1405 Con-

1925 1438 2275 1494 scenderent,
2306 1437 2399 1488 sed
2427 1440 2604 1488 noctis
2643 1437 2988 1492 interventus
3031 1455 3143 1493 rem
3187 1441 3494 1508 impedivit.

1928 1525 2147 1579 Obsessi
2179 1535 2508 1588 metuentes,
2552 1541 2619 1579 ne
2645 1526 2734 1578 die
2783 1529 3032 1595 sequenti
3063 1544 3245 1598 pugna
3282 1533 3496 1583 instau-

1927 1631 2044 1672 rata
2071 1629 2422 1686 caperentur,
2461 1630 2624 1672 noctu
2654 1618 2985 1683 decernunt,
3020 1621 3124 1674 Iide
3157 1625 3223 1674 ah
3256 1624 3491 1691 impera-

1926 1719 2046 1763 tore
2091 1718 2334 1779 accepta,
2372 1710 2563 1763 urbem
2600 1711 2822 1765 dedere.
2886 1714 3041 1767 Mane
3099 1716 3167 1767 de
3221 1718 3495 1770 mamilius

1925 1804 2219 1855 clamorem
2253 1805 2305 1854 in
2338 1814 2515 1857 castra
2552 1805 2767 1869 dantes,
2815 1804 3136 1873 imperatori
3184 1811 3491 1862 renuntiari

1847 1888 1888 1941 Β
1916 1893 2136 1961 jubent,
2175 1892 2338 1963 ωδ
2364 1894 2407 1948 si
2439 1894 2592 1959 velit,
2624 1910 2687 1948 ex
2722 1906 2880 1963 pacto
2917 1907 3189 1951 convento
3215 1901 3492 1955 civitatem

1917 1984 2171 2052 accipiat.
2203 1985 2294 2039 Ille
2328 1986 2430 2040 hoc
2456 1988 2649 2041 nuntio
2675 1988 2915 2057 gavisus,
2946 2002 3044 2045 eos
3062 2002 3279 2054 evocat,
3318 1992 3495 2045 {aclu-

1918 2095 2037 2133 rum
2068 2095 2127 2134 se
2172 2096 2294 2149 qua:
2345 2091 2559 2149 optent,
2587 2082 2791 2135 omnia.
2828 2080 3065 2136 Veniunt
3107 2083 3175 2136 de
3229 2085 3409 2153 plebe,
3445 2097 3500 2139 et

1919 2173 2281 2241 Optimatibus
2313 2175 2492 2241 pauci,
2546 2174 2612 2226 de
2655 2174 2801 2227 clero
2832 2176 2961 2228 item
2996 2176 3267 2229 nonnulli.
3320 2178 3497 2247 Atque

1920 2273 1981 2316 ut
2036 2278 2095 2316 se
2152 2272 2454 2333 purgarent
2515 2264 2950 2333 quodammodo,
2992 2268 3152 2321 aliter
3192 2284 3249 2323 se
3317 2268 3497 2323 facere

1919 2356 2203 2426 nequiisse
2254 2357 2532 2421 dixerunt,
2619 2367 2910 2426 prepterea
2976 2361 3123 2428 quod
3178 2364 3496 2431 nuperrime
3586 2410 3589 2411 ν

1919 2458 2259 2501 sacramento
2288 2457 2560 2517 concepto
2589 2450 3008 2518 spoponderint,
3038 2467 3095 2505 se
3124 2452 3489 2521 imperatricis

1918 2538 2171 2593 hostibus
2199 2548 2463 2607 quantum
2503 2540 2752 2594 valerent
2788 2543 3098 2597 restituros.
3123 2544 3275 2607 Quod
3303 2546 3485 2615 juras—

1919 2636 2061 2692 sent,
2092 2629 2414 2696 praestitisse
2444 2629 2712 2684 hactenus
2763 2631 2996 2685 fideliter
3031 2650 3044 2686 :
3074 2643 3128 2687 et
3151 2637 3295 2703 quod
3335 2653 3482 2693 nunc

1919 2734 2008 2773 res
2056 2720 2173 2788 ipsa
2230 2721 2363 2774 utile
2420 2721 2668 2775 futurum
2704 2722 2922 2789 doceat,
2975 2723 3026 2777 id
3088 2741 3246 2795 atquo
3302 2730 3490 2784 animo

1918 2810 2183 2864 Iac-.turos.
2218 2810 2417 2865 I'utare
2458 2812 2644 2880 igitur,
2693 2827 2753 2866 se
2780 2813 2974 2882 dignos
3005 2830 3129 2870 esse
3173 2820 3356 2873 venia.
3387 2820 3495 2875 Cu-

1917 2918 2049 2971 pere
2108 2913 2286 2956 tamen
2345 2904 2705 2973 jurejurando
2760 2906 2866 2959 sibi
2924 2910 3129 2972 caveri,
3189 2911 3264 2963 nil
3326 2926 3495 2979 grave

1919 3007 2178 3062 passuros
2193 2995 2264 3048 ob
2286 3009 2348 3048 ea
2371 3010 2490 3063 qua:
2504 2996 2835 3051 durantibus
2867 3000 3036 3053 armis
3060 3003 3490 3063 commisissent,

1915 3086 1985 3139 ob
2014 3086 2263 3139 convicia
2299 3088 2530 3153 scilicet,
2582 3104 2702 3157 qum
2734 3104 2842 3143 non
2891 3092 3012 3145 sine
3043 3106 3258 3147 summo
3303 3096 3492 3151 dolore

1918 3178 2157 3230 virorum
2231 3178 2480 3247 gravium
2516 3221 2531 3245 ,
2596 3181 2791 3249 abjccti
2827 3222 2840 3245 ,
2902 3193 2956 3236 et
3017 3186 3177 3239 nauci
3239 3186 3490 3242 homines

1919 3268 2136 3335 procaci
2156 3268 2340 3337 lingua
2370 3270 2423 3323 in
2443 3284 2569 3323 eum
2598 3273 2988 3331 contorserint.
3018 3275 3192 3328 Nullis
3217 3276 3489 3345 siquidem

1917 3356 2139 3425 probris
2196 3366 2405 3412 stantes
2448 3358 2503 3411 in
2579 3358 2755 3411 muris
2816 3360 3110 3428 parcebant
3159 3380 3170 3413 :
3218 3374 3275 3414 ut
3323 3366 3488 3417 etiam

1916 3449 2213 3515 aliquando
2234 3458 2447 3502 armato
2480 3449 2815 3517 imperatore
2854 3451 3173 3515 accedente,
3199 3462 3253 3507 et
3288 3457 3489 3509 mcenia

1917 3552 2141 3608 propter
2171 3540 2631 3609 Oppugnationcm
2661 3543 3090 3610 contemplante,
3136 3555 3247 3599 tres
3268 3547 3489 3614 quidam

1916 3647 1981 3686 co
2006 3632 2225 3702 cognito
2249 3633 2477 3688 eIIusius
2510 3634 2917 3688 maledicerent.
2949 3634 3051 3699 Qui
3079 3638 3305 3705 prepius
3332 3654 3491 3693 acce-

1924 3724 2062 3777 dens
2120 3726 2426 3792 quaesivit,
2487 3741 2619 3779 num
2668 3727 2905 3780 scientes
2948 3728 3075 3797 quis
3127 3739 3291 3793 esset,
3354 3732 3492 3787 adeo

1916 3817 2219 3872 liberaliter
2254 3818 2619 3872 contumelias
2673 3819 2944 3872 dicerent.
3001 3819 3205 3873 Eorum
3245 3837 3354 3875 uno
3405 3839 3493 3878 re-

1915 3910 2243 3979 spondente,
2312 3912 2546 3966 maxime
2587 3920 2642 3965 et
2702 3912 2909 3965 idrirco
2964 3912 3161 3980 probra
3228 3913 3483 3978 fundere,

1914 4004 2119 4070 quibus
2147 4004 2260 4071 ipse
2307 4004 2493 4057 multis
2526 4005 2720 4073 dignus
2767 4014 2933 4068 esset,
2979 4006 3125 4073 quod
3156 4005 3325 4060 fracta
3360 4008 3484 4072 Iidc,

1916 4095 2265 4164 imperatoris
2324 4095 2513 4149 liberis
2566 4096 2965 4159 insidiaretur,
3018 4112 3319 4165 omnesque
3368 4102 3485 4153 vias

1916 4188 2219 4255 indagaret,
2244 4202 2354 4255 quo
2390 4188 2512 4240 illos
2542 4186 2819 4241 meditata:
2852 4188 2919 4241 ab
2950 4204 3006 4240 se
3041 4190 3205 4242 morti
3234 4191 3481 4254 oIl‘erret,

1914 4272 1940 4327 a
2018 4277 2219 4343 quibus
2286 4278 2489 4330 nullam
2551 4293 2791 4347 unquam
2860 4281 3124 4334 sensisset
3190 4282 3478 4350 injuriam,

1912 4368 2143 4432 Quando
2166 4378 2371 4432 autem,
2408 4370 2617 4437 excepit
2642 4369 3081 4433 Cantacuzenus,
3129 4373 3181 4425 in
3208 4374 3481 4441 judicium

1912 4474 1998 4512 me
2041 4464 2463 4528 vocatum,quia
2512 4460 2811 4515 dissolvere
2858 4465 3088 4516 crimina
3143 4481 3247 4519 non
3300 4471 3477 4535 potui.

234 4578 333 4610 νου
378 4558 464 4609 διὰ
513 4558 610 4627 τὴν
658 4556 1040 4625 τειχομαχίαν,
1087 4559 1235 4625 τρεῖς
1261 4553 1407 4615 τινὲς
1449 4552 1681 4613 ἑστῶτες
1716 4554 1807 4604 ἐπὶ

1915 4560 1967 4603 et
2020 4551 2251 4620 injuriae,
2305 4563 2360 4605 et
2426 4553 2693 4621 perjurii,
2761 4566 2815 4607 et
2867 4555 3027 4624 hujus
3052 4557 3274 4611 sceleris
3332 4562 3477 4626 quod

228 4649 345 4700 τῶν
375 4647 589 4715 τειχῶν,
629 4644 830 4715 μᾶλλον
875 4644 983 4695 τῶν
1041 4642 1256 4707 ὕϐρεων
1309 4642 1565 4709 ἠφείδουν
1609 4640 1806 4708 γνωρί-

233 4759 342 4809 μου
398 4740 708 4808 γινομένου.
754 4737 813 4791 '0
846 4740 901 4790 δὶ
957 4739 1123 4805 ἐγγὺς
1169 4736 1489 4803 γενόμενος,
1532 4733 1726 4804 ἠρώτα
1756 4731 1804 4783 εί

230 4832 432 4891 εἰδότες
463 4832 519 4891 ὃς
553 4848 637 4891 τις
669 4828 753 4896 εἴη
789 4830 1109 4899 ὑϐρίζουσιν
1152 4831 1324 4889 οὕτως
1350 4826 1605 4894 ἀφειδῶς.
1655 4824 1805 4883 Ἐνὸς

227 4924 287 4977 δὲ
347 4922 830 4991 ἀποκριναμένουο
888 4922 966 4983 ὼς
1025 4922 1263 4989 μάλιστα
1332 4920 1548 4982 εἰδεῖεν,
1595 4918 1689 4969 καὶ
1717 4918 1805 4969 διὰ

226 5013 393 5067 τοῦτο
424 5018 515 5067 καί
536 5014 779 5083 ὑϐρίζειν
800 5013 1013 5066 πολλῶν
1044 5014 1170 5066 ὄντα
1202 5012 1355 5075 ἀξιον
1403 5011 1699 5079 λοιδοριῶν,
1724 5010 1805 5061 ὄτι

227 5106 557 5174 αποστάτης
636 5104 879 5173 γεγονὼς
936 5108 1047 5167 τοῖς
1103 5105 1371 5173 βασιλέως
1436 5102 1803 5156 ἐπεϐούλευσε

224 5199 410 5256 παισὶ,
463 5200 556 5247 καὶ
614 5197 875 5264 οὐδεμιᾶς
935 5198 1211 5266 ἀπέσχετο
1260 5197 1458 5265 πείρας
1486 5196 1803 5247 ἀποκτείναι

222 5290 354 5348 τοὺς
376 5288 529 5341 οὐδὲν
549 5289 875 5358 ἠδικηκότας
897 5291 1312 5358 μηχανώμενος,
1334 5289 1466 5340 Πότε
1488 5287 1564 5348 δὲ,
1584 5287 1807 5355 είρηκεν

222 5384 253 5431 ὁ
293 5380 574 5447 βασιλεὺς,
603 5382 695 5434 ἐπὶ
742 5381 899 5449 δίκην
957 5382 1333 5443 καταστάντα,
1362 5381 1445 5433 ὅτι
1502 5380 1575 5448 μὴ
1616 5382 1684 5430 τά
1715 5382 1806 5444 ἑγ-

222 5473 488 5540 κλήματα
549 5472 823 5542 ἠδυνήθην
895 5472 1311 5533 ἀπολύσασθαι,
1358 5469 1804 5541 κατεψηφίσασθε

217 5566 438 5617 ἀδικεῖν
472 5565 625 5615 αὐτοὶ
655 5568 747 5615 καὶ
775 5568 1079 5633 ἐπιορκεῖν,
1113 5566 1209 5617 καὶ
1243 5565 1469 5617 τοιαῦτα
1499 5559 1586 5616 οἶα
1613 5563 1799 5628 λέγετε

220 5658 457 5726 τολμᾷν.
512 5658 634 5708 Τῶν
678 5657 733 5709 δὲ
783 5658 1011 5725 ἔναγχος
1061 5659 1123 5709 ὲκ
1174 5658 1473 5720 Βυζαντίου
1537 5656 1803 5708 εἰπόντων

220 5752 387 5817 ἥκειν
416 5752 471 5799 ἐν
500 5742 543 5814 ᾦ
569 5749 635 5800 τά
664 5752 805 5800 κατά
834 5749 1101 5819 βασιλέως
1152 5749 1242 5801 ὑπ’
1274 5750 1439 5801 αύτοῦ
1498 5751 1804 5816 ὲσκαιωρη-

220 5857 371 5909 μενα
426 5842 694 5909 ἐκμαυεῐν
730 5858 741 5870 ·
775 5839 839 5893 δι’
893 5848 927 5895 α
954 5844 1051 5893 καὶ
1084 5844 1209 5903 τοὺς
1262 5842 1379 5893 ἐκεῖ
1435 5842 1502 5892 τὰ
1540 5837 1803 5907 βασιλέως

465 5934 736 5996 Ρηιιοι..
772 5937 889 5996 (in.
930 5938 1131 5998 CLIII.

1912 4642 2175 4710 objicitis,
2212 4658 2298 4696 me
2344 4644 2790 4696 condemnastis?
2834 4645 3322 4715 ReSpondentibus.
3348 4649 3475 4713 illis,

1912 4736 2073 4802 paulo
2104 4743 2227 4787 ante
2288 4733 2544 4803 Byzantio
2589 4734 2831 4799 venisse,
2882 4751 2910 4788 a
2952 4753 3061 4805 quo
3092 4753 3214 4805 qua:
3269 4740 3383 4807 ipse
3422 4741 3476 4793 in

1912 4827 2298 4894 imperatorem
2344 4826 2744 4879 adolescentem
2806 4841 3060 4895 perverse
3130 4830 3474 4885 machinatus

1910 4928 2073 4983 esset,
2112 4918 2438 4972 didicissent
2474 4937 2487 4971 :
2515 4929 2571 4972 et
2603 4918 2809 4972 idcirco
2840 4919 2930 4986 qui
2958 4919 3069 4971 illic
3095 4920 3477 4989 imperatorem

1916 5024 2224 5076 tuerentur,
2273 5014 2449 5081 ipsum
2479 5012 2777 5081 expulisse,
2821 5014 3174 5081 quibuscum
3222 5015 3479 5069 resistere

1912 5116 2150 5174 nequeat
2210 5106 2314 5158 huc
2378 5106 2584 5168 venire,
2648 5106 2836 5168 Itcctc,
2896 5104 2965 5157 mi
3019 5105 3203 5166 homo,
3239 5110 3481 5161 occurrit

1909 5196 2345 5257 Cantacuzenus,
2384 5199 2498 5251 hac
2522 5212 2618 5251 vos
2646 5197 2904 5267 Byzantio
2939 5198 3198 5251 didicisse
3226 5199 3326 5251 ais.
3366 5200 3476 5267 Ego

1914 5304 2044 5343 vero
2074 5291 2177 5343 huc
2198 5291 2379 5353 venio,
2411 5299 2469 5341 ut
2501 5305 2625 5343 cum
2653 5298 2703 5343 te
2728 5291 2795 5343 ob
2824 5289 3143 5343 maledicam
3180 5291 3478 5359 loquacita-

1916 5391 2022 5435 tem
2058 5382 2351 5450 punivero,
2409 5392 2501 5435 tuo
2531 5382 2784 5448 exemplo
2841 5382 2942 5450 ipsi
2997 5383 3299 5450 prolcnirc
3334 5386 3481 5436 tit-si-

1911 5484 2060 5526 naut.
2102 5473 2196 5527 llis
2231 5491 2326 5543 per
2353 5474 2542 5527 ludum
2569 5474 2749 5538 dictis,
2781 5475 3062 5543 pra'lcriit.
3093 5474 3290 5528 Eadem
3324 5488 3482 5530 nocte

1914 5566 2294 5635 militesjussu
2328 5566 2678 5633 imperatoris
2703 5567 2932 5619 insidias
2948 5566 3011 5619 ad
3044 5577 3227 5635 portas
3258 5568 3485 5619 truden-

1912 5666 2017 5719 tes,
2055 5665 2109 5708 ut
2135 5656 2471 5724 oppidanum
2503 5657 2742 5724 aliquem
2776 5669 3056 5725 caperent,
3090 5674 3151 5709 ex
3200 5672 3308 5725 quo
3354 5660 3481 5725 quid

1911 5746 2058 5799 intus
2115 5757 2398 5815 gereretur
2426 5786 2438 5810 ,
2474 5750 2884 5817 exprimerent,
2950 5766 3077 5804 casu
3139 5751 3477 5818 ipsissimnm

1910 5840 2337 5895 conviciatorem
2375 5841 2546 5897 multo
2580 5858 2759 5911 mane,
2796 5846 2979 5898 nesch
3017 5846 3171 5911 cujus
3202 5846 3276 5897 rei
3314 5859 3471 5898 causa

3086 5938 3156 5994 29
