4194 6440
202 397 312 459 909

1338 391 1881 456 HISTORIARUM
1921 391 2151 451 LIBER
2188 390 2301 452 Ill.

3343 392 3446 454 910

1457 534 1620 605 467
1658 533 1886 588 CAPUT
1925 532 2164 587 xxxvr.

200 635 439 689 Joannes
490 633 778 701 imperator
826 639 1109 707 coronatur
1143 631 1407 699 Byzantii.
1457 630 1746 707 Dignitates
1798 627 1852 680 in
1897 628 2198 707 conjuratos
2245 636 2473 706 conatm.
2528 626 2860 707 Patriarchaz
2915 623 3174 707 fastusnin
3217 624 3448 707 uestitu.

277 695 620 772 Apocauclrus
655 715 881 772 persona
917 695 1472 772 depositafsumrnam
1516 695 1882 772 auctoritatem
1930 695 2184 772 uindicat,
2222 697 2581 772 propin-auos
2620 704 2670 746 et
2725 696 3040 748 necessarios
3089 695 3446 772 cantacuzeni

275 760 553 837 interﬁcit;
585 760 808 824 matrem
827 760 949 838 'ejus
976 760 1239 822 dirissime
1277 769 1479 838 afﬂigit.
1533 766 1901 838 Misericordia
1940 760 2306 838 imperatriris
2341 760 2394 817 in
2440 763 2614 838 illam,
2648 773 2742 838 λεί.
2765 780 2975 838 rursum
3022 762 3312 838 crudelitas
3341 767 3447 838 Ar—

279 833 525 895 clzontum
565 842 740 910 quoad
773 833 1052 892 medicum.
1084 839 1223 892 Mors
1253 833 1364 910 ejus
1384 833 1745 910 'miserabiiis.
1765 833 2035 910 _Cltari_tas
2059 835 2338 910 Theodoro:
2380 834 2575 910 sororis
2599 833 2909 910 ΔΑηανυριίεἰ
2927 834 3248 910 iuniorishin
3288 835 3449 910 mori-

272 911 506 964 bundam
530 901 686 978 atque
711 922 996 978 mortuam.
1029 901 1386 978 littpet-utricis
1419 907 1731 978 excusatio.
1758 903 2002 978 Pecunia:
2053 908 2279 957 iuventte
2332 904 2639 978 magnitudo
2681 913 2736 978 et
2780 902 3093 955 distributio.
3160 901 3441 978 Ilorribilzs

271 980 543 1035 calumnia
577 973 633 1032 in
693 973 1124 1032 Cautacuzenum
1176 976 1419 1044 conﬁcta.
1471 976 1812 1045 Apocauchus
1859 974 2078 1028 classem
2139 985 2322 1027 contra
2378 973 2736 1026 Cantacuzeni
2795 982 3096 1025 terrestrem
3156 973 3443 1025 exercitum

272 1059 454 1120 parat.

300 1165 390 1217 Ἑν
444 1165 723 1232 Βυζαντίῳ
769 1163 824 1215 δὲ
879 1167 906 1215 ὀ
967 1161 1220 1231 βασιλεὺς
1293 1163 1548 1228 Ἰωάννης
1602 1162 1630 1212 ό
1675 1161 1769 1212 τοῦ
1801 1166 1844 1222 Α
1944 1159 1956 1211 1

1761 1162 1844 1222 ὶΑ
1944 1159 2184 1229 Byzantii
2221 1158 2464 1211 Joannes
2512 1158 2849 1224 imperator,
2906 1155 3208 1210 Andronici
3274 1157 3417 1210 ﬁlius

212 1257 560 1326 Ἀνδρονίκου
599 1255 863 1323 βασιλέως
910 1258 1062 1320 παῖς,
1090 1255 1256 1324 ψήφῳ
1284 1254 1558 1323 βασιλίδος
1580 1270 1642 1331 τε
1675 1253 1770 1304 καὶ

198 1349 302 1414 τῆς
347 1345 682 1415 συγκλήτου,
727 1345 915 1413 στέφει
962 1345 1062 1413 τὴν
1098 1343 1342 1414 κεφαλὴν
1371 1344 1476 1397 ὑπὸ
1516 1345 1766 1396 Ἰωάννου

201 1437 296 1489 τοῦ
359 1436 702 1506 πατριάρχου
751 1437 1204 1504 κατακοσμεῖται.
1275 1435 1363 1486 Ἐν
1404 1437 1469 1502 τῇ
1504 1435 1664 1504 ἑορτῇ
1712 1433 1768 1486 δὲ

197 1528 298 1580 καὶ
350 1527 460 1579 τῶν
497 1527 599 1596 τῆς
635 1526 940 1594 συγκλήτου
998 1529 1138 1595 πλὴν
1198 1525 1395 1593 ὀλίγων
1438 1527 1767 1594 ἀξιωμάτων

199 1615 402 1675 πάντες
437 1612 629 1682 ἔτυχον
661 1613 736 1675 ὡς
781 1612 848 1666 ἀν
882 1614 1110 1676 ἕκαστος
1166 1615 1324 1683 παρὰ
1372 1614 1642 1683 βασιλίδος
1673 1616 1768 1665 καὶ

200 1701 546 1770 πατριάρχου
609 1702 705 1753 καὶ
760 1701 858 1768 τῆς
927 1701 1122 1770 βουλῆς
1173 1702 1324 1765 ἄξιος
1372 1701 1590 1772 ἐκρίθη.
1657 1701 1766 1754 Καὶ

199 1791 473 1854 Ὶσαᾶκιος
497 1792 597 1861 μὲν
628 1793 885 1862 Ἀσάνης,
905 1793 1428 1863 πανυπερσέόαστος
1444 1791 1763 1861 ἀπεδείχθη·

195 1886 325 1951 δοὺξ
369 1885 426 1937 δὲ
469 1887 642 1954 μέγας
671 1889 698 1939 ὁ
736 1886 1096 1956 ’Δπόκαυχος,
1126 1887 1221 1939 καὶ
1257 1888 1286 1939 ό
1314 1885 1562 1954 Χοῦμνος
1593 1887 1766 1955 μέγας

200 1975 702 2044 στρατοπεδάρχης·
743 1975 1086 2044 Ἀνδρόνικός
1105 1993 1166 2029 τε
1195 1975 1581 2043 Παλαιολόγος,
1608 1975 1665 2038 ὃς
1694 1970 1764 2044 ἦν

199 2065 450 2136 γαμϐρὸς
493 2066 817 2138 ’Λποκαύχῳ
852 2067 930 2138 τῷ
979 2069 1203 2137 μεγάλῳ
1235 2067 1409 2131 δουκὶ,
1447 2068 1622 2136 μέγας
1672 2067 1766 2118 καὶ

199 2157 365 2220 αὐτὸς
415 2159 930 2229 στρατοπεδάρχης·
980 2159 1007 2212 ὃ
1060 2177 1119 2212 τε
1179 2159 1428 2228 Γαλάτης
1487 2175 1764 2227 πρωτοσεο

200 2248 425 2313 δαστὺς,
484 2251 578 2304 καὶ
620 2251 671 2302 οἱ
724 2250 874 2305 ἄλλοι
919 2249 1158 2314 ἅπαντες
1215 2251 1289 2314 ὡς
1340 2252 1594 2312 ἕκαστος.
1660 2251 1767 2304 [Ια-

200 2337 474 2406 τριάρχης
509 2337 564 2390 δὲ
611 2337 735 2389 ἐπεὶ
762 2337 862 2406 τὴν
890 2338 1048 2401 ἀξίαν
1080 2337 1332 2406 ἀμείϐειν
1366 2338 1466 2390 οὐκ
1499 2337 1648 2404 ἐνῆν,
1685 2338 1766 2399 είς

202 2428 529 2498 σεμνότερόν
553 2446 604 2480 τι
635 2428 966 2496 περιέστησε
999 2429 1059 2479 τὸ
1087 2429 1274 2498 σχῆμα
1294 2445 1309 2460 ·
1343 2429 1434 2482 καὶ
1467 2429 1523 2480 ἐν
1549 2446 1607 2481 τε
1645 2431 1766 2490 ταῖς

1877 1253 2118 1320 Augusta
2165 1260 2222 1303 et
2271 1248 2602 1302 consiliariis
2647 1249 2722 1301 ita
2766 1247 3100 1312 volentibus,
3146 1263 3173 1300 a
3234 1250 3448 1301 Joanne

1883 1343 2194 1411 patriarcha
2249 1356 2455 1394 corona
2502 1348 2806 1394 exornatur
2846 1356 2860 1392 :
2898 1342 2949 1392 in
2999 1355 3107 1408 qua
3167 1340 3292 1393 festi
3336 1341 3445 1394 diei

1880 1433 2234 1498 celebritate,
2283 1446 2477 1485 omnes
2529 1445 2670 1499 pene
2730 1445 3006 1498 proceres,
3059 1440 3118 1483 ut
3174 1449 3448 1500 ηιιοιιιηιω

1881 1525 2220 1592 imperatrix,
2266 1523 2574 1591 patriarcha
2636 1531 2692 1575 et
2736 1521 3030 1574 consilium
3065 1537 3183 1575 esse
3217 1523 3440 1592 dignum

1871 1615 2170 1686 judicarat,
2196 1613 2493 1684 dignitates
2520 1613 2704 1680 adepti
2744 1623 2887 1665 sunt.
2934 1613 3000 1666 Et
3044 1614 3286 1667 lsaacius
3332 1615 3446 1683 'gui-

1879 1707 2004 1760 dem
2072 1705 2280 1759 Asanes
2337 1703 2886 1773 panbypersebastus
2923 1703 3235 1757 declaratus
3313 1714 3444 1766 est,

1878 1797 2239 1867 Apocauchus
2273 1811 2501 1864 magnus
2529 1795 2661 1859 dux,
2712 1794 3001 1850 Chumnus
3049 1811 3276 1866 magnus
3304 1806 3446 1850 stra-

1880 1890 2262 1958 topedarcba:
2317 1887 2671 1942 Andronicus
2723 1888 3083 1956 Palmologus,
3130 1888 3445 1956 Apocauebi

1877 1996 2063 2049 gener,
2097 1979 2265 2032 etiam
2307 1979 2422 2048 ipse
2450 1993 2680 2047 magnus
2710 1978 3158 2047 stratopedarcha
3193 1979 3447 2049 designa-

1879 2081 2010 2124 tur:
2043 2069 2278 2125 Gabalus
2330 2071 2770 2139 protosebastus,
2837 2077 2893 2124 et
2922 2071 2996 2124 ita
3055 2072 3147 2125 alii
3210 2089 3442 2136 omnes,

1875 2177 2064 2217 eorum
2097 2162 2391 2231 sullragiis,
2449 2162 2518 2216 de
2573 2165 2774 2231 quibus
2813 2177 2978 2232 supra
3029 2163 3287 2218 diximus.
3346 2165 3442 2218 Pa-

1880 2256 2146 2320 triarcba,
2197 2255 2325 2324 quia
2380 2255 2607 2325 gradum
2669 2265 2981 2324 permutare
3045 2271 3150 2308 non
3209 2266 3443 2324 poterat,

1879 2345 2068 2402 habitu
2093 2361 2149 2400 se
2177 2346 2550 2414 augustiorem
2583 2345 2711 2401 fecit
2734 2388 2747 2410 ,
2779 2356 2836 2400 et
2868 2346 2919 2398 in
2944 2345 3444 2416 subscriptionibus

1879 2435 2064 2488 cnlore
2099 2439 2333 2489 caeruleo
2375 2442 2458 2488 est
2491 2448 2661 2488 usus:
2698 2432 3123 2505 ﬂammeumque
3157 2436 3292 2505 (88),
3347 2451 3442 2491 seu

202 2517 553 2586 ὑπογραφαῖς
581 2556 594 2580 ,
653 2518 904 2587 ὴερανέῳ
955 2518 1212 2587 χρώματι
1252 2519 1452 2588 ἐχρῆτο
1477 2557 1492 2581 ,
1540 2519 1634 2571 καὶ
1673 2517 1772 2589 τὴν
1803 2527 1844 2586 Β

1803 2527 1844 2586 Β
1878 2534 2088 2596 tegmen
2150 2524 2369 2594 capitis,
2427 2526 2573 2594 quod
2635 2533 2795 2579 antea
2847 2526 3213 2594 patriarchas,
3277 2528 3322 2581 si
3377 2529 3443 2582 de

203 2606 298 2657 ἐπὶ
351 2606 449 2674 τῆς
502 2604 748 2675 κεφαλῆς
804 2608 1111 2675 καλύπραν,
1167 2609 1234 2674 ἢν
1265 2609 1388 2667 τοὺς
1420 2607 1771 2678 πατριάρχας

198 2694 322 2756 ἔθος
351 2696 558 2764 φέρειν,
615 2695 680 2748 ἀν
729 2697 802 2765 μη
857 2696 950 2749 τοῦ
1002 2697 1284 2764 τάγματος
1315 2693 1420 2750 ὦσι
1465 2697 1572 2750 τῶν
1607 2714 1768 2766 μονα-

201 2788 434 2852 ζὸντων,
491 2788 652 2854 όΟόνῃ
715 2788 881 2857 λευκῇ
937 2789 1411 2858 περιειλημμένην
1467 2791 1767 2858 πρότερον,

201 2879 368 2941 αὐτὸς
426 2880 808 2948 κατεκόσμησε
864 2881 1076 2950 χρυσῷ,
1117 2881 1336 2942 εἰκόνας
1385 2881 1523 2950 αὐτῇ
1562 2881 1655 2934 τοῦ
1710 2898 1767 2933 τε

203 2970 455 3038 Σωτῆρος
491 2969 649 3037 ήμῶν
695 2969 978 3037 ἐγγράψας
1031 2969 1268 3039 Χριστοῦ
1322 2970 1497 3039 Ἰησοῦ
1541 2973 1636 3024 καὶ
1671 2972 1770 3040 τῆς

203 3062 470 3131 τεκούσης
507 3061 670 3115 αὐτὸν
708 3061 984 3130 ἀχράντου
1037 3061 1331 3124 θεοτδκου,
1378 3062 1471 3113 καὶ
1517 3062 1767 3113 Ἰωάννου

203 3153 299 3204 τοῦ
335 3152 660 3204 Βαπτιστοῦ.
703 3152 1048 3222 Ἀπόκιυχος
1078 3151 1135 3202 δὲ
1187 3153 1213 3203 ὁ
1262 3150 1437 3220 μέγας
1464 3151 1605 3215 δουξ,
1641 3153 1769 3221 ἄχρι

206 3243 309 3300 μὲν
358 3245 570 3295 ἐκείνου
620 3244 714 3296 τοῦ
769 3244 1005 3313 χρόνου,
1044 3244 1387 3313 μετριώτερά
1437 3260 1494 3296 τε
1551 3246 1768 3315 φρονεῖν

201 3333 402 3397 ἐδόκει,
425 3333 520 3386 καὶ
547 3332 646 3402 τῆς
673 3333 870 3402 βουλῆς
904 3330 1044 3386 εἶναι
1073 3335 1399 3405 ὑπεκρίνετο
1423 3329 1526 3399 εἷς,
1559 3337 1594 3407 ἢ
1637 3336 1770 3405 μᾶλ-

199 3425 294 3478 λον
316 3424 410 3477 καὶ
454 3425 557 3493 πρὸ
583 3425 746 3478 αὑτοῦ
771 3425 894 3488 τοὺς
928 3427 1122 3488 ἄλλους
1155 3422 1280 3496 ἦγε,
1314 3426 1388 3496 μὴ
1408 3427 1506 3495 τῆς
1533 3444 1770 3496 κακουρ-

198 3515 330 3583 γίας
363 3514 681 3585 αἰσθόμενοι
720 3517 1000 3588 ὀρρωδῶν,
1055 3519 1158 3570 ὑπὸ
1188 3517 1649 3586 Καντακουζηνοῦ
1675 3518 1768 3571 τοῦ

198 3604 467 3674 βασιλέως
506 3605 806 3674 ἐθελήσωσι
868 3607 1068 3673 μᾶλλον
1106 3607 1396 3676 ἄρχεσθαι,
1451 3608 1485 3676 ἢ
1534 3607 1765 3662 ἐκείνου.

214 3695 372 3748 Ἐπεὶ
402 3696 460 3748 δὲ
492 3695 805 3765 ἀξιώματός
844 3715 903 3750 τε
954 3695 1201 3766 μείζονος
1232 3698 1528 3752 ἐπελάϐετο
1559 3699 1652 3751 καὶ
1682 3698 1769 3750 τὸν

205 3789 443 3858 πόλεμον
475 3785 613 3840 εἶδεν
646 3788 954 3857 αὐξηθέντα
991 3790 1084 3842 ἐπὶ
1140 3789 1304 3860 μέγα,
1335 3791 1394 3843 τὸ
1424 3793 1769 3860 προσωπεῖον

1875 2615 2159 2670 monachis
2189 2631 2299 2670 non
2334 2626 2538 2680 essent,
2576 2615 2760 2672 album
2795 2616 2940 2670 ferre
2990 2633 3108 2672 mos
3138 2629 3277 2684 erat,
3328 2621 3445 2690 ipsc

1881 2723 2019 2762 auro
2047 2708 2362 2771 illustravit,
2394 2707 2710 2761 Servatoris
2754 2709 2953 2774 nostri,
2981 2718 3038 2763 et
3070 2710 3293 2764 illibatae
3324 2712 3444 2780 ejus

1872 2797 2154 2866 genitricis
2186 2795 2428 2865 Deipara‘.
2476 2812 2539 2851 ac
2569 2796 2796 2851 Joannis
2833 2798 3087 2866 Baptistae
3119 2800 3348 2868 depictis
3376 2804 3432 2856 in

1873 2903 1939 2942 eo
1970 2888 2242 2942 iconibus.
2279 2888 2648 2956 Apocauchus
2683 2902 2912 2958 magnus
2947 2889 3077 2948 dux.
3128 2893 3220 2959 qui
3271 2908 3445 2956 usque

1873 2979 1940 3033 ad
1972 2979 2024 3031 id
2063 2980 2320 3048 temporis
2357 2981 2680 3034 modestiam
2714 2995 2825 3048 prae
2857 2996 2915 3035 se
2940 2981 3168 3042 ferebat,
3193 2996 3250 3036 et
3275 3001 3442 3039 unum

1873 3085 1931 3124 se
1957 3071 2023 3123 de
2053 3071 2286 3123 concilio
2315 3071 2628 3134 simulabat,
2665 3071 2750 3124 vel
2777 3071 2962 3140 potius
2989 3074 3124 3128 alios
3151 3077 3314 3128 etiam
3338 3078 3442 3132 sibi

1873 3164 2260 3229 anteponebat,
2300 3169 2548 3216 metuens
2597 3177 2666 3216 ne
2709 3163 2892 3217 scelus
2937 3166 3056 3234 ejus
3087 3166 3438 3229 ollacientes,

1871 3251 2240 3305 Cantacnzcni
2299 3268 2460 3322 quam
2516 3254 2688 3322 ipsius
2726 3255 3020 3323 imperium
3070 3257 3314 3319 mallent,
3349 3261 3438 3312 ubi

1873 3353 1927 3395 et
1949 3341 2175 3410 gradum
2201 3343 2642 3397 excellentiorem
2663 3353 2748 3398 est
2779 3359 3128 3413 consecutus,
3156 3359 3212 3402 et
3238 3352 3439 3405 bellum

1877 3434 1928 3485 in
1983 3434 2160 3502 majus
2209 3443 2432 3488 auctum
2467 3435 2624 3500 vidit,
2660 3437 2807 3491 larva
2840 3439 3108 3508 deposita,
3152 3443 3326 3496 factus
3358 3459 3442 3498 est

1873 3526 2055 3576 omnia
2090 3567 2102 3585 ,
2160 3524 2538 3595 majorumque
2586 3528 2740 3598 juxta
2798 3545 2861 3586 ac
2916 3533 3191 3586 minorum
3257 3551 3437 3589 rerum

1871 3616 2157 3669 arbitrium
2205 3616 2581 3686 ditionemque
2649 3625 2956 3690 usurpavit.
3007 3624 3143 3677 Nam
3178 3637 3230 3679 et
3283 3643 3437 3680 con:-

1872 3710 2056 3762 munia
2092 3709 2374 3778 vectigalia
2393 3711 2461 3764 ab
2489 3727 2554 3765 eo
2588 3714 3021 3780 pzocurabantur
3042 3757 3055 3776 .
3087 3729 3142 3770 et
3198 3717 3437 3787 pra-fecti

1872 3815 1936 3854 ac
1965 3801 2132 3854 duces
2177 3802 2396 3856 urbium
2443 3818 2508 3856 ex
2539 3804 2660 3872 ejus
2706 3806 2990 3860 voluntate
3043 3811 3374 3863 creabantur
3420 3831 3432 3863 :

200 3857 539 3950 ἀποθέμενος
590 3879 785 3945 αὐτὸς,
851 3881 1028 3933 πάντα
1211 3883 1320 3936 Καὶ
1363 3857 1580 3934 πάντων
1629 3879 1765 3953 ἦρχε
1795 3857 1838 3914 C

1795 3857 1838 3914 ο
1871 3893 2116 3960 beneque
2168 3902 2223 3946 et
2279 3894 2417 3947 male
2452 3894 2633 3949 facere
2670 3898 2723 3948 in
2779 3898 2926 3951 illius
2961 3915 3122 3952 manu
3178 3913 3327 3965 erat;
3373 3920 3434 3957 ac

199 3970 297 4022 καὶ
328 3969 592 4038 μειζόνων
619 3971 714 4022 καὶ
738 3967 1056 4022 ἐλαττόνων.
1088 3970 1161 4021 Αἵ
1183 3987 1240 4020 τε
1271 3970 1380 4037 γὰρ
1411 3970 1517 4022 τῶν
1544 3975 1767 4041 χρημὰο

204 4079 316 4114 των
370 4060 624 4130 πρόσοδοι
652 4059 761 4111 τῶν
815 4059 1010 4112 κοονῶν
1061 4060 1154 4110 ὑπ’
1181 4059 1392 4113 ἐκείνου
1428 4062 1723 4129 διῳκοῦντο
1747 4079 1762 4094 ·

203 4155 300 4206 καὶ
321 4153 528 4205 πόλεων
557 4151 724 4220 ἀρχαὶ
751 4152 845 4203 καὶ
877 4152 1203 4220 στρατηγίαι
1221 4146 1300 4213 οἷς
1321 4152 1483 4214 αὐτὸς
1518 4154 1768 4207 ἐκέλευεν

198 4244 455 4298 ἐδίδοντο·
492 4243 590 4296 καὶ
619 4239 677 4296 εὖ
733 4245 906 4295 ποιεῖν
946 4243 1038 4294 καὶ
1092 4243 1406 4296 τούναντίον
1453 4242 1762 4317 κύριος

198 4337 301 4391 καὶ
331 4333 490 4387 πάνθ’
517 4335 717 4404 ὁμοίοις
762 4338 898 4405 πρὸς
932 4337 1380 4405 Καντακουξηνδν
1412 4339 1503 4390 τὸν
1545 4338 1768 4408 βασιλέα

200 4426 309 4487 ἕως
361 4424 441 4477 ἐτι
483 4426 654 4494 μέγας
691 4421 760 4497 ἦν
801 4427 1120 4494 δομὲστικος
1148 4429 1416 4497 ἡμιλλᾶτο
1453 4431 1630 4484 πάντα
1675 4432 1768 4485 ὑπ’

203 4516 416 4571 ἐκείνου
479 4517 708 4583 ἄγεσθαι
761 4517 1108 4587 βουλόμενος.
1177 4521 1409 4573 Συνιδὼν
1442 4523 1499 4574 δὲ
1528 4523 1601 4585 ὡς
1631 4525 1768 4578 ἐπα-

203 4605 340 4676 χθὴς
373 4607 484 4668 τοῖς
514 4606 917 4678 εὐγενεστέροις
955 4610 987 4677 ή
1017 4610 1224 4662 ἐκείνου
1261 4611 1441 4663 ἔσεται
1472 4613 1637 4682 ἁρχὴ,
1675 4617 1768 4666 καὶ

201 4699 390 4758 δείσας
439 4699 571 4766 μήτι
630 4697 720 4750 διὰ
766 4699 975 4768 ταύτην
1006 4701 1081 4752 ὑπ
1127 4703 1352 4758 ἐκείνων
1406 4705 1768 4775 ἐπιϐουλευθῇ

200 4788 348 4854 ἔγνω
399 4787 509 4841 δεῖν
563 4791 771 4851 πάντας
808 4791 1163 4861 διαφθείρειν·
1221 4795 1293 4854 ὡς
1349 4798 1394 4846 εί
1428 4796 1524 4863 τῆς
1559 4797 1767 4862 φαύλης

200 4878 375 4946 τέχης
407 4879 779 4948 ὗπολειφθείεν
809 4883 982 4950 μόνοι,
1021 4884 1216 4954 ῥᾳδίως
1263 4887 1411 4955 αὐτῷ
1447 4888 1582 4955 πρὸς
1623 4889 1769 4942 ἅπαν

198 4972 437 5035 εῐξοντες
478 4971 534 5022 τὸ
565 4973 1038 5041 προσταττόμενον
1087 4975 1187 5026 οὐκ
1245 4975 1487 5045 ἀνοήτως
1539 4977 1768 5045 οἰηθείς.

203 5058 317 5110 Καὶ
349 5057 565 5124 πρῶτον
612 5058 712 5126 μὲν
762 5060 870 5112 ἀπὸ
897 5061 1005 5113 τῶν
1051 5063 1173 5114 καθ’
1209 5057 1348 5132 αἷμα
1380 5069 1769 5135 προσηκόντων

201 5142 303 5196 καὶ
354 5143 588 5211 μάλιστα
650 5149 888 5216 γνησίων
939 5149 1137 5218 ἤρχετο
1191 5152 1631 5224 Καντακουζηνῷ
1685 5158 1764 5224 τῲ

201 5234 458 5306 βασιλεῖ,
496 5236 625 5304 ὕλης
671 5255 729 5289 τε
770 5240 1017 5308 εὐπορῶν
1073 5243 1206 5311 πρὸς
1237 5247 1333 5305 τὰς
1373 5244 1645 5310 διαϐολὰς,
1673 5251 1767 5302 καὶ

196 5325 312 5375 τῶν
329 5323 506 5377 ἄλλων
524 5326 722 5392 μᾶλλον
747 5328 819 5388 dt;
835 5327 1240 5398 δυνατωτέρους
1254 5331 1521 5393 δεδοικώς.
1535 5332 1766 5384 Ἔπειτα

201 5415 261 5467 δὲ
299 5418 391 5468 καὶ
431 5417 555 5478 τοὺς
585 5416 777 5478 ἄλλους
817 5417 1015 5486 ἐφεξῆς
1056 5419 1287 5489 μετῆλθε
1313 5422 1539 5491 μηδενὸς
1580 5425 1770 5490 φεισάι

1871 3998 1970 4052 per
2032 3984 2214 4036 omnia
2285 3984 2565 4038 nitebatur
2621 3987 2817 4040 similis
2878 4004 2998 4041 esse
3053 3991 3432 4047 Cantaeuzeno

1868 4072 2047 4125 adhuc
2081 4088 2275 4141 magno
2307 4074 2632 4139 domestico,
2660 4077 2793 4129 nihil
2827 4095 2934 4131 non
2965 4097 2993 4132 a
3032 4096 3089 4134 se
3123 4082 3233 4149 regi
3271 4095 3432 4151 atque

1869 4165 2239 4219 administrari
2311 4166 2648 4221 desiderans.
2709 4168 2812 4222 Sed
2879 4172 3022 4223 enin:
3094 4176 3429 4240 perspias‘en.

1871 4255 2098 4322 imperia
2123 4271 2219 4309 sua
2236 4257 2596 4312 nobilioribus
2642 4259 2943 4327 injucunda
2974 4278 3272 4316 etonerusa
3297 4267 3430 4332 fore,

1873 4345 2204 4415 timensque,
2238 4363 2306 4402 ne
2354 4349 2484 4418 quid
2523 4350 2728 4403 idcirco
2760 4353 3084 4407 insidiarum
3125 4356 3226 4408 sibi
3282 4374 3435 4425 para-

1870 4445 2041 4500 retur,
2103 4440 2345 4492 omnium
2411 4439 2822 4508 perdendorum
2887 4446 3175 4500 consilium
3241 4450 3426 4516 cepit.

1869 4528 2036 4600 468
2069 4538 2126 4582 ut
2179 4530 2415 4584 humiles
2456 4532 2556 4586 soli
2592 4533 2789 4595 relicti,
2846 4537 3158 4590 auctet-itali
3215 4555 3325 4594 sua:
3381 4543 3432 4594 in

1869 4622 2126 4675 omnibus
2187 4624 2517 4690 prOpensius
2574 4636 2853 4693 parerent.
2919 4627 3032 4681 Nec
3094 4639 3216 4682 erat
3270 4633 3433 4684 stuita

1870 4710 2149 4780 cogitatio.
2188 4711 2263 4766 Ac
2311 4713 2526 4766 initium
2576 4717 2794 4782 quidem
2835 4731 2863 4768 a
2894 4717 3259 4773 Cantaeuzeni
3299 4737 3432 4775 con-

1871 4801 2185 4871 sanguineis
2248 4813 2306 4856 et
2343 4803 2535 4858 amicis
2584 4807 3015 4872 germanissimis
3061 4809 3236 4872 duxit,
3307 4827 3430 4865 cum

1870 4901 1926 4945 et
1959 4894 2186 4947 materia
2216 4895 2282 4948 ad
2321 4895 2771 4948 calumniantium
2803 4897 3128 4963 abundaret,
3161 4914 3215 4954 et
3251 4918 3345 4956 eos
3378 4916 3434 4956 ut

1871 4981 2243 5046 0pulentiores
2259 4983 2494 5049 amplius
2525 4995 2815 5041 metueret.
2851 4987 3058 5042 Deinde
3083 4991 3221 5044 alios
3244 4993 3435 5045 ordine

1871 5085 2184 5139 aggressus,
2217 5071 2352 5124 nulli
2412 5074 2690 5139 pepercit;
2746 5076 2928 5141 specie
2981 5077 3226 5143 quidem.
3279 5081 3432 5145 quasi

1875 5159 2279 5228 imperatricis,
2343 5170 2399 5214 et
2447 5163 2772 5230 optimatum
2826 5167 2966 5232 ejus,
3026 5170 3434 5237 priesertimquc

1873 5251 2200 5318 patriarcha:
2254 5251 2495 5309 decreto.
2552 5268 2743 5320 pmnas
2795 5261 2996 5324 qu;bus
3049 5260 3124 5312 illi
3184 5265 3383 5314 vellent
3415 5305 3428 5325 ,

1875 5343 2122 5407 inferret,
2179 5359 2237 5398 re
2270 5352 2451 5398 autem
2509 5345 2624 5413 ipsa
2684 5347 2897 5400 libidini
2961 5367 3069 5400 sum
3117 5355 3428 5406 obscmtns.

1877 5431 2248 5486 (tantaeuzcni
2287 5448 2451 5501 porro
2484 5444 2711 5488 matrem
2753 5438 2858 5505 jam
2890 5449 3012 5492 ante
3065 5441 3116 5493 in
3157 5456 3432 5496 carcerem

1471 5537 1683 5599 Σειαοιιί
1727 5543 1986 5603 Pontani
2023 5553 2207 5606 notae.

274 5631 388 5701 (88)
416 5632 748 5700 Καλύπτραν
775 5647 931 5690 vocat
967 5637 1189 5691 Grmcus
1215 5653 1230 5690 :
1263 5647 1294 5688 ι·
1313 5659 1504 5700 tamet),
1530 5643 1602 5692 ait
1632 5638 1759 5694 Fes-

199 5705 616 5776 tushamicitur
676 5705 871 5757 nubens
919 5708 1038 5759 boni
1086 5711 1270 5761 ominis
1323 5725 1481 5759 causa
1531 5710 1667 5776 quod
1699 5726 1758 5761 eo

199 5768 418 5824 assidue
460 5775 698 5826 utebatur
730 5776 1022 5842 ﬂaminica,
1054 5777 1110 5827 id
1157 5788 1252 5842 est,
1311 5768 1571 5831 Flaminis
1603 5796 1755 5841 uxor,

1870 5647 1952 5724 cui
2005 5661 2105 5698 non
2149 5646 2335 5700 licebrt
2412 5666 2556 5724 uete
2613 5656 2914 5724 divortium.
2968 5659 3136 5724 Quale
3186 5661 3435 5714 vidi-tice"

1868 5715 2046 5766 velum
2081 5727 2305 5796 sacrate
2334 5739 2389 5770 et
2434 5718 2624 5796 velatae
2661 5720 2768 5796 lien
2800 5715 3033 5792 virgines
3082 5732 3132 5780 in
3170 5732 3434 5796 capitibus

1868 5793 2077 5850 gestant
2111 5787 2190 5854 (ut
2227 5803 2311 5840 res
2344 5788 2534 5842 melius
2565 5787 2933 5863 intelligatur).
2964 5797 3062 5851 Ειη
3096 5787 3311 5855 ίΨρέΙίρί.
