4194 6440
226 331 334 396 913
1353 335 1835 402 ΙΗὸΤΟΒΙΑΙίΗ

1946 340 2180 402 LIBER
2229 343 2340 400 ιιι.
3366 335 3468 399 914

227 443 421 513 τέχνης
480 439 706 510 ὠφελεῖν
734 486 748 508 ,
803 446 1111 513 ἠνάγκαζον
1158 450 1314 503 αὐτοὶ
1341 449 1410 501 τὰ
1450 448 1782 516 κελευόμενα
1814 448 1835 504 1

1909 461 1995 498 am
2043 447 2394 502 manifestum
2441 445 2579 501 fore.
2617 447 2859 500 Medicus
2904 443 3333 498 comminatione
3361 454 3464 498 ter~

231 534 426 596 ποιεῖν,
463 531 530 584 ἵν’
560 533 745 596 αὐτοῖς
783 550 842 586 τε
877 535 934 600 ἐξ
971 536 1142 606 ἀρχῆς
1175 537 1397 607 ὠμότης
1449 538 1786 602 διασώζοιτο,

1905 535 2030 591 ritus
2078 537 2234 606 (nihil
2285 537 2486 606 quippe
2515 543 2658 590 inter
2693 544 3008 605 suspectum
3049 547 3174 588 esse
3235 539 3292 584 et
3317 545 3470 584 acer-

228 623 323 722 καὶ
357 621 498 722 μηδὲ
533 623 806 692 βασιλίδος
855 629 1215 694 καταφρονεῖν
1257 627 1467 680 δοκοῖεν
1516 627 1586 680 τὰ
1622 645 1790 680 κεκε-

1905 628 2118 684 bissima
2175 631 2380 699 perpvti
2411 629 2696 698 intererat)
2739 643 2860 681 eum
2903 625 3307 696 spepondisset,
3333 620 3470 675 nihil

229 712 502 776 λευσμένα
579 714 654 784 μὴ
722 714 1040 778 ποιοῦντες’
1095 717 1144 770 εί
1205 718 1250 770 δ’
1298 719 1795 788 ἰσχυρογνωμονοίη

1905 721 2093 776 horum
2147 722 2486 790 iinperatrici
2539 719 2931 780 indicaturum,
2987 717 3052 770 ad
3099 711 3470 768 ('Iantacuzeni

227 803 322 855 καὶ
363 803 499 871 προς
529 803 799 886 ὡφέλειᾲν
827 823 884 858 τε
908 806 1006 874 τῆς
1032 807 1297 877 νοσούσης
1326 809 1498 877 λέγοι,
1536 809 1610 878 μὴ
1653 811 1797 878 μέμ·

230 891 426 957 φεσθαι
483 893 667 956 αὐτοῖς
739 893 814 958 ὡς
874 898 1041 950 αὑτοῦ
1100 899 1208 952 τῶν
1261 901 1544 970 ἐσομένων
1607 902 1798 954 κακῶν

229 983 408 1036 αἰτίου
465 985 644 1055 ἐαυτῷ
683 990 1084 1058 παρεσομένου.
1143 991 1314 1061 Δῆλος
1364 994 1474 1062 γὰρ
1520 993 1622 1062 ἤδη
1657 991 1798 1046 εἶναι

231 1075 509 1142 ᾑρημένος
564 1079 633 1128 τὰ
685 1081 1164 1150 Καντακουζηνοῦ.
1234 1083 1292 1136 Ὀ
1349 1085 1404 1136 δὲ
1457 1083 1636 1147 δείσας
1702 1086 1801 1154 τὴν

232 1165 502 1234 ἀπειλήν·
536 1168 687 1220 οὐδὲν
744 1170 852 1238 γὰρ
892 1166 960 1240 ἦν
1012 1173 1072 1224 τὸ
1107 1172 1273 1241 μέσον
1307 1174 1396 1227 τοῦ
1437 1191 1495 1226 τε
1527 1175 1802 1228 ὑποπτευ-

235 1255 397 1325 θῆναι
453 1259 546 1310 καὶ
614 1259 707 1311 τοῦ
768 1261 996 1330 πάσχειν
1045 1264 1116 1316 τὰ
1180 1264 1458 1322 δεινότατα
1495 1281 1510 1296 ·
1545 1267 1806 1336 πρότερον

237 1349 712 1418 ἐπαγγειλάμενος
788 1354 956 1421 μηδὲν
1021 1355 1129 1407 τῶν
1186 1359 1490 1426 γινομένων
1545 1357 1808 1427 μηνύσειν

241 1437 500 1507 βασιλίδι,
536 1441 731 1494 ἔπειτα
765 1447 902 1512 πρὸς
939 1445 1206 1514 βασιλέως
1238 1448 1410 1518 εἰσῄει
1448 1450 1545 1519 τὴν
1575 1451 1807 1518 μητέρα·

243 1530 412 1599 μηδὲν
463 1531 516 1583 δὲ
569 1533 867 1601 δυνάμενος
901 1537 987 1588 διὰ
1033 1538 1094 1588 τὸ
1137 1539 1200 1588 ἐκ
1244 1537 1350 1589 τῶν
1387 1539 1667 1608 ἀρχόντων
1695 1541 1811 1602 δέος

241 1618 600 1684 φθέγγεσθαι,
631 1621 754 1683 τοὺς
797 1623 1093 1691 ἑπομένους
1142 1625 1388 1690 φύλακας
1433 1627 1506 1690 ὠς
1541 1629 1664 1696 ἐνῆν
1697 1629 1813 1682 δια-

241 1704 460 1770 λαθὼν,
512 1709 739 1774 νεύματι
792 1711 1052 1774 ἐσήμαινε
1114 1711 1213 1782 τὴν
1275 1715 1332 1766 ἐν
1367 1713 1578 1778 ἀγκῶνι
1639 1717 1809 1784 φλέϐα

243 1798 486 1866 τέμνειν.
530 1799 762 1852 Ἔπειτα
809 1801 954 1872 ἐξῄει
1008 1805 1174 1872 μηδὲν
1209 1805 1268 1856 τὸ
1299 1805 1519 1860 σύνολον
1571 1806 1809 1874 φθεγξά-

245 1905 410 1954 μενος
438 1905 451 1919 ·
507 1891 564 1942 αἱ
617 1895 874 1958 γυναῖκες
925 1895 979 1946 δὲ
1019 1895 1174 1958 αὖθις
1213 1897 1322 1950 τῶν
1361 1899 1637 1968 ἀρχόντων
1687 1900 1810 1969 δεη-

243 1977 422 2029 θεῖσαι
453 1979 542 2030 τδν
575 1981 794 2049 τέμνειν
836 1983 1037 2050 φλέϐας
1064 1987 1429 2056 ἐπιστάμενον
1464 1990 1705 2058 εἰσάγειν
1747 1993 1806 2044 οὐ

245 2069 674 2138 συνεχιοροῦντο.
711 2073 876 2126 Ὅθεν
937 2075 1040 2128 ὑπὸ
1108 2077 1202 2130 τοῦ
1266 2079 1503 2149 πυρετοῦ
1545 2099 1813 2152 κατεργα-

245 2159 437 2211 σθεῖοα
517 2163 612 2214 καὶ
666 2164 938 2233 μηδεμιᾶς
993 2167 1130 2229 ὅλως
1175 2171 1426 2239 προνοίας
1478 2173 1811 2240 ἀξιωθεῖσα,

245 2246 602 2317 ἐτελεύτησεν
637 2250 770 2321 ’ἐκτῃ
809 2253 975 2320 μηνὸς
1021 2256 1352 2325 Ἰανουαρίου
1381 2259 1613 2330 δεκάτης
1644 2261 1810 2332 οὔσης

248 2334 586 2399 ἰνδικτιῶνος
611 2337 704 2389 τοῦ
739 2337 884 2410 ⁴ςων¹
927 2341 1103 2404 ἐτους·
1137 2345 1471 2416 τελευτῶσιν⁸
1525 2347 1578 2400 δὲ
1629 2349 1751 2420 ἤδη,
1781 2351 1813 2420 ἡ

246 2424 346 2476 τοῦ
395 2425 660 2494 βασιλέως
707 2431 1043 2500 Ἀνδρονίκου
1087 2433 1291 2503 ἀδελφὴ
1349 2437 1382 2508 ἥ
1419 2438 1680 2510 πρότερον
1715 2443 1815 2512 μὲν

247 2517 468 2586 Μιχαὴλ
498 2520 572 2589 τῷ
609 2521 813 2574 Μυσῶν
847 2524 1082 2592 συνῴκει
1121 2526 1354 2594 βασιλεῖ·
1383 2530 1583 2584 ¹ἔπειτα
1606 2535 1813 2588 ἐκείνου

247 2609 681 2680 τελευτήσαντος
718 2615 852 2684 πρὸς
882 2617 973 2669 τὸν
1020 2618 1248 2686 ἀδελφὸν
1294 2622 1694 2692 ἐπανελθοῦσα,
1727 2629 1820 2680 καὶ

250 2701 358 2763 τὴν
397 2703 454 2753 ἐν
499 2703 794 2771 βασιλείοις
825 2706 1109 2776 διατριϐὴν
1140 2711 1517 2766 καταλιποῦσα
1567 2717 1852 2783 μονάζειν¹

251 2793 457 2858 είλετο,
500 2799 594 2847 καὶ
647 2798 903 2850 Θεοδοσία
955 2801 1019 2851 ἐκ
1063 2800 1343 2872 Θεοδώρας
1402 2807 1820 2878 μετωνομάσθη,

251 2886 538 2956 πυθομένη
601 2889 728 2956 περὶ
781 2889 880 2956 τῆς
916 2890 1183 2958 βασιλέως
1229 2897 1436 2962 μητρὸς
1469 2898 1550 2948 ὅτι
1597 2897 1826 2962 τελευτᾷ

255 2977 354 3028 καὶ
376 2955 559 3048 ὥσπερ
579 2955 1036 3049 ἀμειϐομένη-τῶν
1059 2955 1271 3054 ἐκείνης
1290 2955 1556 3054 πρότερον
1588 2955 1813 3057 ὑττηργζ

1899 824 2128 880 tnatrem
2163 815 2430 868 introivit.
2473 813 2722 880 Cumque
2748 819 2972 879 promer
3004 807 3356 861 formidinem
3385 818 3470 855 ar.

1900 907 2162 958 ehontum
2209 905 2356 974 loqui
2411 919 2518 958 non
2567 903 2815 966 auderet,
2867 907 3166 968 sequentes
3190 894 3472 957 custodes,

1904 1007 1964 1054 ut
1999 998 2222 1059 licebat,
2252 998 2450 1052 fallens
2477 1012 2506 1050 e
2532 996 2758 1050 brachio
2786 992 3115 1046 mittendum
3151 989 3473 1057 sanguinem

1901 1100 2060 1162 gestu
2097 1089 2462 1159 signiﬁcabat.
2491 1086 2696 1140 Deinde
2729 1095 2913 1138 mutus
2939 1083 3100 1152 plane
3129 1081 3334 1136 abibat.
3361 1079 3472 1132 Mu-

1903 1181 2070 1234 lieres
2106 1183 2304 1234 iterum
2349 1177 2710 1231 archontibus
2737 1175 3034 1242 supplices,
3065 1174 3476 1240 phlebotomuin

1907 1271 2258 1326 introducere
2300 1285 2406 1322 non
2446 1267 2924 1336 permittebantur.
2951 1263 3040 1316 Sic
3069 1263 3215 1316 omni
3255 1275 3479 1328 prorsus

1907 1363 2191 1419 curatione
2235 1369 2446 1429 negata.
2482 1371 2536 1414 et
2569 1358 2706 1412 febri
2745 1365 3088 1424 consumpta,
3125 1363 3320 1407 octavo
3355 1353 3478 1404 ldus

1907 1453 2224 1513 Ianuarias,
2279 1451 2580 1505 indictione
2627 1442 2870 1509 decima,
2911 1461 3056 1499 anno
3085 1445 3152 1496 ab
3188 1443 3322 1497 orbe
3351 1457 3482 1494 con-

1911 1545 2028 1598 dito
2073 1543 2254 1597 sexies
2299 1542 2590 1595 millesimo
2640 1537 3097 1606 octingentesimo
3137 1537 3449 1603 quinquago

1913 1634 2050 1688 simo
2097 1631 2236 1684 hanc
2288 1629 2466 1682 lucem
2513 1627 2738 1681 deserit.
2792 1626 3137 1690 Imperatoris
3182 1621 3482 1675 Andronici

1913 1739 2092 1782 soror,
2139 1720 2416 1790 quondam
2453 1718 2696 1772 Michaeli
2736 1717 3026 1770 Moesorum
3061 1715 3172 1781 regi
3215 1721 3405 1779 nupta.
3431 1718 3483 1762 et

1917 1814 2114 1868 marito
2163 1821 2378 1865 mortuo
2413 1811 2478 1863 ad
2511 1809 2733 1862 fratrem
2771 1821 3016 1868 reversa,
3049 1806 3268 1872 vitaque
3309 1803 3484 1856 aulica

1915 1904 2104 1957 relicta
2156 1909 2210 1954 et
2253 1900 2609 1952 monasticam
2665 1897 2965 1965 complexa,
2994 1911 3055 1948 ac
3083 1894 3393 1948 Theodmia
3420 1909 3481 1944 ex

1917 1996 2203 2050 Theodora
2235 1994 2376 2046 dicta
2411 1990 2546 2062 (90),
2586 1989 2678 2044 ubi
2705 2004 2826 2044 eam
2861 1989 3097 2042 animam
3131 2002 3293 2056 agere
3330 1987 3476 2038 intel-

1917 2086 2068 2160 legit,
2125 2085 2274 2140 velut
2328 2096 2690 2138 remunerans
2729 2082 2848 2150 ejus
2899 2080 2953 2134 in
3015 2095 3072 2132 se
3132 2078 3328 2132 merita
3381 2077 3484 2146 (sui

1918 2179 2064 2234 enim
2093 2176 2505 2245 cupidissimam
2554 2175 2824 2238 senserat)
2875 2173 2928 2224 in
2980 2186 3254 2224 carcerem
3313 2169 3482 2230 venit,

1919 2279 1975 2324 et
2031 2283 2202 2335 usque
2231 2264 2298 2320 ad
2329 2263 2581 2318 ultimum
2611 2261 2866 2331 spiritum
2899 2273 2966 2312 an
2997 2274 3060 2313 ea
3090 2275 3198 2311 non
3232 2257 3485 2314 recessit.

1923 2375 2086 2429 quam
2123 2358 2320 2412 elatam
2369 2355 2426 2410 in
2461 2351 2796 2408 monasterio
2843 2352 2978 2405 avia:
3019 2350 3191 2418 ipsius
3221 2349 3493 2402 defuncta:

1924 2441 2208 2511 matronae,
2271 2447 2480 2503 sororis
2521 2445 2746 2514 inquam
2781 2443 3062 2497 Michaelis
3099 2441 3260 2511 primi
3295 2439 3494 2494 Palam-

1925 2543 2072 2612 logi.
2115 2540 2339 2594 Marthae
2382 2537 2694 2607 appellato,
2742 2535 2796 2588 in
2857 2543 3086 2602 paterno
3135 2539 3493 2584 monumento

1927 2631 2255 2700 composuit.
2298 2627 2502 2682 Deinde
2532 2627 2834 2690 Augustam
2867 2623 3078 2686 adiens,
3107 2621 3492 2676 crudelitatem

1927 2724 2280 2778 inhumanam
2338 2717 2665 2772 areliontum
2717 2714 3030 2776 nuntiavit,
3091 2729 3194 2780 qua
3256 2713 3307 2764 in
3377 2725 3493 2760 eam

1931 2827 2111 2882 usque
2150 2810 2216 2864 ad
2249 2820 2477 2862 mortem
2507 2806 2829 2862 saeviissent.
2867 2805 2962 2859 illa
3005 2805 3174 2857 Deum
3211 2803 3490 2856 homines

1931 2919 2043 2966 que
2095 2901 2307 2965 testari,
2359 2898 2499 2954 nihil
2529 2899 2724 2952 horum
2759 2912 2816 2950 se
2846 2896 3024 2956 scire;
3059 2893 3224 2964 4⁸10
3259 2903 3488 2946 tantum-

1935 2995 2097 3050 modo
2131 2995 2363 3062 jussisse
2409 2989 2464 3042 in
2510 3003 2786 3042 carcerem
2817 2986 2956 3048 dari,
2987 2995 3044 3040 et
3075 2999 3268 3038 eorum
3304 2985 3490 3038 barba—

258 3069 441 3136 μένων
482 3070 722 3136 ἀγαθῶν,
775 3072 976 3142 πολλὴν
1007 3075 1116 3142 γὰρ
1147 3079 1224 3136 εἰς
1256 3077 1471 3144 ἐκείνην
1515 3079 1824 3133 ἐπεδείκνυ--

1934 3101 2046 3138 ram
2095 3083 2369 3137 feritatem
2416 3079 2530 3148 ipsa
2575 3091 2793 3147 quoque
2843 3074 3143 3130 exsecrari.
3181 3073 3497 3130 Secrndum

253 3177 319 3211 το
373 3160 472 3230 τὴν
517 3161 775 3224 εὖνοιαν,
829 3163 1057 3230 ἀφίκετό
1106 3180 1162 3215 τε
1216 3164 1292 3225 εἰς
1350 3166 1410 3217 τδ
1457 3168 1824 3238 δεσμωτήριον

259 3249 400 3321 πρὸς
430 3251 617 3319 αὖτὴν,
649 3253 742 3304 καὶ
773 3259 1108 3321 παρέμεινεν
1136 3255 1264 3324 ἄχρι
1298 3257 1577 3326 τελευτης.
1602 3261 1830 3313 Ἔπειτα

257 3344 355 3394 τὸν
411 3343 597 3412 νεκρὸν
638 3345 982 3412 ἐξαγαγοῦσα
1039 3348 1190 3416 παρὰ
1239 3349 1335 3416 τὴν
1370 3349 1537 3420 μονὴν
1567 3351 1665 3420 τῆς
1696 3353 1833 3420 πρδς

263 3434 473 3502 μητρὸς
523 3436 737 3506 ἐκείνης
787 3437 1020 3507 μάμμης
1075 3439 1310 3510 ἀδελφῆς
1339 3440 1434 3493 τοῦ
1476 3442 1698 3512 πρώτου
1723 3447 1832 3498 τῶν

262 3525 646 3594 Παλαιολόγων
683 3528 947 3596 βασιλέως
993 3531 1216 3600 Μιχαὴλ
1252 3534 1351 3602 τῆς
1393 3534 1626 3600 Μάρθας
1668 3553 1836 3606 προσ-

261 3618 674 3685 αγορευομένην
731 3619 788 3670 ἐν
824 3619 936 3679 τοῖς
993 3621 1270 3690 πατρῴοις
1322 3623 1594 3694 κατέθηκε
1618 3625 1832 3692 τάφοις.

267 3709 337 3760 ’Ἐ
349 3725 504 3760 πειτα
537 3711 746 3761 ἐκεῖθεν
770 3711 904 3781 πρὸς
938 3710 1190 3778 βασιλίδα
1216 3713 1626 3782 ἀναστρέψασα,
1652 3717 1833 3784 ἀπήγ-

263 3802 419 3868 γειλε
473 3802 571 3870 τὴν
611 3802 869 3870 ὠμότητα
899 3806 994 3856 καὶ
1037 3804 1134 3871 τὴν
1162 3805 1564 3874 ἀπανθρωπίαν
1597 3808 1704 3859 τῶν
1735 3809 1835 3878 ἀρ-

267 3893 494 3962 χόντων,
528 3893 593 3963 ἢν
624 3895 750 3961 περὶ
782 3895 997 3961 ἐκείνην
1034 3895 1367 3958 ἐνεδείξαντο
1407 3897 1531 3966 ἄχρι
1555 3899 1834 3966 τελευτῆς.

268 3985 396 4036 ”Ηδ’
435 3985 615 4054 ὅρκοις
663 3985 1050 4046 διεϐεϐαιοῦτο,
1088 3987 1252 4056 μηδὲν
1307 3989 1505 4041 nam:
1539 3990 1648 4042 τῶν
1681 4008 1840 4057 γεγε-

267 4074 548 4142 νημένων,
583 4073 724 4142 πλὴν
779 4074 860 4126 ὅτι
919 4075 1197 4142 εἴργεσθαι
1243 4079 1651 4143 προσετέτακτο
1707 4082 1840 4150 παρ’

269 4165 465 4230 αὐτῆς·
521 4165 897 4230 κατεγίνωσκε
951 4183 1007 4216 τε
1065 4167 1154 4218 καὶ
1201 4167 1337 4236 αὒτὴ
1385 4169 1584 4240 πολλὴν
1616 4171 1839 4223 ἐκείνων

268 4254 374 4324 τὴν
411 4257 693 4323 ἀπήνειαν.
740 4253 896 4307 Μετά
947 4255 1002 4306 δὲ.
1048 4255 1146 4322 τὴν
1177 4257 1391 4326 ἐκείνης
1434 4258 1686 4326 τελευτὴν
1718 4298 1732 4320 ,
1773 4261 1842 4312 τὰ

270 4349 536 4416 χρήματα
569 4346 784 4414 ἐκείνης
834 4363 892 4397 τε
936 4348 1027 4397 καὶ
1068 4346 1162 4398 τοῦ
1195 4347 1310 4398 υἱοῦ
1365 4349 1710 4417 διηρευνᾶτο,
1748 4352 1842 4404 καὶ

1935 3174 2140 3230 obitum
2179 3173 2320 3240 ejus,
2374 3169 2467 3222 lilii
2519 3169 2749 3236 pecunia
2794 3164 3042 3234 indagata
3083 3171 3138 3217 et
3197 3165 3390 3232 ingens
3421 3164 3501 3216 in-

1935 3275 2096 3321 venta
2162 3273 2246 3318 est
2319 3261 2458 3332 Quia
2508 3259 2653 3314 enim
2699 3259 3008 3327 patriarcha
3059 3255 3324 3310 adversus
3377 3271 3496 3309 eam

1937 3367 2216 3412 servantes
2260 3352 2776 3408 anathematismum
2803 3351 3110 3404 vibraverat
3139 3349 3324 3417 (quem
3355 3348 3502 3400 velut

1939 3451 2244 3502 ministrum
2295 3460 2358 3498 ac
2405 3442 2694 3496 satellitem
2745 3438 3036 3508 quemdam
3083 3437 3362 3492 sceleratis
3407 3453 3500 3490 (ιιι

1937 3538 2258 3610 piditatibus
2307 3535 2421 3588 suis
2455 3532 2713 3585 omnibus
2761 3529 3168 3598 promptissime
3197 3529 3496 3581 inservien-

1941 3639 2046 3684 tem
2079 3625 2356 3690 habebat),
2398 3637 2521 3676 enm
2557 3619 2712 3673 inulti
2751 3627 3080 3676 metuentes,
3113 3619 3440 3670 custoditum
3473 3635 3500 3666 ει

1942 3735 2000 3774 se
2029 3718 2322 3788 pecuniam
2359 3711 2685 3768 alferebant.
2724 3709 2830 3762 Alii
2866 3708 2971 3760 hoe
3001 3707 3202 3758 fulmen
3239 3707 3386 3758 velut
3423 3707 3472 3756 in

1935 3813 2146 3881 justum
2201 3805 2585 3875 despicientes,
2639 3799 2859 3853 interim
2895 3797 3227 3860 retinebam,
3263 3799 3437 3848 donec
3477 3815 3502 3848 ιι

1941 3898 2182 3958 consciis
2210 3899 2424 3970 prodita
2455 3896 2782 3966 penitusque
2814 3892 3072 3946 distracta
3109 3900 3161 3942 et
3213 3889 3504 3940 distributa

1940 4007 2043 4050 est.
2091 3991 2224 4046 Tam
2273 4001 2454 4045 autem
2503 3984 2921 4041 innumerabilis
2949 3983 3070 4046 fuit,
3109 3989 3168 4032 nt
3195 3993 3506 4048 quanquam

1943 4082 2096 4136 multi
2148 4095 2266 4134 eam
2323 4079 2464 4131 inter
2514 4091 2570 4130 se
2603 4073 2962 4144 partirentur.
3006 4081 3062 4126 et
3094 4085 3218 4138 pars
3251 4069 3501 4136 Apocau--

1943 4175 2046 4228 eho
2093 4185 2286 4240 magno
2323 4149 2464 4222 lduci
2499 4167 2827 4234 obtingeret,
2859 4177 2985 4232 pars
3026 4161 3242 4214 (iub-alae
3269 4167 3512 4226 piotose-

1944 4265 2100 4319 busto
2147 4267 2290 4330 (nam
2329 4268 2382 4312 et
2419 4257 2463 4311 is
2492 4254 2822 4325 Apocaucho
2867 4261 2986 4306 Cl‘nl.
3023 4251 3076 4304 in
3111 4251 3260 4317 repul
3287 4251 3390 4300 hea
3427 4263 3510 4299 re—

1943 4355 2117 4426 genda
2162 4353 2364 4424 socius,
2387 4352 2452 4401 'et
2483 4345 2846 4415 imperatricis
2877 4345 3014 4395 aula:
3042 4341 3356 4410 prtfccuis,
3393 4355 3511 4391 sive

269 4436 448 4487 πολλὰ
476 4437 700 4488 ἐκείνων
737 4435 1104 4503 ἐξευρίσκετο,
1139 4437 1372 4502 μάλιστα
1413 4436 1456 4488 δ’
1491 4438 1570 4488 ὅτι
1607 4441 1700 4489 καὶ
1737 4456 1835 4492 πα-

1905 4441 2198 4510 icurator),
2227 4455 2352 4508 pars
2390 4436 2679 4498 Cinname,
2717 4433 2900 4487 comiti
2947 4447 3228 4486 sacrarum
3263 4430 3510 4495 largitio-

271 4531 548 4596 τριάςιχης
608 4527 749 4578 κατά
780 4526 889 4578 τῶν
948 4527 1182 4594 ἐχόντων
1238 4526 1449 4590 ἐξεῖπεν
1509 4528 1836 4598 ἁφορισμδν,

275 4621 340 4671 ὂν
391 4615 534 4686 εἶχεν
584 4616 772 4687 ὥσπερ
835 4616 958 4668 τινὰ
999 4617 1296 4686 δορυφόρον
1335 4619 1452 4678 ταῖς
1505 4617 1844 4686 παρανόμοις

273 4710 598 4777 ἐπιθυμίαις
659 4715 863 4770 πάσαις
922 4708 1154 4772 ὀξύτατα
1221 4710 1638 4778 ὑπηρετοῦντα·
1689 4709 1746 4759 ὃν
1795 4711 1843 4761 οἱ

275 4801 470 4854 πολλοὶ
507 4801 618 4852 τῶν
665 4802 899 4869 ἐχόντων
921 4800 1222 4866 δείσαντες,
1257 4801 1512 4868 φέροντες
1546 4801 1613 4852 τὰ
1642 4801 1834 4868 φυλατ-

273 4895 484 4963 τόμενα
530 4895 822 4963 παρεῖχον·
873 4893 923 4943 οἱ
976 4891 1030 4943 δὲ
1075 4895 1169 4944 καὶ
1218 4892 1292 4953 ὡς
1325 4891 1475 4963 παρὰ
1506 4892 1665 4954 δίκην
1699 4908 1845 4958 γινο-

279 4991 452 5058 μένου
483 4985 974 5054 καταφρονοῦντες,
1021 4983 1156 5044 τέως
1210 4983 1308 5052 μὲν
1353 4975 1621 5050 κατεῖχονέ
1670 4984 1846 5052 χρόνῳ

274 5087 338 5136 δὲ
383 5081 606 5147 ὕστερον
659 5079 764 5130 ὑπὸ
811 5077 921 5128 τῶν
970 5076 1287 5130 συνειδότων
1324 5077 1639 5144 μηνύὁμενα
1667 5075 1846 5126 πάντα

277 5171 560 5241 ἀναλὼθη.
602 5167 758 5222 Οὕτω
789 5168 843 5220 δὲ
869 5163 1004 5238 ἦσαν
1041 5167 1270 5220 πλεῖστα
1289 5167 1358 5219 τὰ
1395 5167 1844 5238 ἐξευρισκδμενα,

1949 4549 2103 4596 ιιιιιιι,
2128 4529 2420 4596 multisque
2450 4526 2676 4594 insuper
2704 4523 2994 4584 eunuchis,
3027 4522 3120 4588 qui
3144 4519 3304 4572 simul
3339 4518 3502 4570 domi-

1949 4626 2257 4684 nabantur,
2307 4618 2661 4672 nihilominus
2721 4631 2786 4668 ex
2833 4613 3056 4682 reliquis
3103 4612 3406 4680 impensam
3458 4631 3510 4663 in

1953 4713 2149 4766 bellum
2203 4719 2391 4764 contra
2417 4705 2870 4774 ﬂantaeuzenum
2905 4703 3217 4754 tolerarent.
3242 4699 3512 4752 Ca‘terum

1952 4800 2268 4870 impcratrix
2299 4799 2528 4852 multum
2576 4813 2636 4848 ac
2677 4810 2819 4862 szepe
2848 4807 2968 4844 cum
3029 4790 3343 4860 patriarcha
3389 4791 3508 4842 relio

1955 4893 2186 4960 quisque
2226 4889 2436 4956 imperii
2493 4883 2948 4954 gubernatoribus
3005 4881 3070 4932 de
3121 4895 3253 4947 pace
3309 4895 3510 4946 agens,

1958 4984 2089 5052 ipsis
2137 4981 2246 5048 jam
2291 4993 2468 5030 rerum
2519 4973 2854 5041 potentibus,
2885 4977 2941 5023 et
2979 4986 3008 5022 a
3051 4970 3331 5022 mentione
3363 4970 3513 5036 pacis

1959 5067 2374 5139 refugientibus,
2401 5063 2764 5130 nihilaequuin
2791 5059 3136 5126 impetrabat.
3166 5057 3370 5110 Tamen
3403 5068 3456 5110 ut
3483 5075 3510 5109 ιι

1955 5161 2160 5235 iustitia
2215 5173 2322 5211 non
2379 5153 2651 5215 recedere,
2698 5161 2752 5205 et
2801 5151 3130 5218 imperatrici
3176 5165 3238 5202 ac
3296 5149 3506 5202 sibimiri

1557 5308 1771 5368 Jacobi
1799 5303 2058 5368 Pontani
2104 5309 2288 5361 notio.

361 5439 475 5508 (90)
523 5437 674 5506 Quod
705 5450 826 5490 cum
879 5433 999 5492 viri,
1037 5443 1147 5486 tum
1191 5429 1406 5508 femina:
1442 5429 1505 5481 ad
1541 5426 1852 5508 religiosum

281 5513 418 5566 vita:
459 5502 648 5574 genus,
688 5521 783 5558 seu
842 5513 1041 5574 statum
1091 5502 1446 5574 monastic-um
1490 5505 1852 5574 transeuntes,

285 5567 492 5634 nomen
524 5567 819 5636 mutarent,
854 5575 978 5626 inde
1006 5573 1205 5625 factum
1227 5571 1412 5627 credo,
1439 5567 1583 5635 quod
1623 5581 1856 5636 perime-7-

283 5647 562 5704 nachismi
609 5635 1102 5714 profesSionenrse
1153 5640 1298 5692 velut
1349 5642 1542 5714 iterum
1593 5635 1852 5714 baptizari

287 5727 573 5789 putarent,
600 5706 652 5770 ét
676 5728 797 5768 esse
820 5711 1119 5769 secundum
1163 5713 1452 5778 queinlam
1479 5706 1806 5776 baptismum
1841 5721 1852 5755 :

1964 5424 2016 5478 in
2051 5421 2317 5489 baptismo
2349 5425 2753 5489 autemnomen
2781 5411 2920 5465 solet
2953 5409 3264 5489 imponi,net
3291 5405 3508 5483 quidem

1965 5474 2184 5554 novum,
2231 5490 2274 5543 si
2318 5488 2439 5556 quis
2492 5484 2726 5544 adultus,
2777 5495 2864 5556 ae_
2894 5479 3132 5556 nondum
3175 5474 3516 5556 Christianus

1963 5543 2103 5618 aliud
2134 5543 2404 5614 lialiuisset
2458 5565 2516 5608 ut
2545 5543 2733 5608 omnes
2781 5551 2998 5604 habent.
3030 5545 3321 5618 Cujusdam
3353 5543 3515 5616 igitur

1967 5615 2389 5704 regenerationis
2417 5626 2628 5697 signum
2653 5621 2887 5678 nominis
2914 5619 3125 5672 novitas
3159 5615 3278 5669 fuit.
