4194 6440
267 407 370 474 917

1397 416 1942 477 HISTORIARUM
1988 419 2218 479 LIBER
2259 421 2370 478 lli.

3411 427 3516 487 9l8

247 531 404 586 τερον
426 518 838 592 πρωτοστάτορι
873 521 1106 589 μηνύειν
1165 523 1266 594 τὴν
1297 524 1618 594 ἐπιδημίαν.
1654 525 1815 588 Εἰδὼς

1933 536 2281 584 tostratorem
2331 529 2486 598 prius
2545 545 2882 586 monennum
2927 532 3108 587 duxit.
3162 533 3298 588 Cum
3329 547 3510 591 autem

248 608 303 660 δὲ
363 608 439 671 ὡς
490 611 710 682 Συργὴς
755 613 1104 682 στρατιώτας
1155 616 1385 686 πέμψας
1411 617 1674 684 φυλάττει
1727 619 1824 681 τάς

245 701 398 764 ὁδοὺς
429 701 526 756 τοῦ
555 704 631 772 μὴ
666 703 898 760 λαθόντα
929 707 1071 771 τινὰ,
1098 708 1361 776 ἀγγελίας
1387 709 1452 763 ἐκ
1481 726 1645 764 τινων
1678 709 1827 780 αὑτῷ

245 796 489 865 κομίζει,
505 796 749 851 τοιοῦτόν
775 815 828 852 τι
851 801 986 870 πρὸς
1007 800 1108 870 τὴν
1132 802 1348 854 ἐκείνου
1378 801 1650 872 πονηρίαν
1676 805 1828 857 ἀντι-

243 889 507 958 τεχνᾶται
548 889 657 943 τῶν
689 891 1044 960 στρατιωτῶν
1093 893 1241 956 δυσὶ,
1273 893 1368 946 τὸν
1399 894 1519 962 μὲν,
1574 894 1831 948 ἐκέλευεν

242 980 586 1034 ἀποδοθέντα
639 983 737 1036 καὶ
777 985 1294 1053 περιαγκωνίσαντα
1334 986 1545 1051 ἑαυτὸν,
1597 987 1828 1053 ἄγεσθαι

242 1075 538 1146 δεσμώτην
558 1092 573 1106 ο
597 1076 692 1129 τὸν
725 1077 918 1147 ἕτερον
949 1078 1006 1130 δὲ
1035 1077 1213 1146 ἄγειν.
1266 1077 1330 1132 Εί
1362 1078 1421 1132 δὲ
1469 1081 1518 1132 οί
1547 1080 1648 1140 τάς
1673 1081 1826 1144 ὁδοὺς

242 1165 546 1236 τηροῦντες
581 1167 954 1238 περιτύχοιεν,
996 1171 1090 1222 τὸν
1117 1170 1321 1238 ἄγοντα
1347 1171 1582 1239 φάσκειν
1610 1171 1686 1230 ὡς
1735 1171 1826 1224 τὸν

247 1257 419 1309 ῖππον
447 1258 840 1325 ἀπολωλεκὼς,
875 1261 971 1316 τὸν
1001 1262 1123 1331 μὲν,
1160 1262 1260 1332 οὐχ
1299 1261 1454 1331 εὕροι
1484 1279 1498 1293 °
1531 1263 1623 1316 τὸν
1672 1263 1826 1332 χαλι-

240 1349 332 1400 νὸν
353 1349 433 1406 δὲ.
493 1350 644 1415 παρά
679 1351 871 1421 τάνδρὶ
894 1353 1096 1406 τουτωῒ
1123 1368 1136 1382 ·
1166 1353 1506 1407 ἀπαιτοῦντα
1532 1353 1590 1408 δὲ
1618 1355 1712 1406 καὶ
1736 1355 1827 1405 τὸν

242 1439 414 1492 ῐππον
442 1440 520 1510 μὴ
547 1441 862 1495 ἀποδιδόναι
887 1459 901 1473 ·
937 1443 1078 1497 ἀλλά
1103 1445 1195 1496 τὸν
1213 1445 1436 1514 χαλινὸν
1466 1445 1628 1515 μόνον
1663 1447 1828 1514 εὑρη·-

240 1531 399 1583 κέναι
433 1532 590 1600 παρὰ
619 1532 719 1603 τὴν
751 1534 870 1588 ὁδὸν
909 1534 1371 1606 διῖσχυρίζεσθαι.
1437 1531 1513 1590 υῦ
1569 1537 1632 1605 δὴ
1664 1537 1826 1605 χάριν

239 1620 505 1689 δήσαντα,
536 1623 692 1691 ἄγειν
723 1624 861 1692 πρὸς
890 1624 982 1677 τὸν
1005 1623 1272 1694 βασιλέως
1307 1625 1471 1689 θεῖον,
1513 1627 1664 1685 ὅπως
1690 1628 1824 1696 παρ’

238 1709 454 1763 ἐκείνου
521 1709 954 1781 βασανιζόμενος
1031 1715 1260 1786 ἀποδοίη
1321 1715 1417 1768 καὶ
1481 1715 1575 1768 τὸν
1635 1717 1824 1770 ἵππον.

251 1801 504 1854 Ἐκέλευε
554 1801 612 1855 δὲ
671 1805 764 1856 καὶ
817 1803 911 1856 τὸν
965 1805 1256 1875 δεσμώτην
1288 1807 1364 1874 τῷ
1396 1807 1584 1874 ἄγοντι
1629 1808 1698 1860 τά
1731 1808 1822 1864 ἴσα
1852 1876 1870 1892 ,⁸

1934 622 2314 690 comperisset.
2345 622 2552 693 Syrgen
2587 622 2765 677 missis
2797 624 3067 678 militibus
3093 625 3210 680 vias
3232 627 3509 690 obsidere,

1933 728 1999 766 ne
2043 714 2169 781 quis
2211 713 2278 766 ad
2324 729 2450 768 eum
2500 713 2694 768 fallens
2734 718 2959 770 nuntios
2996 717 3284 785 perferret.
3318 729 3509 773 contra

1931 801 2232 869 nequitiam
2282 802 2428 856 illius
2475 801 2770 857 artificium
2810 803 3188 873 hujuscemodi
3228 808 3478 874 excogita

1929 893 2030 947 vit.
2077 894 2300 948 Duobus
2347 894 2616 948 militibus
2663 896 2976 961 imperavit,
3025 897 3119 950 uni
3157 897 3404 964 quidem,
3452 911 3512 951 ut

1929 985 2178 1040 vestibus
2247 996 2446 1042 exutus
2491 997 2547 1041 et
2583 989 2840 1042 manibus
2894 997 3018 1058 post
3050 997 3198 1056 terga
3235 990 3512 1043 revinctus

1930 1079 2250 1140 duceretur.
2279 1081 2439 1134 alteri
2469 1096 2601 1135 vero
2630 1091 2689 1136 ut
2718 1081 2965 1138 duceret.
2997 1081 3053 1136 Si
3083 1083 3176 1151 qui
3239 1083 3356 1136 vias
3379 1082 3508 1134 insi-

1929 1175 2134 1228 debant
2183 1183 2562 1237 occurrerent,
2615 1174 2886 1229 aiiirmare
2931 1176 3248 1236 ducentem,
3283 1191 3341 1230 se
3367 1191 3511 1242 equo

1931 1263 2144 1331 perdito
2176 1263 2329 1316 illum
2357 1262 2582 1330 quidem
2616 1278 2724 1316 non
2766 1263 3038 1325 invenire,
3072 1263 3290 1316 frenum
3325 1272 3506 1314 autem

1929 1354 2073 1424 apud
2124 1356 2272 1408 hunc
2317 1355 2496 1408 virum
2539 1355 2831 1424 reperisse,
2886 1356 2980 1422 qui
3020 1370 3224 1423 equum
3280 1354 3385 1408 sibi
3433 1369 3487 1406 re

1929 1446 2178 1514 poscenti
2227 1462 2333 1499 non
2376 1447 2591 1509 reddat,
2637 1448 2731 1499 sed
2774 1448 2990 1501 frenum
3032 1448 3296 1500 duntaxat
3333 1446 3386 1499 in
3427 1447 3507 1498 via

1928 1536 2031 1590 sibi
2083 1545 2356 1601 repertum
2393 1536 2646 1590 aliirmet.
2670 1537 2843 1601 Quam
2886 1538 2956 1589 oh
2989 1552 3212 1591 causam
3260 1552 3318 1590 se
3354 1539 3506 1588 illum

1927 1629 2173 1681 vinetum
2226 1627 2293 1681 ad
2349 1629 2700 1696 imperatoris
2750 1629 2964 1682 amnem
3024 1627 3136 1695 (9|)
3182 1628 3404 1690 ducere,
3450 1634 3506 1679 ut

1928 1721 1995 1776 ab
2047 1721 2167 1788 ipso
2210 1719 2500 1788 quaestioni
2549 1719 2849 1787 subjectus.
2903 1717 3068 1770 etiam
3110 1731 3314 1784 equum
3342 1716 3508 1769 resti-

1929 1822 2045 1865 tuat
2079 1826 2091 1861 :
2137 1813 2284 1882 quod
2327 1821 2385 1866 et
2429 1813 2669 1865 vinetum
2710 1824 2835 1861 cum
2862 1809 3092 1862 ductore
3121 1806 3391 1860 afﬁrmare
3417 1807 3500 1876 ju-

242 1892 633 1960 συνομολογεῖν
659 1910 673 1925 ·
732 1893 924 1948 τοῦτον
981 1897 1040 1949 δὲ
1067 1899 1160 1950 τὸν
1187 1899 1393 1968 τρόπον
1443 1900 1813 1970 παρελθόντας

1929 1905 2110 1958 bebat.
2136 1876 2249 1959 [ioc
2270 1912 2452 1958 autem
2480 1902 2643 1956 modo
2667 1901 2960 1971 praeteritis
2981 1897 3268 1959 custodiis,
3291 1905 3502 1950 utrum-

232 1985 365 2048 τοὺς
394 1983 792 2054 φυλάσσοντας,
822 1987 1016 2042 ἔπειτα
1046 1990 1280 2043 ἕκαστον
1307 1987 1361 2046 οἷ
1407 1995 1818 2061 προσετέτακτο

233 2078 576 2149 ἀποχωρεῖν.
637 2082 702 2133 Ol
757 2081 859 2152 μὲν
904 2083 998 2136 οὖν
1032 2085 1253 2138 ἐποίουν
1282 2086 1426 2138 κατά
1453 2087 1524 2138 τὰ
1556 2085 1814 2138 κεεκελευ⁹

233 2169 436 2238 σμένα,
464 2172 558 2224 καὶ
588 2171 938 2234 διαλαθόντες
965 2175 1093 2237 τοὺς
1119 2175 1215 2228 ἐπὶ
1245 2177 1347 2246 τὴν
1369 2175 1624 2245 φυλακὴν
1654 2193 1818 2230 τετα-

230 2260 474 2328 γμένους
503 2262 611 2314 τῶν
657 2263 812 2328 ὁδῶν,
873 2258 1009 2334 ἧκον
1062 2266 1201 2335 πρὸς
1257 2268 1723 2338 πρωτοστράτορα
1758 2269 1815 2322 ἐν

229 2352 631 2427 Θεσσαλονίκῃ,
663 2353 918 2424 βασιλεὺς
951 2358 1005 2410 δὲ
1040 2357 1115 2421 ὡς
1170 2358 1409 2428 μάλιστα
1443 2361 1592 2424 ἐνῆν,
1622 2361 1683 2413 τὸ
1717 2361 1814 2413 νῦν

234 2444 342 2512 μὲν
403 2444 765 2511 ῐῐολύστυλον,
819 2449 877 2500 ἐν
932 2451 1046 2510 τοῖς
1087 2448 1427 2518 Ἑλληνικοῖς
1484 2451 1539 2504 δὲ
1599 2453 1814 2522 χρόνοις

233 2536 517 2606 Ἃϐδηραν
540 2537 933 2609 ὠνομασμένον
990 2539 1264 2611 πολίχνιον
1293 2542 1561 2612 παράλιον
1589 2542 1670 2605 ὃν,
1717 2544 1811 2596 ὑπ’

227 2628 399 2681 αὑτοῦ
437 2646 495 2682 τε
527 2629 955 2700 ᾠκοδομημένον
987 2634 1279 2703 πρότερον,
1314 2634 1411 2687 καὶ
1444 2637 1567 2688 τότε
1594 2637 1683 2689 διὰ
1711 2637 1811 2706 τὴν

227 2721 470 2790 ἀρχαίαν
525 2719 742 2774 εὔνοιαν
795 2721 895 2774 οὐκ
957 2723 1230 2787 ἀποστὰν,
1290 2725 1493 2794 πολλῆς
1552 2729 1812 2796 προνοίας

225 2810 496 2876 ἀξιώσας,
525 2813 673 2864 σίτον
706 2829 764 2864 τε
801 2813 988 2876 αὐτοῖς
1038 2815 1480 2887 ἔπιχορηγήσας,
1513 2819 1607 2869 καὶ
1640 2835 1806 2886 στρα-

227 2900 439 2964 τιώτας
475 2904 613 2969 πρὸς
668 2903 1017 2972 ἐπικουρίαν,
1074 2904 1242 2966 αὐτὸς
1295 2904 1395 2975 τὴν
1444 2905 1614 2974 ἀλλην
1669 2905 1809 2976 ἔχων

226 2993 518 3062 στρατιὰν,
552 2994 612 3047 τὸ
648 2995 799 3063 παρά
826 2995 925 3064 τὴν
957 2992 1355 3064 Χριστούπολιν
1386 2997 1642 3067 τείχισμα
1667 2997 1810 3052 διελ-

225 3086 364 3145 θὼν,
418 3085 919 3154 ἐστρατοπέδευσεν
967 3088 1025 3138 ὲν
1074 3087 1386 3150 Φιλίπποις.
1443 3090 1680 3144 Ἔπειτα
1733 3090 1809 3151 ὡς

1919 2009 2026 2062 que
2055 2009 2166 2062 quo
2194 1992 2514 2048 mandatum
2553 1999 2673 2046 erat
2719 1991 2891 2044 abire.
2923 1989 3002 2042 Illi
3043 1988 3315 2041 mandatis
3340 1989 3502 2040 mori-

1919 2081 2054 2150 geri.
2080 2079 2326 2149 deceptis
2355 2079 2568 2134 itineris
2595 2076 2922 2132 custodibus
2950 2076 3017 2129 ad
3051 2084 3503 2144 protostratorettt

1919 2170 2361 2227 Thessalonicam
2409 2169 2660 2224 veniunt.
2711 2167 2874 2239 472
2932 2168 3236 2236 Imperator
3282 2177 3497 2230 autent

1917 2278 2079 2333 quam
2097 2263 2330 2316 maxime
2352 2270 2586 2330 poterat,
2606 2262 3000 2331 bodicquidem
3022 2261 3350 2339 Polyslvlon.
3372 2270 3506 2312 tem-

1916 2357 2142 2427 poribus
2165 2356 2479 2410 Graecorum
2505 2355 3156 2412 Abderamnomiuatam.
3178 2352 3501 2421 oppidulum

1917 2448 2302 2501 maritimuma
2333 2461 2391 2500 se
2414 2447 2569 2516 prius
2617 2447 2981 2499 instauratum
3024 2447 3190 2513 (quod
3242 2458 3368 2496 nune
3408 2460 3504 2511 pro

1915 2540 2088 2593 veteri
2121 2539 2174 2591 in
2212 2554 2374 2592 suum
2417 2538 2850 2592 instauratorem
2902 2535 3282 2590 benevolentia
3319 2535 3370 2587 in
3401 2536 3503 2587 tide

1915 2628 2212 2696 manserat)
2231 2627 2398 2680 multa
2429 2641 2557 2680 cura
2579 2627 2857 2695 dignatus.
2881 2629 3043 2694 eique
3088 2640 3304 2678 annona
3326 2625 3390 2676 ad
3422 2627 3488 2676 vi.

1915 2719 2436 2774 ctnm.etmi|itibus
2480 2717 2545 2770 ad
2593 2717 2914 2785 praesidium
2954 2717 3342 2786 suppeditans,
3387 2717 3503 2784 ipSe

1913 2827 2036 2865 cum
2060 2811 2269 2879 reliquo
2282 2810 2548 2872 exercitu,
2569 2807 2931 2861 munitionem
2953 2807 3500 2876 apudChristopolim

1917 2902 2361 2970 trausiens.apud
2385 2901 2666 2969 Philippos
2685 2911 2865 2954 castra
2883 2901 3084 2969 posuit.
3104 2900 3234 2953 Inde
3252 2915 3502 2963 movens,

1916 3001 1970 3049 in
1993 2996 2318 3058 eosineidit,
2339 3008 2479 3062 quos
2495 2996 2648 3062 prius
2674 2991 2739 3045 ad
2777 3001 3236 3060 pmtostratorem
3257 2992 3499 3057 miserat,

1912 3098 1969 3140 et
2013 3087 2181 3140 alium
2206 3087 2499 3154 quemdam
2521 3085 2642 3152 ejus
2666 3084 2954 3143 famulum,
2984 3085 3195 3137 litteras
3219 3082 3286 3136 ab
3307 3082 3499 3134 eodem

225 3172 443 3225 ἐκεῖθεν
489 3174 729 3236 ἀναστάς
778 3175 960 3244 εἴχετο
1013 3176 1159 3238 ὀδοῦ,
1210 3177 1579 3246 συντυγχάνει
1639 3179 1717 3249 τῷ
1747 3196 1807 3233 τε

1919 3179 2232 3241 aﬂ‘erentes,
2282 3178 2335 3230 in
2376 3177 2580 3246 quibus
2616 3187 2758 3240 erat,
2810 3191 2880 3228 ue
2916 3190 3062 3228 nunc
3092 3177 3322 3231 veniret.
3353 3175 3500 3230 αυυιι

227 3263 368 3332 παρ’
415 3264 582 3317 αὑτοῦ
654 3266 792 3336 πρὸς
871 3269 1336 3336 πρωτοπράτορα
1413 3271 1810 3342 ἀπεσταλμὲνῳ

224 3355 522 3425 πρότερον,
546 3359 639 3410 καὶ
664 3359 836 3429 ἑτέρῳ
881 3359 991 3411 τῶν
1020 3360 1231 3442 ἐκείνου
1258 3363 1510 3430 οἰκετῶν,
1549 3366 1599 3418 οἳ
1629 3369 1811 3436 γράμ-

228 3462 384 3514 ματα
415 3447 480 3498 ἐκ
535 3447 1026 3516 πρωτοστράτορος
1088 3451 1373 3519 παρεῖχον,
1424 3451 1460 3504 ἀ
1493 3452 1701 3521 ἐμήνυε
1735 3454 1811 3523 μὴ

224 3538 328 3592 νῦν
358 3539 514 3608 ήκειν
541 3540 672 3608 παρ’
713 3540 877 3592 αὑτὸν
927 3540 1003 3603 ὡς
1037 3541 1447 3612 Θεσσαλονίκην
1477 3545 1540 3597 οὐ
1574 3544 1812 3615 δυνάμεκ

223 3649 325 3684 νον
375 3631 768 3700 παραδιδόναι·
802 3632 941 3685 ἀλλὰ
999 3634 1222 3704 Κρέλην
1251 3636 1523 3708 πρότερον
1561 3640 1656 3691 καὶ
1709 3640 1812 3707 τὴν

227 3721 444 3776 ἐκείνου
499 3722 732 3791 δύναμιν
808 3727 1350 3794 προσείτειιιρίιζεσθαι⁹
1405 3729 1597 3782 ἔπειτα
1655 3731 1811 3801 ἣκειν

227 3818 370 3886 πρὸς
403 3816 584 3869 αὐτόν.
619 3815 841 3870 Βασιλεῖ
871 3818 925 3868 δὲ
952 3819 1116 3881 εὐθὺς
1147 3821 1246 3889 μὲν
1276 3823 1354 3884 ὡς
1401 3823 1462 3874 οὐ
1499 3825 1640 3876 κατὰ
1669 3824 1808 3891 γνὼε

227 3926 346 3978 μην
371 3909 438 3962 τά
473 3911 776 3979 πράγματα
799 3911 1036 3980 ἀπήντα,
1071 3913 1219 3964 δεινὰ
1251 3915 1426 3983 εἰσῄει
1455 3915 1807 3980 ὑποπτεύειν,

222 4001 382 4068 ὅμως
427 4000 483 4052 δὲ
532 4001 853 4066 ἀναγκαίως
903 4018 1093 4068 προσω
1127 4007 1323 4072 χωρεῖν
1355 4005 1538 4075 ἔκρινε
1601 4008 1804 4074 μᾶλλον

221 4091 366 4142 δεῖν.
400 4091 509 4143 Καὶ
542 4093 672 4161 περὶ
699 4093 799 4159 τὴν
835 4093 1066 4162 Δράμαν
1097 4095 1292 4156 ἐλθὼν,
1343 4097 1809 4165 ἐστρατοπέδευσε

224 4180 373 4250 πρός
402 4198 523 4232 τινα
554 4182 749 4251 κώμην
797 4183 1163 4251 Κωδωνιανην
1224 4189 1808 4256 προσαγορευομένην.

226 4274 686 4342 Πρωτοστράῖωρ
737 4275 792 4326 δὲ.
849 4274 943 4326 καὶ
995 4276 1173 4338 ἄλλως
1213 4278 1313 4344 μὲν
1380 4277 1518 4345 πρὸς
1575 4279 1701 4340 τοὺς
1752 4281 1812 4330 ὲν

223 4363 610 4433 Θεσσαλονίκῃ
640 4363 896 4432 Ζηλωτάς
923 4365 1247 4435 ὑπέφριττε,
1288 4367 1384 4418 καὶ
1420 4368 1812 4438 μαλακώτερον

221 4455 440 4525 ἥπτετο
492 4456 603 4508 τῶν
657 4457 1005 4526 πραγμάτων
1061 4457 1364 4528 ἀμφίϐολος
1396 4458 1505 4513 ὢν·
1566 4462 1661 4514 καὶ
1711 4463 1811 4515 οὐκ

222 4549 438 4616 ἐτόλμα
492 4549 749 4618 καθαρῶς
802 4549 938 4618 πρὸς
991 4552 1117 4612 τοὺς
1155 4551 1374 4620 ἀγῶνας
1434 4552 1808 4606 ἀποδύεσθαι·

218 4638 352 4689 τότε
383 4637 440 4688 δὲ
468 4639 701 4704 μάλιστα
735 4642 799 4690 ἐκ
841 4638 1132 4701 Βυζαντίου
1165 4640 1458 4710 πέμπουσα
1500 4641 1811 4713 ἐθορυϐήθη

220 4731 262 4796 ὴ
312 4728 490 4795 γυνὴ,
521 4730 826 4796 φάσκουσα,
878 4729 953 4792 ὡς
1007 4732 1118 4792 τοῖς
1151 4730 1384 4784 ἐνταῦθα
1418 4731 1680 4802 ἄρχουσιν
1733 4735 1818 4786 ὅτι

221 4819 680 4886 Καντακουζηνῷ
713 4819 1017 4889 διαλέγοιτο
1069 4822 1471 4892 πεπυσμένοις,
1527 4824 1809 4878 δεινότατα

220 4909 373 4979 αὐτῇ
407 4926 464 4961 τε
515 4912 606 4963 καὶ
643 4912 801 4963 παισὶ
831 4913 925 4966 καὶ
959 4913 1185 4976 οἰκείοις
1233 4913 1580 4984 ἀπειληθείη,
1629 4917 1678 4967 εἰ
1731 4916 1808 4984 μὴ

1915 3271 2360 3324 Thessalonicam
2415 3267 2704 3334 transdere
2757 3283 2862 3320 non
2917 3277 3102 3335 posset
3144 3281 3158 3321 :
3214 3265 3305 3318 sed
3347 3267 3504 3332 prius

1912 3358 2165 3410 Chrelem
2216 3371 2339 3410 cum
2385 3357 2505 3426 ejus
2551 3355 2727 3424 copiis
2774 3355 2880 3410 sibi
2931 3355 3292 3426 adjnngeret.
3339 3365 3495 3424 atque

1917 3451 1988 3504 ita
2042 3451 2259 3501 «Ιειηιιιηι
2300 3448 2607 3502 adveniret.
2655 3447 2957 3516 Imperator
2985 3446 3248 3516 quoniam
3284 3464 3369 3500 res
3401 3449 3484 3501 ad-

1917 3558 2110 3602 versus
2145 3541 2484 3594 voluntatem
2517 3540 2650 3602 ibat,
2680 3542 2865 3594 statim
2895 3540 3134 3608 graviter
3161 3541 3495 3608 suspicatus,

1915 3634 2279 3687 nihilominus
2337 3633 2566 3686 omnino
2596 3631 3311 3701 procedendumjudicavit.
3335 3631 3502 3684 Cum-

1914 3743 2021 3795 que
2076 3741 2247 3795 prope
2295 3727 2550 3779 Dramam
2609 3732 2778 3785 esset,
2833 3724 2978 3792 apud
3012 3724 3189 3777 vicum
3224 3723 3491 3777 Codonia-

1898 3824 2040 3872 'nam
2086 3819 2419 3888 appellatum
2468 3829 2647 3872 castra
2694 3825 2932 3869 metatus
2981 3825 3087 3870 est.
3123 3816 3498 3869 Protostratoz-

1914 3919 1968 3965 et
2017 3910 2216 3976 alioqui
2279 3917 2503 3978 propter
2549 3909 2802 3967 Zelotas,
2854 3907 2948 3975 qui
2997 3913 3156 3961 erant
3205 3905 3473 3958 Thessalo

1915 4001 2054 4053 nime
2108 4000 2254 4066 (92,),
2309 3999 2564 4052 nonnihil
2599 3999 2896 4058 horrebat,
2939 3997 3293 4064 incertusque
3326 3995 3492 4050 animi

1915 4091 2108 4160 agebat
2157 4090 2470 4158 languidius
2512 4105 2526 4140 :
2581 4105 2680 4142 nee
2722 4088 3072 4155 simpliciter,
3112 4098 3497 4156 utgenerosus

1917 4177 2119 4237 athleta
2169 4184 2221 4236 in
2251 4183 2468 4235 theatro
2507 4190 2713 4234 vestem
2747 4181 2812 4233 ad
2849 4181 3123 4232 luctamen
3152 4194 3353 4232 exuere
3382 4178 3491 4246 (95)

1914 4274 2148 4329 audebat
2195 4289 2210 4324 :
2266 4282 2324 4325 et
2354 4283 2484 4325 tunc
2520 4271 2765 4337 acceptis
2800 4269 2870 4322 ab
2901 4284 3070 4322 uxore
3115 4267 3375 4338 Byzantio
3405 4268 3488 4320 lit-

1916 4367 2069 4430 teris,
2101 4365 2428 4419 turbabatur
2455 4362 2714 4427 maxime,
2749 4361 2802 4414 in
2831 4361 3036 4429 quibus
3055 4371 3178 4414 erat
3200 4359 3489 4428 scriptum,

1919 4457 2191 4528 principes
2233 4453 2459 4517 ibidem,
2502 4451 2648 4522 quod
2685 4452 2971 4505 audissent
3005 4467 3132 4504 eum
3181 4467 3306 4506 cum
3347 4449 3492 4505 Can-

1922 4561 2185 4604 tacuzeno
2240 4560 2418 4616 agere,
2451 4544 2556 4599 sibi
2609 4543 2802 4597 liberis
2845 4558 2909 4596 ac
2943 4543 3262 4597 domesticis
3298 4545 3490 4596 imma-

1920 4643 2010 4696 nia
2065 4641 2440 4701 deuuntiasse,
2474 4635 2582 4690 uisi
2614 4636 2730 4705 ipse
2760 4651 2791 4690 a
2828 4635 2972 4690 malo
3005 4634 3248 4688 facinore
3279 4643 3489 4703 tempe-

1923 4733 2061 4786 rarit
2122 4731 2302 4796 Quare
2345 4727 2542 4782 orabat
2573 4727 2788 4791 mulier,
2823 4733 3048 4779 caveret
3081 4739 3150 4778 ne
3180 4725 3300 4793 ejus
3327 4739 3490 4778 causa

1915 4821 2072 4875 malis
2105 4820 2516 4890 implicareutur
2542 4818 2900 4889 gravissimis.
2927 4815 3054 4870 Ideo
3091 4830 3151 4868 se
3184 4830 3403 4883 quoque
3440 4815 3492 4868 ei

1911 4912 2128 4968 obviam
2188 4927 2294 4964 non
2349 4911 2597 4972 venisse,
2641 4920 2698 4964 et
2741 4907 2957 4964 Chrelis
2990 4907 3310 4961 societatem
3348 4921 3486 4974 prte-

1495 5026 1707 5092 Jacobi
1741 5028 2002 5089 Pontani
2032 5032 2220 5086 notae.

299 5126 605 5207 milesia;
646 5127 994 5207 imperatoris
1035 5142 1400 5207 protestrator
1432 5134 1654 5204 preprie
1679 5150 1804 5207 Anon

221 5199 366 5274 fuit:
393 5197 569 5274 Quare
593 5197 736 5274 is_tu_e
766 5197 1085 5274 vocabulum
1125 5205 1226 5258 hoc
1256 5207 1374 5256 loco
1398 5197 1580 5274 potius
1605 5205 1808 5272 affinem

222 5266 572 5344 reddendum
626 5267 1210 5344 fuit,_Prolostratoris
1265 5266 1415 5328 enini
1471 5278 1590 5344 ejus
1639 5266 1806 5327 filiam

224 5336 451 5390 Manttel
499 5339 706 5392 Asanes
742 5338 908 5394 frater
938 5343 1122 5396 uxoris
1154 5336 1521 5399 Cautacuzeui
1576 5345 1810 5398 habebat

220 5420 484 5459 uxorem.

304 5475 419 5558 (92)
465 5475 528 5558 Hi
576 5478 719 5558 quod
774 5480 1074 5558 Palaeologo
1127 5493 1316 5558 c_ontra
1371 5483 1808 5558 Cantacuzenum

220 5545 539 5624 studerent,
591 5547 667 5602 ita
706 5545 1080 5624 nominantur.
1132 5553 1334 5624 Eorum
1381 5554 1618 5609 facinora
1669 5555 1806 5609 mala

221 5617 504 5696 deittceps.
545 5627 905 5696 exponentur.
940 5621 1123 5696 Genus
1159 5623 1438 5696 hominum
1483 5626 1599 5696 sine
1641 5640 1721 5687 re,
1755 5634 1810 5678 et

219 5683 682 5759 audacissimum,
715 5688 1217 5752 seditiosissimum,
1249 5693 1700 5759 perditissimum.

307 5752 425 5833 (εδ)
475 5754 531 5806 1η
587 5760 976 5833 certaminibus
1019 5752 1316 5832 Olympieis
1379 5765 1597 5833 athletae
1658 5763 1807 5833 prius

224 5822 482 5878 ferebant
524 5825 890 5896 subligacula,
931 5822 1104 5899 quod'
1143 5822 1408 5886 teSIantur
1458 5822 1805 5903 Thucydides

1916 5135 2011 5188 lib.
2048 5150 2136 5197 tu;
2183 5134 2430 5202 August.,
2454 5132 2610 5185 Civil.
2651 5133 2743 5185 hb.
2791 5149 2901 5194 xw,
2951 5147 3072 5200 cap.
3106 5134 3170 5186 i7
3198 5150 3211 5194 ;
3239 5141 3424 5198 postea
3462 5151 3486 5180 εδ

1921 5203 2342 5258 Lacedaemoniis
2395 5203 2701 5257 institutum
2755 5212 2857 5260 est.
2891 5212 2944 5256 ut
2989 5203 3207 5256 nudatis
3259 5203 3490 5268 oleoque

1921 5275 2152 5341 perfusis
2221 5273 2545 5340 corporibus
2621 5273 3004 5331 deceriarent,
3067 5282 3487 5337 nonnnaturqm:

1919 5347 2124 5413 primus
2177 5343 2358 5413 hujus
2392 5343 2470 5395 rei
2505 5353 2714 5413 auctor,
2747 5341 3019 5413 Har-anius
3047 5342 3488 5413 Lacedaeutoiiius

1917 5411 1985 5466 ab
2017 5415 2135 5466 aliis
2171 5411 2471 5466 Neanthus.
2507 5411 2641 5464 Hinc
2669 5413 2780 5480 ipsa
2813 5411 2930 5464 loi-a
2970 5412 3218 5465 ludorum
3261 5426 3452 5478 gymna

1913 5486 2016 5545 sia.
2051 5493 2106 5537 et
2136 5483 2234 5551 ipsi
2269 5483 2377 5536 ludi
2424 5484 2676 5551 appellati
2727 5482 3130 5550 suntgymnici.
3167 5480 3482 5551 Etvcrbnna

1911 5553 2263 5614 ἀποδύεσθαι,
2310 5552 2453 5621 quod
2501 5550 2586 5606 est
2631 5564 2797 5606 vestes
2837 5567 3045 5614 exuere,
3069 5552 3135 5605 ad
3172 5550 3481 5618 llIIjIISIIIOdl

1911 5623 2267 5675 certaminum
2357 5624 2847 5690 praeparationem,
2925 5621 3484 5686 exereitationemth

1909 5692 2372 5745 accommodatur.
2391 5693 2529 5745 Ante
2556 5693 2605 5744 id
2640 5702 2854 5760 tempus
2876 5693 3212 5744 verecundiae
3235 5705 3396 5743 caus:i
3420 5707 3481 5760 se

1912 5762 2118 5814 nudare
2178 5776 2281 5814 nou
2323 5761 2617 5816 audebant.
2674 5759 2940 5815 lloiuerus
2989 5777 3206 5830 quoque
3255 5763 3306 5813 in
3341 5759 3482 5812 ludis

1909 5847 2124 5900 setiiper
2161 5833 2466 5886 succinctos
2508 5833 2701 5888 heroas
2724 5831 2952 5885 inducit.
