4194 6440
731 407 833 463 935
1894 395 2217 458 JOANNIS
2253 392 2789 454 CAN'I‘ACUZENI
3879 387 3986 451 93G

730 514 932 575 Amici,
965 511 1170 581 inquit,
1209 511 1344 564 nihil
1387 513 1484 572 ita,
1511 520 1571 563 ut
1600 507 1894 563 immodica
1935 507 2157 562 vivendi
2204 521 2303 560 cu-

2425 503 2630 566 ιλπίδας
2659 499 3067 569 λαμϐανόντων.
3097 498 3363 560 Βασιλεὺς
3389 497 3444 550 δὲ
3467 495 3542 560 ὡς
3576 495 3638 548 τὸ
3661 495 3986 564 στράτευμα

731 605 882 676 pido,
905 614 958 658 et
982 606 1034 657 in
1063 606 1355 658 amissione
1389 603 1663 656 bonorum
1702 602 1963 656 mollities
2026 601 2302 669 trepidth

2425 595 2554 665 ἑώρα
2582 593 2876 664 συγχυθὲν,
2913 593 3040 656 τοὺς
3076 592 3311 661 μάλιστα
3344 591 3548 651 αἰτίους
3585 589 3684 656 τῆς
3740 589 3991 641 ἀποστα-

733 708 1136 768 angustumque
1160 697 1342 750 reddit
1372 697 1639 750 animum.
1663 695 1826 749 Certe
1855 697 2097 762 majores
2129 695 2305 747 nostri

2425 689 2532 752 πίας
2584 687 3088 756 περιστησάμενος,
3124 686 3374 754 Ἄνδρες,
3424 678 3568 743 εἷπε,
3624 681 3794 750 φίλοι,
3835 681 3991 732 οὐδὲν

737 793 965 845 Romani
995 791 1154 842 aliter
1187 789 1391 852 affecti,
1427 788 1618 842 orbem
1650 787 2046 856 prepemodum
2089 788 2310 838 univer-

2425 780 2553 834 ιῦτω
2580 779 2722 849 πρὸς
2775 777 3071 847 ἀνανδρίαν
3124 779 3219 831 καὶ
3257 774 3626 846 μικροψυχίαν
3670 772 3987 839 ἐπαγωγὸν,

739 899 856 935 sum
905 883 1288 951 subegerunt:
1331 881 1422 950 qui
1475 880 1636 932 illecti
1674 878 1969 932 dulcedine
2015 877 2218 945 gloriae,
2253 887 2309 929 et

2425 873 2484 936 bc
2511 873 2572 925 τὸ
2599 871 2911 940 φιλοψυχεῖν
2947 871 3039 923 κα¹ι
3065 871 3203 939 πρὸς
3233 869 3334 936 τὴν
3372 866 3648 934 ἀποδολὴν
3673 865 3784 916 τῶν
3815 864 3989 916 ὅντων

739 991 804 1026 ne
852 973 1105 1026 hostibus
1148 973 1438 1026 inferiores
1476 971 1820 1032 viderentur,
1859 969 2115 1038 quemvis
2161 967 2311 1020 labo-

2425 965 2835 1027 ααλακίζεσθαι.
2879 963 3137 1031 Ῥωμαῖοι
3193 962 3248 1014 δὲ
3281 964 3328 1014 οί
3364 961 3472 1030 πρὸ
3514 960 3672 1029 ἡμῶν
3721 959 3821 1026 οὐχ
3852 957 3994 1008 οὕτω

740 1043 883 1116 rem"
904 1065 1267 1131 perferebant.
1323 1063 1431 1115 Nec
1493 1065 1670 1116 solum
1711 1062 1965 1116 fortuitos
2004 1074 2167 1128 atque
2209 1059 2309 1112 im-

2425 1057 2766 1126 Ξιακείμενοι,
2830 1057 2928 1126 τὴν
2982 1056 3314 1123 οἰκουμένην
3375 1054 3578 1123 μικροῦ
3645 1052 3758 1103 δεῖν
3807 1052 3992 1101 πᾶσαν

744 1156 992 1223 provisos
1027 1155 1241 1208 labores
1276 1170 1385 1207 non
1427 1153 1827 1217 detrectabant,
1862 1153 1954 1206 sed
1985 1162 2038 1206 et
2079 1152 2309 1216 insigni-

745 1247 847 1300 bus
886 1246 1247 1300 circumventi
1281 1247 1702 1307 calamitatibus,
1735 1255 1785 1298 et
1833 1245 2053 1297 amissis
2085 1243 2135 1295 iu
2169 1243 2311 1296 bello

747 1340 1000 1403 ducibus,
1047 1341 1285 1407 totisque
1323 1339 1615 1407 aliquando
1655 1338 1812 1392 ca-sis
1845 1336 2200 1398 exercitibus,
2234 1336 2318 1388 ni-

748 1431 822 1483 hil
855 1431 920 1483 de
947 1431 1272 1485 fortitudine
1299 1441 1354 1484 ct
1386 1432 1701 1484 citcclsitate
1731 1430 1900 1482 animi
1939 1429 2313 1492 remittebant,

747 1523 932 1572 outnia
973 1521 1148 1589 prius,
1181 1537 1342 1586 quam
1393 1523 1714 1574 servitutem
1757 1520 1859 1573 sibi
1891 1518 2142 1587 patienda
2175 1517 2320 1570 arbi-

751 1619 961 1663 trantes
989 1613 1121 1677 (955).
1155 1611 1320 1664 Vobis
1365 1612 1553 1664 nescio
1583 1610 1713 1678 quid
1761 1609 2043 1671 acciderit,
2075 1618 2168 1662 aut
2197 1625 2318 1677 quae

749 1701 963 1754 fortuna
1011 1711 1118 1754 tam
1148 1702 1373 1755 sinistra
1409 1718 1502 1755 vos
1528 1702 1823 1770 aspexerit,
1861 1703 1952 1769 qui
1988 1717 2115 1755 cum
2157 1712 2316 1754 antea

750 1792 1002 1845 hostibus
1042 1793 1314 1845 terribiles
1359 1793 1622 1858 fuissetis,
1657 1803 1708 1847 et
1737 1794 1886 1859 virga
1924 1793 2101 1847 ferrea
2129 1792 2197 1845 ab
2232 1792 2315 1859 ip-

749 1883 825 1935 sis
852 1882 1272 1934 nomiuaremini
1301 1882 1435 1949 (9(3).
1469 1897 1615 1935 nunc
1646 1881 1846 1941 timidi,
1872 1881 2170 1948 degeneres
2225 1894 2317 1948 pa-

749 1987 983 2041 rumque
1016 1973 1272 2027 liberales
1313 1975 1473 2027 simul
1525 1989 1715 2027 Omnes
1751 1973 2026 2036 evasistis,
2057 1980 2114 2026 et
2148 1971 2320 2025 hosti-

749 2061 854 2115 bus
885 2063 1094 2116 nullum
1125 2064 1190 2116 ad
1221 2077 1318 2116 vos
1348 2064 1719 2118 devincendos
1769 2073 2025 2116 conatum
2052 2061 2321 2116 adhiben-

752 2154 898 2208 tibus
923 2155 1067 2207 ultro
1103 2155 1428 2208 tradidistis.
1461 2155 1572 2209 Nec
1602 2156 1747 2208 enim
1780 2154 2039 2209 conﬂictu
2082 2155 2191 2208 ullo
2221 2167 2321 2207 nos

749 2254 1106 2312 superarunt,
1167 2260 1268 2298 nec
1298 2261 1364 2299 eo
1395 2246 1794 2314 desperationis
1824 2260 1912 2299 res
1943 2253 2142 2298 nostra:
2173 2243 2321 2299 ceci-

751 2334 972 2397 derunt,
1010 2344 1068 2387 ut
1099 2335 1438 2398 dubitemus,
1473 2351 1712 2405 quonam
1743 2335 1960 2389 tandem
1991 2335 2154 2389 modo
2183 2332 2318 2388 salvi

751 2427 946 2489 sitnns,
985 2426 1089 2479 nisi
1126 2441 1225 2480 nos
1250 2427 1390 2479 hosti
1427 2427 1864 2496 permiserimus.
1899 2426 2058 2494 Atqui
2105 2440 2204 2495 ego
2241 2425 2321 2479 sic

752 2515 820 2568 ab
851 2516 1006 2569 initio
1039 2533 1212 2586 usque
1243 2533 1389 2571 nunc
1417 2533 1504 2572 me
1536 2518 1770 2582 institui,
1804 2529 1863 2572 ut
1897 2519 2064 2572 nolim
2097 2534 2194 2572 vos
2223 2534 2323 2571 un-

754 2624 918 2676 quam
966 2611 1261 2663 deserere:
1304 2611 1397 2663 scd
1436 2610 1716 2662 vobiscum
1767 2618 1863 2662 aut
1913 2624 1976 2663 ex
2030 2609 2185 2663 hoste
2225 2610 2322 2662 de-

756 2702 900 2754 victo
941 2711 1150 2770 partam
1191 2701 1406 2756 laudem
1483 2701 1886 2770 utilitatemque
1927 2700 2193 2763 dividere,
2227 2711 2320 2754 aut

754 2794 800 2844 si
833 2795 976 2845 vinci
1010 2793 1324 2862 contigerit,
1361 2793 1504 2861 quod
1529 2793 1780 2861 ingenuis
1810 2803 1863 2846 et
1889 2793 2173 2862 generosis
2204 2793 2323 2862 pui-

757 2883 951 2935 chrum
978 2892 1081 2944 cst,
1113 2884 1166 2935 in
1199 2885 1317 2936 acie
1357 2893 1586 2935 mortem
1613 2883 1958 2935 occumbere.
1986 2881 2042 2935 Si
2073 2897 2202 2950 ergo
2233 2899 2323 2935 ve-

758 2973 891 3026 teris
922 2973 1105 3041 gloriae
1146 2989 1415 3025 memores
1447 2973 1606 3025 malis
1651 2987 1757 3024 non
1807 2972 2024 3032 cedere,
2056 2971 2150 3026 sed
2194 2988 2320 3025 con-

760 3077 839 3118 tra
868 3065 1162 3118 audentius
1195 3065 1294 3127 ire,
1333 3081 1431 3118 nec
1464 3074 1722 3131 tanquam
1755 3064 2024 3131 mancipia
2061 3063 2320 3131 perculsi,

2414 1151 2858 1219 παρεστήσαντοο
2889 1147 3024 1200 ἀλλὰ
3058 1148 3232 1198 πάντα
3261 1146 3418 1198 πόνον
3446 1143 3812 1212 ὑπομένοντες
3853 1139 3995 1205 ὑπὲρ

2417 1241 2726 1312 φιλοτιμίας
2755 1243 2846 1293 καὶ
2875 1240 2969 1292 τοῦ
3009 1239 3084 1308 μὴ
3109 1239 3289 1291 δοκεῖν
3316 1239 3519 1308 ἦσσους
3553 1233 3850 1302 φαίνεσθαι
3884 1231 3994 1283 τῶν

2418 1333 2717 1404 πολεμίων.
2755 1334 2920 1386 Ὅθεν
2961 1332 3023 1385 οὐ
3059 1331 3220 1401 μόνον
3254 1333 3318 1382 ὲκ
3349 1334 3444 1382 τοῦ
3473 1329 3832 1395 συντυχόντος
3862 1327 3998 1376 ἀπε-

2415 1427 2701 1495 δίδρασκον
2728 1423 2854 1484 τοὺς
2889 1425 3110 1488 πόνους,
3139 1422 3270 1475 ἀλλὰ
3317 1422 3410 1474 καὶ
3439 1420 3810 1488 δυσπραγίαις
3853 1415 3998 1484 χρώ-

2419 1533 2570 1585 μενοι
2605 1515 2894 1584 μεγάλαις,
2929 1514 3025 1565 καὶ
3064 1514 3406 1582 στρατηγοὺς
3441 1511 3872 1571 ἀποϐάλλοντες,
3907 1509 4000 1560 καὶ

2419 1604 2756 1674 στρατόπεδα
2785 1603 3053 1670 ὁλόκληρα
3102 1604 3158 1653 έν
3186 1605 3302 1663 τοῖς
3347 1602 3627 1669 πολέμοις,
3660 1600 3816 1652 οὐδὲν
3847 1600 4003 1665 ὑφίε-

2421 1711 2515 1745 σαν
2545 1692 2645 1761 τῆς
2678 1693 2910 1762 τόλμης,
2938 1692 3057 1744 οὐδὲ
3093 1691 3185 1743 τοῦ
3223 1693 3574 1760 φρονήματος
3596 1705 3611 1719 ·
3649 1689 3786 1740 ἀλλά
3821 1688 4003 1739 πάντα

2424 1786 2623 1855 μᾶλλον
2653 1785 2820 1854 ᾤοντο
2849 1786 2960 1836 δεῖν
3007 1786 3272 1852 πρότερον
3324 1784 3643 1850 ὑπομένειν,
3682 1783 3718 1850 ἢ
3771 1777 4002 1830 δουλοῦν

2418 1880 2530 1938 τοῖς
2567 1877 2846 1944 πολεμίοις
2876 1875 3126 1935 ἑαυτούς.
3171 1875 3361 1942 Ὑμεῖς
3405 1874 3461 1926 δὲ
3490 1873 3590 1926 οὐκ
3619 1868 3715 1926 οἷδ’
3743 1872 3771 1923 ὅ
3819 1888 3875 1923 τι
3903 1888 4007 1922 πα·

2421 1968 2627 2030 θᾴντες,
2668 1968 2700 2036 ἢ
2729 1968 2840 2020 τίσι
2864 1967 3200 2036 χρησάμενοι
3235 1970 3355 2028 ταῖς
3387 1968 3597 2034 τύχαις,
3635 1964 3865 2032 φοϐεροὶ
3888 1965 4007 2020 τοῖς

2423 2057 2706 2128 πολεμίοις
2733 2060 2905 2123 ὄντες,
2937 2061 3028 2110 καὶ
3063 2057 3256 2128 ῥάϐδος
3283 2059 3376 2110 ὑπ’
3408 2060 3632 2108 ἐκείνων
3664 2055 3916 2122 κεκλημέ
3933 2071 4002 2104 μοι

2424 2151 2644 2220 σιδηρᾶ,
2697 2151 2864 2204 δειλοὶ
2911 2151 3007 2203 καὶ
3036 2151 3284 2218 ἀγεννεῖς
3339 2151 3432 2203 καὶ
3469 2147 3824 2217 ἀνελεύθεροι
3878 2149 4005 2199 ἀντὶ

2421 2243 2532 2294 τῶν
2565 2242 2848 2312 προτέρων
2879 2241 3100 2310 ὢφθητε
3151 2241 3372 2310 ἀθρόον,
3425 2244 3519 2294 καὶ
3564 2243 3677 2302 τοῖς
3712 2239 4005 2307 πολεμίοις

2423 2336 2640 2396 ἑκόντες
2671 2332 3190 2402 δντεςὲγχειρίζετε
3225 2335 3365 2400 σφᾶς
3401 2333 3619 2396 αύτοῦς,
3657 2332 3872 2400 μηδένα
3903 2332 4006 2383 πό-

2423 2443 2512 2479 νον
2539 2427 2667 2495 περῖ
2723 2427 2784 2477 τὸ
2816 2423 3188 2494 χειρώσασθαι
3220 2426 3363 2493 ὑμᾶς
3399 2423 3831 2491 εἰσενεγκοῦσιν.
3863 2423 4005 2475 Οὒτε

2423 2519 2531 2587 γάρ
2585 2519 2643 2569 ὲν
2682 2517 2831 2586 μάχῃ
2895 2516 3182 2586 ἡττήμεθα
3239 2517 3464 2585 οὐδεμιᾷ
3520 2517 3724 2578 αὐτῶν,
3772 2515 3890 2567 οὒτ’
3924 2516 4010 2576 είς

2421 2606 2679 2659 τοσοῦτον
2703 2609 2832 2675 ἡμῖν
2869 2602 2970 2677 ἧκε
3002 2607 3070 2658 τὰ
3117 2607 3417 2673 πράγματα
3450 2606 3826 2667 ἀνελπιστίας,
3863 2604 4008 2658 ὥστε

2423 2699 2654 2768 ἀπορεῖν
2681 2699 2791 2768 ὅπη
2820 2698 3201 2766 σωθησόμεθα,
3234 2699 3282 2750 εί
3313 2698 3388 2766 μὴ
3419 2700 3560 2765 σφᾶς
3594 2698 3798 2758 αὐτοὺς
3825 2702 4014 2765 ἐγχει-

2427 2791 2651 2860 ρίσομεν
2680 2793 2791 2849 τοῖς
2832 2789 3132 2857 πολεμίοις.
3178 2791 3318 2855 Ἐγὼ
3351 2790 3408 2843 δὲ
3437 2789 3609 2851 οὕτως
3639 2789 3886 2857 ὲξαρχῆς
3913 2792 4014 2840 καὶ

2427 2879 2524 2934 νῦν
2580 2879 2735 2932 οὐδὲν
2786 2875 2948 2950 ἦττον
3002 2882 3241 2933 πέπεικα
3299 2881 3570 2949 ἐμαυτὸν.⁵
3609 2880 3682 2941 ὼς
3743 2881 4012 2932 οὐδέποτε

2426 2971 2810 3039 προησόμενος
2839 2972 3007 3039 ὑμᾶς,
3033 2970 3144 3024 ἀλλ’
3169 2971 3201 3038 ἢ
3235 2971 3331 3023 σὺν
3354 2971 3482 3039 ὑμῖν
3506 2972 4010 3040 παραστησάμενος

2425 3061 2552 3122 τοὺς
2587 3061 2880 3128 πολεμίους
2913 3061 3355 3130 συμμερίσασθαι
3377 3063 3469 3114 καὶ
3490 3061 3590 3130 τὴν
3609 3062 3770 3124 δόξαν
3795 3064 3897 3114 καὶ
3918 3065 4010 3130 τὴν

760 3155 1100 3206 incruentam
1134 3153 1383 3206 hostibus
1415 3154 1697 3206 victoriam
1733 3153 1863 3206 dare
1898 3152 2200 3215 volueritis,
2234 3168 2320 3205 ve-

2426 3154 2505 3219 d)‘;
2517 3154 2692 3206 ἐλειαν
2714 3153 2809 3224 τὴν
2827 3155 2889 3205 έκ
2911 3155 3008 3221 τῆς
3032 3155 3208 3222 νίκης,
3235 3155 3267 3223 ἢ
3292 3157 3596 3222 μαχόμενος
3626 3157 3922 3211 πεσεῖσθαι
3947 3159 4009 3209 ἂν

755 3255 884 3298 time
914 3243 1164 3311 dignitati
1201 3251 1255 3293 ut
1278 3257 1492 3309 :i-quum
1524 3251 1606 3295 est
1633 3241 1958 3294 consuletis.
1993 3240 2089 3294 Sin
2118 3255 2320 3310 cogna-

757 3333 925 3386 tionis
957 3343 1149 3386 vestra:
1191 3334 1471 3385 miseratio
1515 3343 1801 3401 tantopere
1851 3333 2062 3386 animos
2089 3347 2322 3400 occupa-

760 3430 855 3488 vit,
891 3438 950 3480 ut
981 3443 1080 3496 pro
1123 3427 1191 3481 iis
1226 3429 1306 3480 vel
1354 3429 1649 3482 [ωιιίδεὶιιια
1705 3438 1760 3480 et
1809 3430 2179 3496 abjectissima
2212 3430 2319 3496 pati

757 3518 1029 3585 cogitetis,
1072 3517 1206 3570 nihil
1236 3519 1435 3569 attinet
1462 3517 1535 3568 ita
1579 3532 1636 3569 se
1672 3515 1870 3569 dubios
1897 3531 2105 3583 gerere,
2135 3515 2323 3582 alliigi-

760 3626 866 3676 que
897 3624 958 3662 ac
993 3609 1339 3669 tumultuari,
1374 3607 1467 3660 sed
1497 3607 1645 3660 dicto
1675 3608 1816 3670 vale,
1857 3619 2044 3675 aperte
2075 3622 2185 3675 quo
2224 3623 2322 3660 vo-

762 3703 943 3754 luntas
993 3699 1097 3756 fert
1138 3700 1312 3752 abire.
1365 3699 1495 3752 Nam
1540 3709 1598 3752 ttt
1646 3707 2014 3767 repugnantes
2046 3698 2113 3751 ad
2168 3698 2324 3752 nobis

761 3791 1109 3845 serviendum
1162 3791 1325 3861 “3
1382 3807 1488 3843 non
1541 3791 1854 3843 traximus:
1907 3789 1985 3842 sic
2046 3789 2227 3850 modo,
2277 3789 2323 3844 si

761 3893 954 3951 sponte
1004 3899 1224 3935 manere
1278 3899 1384 3934 non
1432 3883 1616 3945 vultis,
1673 3897 1778 3933 non
1849 3897 2129 3950 cogemus.
2183 3881 2322 3946 Quin

761 3976 926 4050 etiam
966 3975 1011 4027 si
1037 3973 1424 4037 discesseritis,
1459 3989 1564 4024 non
1597 3974 1808 4026 minore
1847 3989 1942 4027 vos
1971 3975 2108 4028 bene
2145 3975 2325 4028 volen-

763 4067 835 4117 tia
890 4080 1302 4133 prosequemur,
1357 4065 1824 4133 quandoquidem,
1877 4075 1936 4120 ut
1985 4066 2166 4130 video,
2220 4083 2324 4121 non

765 4160 898 4211 vitio
951 4159 1137 4226 aliquo
1173 4159 1526 4210 transversim
1580 4160 1709 4222 acti,
1745 4160 1840 4212 sed
1891 4162 2324 4214 necessariorum

765 4249 1028 4314 memoria
1089 4248 1631 4315 languefaCti.eti:nn
1671 4265 1791 4316 quae
1854 4251 2160 4306 conducere
2220 4268 2326 4306 non

765 4338 1024 4398 censetis,
1082 4336 1258 4390 facere
1300 4336 1711 4404 compellimini.
1743 4337 1886 4402 llmc,
1915 4349 1973 4391 ut
2023 4340 2114 4393 ille
2169 4342 2327 4407 dixit,

764 4429 867 4495 ipsi
902 4441 1120 4494 quoque
1149 4427 1363 4494 publice
1393 4427 1631 4495 graviter
1664 4437 1838 4482 semet
1875 4431 2214 4495 incusarunt,
2235 4433 2326 4499 qui

2421 3246 2688 3316 ἡττᾶσθαι
2714 3246 3009 3317 συμϐαίνῃ,
3030 3247 3333 3316 ἐλευθέροις
3361 3249 3453 3300 καὶ
3479 3250 3750 3314 γενναίοις
3772 3252 4004 3319 ἀνδράσι

2424 3337 2830 3404 προσηκόντως.
2885 3336 2946 3388 Ei
2983 3335 3080 3405 μὲν
3110 3334 3202 3388 οὖν
3254 3336 3353 3406 τὴν
3411 3339 3686 3406 προτέραν
3743 3339 4008 3394 εθκλειαι.

2422 3425 2822 3493 ἑνθυνιηθέντες
2848 3427 3171 3493 ἀντιστῆναι
3206 3427 3523 3496 ἑθελήσεται
3558 3430 3696 3498 πρὸς
3728 3432 3797 3482 τά
3827 3432 4006 3495 δεινὰ,

2424 3518 2622 3588 καὶμὴ
2668 3520 2726 3570 ἓν
2774 3517 3124 3586 ἀνδραπόδων
3186 3521 3349 3588 μοίρᾳ
3385 3521 3843 3587 καταπλαγέντες
3901 3527 4005 3593 τὴν

2423 3610 2580 3678 νίκην
2637 3611 2899 3679 παρέχειν
2949 3612 3221 3678 ἀναιμωτὶ
3279 3614 3392 3673 τοῖς
3447 3612 3752 3680 πολεμίοις,
3797 3617 4006 3683 ἄριστα

2426 3701 2778 3770 βουλεύσεσθε
2811 3703 2903 3754 καὶ
2933 3703 3282 3770 προσήκοντα
3317 3703 3444 3770 ὑμῖν
3478 3704 3682 3766 αὐτοῖς.
3725 3707 3785 3756 Et
3821 3708 3868 3758 δ’
3900 3710 4012 3775 ἀρα

2423 3792 2676 3844 τοσοῦτον
2716 3793 2952 3860 ἥττησθε
3004 3793 3140 3860 πρὸς
3193 3793 3300 3845 τῶν
3349 3796 3565 3847 οἰκείων
3619 3796 3720 3864 τὴν
3779 3804 4012 3866 συμπα-

2427 3883 2600 3946 θειαν,
2631 3882 2760 3934 ὥσθ’
2813 3884 2951 3952 ὑπὲρ
3009 3884 3234 3935 ἐκείνων
3269 3886 3361 3936 καὶ
3395 3887 3463 3938 τὰ
3516 3890 3864 3954 αἱσχρότατα
3914 3895 4012 3942 καὶ

2425 3976 2797 4041 ἀγεννέστατα
2833 3975 3183 4042 ὑφίστασθαι,
3220 3977 3288 4028 οὐ
3312 3978 3426 4029 δέον
3461 3978 3632 4040 οὕτως
3663 3983 4014 4047 ἀμφιϐόλους

2428 4068 2711 4135 φέρεσθαι,
2767 4069 2858 4120 καὶ
2913 4068 3066 4120 δεινά
3113 4070 3345 4137 πάσχειν
3401 4073 3823 4139 κλονουμένους,
3872 4077 4014 4127 ἀλλὰ

2430 4159 2864 4226 συνταξαμένους
2912 4163 3182 4227 φανερῶς,
3217 4161 3300 4227 ἐφ’
3329 4161 3364 4214 ἀ
3395 4163 3716 4231 προείλεσθε
3774 4170 4008 4236 χωρεῖν.

2429 4248 2565 4301 Οθτε
2607 4249 2715 4318 γὰρ
2741 4249 2971 4310 ἄκοντας
3019 4250 3354 4319 είλκύσαμεν
3387 4253 3518 4319 ἡμῖν
3549 4255 3859 4319 δουλεύειν,
3883 4259 4010 4312 οὔτε

2432 4340 2523 4391 νῦν
2549 4341 2887 4406 κωλύσομεν,
2945 4344 2992 4392 εί
3030 4341 3104 4410 μὴ
3155 4343 3375 4405 ἑκόντες
3417 4343 3564 4406 ὄντες
3623 4349 3879 4414 αἱρεῖσθε
3910 4352 4012 4418 τὴν

2436 4428 2555 4496 μεθ’
2589 4428 2745 4495 ἡμῶν
2783 4428 3084 4496 διατριϐήν.
3127 4430 3285 4482 Ἀλλὰ
3323 4433 3415 4484 καὶ
3447 4436 3584 4501 πρὸς
3610 4437 3883 4503 ἀπόντας,
3915 4443 4020 4509 τὴν

765 4534 877 4587 prae
909 4519 1257 4571 miseratione
1293 4519 1690 4585 proximorum,
1725 4520 1964 4584 timidos,
1997 4536 2060 4574 ae
2089 4522 2320 4590 degene-

2435 4518 2555 4587 ῐσην
2610 4520 2702 4569 καὶ
2751 4519 2946 4587 ὁμοίαν
3009 4521 3152 4589 ὑμᾶς
3181 4521 3586 4592 διατηρήσομεν
3631 4528 3825 4592 φιλίαν
3852 4548 3864 4558 ·
3901 4533 4019 4598 ὁρῶ

766 4621 855 4659 res
880 4621 960 4668 sc,
991 4606 1276 4674 dignitatis
1307 4623 1418 4658 sua:
1457 4606 1638 4668 obliti,
1671 4610 2084 4676 praestitissent.-
2113 4612 2326 4667 Deinde

765 4699 996 4750 salutem
1023 4698 1324 4765 apprecati,
1357 4708 1684 4766 orantesque
1724 4715 1790 4752 ne
1823 4701 2070 4756 tliﬂ'erret
2094 4703 2323 4770 diutius,

764 4789 859 4838 sed
892 4788 992 4838 sibi
1031 4789 1360 4854 provideret,
1420 4804 1753 4856 quocunque
1801 4791 1944 4844 Deus
1974 4791 2122 4844 illum
2167 4793 2329 4846 duce-

771 4889 872 4932 ret.
907 4880 1298 4941 valedicentes,
1334 4890 1388 4932 et
1423 4880 1768 4948 imperatoris
1789 4883 1980 4950 pedem
2016 4885 2328 4936 osculantes

769 4970 1103 5021 recedebant
1141 4985 1154 5020 :
1191 4970 1284 5035 qui
1320 4972 1589 5023 abeuntes
1618 4987 1740 5023 cum
1783 4974 2190 5027 remanenlibus
2229 4977 2330 5029 mi-

767 5059 906 5109 sceri
945 5058 1139 5118 vetuit,
1171 5073 1238 5111 ne
1278 5059 1438 5111 turba
1489 5069 1543 5111 et
1580 5061 1830 5113 conlusio
1862 5063 2172 5122 exsisteret.
2201 5064 2329 5116 dum

769 5151 860 5214 qni
891 5161 1173 5204 tnanerent
1201 5152 1505 5204 nesciretur
1550 5169 1562 5204 :
1599 5152 1694 5204 sed
1726 5153 1792 5204 ad
1840 5155 2122 5207 cohortem
2161 5156 2333 5223 ipsius

769 5243 1035 5309 integram
1093 5243 1299 5308 (nullus
1349 5243 1549 5310 quippe
1609 5243 1857 5297 ordinem
1922 5245 2241 5316 reliquerat)
2280 5257 2336 5302 et

2434 4614 2544 4679 γὰρ
2576 4613 2648 4672 ὼς
2685 4612 2746 4663 οὐ
2780 4612 2868 4664 διά
2906 4613 3129 4677 κακίαν,
3165 4613 3279 4665 ἀλλ’
3314 4615 3418 4666 ὑπὸ
3464 4614 3566 4682 τῆς
3614 4618 3728 4668 τῶν
3785 4623 4019 4673 οἰκείων

2437 4703 2866 4769 μαλακισθέντες
2909 4705 3152 4772 μνήμης,
3185 4707 3276 4756 καὶ
3305 4704 3340 4758 ἃ
3371 4706 3446 4773 μὴ
3490 4707 3668 4758 οἴεσθε
3699 4708 4019 4764 λυσιτελεῖν

2435 4796 2697 4859 πράττειν
2727 4794 3122 4860 ἀναγκάζεσθε.
3158 4796 3392 4848 Τοιαῦτα
3431 4800 3675 4861 εἰπόντος
3708 4802 4016 4869 βασιλέως,

2434 4887 2526 4938 καὶ
2549 4885 2701 4935 αὐτοὶ
2735 4883 2901 4935 πολλὰ
2933 4885 3060 4937 ὲαυτ
3095 4887 3146 4946 ῖς
3191 4887 3692 4954 καταμεμψάμενοι
3746 4897 4018 4962 φανερεῖις

2430 4976 2504 5036 ὡς
2564 4975 2651 5025 διά
2705 4975 2814 5025 τῶν
2871 4976 3086 5026 οἰκείων
3146 4976 3244 5044 τὴν
3299 4980 3639 5043 συμπάθειαν
3679 4980 3883 5043 δειλοῖς
3918 4989 4017 5036 καὶ

2429 5069 2680 5132 ἀγεννέσι
2701 5068 2832 5134 παρ’
2866 5067 3023 5129 ἀξίαν
3054 5070 3416 5136 φαινομένοις.
3448 5071 3680 5123 Ἔπειτα
3705 5076 3807 5124 καὶ
3841 5093 4026 5143 σωτη-

2435 5160 2558 5228 ρίαν
2612 5159 3004 5228 ἐπευξάμενοι,
3039 5163 3133 5214 καῖ
3164 5161 3447 5228 δεηθέντες
3502 5167 3697 5232 μηκέτι
3764 5169 4021 5233 μέλλειν,

2433 5250 2569 5304 ἀλλὰ
2618 5251 2876 5321 πρόνοιάν
2928 5258 3050 5305 τινα
3101 5253 3370 5306 ποιεῖσθαι
3434 5256 3649 5323 ἑαυτοῦ,
3698 5258 3834 5310 ὅποι
3879 5259 4023 5322 Θεὸς

2025 5407 2243 5467 Jacobi
2279 5409 2540 5471 l’ontani
2576 5421 2761 5474 notas.

840 5562 951 5630 (95)
978 5559 1296 5641 .Nusquanr
1321 5563 1422 5641 hoc
1468 5565 1794 5641 lueitlentius
1823 5569 1977 5622 docet
2005 5570 2071 5623 Μ.
2103 5569 2328 5641 Tullius,

767 5649 930 5701 quant
977 5631 1032 5708 in
1077 5630 1408 5708 Philippicis,
1435 5651 1594 5700 quam
1643 5638 1853 5690 scilicet
1884 5641 2117 5692 alienum
2149 5653 2204 5696 et
2236 5630 2324 5708 sit,

766 5715 972 5781 etesse
1005 5703 1199 5780 debeat
1235 5719 1262 5752 a
1296 5703 1554 5781 llomauo
1575 5708 2163 5781 nomine,»servitutem
2193 5703 2325 5781 pati,

773 5772 857 5827 cui
893 5773 1054 5826 etiam
1089 5772 1203 5840 ipsa
1238 5788 1385 5826 mors
1411 5778 1759 5830 autel'erenda
1796 5779 1887 5831 sit.

2512 5576 2640 5657 .(9(i_)
2697 5578 3095 5657 .'_l‘ar_r_tberlanes
3152 5583 3467 5657 Scytharum
3521 5592 3828 5656 imperator
3881 5602 4024 5652 iram

2433 5647 2551 5724 Deli,
2598 5647 2760 5724 Attila
2795 5648 3120 5724 Hunnorum
3153 5647 3241 5706 rei
3291 5655 3555 5724 ﬂagellum
3601 5647 3696 5714 'Dci
3732 5679 3796 5717 se
3842 5647 4026 5719 alio;

2429 5718 2612 5805 nabat,
2795 5733 2918 5788 rege
2945 5721 3281 5805 Assyriorum
3316 5717 3729 5805 pétls‘ipse-per
3760 5717 4020 5805 prcipue;

2433 5797 2538 5839 tam
2575 5787 2787 5851 Isaiam,
2814 5787 2934 5854 cap.
2973 5806 3002 5842 κ
3034 5787 3060 5842 :'
3088 5795 3249 5846 Assur
3276 5798 3420 5852 viraa
3457 5787 3645 5853 furoris
3672 5787 3797 5856 mei.
