4194 6440
210 427 315 500 937

1339 425 1888 490 HISTORIARUM
1928 426 2161 490 LIBER
2203 427 2316 493 Ill.

3342 431 3445 494 938

214 534 422 602 ἡγοῖτο,
447 532 759 606 ἀνεχώρουν
780 575 794 602 ,
835 535 1358 608 προσαγορεύοντες,
1401 535 1496 591 καὶ
1530 535 1778 601 ἀσπαζό-

1880 537 2072 606 procul
2114 546 2348 594 stantem
2391 537 2634 593 mansuri
2685 537 3072 594 concederent.
3127 537 3322 594 Subito
3353 541 3444 594 alii

214 637 371 690 μενοι
394 622 486 676 τὸν
533 622 801 692 βασιλέως
845 625 1016 679 πόδαο
1068 627 1275 690 ἐκείνος
1311 625 1366 680 δὲ
1401 626 1601 696 μηκέτι
1643 630 1780 680 ἀνα-

215 710 510 778 μίγνυσθαι
544 711 761 765 ἐκέλευε
797 715 923 776 τούς
956 715 1223 778 ἀπιόντας
1254 717 1367 776 τοῖς
1408 716 1778 784 ὑπολειπομέ-

210 820 344 866 νοις,
389 805 474 856 ἴνα
521 805 594 875 μὴ
630 806 842 876 ταραχὴ
883 808 977 858 καὶ
1023 807 1281 874 σύγχυσις
1319 802 1376 878 ᾖ,
1406 808 1782 876 ἀγνοουμένων

210 896 320 947 τῶν
366 897 635 962 μενόντων
658 914 673 930 ο
711 899 846 951 ἀλλά
878 899 937 951 τὸ
959 899 1050 953 ὑπ’
1081 901 1243 952 αὐτὸν
1281 902 1470 969 τάγμα
1521 900 1779 970 ἀκέραιον

210 985 496 1054 διαμεῖναν
518 1005 532 1019 '
571 990 744 1053 οὐδεὶς
768 992 876 1061 γάρ
915 990 1096 1043 αὐτῶν
1122 992 1604 1060 ἐλειποτάκτησεν,
1637 987 1782 1044 ἄπω-

214 1076 306 1129 οεν
332 1079 461 1132 στάν
488 1081 624 1150 πρὸς
642 1082 819 1133 ἐκεῖνο
847 1082 975 1144 τοὺς
995 1082 1290 1148 μενοῦντας
1315 1085 1510 1151 χωρεῖν
1538 1098 1551 1110 °
1585 1083 1782 1135 αὐτίκα

209 1185 272 1220 τε
302 1171 352 1220 οί
387 1171 487 1238 μέν
547 1171 786 1241 ἐχώρουν
836 1172 973 1242 πρὸς
1031 1173 1092 1224 τὸ
1130 1173 1352 1241 τάγμα,
1413 1175 1459 1226 oi
1512 1172 1690 1225 λοιποὶ
1726 1173 1783 1225 δὲ

211 1264 503 1330 παριόντες
551 1264 778 1324 ἕκαστος
809 1265 902 1316 καὶ
969 1263 1465 1334 προσαγορεύοντες
1515 1265 1781 1333 βασιλέα,

211 1348 613 1418 ἀπηλλάττοντο
643 1364 658 1379 ⁸
691 1349 764 1402 ὁδ’
813 1349 1002 1419 ὥσπερ
1046 1350 1260 1412 οὐδενός
1292 1368 1438 1414 τινος
1491 1351 1780 1418 γινομένου

211 1437 427 1500 καινοῦ,
485 1439 667 1490 ἵστατο
730 1440 1211 1509 ἀντασπαζόμενος
1275 1441 1402 1504 τούς
1462 1442 1780 1511 παριόντας,

212 1527 334 1579 οὐδὲ
369 1527 510 1595 ῐχνος
541 1527 670 1594 γοῦν
703 1545 754 1580 τι
785 1529 960 1596 λύπης
997 1530 1029 1599 ἢ
1067 1532 1311 1599 ταραχῆς
1346 1522 1552 1599 φαίνων
1597 1533 1655 1583 ἐν
1705 1531 1786 1601 τῷ

215 1615 512 1682 προσώπῳ.
564 1617 901 1682 Ἀπέστησαν
953 1617 1007 1669 δὲ
1038 1616 1135 1686 οὐχ
1180 1621 1227 1669 οί
1270 1620 1335 1670 ἐκ
1386 1617 1785 1686 Θεσσαλονίκης

215 1704 376 1769 μόνον
403 1704 498 1756 καὶ
529 1704 828 1770 Βυζάντιοι,
882 1705 978 1760 καὶ
1004 1706 1154 1759 ἄλλοι
1198 1707 1313 1759 ὅσοι
1346 1707 1555 1760 πόλεων
1582 1709 1785 1774 ἐτέρων

206 1787 351 1862 ἦσαν
404 1796 642 1860 πολῖται,
695 1789 779 1858 οἷς
833 1797 1109 1867 πρόφασις
1164 1798 1448 1867 εὐπρεπὴς
1495 1798 1545 1850 οἱ
1595 1800 1785 1850 οἰκείοι

1880 644 1946 682 co
1978 628 2092 692 ire,
2131 629 2240 683 'alii
2292 629 2566 698 sigillatitn
2613 641 3007 700 prtetcreuntes
3048 640 3104 685 et
3156 632 3449 700 imperato-

1883 735 1997 772 rem
2047 719 2347 773 salutantes
2387 719 2692 778 discedere.
2721 722 2812 789 qui
2861 722 3014 789 quasi
3054 723 3189 775 nihil
3242 723 3445 776 fat-tum

1883 818 2027 862 esset
2077 811 2225 871 novi,
2279 813 2587 866 consistens
2633 814 3143 882 przetergrcdienles
3183 816 3449 868 resaluta-

1884 901 1997 964 bat,
2041 916 2216 970 neque
2248 903 2418 956 ullum
2456 905 2688 958 tristitia:
2728 915 2820 958 aut
2853 906 3056 960 turbati
3093 907 3259 959 animi
3303 908 3451 960 indi-

1884 993 2031 1044 cium
2093 994 2247 1046 vultu
2312 995 2654 1062 pra-ferebat.
2693 997 3021 1048 Defecerunt
3085 1008 3266 1050 autem
3336 995 3444 1050 non

1885 1082 2404 1138 Tbessalonicenses
2448 1086 2646 1147 solum,
2695 1097 2749 1139 et
2799 1087 3064 1157 Byzantii,
3108 1089 3448 1156 aliarumque

1885 1174 2166 1226 civitatum
2195 1174 2361 1237 cives,
2391 1192 2529 1244 quos
2567 1180 3099 1247 consanguineorum
3142 1195 3271 1233 cura
3320 1197 3448 1250 spe-

1885 1267 2033 1320 ciose
2066 1271 2389 1334 excusabat,
2421 1286 2610 1323 verum
2665 1272 2828 1324 etiam
2887 1273 3448 1342 Didymoticbensium

1884 1358 2192 1426 complures
2230 1377 2245 1413 :
2280 1377 2381 1415 nec
2423 1362 2624 1416 milites
2664 1372 2898 1424 tantum,
2932 1364 3024 1417 sed
3065 1364 3276 1418 nobiles
3303 1381 3454 1431 que:

1885 1462 2023 1516 quc,
2088 1451 2180 1518 qui
2251 1451 2595 1519 imperatoris
2654 1452 3041 1506 studiosissimi
3099 1454 3448 1515 videbantur.

1885 1537 2086 1605 quibus
2111 1548 2164 1593 et
2196 1540 2523 1608 Apclmenes
2563 1542 2663 1609 ipsi
2698 1543 2912 1611 egregie
2941 1543 3162 1604 cbarus,
3201 1554 3253 1595 ct
3280 1545 3347 1596 ab
3385 1560 3452 1596 co

1884 1642 1951 1681 ex
1987 1629 2178 1684 humili
2220 1647 2282 1684 ac
2317 1633 2524 1701 vulgari
2565 1642 2708 1686 statu
2747 1634 2814 1687 ad
2847 1650 3114 1688 summam
3148 1637 3449 1689 claritatem

1887 1721 2412 1790 amplitudinemque
2445 1732 2670 1778 evectus
2709 1724 3196 1778 adnumerabatur.
3234 1727 3448 1779 Etenim

1887 1809 2069 1864 adhuc
2123 1811 2593 1867 adolescentulum
2633 1815 3077 1868 animadt'ertens
3132 1829 3325 1871 natura
3383 1819 3449 1870 ad

206 1880 371 1953 ἦσαν,
401 1885 532 1938 ἀλλά
561 1888 652 1938 καὶ
680 1887 788 1938 τῶν
806 1887 1182 1957 Διδυμότειχον
1207 1889 1501 1941 οἰκούντων
1532 1889 1591 1940 οὐ
1619 1905 1782 1957 στρα-

1851 1880 1974 1956 Lres
2014 1906 2308 1971 praeclaras
2348 1905 2630 1969 idoneum,
2666 1915 2721 1962 et
2769 1907 2862 1976 qui
2907 1909 3299 1962 exercitatione
3355 1893 3452 1961 aid-

206 1974 404 2026 τιῶται
441 1977 620 2043 μόνον,
644 1976 777 2029 ἀλλά
823 1977 1049 2030 καὶτῶν
1084 1977 1342 2046 εὐγενῶν,
1397 1979 1493 2031 καὶ
1547 1978 1783 2048 μάλιστα

1880 1989 2090 2059 juncta,
2129 1993 2180 2044 in
2223 1992 2290 2047 iis
2317 2005 2503 2062 posset
2539 1997 2829 2064 excellere,
2861 1998 3062 2068 quibus
3093 2013 3314 2067 operam
3359 1999 3452 2052 da-

209 2064 380 2117 εὔνων
402 2067 702 2120 δοκούντων
740 2067 951 2136 βασιλεί
979 2068 1182 2134 πολλοὶ,
1224 2064 1304 2134 οἷς
1353 2069 1447 2123 καὶ
1483 2070 1783 2140 Ἀπελμενέ

210 2157 604 2227 συνεξητάζετο
635 2161 801 2213 πολλά
824 2159 924 2229 τῆς
954 2160 1221 2230 βασιλέως
1256 2162 1546 2230 εὐμενείας
1579 2162 1780 2215 ἀπολε-

207 2249 446 2312 λαυκὼς,
479 2251 574 2304 καὶ
618 2252 680 2305 ἐκ
723 2251 922 2323 μικροῦ
971 2253 1062 2306 καὶ
1099 2253 1193 2305 τοῦ
1244 2255 1498 2323 τυχόντος
1533 2253 1784 2324 λαμπρὸς

209 2344 272 2399 ἐς
292 2344 359 2395 τά
392 2343 624 2411 μάλιστα
653 2344 1016 2414 γεγενημένος
1047 2346 1140 2398 καὶ
1172 2348 1499 2416 περιφανής.
1535 2347 1653 2398 Ἔτι
1676 2347 1782 2417 γὰρ

211 2435 502 2504 μειράκιον
559 2438 762 2489 ἐκεῖνον
820 2437 952 2490 ὅντα
1005 2438 1147 2508 όρῶν
1198 2439 1226 2491 ό
1279 2437 1538 2506 βασιλεὺς
1569 2438 1784 2506 φύσεως

210 2527 354 2597 πρὸς
384 2529 450 2580 τὰ
493 2529 635 2581 καλά
664 2527 971 2598 ἐπιτηδείου
1029 2531 1391 2600 τετυχηκότα,
1429 2531 1521 2582 καὶ
1550 2531 1786 2600 δυνάμε-

210 2636 328 2684 νον,
355 2619 403 2670 εί
440 2620 670 2691 ἄσκησιν
722 2621 1042 2690 προσλάϐοι,
1075 2623 1300 2691 ἄριστον
1344 2622 1612 2692 παρέχειν
1650 2623 1785 2692 πρὸς

213 2712 287 2764 τὰ
317 2711 742 2783 ἐπιτηδευόμενα
787 2713 998 2778 ἐαυτὸν,
1031 2714 1407 2785 ἐφιλονείκησε
1438 2715 1574 2784 πρὸς
1607 2717 1788 2768 πᾶσαν

215 2801 444 2872 ἄριστον
476 2802 729 2855 παιδείαν
782 2802 1122 2870 ἀποφαίνειν,
1175 2805 1269 2856 καὶ
1302 2807 1437 2874 πρός
1484 2820 1542 2856 τε
1573 2803 1784 2872 λόγους,

216 2896 317 2948 καὶ
345 2895 481 2965 πρὸς
503 2895 600 2956 τὰς
628 2896 915 2964 στρατείας
945 2895 1183 2962 μάλιστα
1216 2896 1485 2966 ἐξήσκησε
1504 2911 1519 2926 ⁸
1551 2899 1791 2967 παρεχό-

219 3003 382 3057 μενος
408 2987 464 3039 δέ
492 2986 586 3038 καὶ
613 2985 710 3057 τὴν
737 2985 865 3056 παρ’
899 2985 1064 3040 αὐτοῦ
1099 2987 1292 3058 ῥοπὴν,
1319 2988 1380 3040 οὐ
1415 2987 1671 3042 πλούσιον
1694 2989 1790 3060 μό-

216 3094 337 3141 νον,
382 3077 519 3130 ἀλλά
559 3078 652 3130 καὶ
687 3077 797 3131 τῶν
826 3077 999 3132 ἀλλων
1028 3077 1256 3130 οίκετῶν
1282 3079 1619 3149 ὑπερέχοντα
1653 3084 1790 3136 ἀπέ-

220 3185 434 3237 φαινεν.
483 3168 541 3222 Ὀ
566 3169 611 3221 δ’
641 3171 698 3221 ἐν
758 3171 870 3232 τοῖς
915 3168 1097 3232 ἀλλοις
1151 3170 1248 3239 μὲν
1305 3170 1510 3224 ἀπασιν
1566 3172 1790 3243 ἀριστον

216 3261 479 3330 παρεῖχεν
501 3261 691 3313 ἐαυτὸν
714 3263 806 3315 καὶ
831 3260 930 3330 τῆς
961 3261 1224 3331 βασιλέως
1264 3263 1414 3329 ἀξιον
1439 3263 1748 3334 φιλοτιμίας
1768 3282 1783 3297 ο

211 3352 418 3422 κόμπῳ
460 3352 518 3405 δὲ
569 3354 915 3422 φρονήματος
976 3352 1229 3407 οὐδέποτε
1288 3355 1388 3424 τῆς
1447 3357 1600 3422 ἀξίας
1658 3359 1790 3410 ἀπο-

212 3445 401 3498 λαύειν
430 3443 566 3514 ᾤετο
589 3485 604 3510 ,
636 3444 752 3497 ἀλλ’
782 3446 920 3497 ὅσων
958 3445 1023 3499 ἂν
1054 3446 1229 3516 τύχοι,
1259 3447 1368 3499 τῶν
1403 3451 1789 3519 προσηκόντων

212 3536 467 3606 ἐνόμιζεν
524 3537 752 3590 ἐλάσσω.
807 3537 966 3590 Ὀοεν
1018 3539 1112 3590 καὶ
1168 3539 1463 3609 ἀχάριστος
1516 3541 1789 3595 ἐδείκνυτο

213 3626 358 3697 πρὸς
380 3628 470 3678 τὸν
506 3626 772 3696 δεσπότην
800 3628 1050 3697 μεγάλων
1090 3628 1366 3694 ἀξιοῦντα.
1409 3631 1563 3683 Ἐπεὶ
1587 3632 1644 3684 δὲ
1697 3634 1790 3686 καὶ
1816 3643 1819 3646 ’

213 3718 282 3782 ἐξ
317 3717 528 3772 ἰδιώτου
579 3719 711 3790 πρὸς
755 3719 978 3790 βασιλέα
1037 3721 1398 3790 μεταϐάλλοι,
1444 3729 1620 3776 πάντα
1647 3720 1787 3777 εἷναι

213 3812 347 3881 παρ’
381 3811 527 3879 αὐτῷ
558 3811 734 3880 ἠξίου,
762 3812 856 3865 καὶ
881 3812 1069 3881 ἄρχειν
1106 3813 1206 3881 τῆς
1248 3816 1529 3884 στρατιᾶς,
1565 3817 1657 3868 καὶ
1683 3817 1790 3868 πᾶ.

213 3918 306 3953 σιν
333 3901 663 3962 ἐπιτάττειν,
696 3902 790 3954 καὶ
824 3902 1035 3971 μείζοσι
1086 3904 1180 3954 καὶ
1215 3904 1518 3958 ἐλάττοσιν.
1560 3897 1661 3959 Ἦν
1713 3907 1786 3976 μὴ

211 3995 525 4064 τυγχάνων,
561 3993 936 4063 ἐδυσχέραινεν
970 3995 1068 4047 οὐκ
1104 3995 1364 4059 ἀνεκτῶς.
1395 3997 1656 4062 Βασιλεὺς
1679 4000 1788 4070 γὰρ

211 4088 330 4146 τοῖς
366 4085 599 4152 μάλιστα
629 4089 965 4156 προσήκουσι
993 4085 1114 4138 καθ’
1152 4081 1312 4155 αἷμα,
1347 4088 1442 4140 καὶ
1475 4088 1581 4140 τῶν
1613 4089 1788 4142 ἀλλων

211 4178 332 4236 τοῖς
354 4175 759 4246 εὐγενεστέροις
778 4176 875 4238 τὰς
905 4177 1158 4240 τοιαύτας
1201 4175 1339 4247 ᾣετο
1369 4178 1545 4248 ἀρχὰς
1575 4183 1786 4250 προσή-

214 4281 362 4320 κειν.
386 4268 523 4340 Τότε,
546 4268 600 4320 δὲ
631 4271 686 4320 ἐν
710 4267 1167 4339 Γυναικοκάστρῳ
1203 4270 1301 4337 τῆς
1325 4271 1658 4330 ἀποστασίας
1679 4272 1788 4325 τῶν

212 4359 396 4414 ἄλλων
419 4359 728 4426 γινομένης,
770 4359 864 4410 καὶ
899 4359 1058 4421 αὐτὸς
1105 4359 1205 4427 μὲν
1238 4359 1506 4429 ἐσκέψατο
1558 4363 1787 4425 ἐκείνοις

212 4457 302 4516 είς
329 4451 620 4517 Βυζάντιον
655 4452 1028 4516 συναπελθείν,
1075 4453 1150 4514 ὡς
1179 4455 1387 4506 ἐκεῖθεν
1420 4447 1496 4508 ὧν
1525 4451 1592 4526 ἧν
1639 4457 1787 4524 ἄξιος

1887 2091 1988 2146 ret,
2021 2099 2144 2137 eum
2205 2085 2260 2138 in
2315 2089 2464 2140 otnni
2520 2089 2817 2158 disciplina
2865 2090 3168 2159 perfectum
3221 2091 3450 2145 reddere

1885 2175 2166 2228 contendit
2190 2214 2205 2238 ,
2245 2186 2303 2230 et
2339 2177 2406 2230 ad
2434 2179 2802 2248 eloquentiam
2835 2193 3116 2253 artemque
3157 2186 3449 2239 militarem

1887 2263 1940 2318 in
1972 2266 2165 2334 primis
2202 2265 2443 2323 excoluit
2479 2288 2491 2323 :
2548 2271 2734 2327 favore
2763 2273 2889 2328 item
2922 2286 2977 2329 et
3010 2277 3182 2346 gratia
3213 2291 3310 2331 sua
3343 2294 3450 2332 non

1888 2364 2097 2409 tantum
2149 2357 2398 2424 divitem,
2431 2359 2526 2414 sed
2558 2362 2704 2416 inter
2731 2364 3012 2419 ministros
3043 2367 3207 2421 etiam
3255 2368 3452 2438 praeci4

1887 2463 2054 2517 puum
2087 2448 2290 2504 eﬂet'it.
2331 2451 2397 2505 Et
2427 2451 2474 2505 is
2519 2455 2742 2522 quidem
2788 2456 2840 2509 in
2876 2458 2998 2511 aliis
3036 2461 3293 2514 omnibus
3341 2463 3455 2514 (ﬁl-

1887 2539 2056 2592 mium
2130 2541 2290 2609 plane
2354 2542 2646 2614 studioque
2707 2549 3050 2617 imperatoris
3109 2550 3331 2619 dignum
3394 2568 3453 2606 se

1888 2631 2203 2699 prwstabat,
2268 2650 2381 2714 prie
2414 2635 2557 2689 fastu
2603 2646 2786 2693 tamen
2839 2655 3118 2710 nunquam
3152 2657 3208 2695 se
3236 2659 3334 2710 pro
3371 2644 3425 2697 di

1887 2724 2090 2792 gnitate
2125 2728 2370 2799 .tractari
2409 2729 2657 2796 putabat,
2689 2732 2782 2786 sed
2831 2749 2952 2802 qua:
2995 2748 3450 2804 consequeretur,

1889 2816 2101 2871 meritis
2134 2818 2250 2872 suis
2297 2819 2565 2875 inferiora
2616 2824 2874 2879 ducebat.
2916 2827 3093 2896 Atque
3129 2828 3201 2882 ita
3255 2830 3306 2883 in
3345 2840 3476 2889 tam_

1889 2905 2207 2961 muniﬁcum
2271 2925 2334 2965 ac
2363 2911 2644 2968 liberalem
2680 2915 2966 2972 dominum
3015 2921 3259 2991 ingratus
3291 2939 3452 2994 appa-

1892 2998 2022 3050 rnit.
2057 2997 2158 3064 Qui
2204 3010 2263 3055 ut
2309 3016 2374 3054 ex
2424 3004 2640 3071 privato
2677 3006 2730 3059 in
2784 3007 3049 3064 familiam
3102 3013 3454 3083 imperatoris

1890 3090 2096 3146 ascitus
2117 3099 2223 3157 est,
2265 3096 2448 3148 omnia
2479 3111 2646 3164 penes
2678 3113 2735 3152 se
2768 3115 2892 3155 esse
2918 3105 3236 3171 postulavit,
3268 3117 3323 3161 et
3350 3109 3453 3162 im-

1793 3191 1861 3277 'C
1895 3195 2089 3277 perare
2120 3184 2415 3248 exercitui,
2448 3193 2504 3239 et
2534 3186 2808 3245 dominari
2856 3195 3156 3264 majoribus
3193 3198 3348 3266 juxta
3391 3217 3457 3255 ac

1895 3268 2226 3342 minoribus.
2257 3271 2500 3339 Quarum
2539 3293 2721 3332 rerum
2751 3296 2874 3335 cum
2908 3283 2982 3336 illi
3011 3288 3166 3355 copia
3207 3304 3313 3342 non
3365 3291 3459 3344 lie-

1893 3372 1998 3425 ret,
2031 3364 2341 3419 mirandum
2372 3368 2426 3420 in
2456 3370 2679 3424 modum
2720 3373 3128 3444 indignabatur.
3159 3380 3457 3449 Imperator

1894 3467 2126 3521 namque
2173 3453 2226 3507 in
2264 3458 2530 3526 sanguine
2558 3461 3060 3531 conjunctissimos,
3089 3478 3144 3522 et
3189 3471 3326 3525 alios
3360 3489 3458 3526 no-

1892 3541 2118 3598 biliores
2149 3545 2528 3612 hujuscemodi
2585 3551 2822 3608 bonorcs
2869 3560 3140 3625 quadrare
3175 3564 3458 3619 existima-

1872 3632 2175 3705 _bat.m
2199 3635 2334 3690 Tum
2370 3654 2502 3716 vero
2531 3642 2654 3696 aliis
2686 3645 2828 3713 apud
2860 3646 3332 3718 Gynaecocastrum
3365 3656 3459 3709 de-

1893 3724 2228 3792 lieientibus.
2266 3729 2381 3799 ipse
2413 3733 2578 3786 etiam
2631 3735 2910 3805 quomodo
2949 3758 3071 3794 euut
3105 3745 3299 3800 iisdem
3357 3750 3460 3819 By-

1890 3817 2129 3870 zantium
2179 3822 2479 3888 profectus,
2514 3826 2626 3881 illic
2685 3845 2784 3898 pro
2815 3831 3078 3900 dignitate
3136 3817 3453 3902 haberetur.

1889 3910 2391 3980 circumspiciebat.
2428 3917 2820 3976 Verumtamen
2856 3927 3122 3982 adversus
3180 3941 3256 3984 tot
3292 3934 3458 3988 benc-

1891 3999 2010 4082 licia
2045 4001 2290 4072 ingratus
2319 4007 2489 4061 videri
2522 4011 2879 4076 erubescens.
2908 4016 3269 4076 defectionem
3299 4040 3452 4078 suam

1890 4089 2168 4145 occultare
2216 4094 2538 4150 conabatur.
2588 4098 2724 4152 Cum
2777 4104 2922 4157 enim
2975 4105 3454 4177 Gynaecocastrum

1888 4182 2165 4248 venisset,
2217 4201 2389 4254 usque
2439 4188 2567 4242 dum
2607 4191 2906 4261 imperator
2941 4199 3226 4255 recederet
3267 4220 3460 4274 exspe-

1889 4274 2104 4335 ctabat,
2137 4285 2197 4330 ut
2225 4277 2451 4333 honesta
2485 4291 2627 4335 esset
2661 4295 2849 4351 postea
2883 4299 3072 4343 contra
3101 4306 3458 4352 accusatores

1891 4364 2162 4433 defensio,
2191 4370 2337 4438 quod
2389 4374 2592 4441 negotii
2637 4377 2921 4444 cujusdam
2974 4382 3146 4450 gratia
3205 4387 3455 4448 relittus.

1891 4456 2222 4526 imperatore
2247 4460 2514 4530 digresso.
2549 4468 2863 4521 necessario
2893 4484 3018 4524 cum
3047 4474 3169 4528 aliis
3208 4478 3455 4535 abiisset.

208 4546 559 4613 τευξόμενος.
597 4545 994 4613 Αἰσχυνόμενος
1034 4545 1091 4597 δέ
1118 4546 1210 4597 ἐπὶ
1242 4546 1518 4608 τοσούτοις
1552 4539 1787 4614 ’ἀγαθοῖς

1851 4547 2064 4617 lCujus
2094 4552 2329 4619 cogitata
2361 4557 2668 4624 conjiciens
2702 4558 3019 4628 imperator.
3051 4565 3176 4620 inde
3220 4584 3326 4623 non
3353 4549 3459 4623 ro-

211 4635 490 4705 ἀγνώμων
537 4635 840 4701 φαίνεσθαι,
875 4636 1126 4688 κλέπτειν
1157 4637 1254 4706 τὴν
1289 4637 1628 4690 ἀποστασίαν
1657 4640 1782 4691 ἐπε-

210 4729 409 4801 χείρει.
439 4727 705 4779 Εἰσελθὼν
739 4728 845 4797 γάρ
875 4728 953 4788 είς
989 4727 1483 4798 Γυναικόκαστρον,
1512 4728 1610 4800 τὴν
1637 4731 1782 4782 ἐκεῖ-

1895 4640 2082 4706 ceSsit,
2113 4642 2208 4695 sed
2260 4660 2384 4698 eum
2435 4648 2748 4712 accersivit,
2800 4649 2975 4706 donec
3016 4656 3305 4714 manifeste
3359 4665 3457 4714 ab-

1898 4730 2041 4783 nuit.

213 4821 313 4871 οεν
345 4817 686 4888 ἀναχώρησιν
721 4817 985 4889 βασιλέως
1023 4820 1367 4888 περιέμενεν,
1403 4821 1860 4903 ἵν”εὐπρὸσωπος
1919 4825 2007 4892 εἴη
2063 4827 2198 4894 πρὸς
2265 4827 2386 4891 τοὺς
2451 4815 2894 4902 κατηγοροῦντας
2943 4840 3167 4910 ὕστερον
3193 4845 3462 4914 ἀπολογία

208 4902 296 4972 ὡς
343 4913 530 4982 χρείας
560 4912 701 4972 τινὸς
741 4912 906 4966 ἓνεκα
935 4912 1278 4981 ὑπολειφθεὶς
1336 4902 1548 4985 ἀνάγκη
1614 4921 1729 4981 τοῖς
1796 4919 1976 4982 ἄλλοις
2030 4921 2353 4975 συναπέλοοι
2409 4924 2673 4993 βασιλέως
2727 4902 3217 5002 ἀναχωρήσαντος·
3273 4932 3332 4988 οὐ
3363 4902 3458 5008 τῆς

207 5006 453 5068 διανοίας
488 5006 890 5075 στοχασάμενος
930 5009 957 5059 ὁ
1023 5006 1296 5077 βασιλεὺς,
1350 5009 1449 5061 οὐκ
1491 5010 1838 5082 ἀνεχώρησεν
1876 5014 2108 5080 ἐκεῖθεν,
2153 5015 2290 5069 ἀλλά
2345 5021 2698 5087 μετεκαλεῖτο
2731 5025 2987 5094 πέμπων,
3014 5026 3168 5098 ἄχρις
3195 5021 3256 5081 οὗ
3296 5006 3458 5099 φανε-

211 5102 332 5175 ρῶς
365 5102 657 5155 ἀπείπατο.

1639 5199 1867 5256 CAPUT
1913 5204 2046 5257 XLI.

210 5285 961 5382 Objurqga‘tuLprgtgstraltor:
994 5291 1343 5382 Andronicus
1392 5297 1596 5382 Acone:
1643 5313 1774 5382 pu‘cr
1821 5299 2334 5382 cicommentlatur.
2404 5301 2821 5382 Magnanimitas
2859 5311 3201 5382 imperatoris
3254 5321 3302 5362 et
3348 5315 3461 5382 rjus

289 5361 482 5417 oratio,
516 5374 620 5425 qua
650 5359 958 5450 (Ξίηίευίιαέε
993 5377 1169 5450 νει-ατη
1204 5367 1587 5450 demonstrata,
1623 5359 1988 5450 patriar-rimis
2021 5366 2345 5437 argumentis
2378 5359 2530 5441 erigit
2562 5378 2765 5429 animos
2798 5359 3464 5450 militth

289 5438 532 5518 04'"?me
557 5429 857 5518 coqﬁrmat.
892 5428 1087 5483 Suadet
1117 5433 1238 5518 item
1269 5437 1352 5502 [ad
1405 5428 1692 5518 principi-iu
1749 5428 2107 5518 Triballoruni
2161 5447 2410 5518 eundum.
2456 5428 2687 5512 indeque

287 5499 569 5590 auxilium.
623 5501 917 5590 Asselittitur
966 5503 1222 5554 exercitus
1270 5499 1413 5557 chm'
1451 5499 1685 5585 ducibus.
1761 5506 1906 5590 Dato.
1958 5511 2117 5590 signa
2147 5499 2436 5590 discedunt.
2487 5499 2824 5590 ᾼρυῖγηιιίιηδ
3153 5499 3314 5590 copias
3378 5541 3461 5576 eos

287 5568 604 5647 insequitur,
666 5568 816 5622 nulla
864 5586 1074 5639 pugna,
1129 5583 1383 5642 propter.
1430 5578 1673 5627 timorem
1752 5568 2028 5631 videlicet:
2077 5579 2346 5643 Quomodo
2411 5568 2685 5638 redeuntes
2746 5568 3086 5656 imperatoris
3157 5568 3461 5663 transfugas

286 5650 544 5704 exceperit
555 5677 568 5690 .

295 5726 453 5778 Ἐπεὶ
493 5726 548 5777 δὲ
596 5727 689 5777 καὶ
732 5730 1174 5799 πρωτοστράτωρ
1215 5726 1317 5802 ἧκε
1366 5732 1788 5803 συνταξόμενος,

1975 5739 2075 5794 Ubi
2126 5751 2308 5796 autem
2361 5754 2413 5798 et
2458 5748 2820 5813 protestrator
2857 5754 3243 5808 'ralcdittnru;
3291 5757 3462 5821 venit,

212 5818 415 5890 πρῶτα
445 5818 543 5887 μὲν
569 5818 809 5881 ὠνείδιζε
838 5821 936 5885 τῆς
966 5825 1254 5892 ἀνανδρίας
1285 5826 1377 5878 καὶ
1407 5825 1501 5898 τῆς
1533 5829 1611 5891 είς
1639 5828 1788 5881 αὐτὸν

1910 5826 2207 5884 imbelliam
2240 5829 2289 5884 ei
2321 5839 2376 5885 et
2411 5834 2691 5903 perﬁdiam
2727 5844 2914 5914 capro:
2942 5847 3104 5908 rarit,
3135 5843 3278 5913 quod
3313 5844 3465 5914 prin-

587 5913 853 5976 i’nnOL.
903 5920 1018 5978 Gn.
1069 5918 1269 5984 CLlll.
2798 5913 2804 5914 ί
3074 5943 3149 6003 30
