4166 6436
205 456 313 515 θίῖθ

1374 445 1914 507 ΠΙΒΤΟΒΙΑΗΗΜ
1954 445 2180 504 LIBER
2227 443 2335 503 lli.

3337 444 3440 506 97')

203 563 425 634 βασιλέα
455 563 546 616 τὸν
576 564 954 635 πρεσϐύτερον
997 561 1338 632 Ἀνδρόνικον
1387 559 1550 620 αὐτὸς
1587 557 1769 626 ἅρχων

1888 570 2043 608 tenus
2107 554 2415 625 Syrgtanne
2464 555 2700 621 parario,
2749 562 2798 606 te
2852 551 3178 605 inhonorum
3218 567 3442 622 prorsus

203 656 530 725 ἀπεδείχθης
553 656 663 708 τῶν
692 656 857 709 ἁλῶν.
891 657 1000 709 Καὶ
1029 654 1192 723 μέχρι
1221 651 1414 705 τούτου
1444 668 1524 702 σοι
1553 655 1619 701 τα
1676 653 1772 717 τῆς

203 746 507 815 ευημερίας
539 745 708 812 ἔστη.
729 743 1112 798 Κινδυνεύοντι
1137 742 1193 794 δὲ
1228 741 1330 812 ήδη
1369 739 1668 792 ἀπολέσθαι
1689 739 1775 790 δια

201 839 314 889 τῶν
348 838 565 906 τρόπων
596 837 693 905 τὴν
740 838 1038 902 σκαιότητα
1088 835 1184 886 καλ.
1242 831 1546 903 μοχθηρίαν
1593 830 1686 882 καὶ
1717 833 1778 880 τὸ

203 930 468 998 χρήματα
506 930 670 998 μυρία
700 928 777 1005 τῷ
807 929 1050 995 δημοσίῳ
1081 927 1286 994 δ’ρλειν,
1326 925 1354 976 ὁ
1383 923 1649 992 ἡμέτερος
1678 923 1778 990 βα·-

207 1020 391 1080 σιλεὺς
425 1021 452 1070 ὀ
483 1017 939 1086 Καντακουζηνὸς
991 1018 1302 1085 Συργιάννη
1349 1013 1634 1082 δεηθέντος
1681 1029 1776 1063 πα-

207 1110 485 1178 ραλαϐὼν,
511 1109 570 1172 ἐξ
601 1109 798 1178 ἀτίμου
825 1110 919 1162 καὶ
951 1105 1464 1176 καταφρονουμένου
1527 1103 1780 1174 περίόλε-

209 1215 346 1251 πτον
378 1202 682 1268 πεποίηκεν
707 1202 807 1251 οὐκ
841 1201 899 1250 ὲν
933 1198 1162 1267 μακρῷ*
1196 1195 1263 1247 δι’
1285 1181 1321 1248 ἀ
1349 1195 1443 1247 καὶ
1481 1193 1595 1246 τῶν
1619 1193 1780 1258 εὐγε-

209 1290 481 1360 νεστέρων
512 1290 611 1342 οὐκ
645 1290 822 1355 ὀλίγοι
872 1288 1104 1358 ήχθοντο
1132 1285 1360 1347 δικαίως
1407 1283 1507 1336 καὶ
1561 1281 1782 1350 ὲδυσχέο

213 1397 396 1448 ραινον
437 1382 518 1432 ὅτι
542 1381 630 1431 τὸν
665 1379 891 1448 μηδενὸς
924 1378 1072 1442 ἀξιον
1114 1378 1367 1445 μεγάλων
1390 1376 1553 1428 τινῶν
1582 1372 1782 1442 ἠξίωσε

211 1476 308 1524 καὶ
333 1472 655 1540 θαυμασίων
678 1487 693 1501 ·
721 1467 796 1523 ὧν
826 1469 924 1539 τὴν
955 1469 1259 1539 ὑπερϐολὴν
1321 1469 1440 1520 οὐδὲ
1480 1468 1642 1527 αὐτὸς
1679 1464 1779 1532 φέ-

213 1581 332 1634 ρειν
360 1563 608 1631 δυνηθεὶς
638 1563 777 1614 κατά
806 1563 900 1614 τοῦ
939 1563 1077 1630 μετά
1107 1562 1241 1612 Θεὸν
1265 1561 1571 1619 πλάσαντος
1594 1561 1686 1611 καὶ
1717 1558 1783 1609 ὲκ

210 1655 449 1721 κοπρίας
504 1653 892 1718 ἀναγαγόντος,
947 1652 1134 1720 ὥσπερ
1179 1654 1206 1702 ὁ
1248 1651 1426 1702 Σατάν
1473 1650 1615 1699 κατά
1647 1647 1782 1700 Θεοῦ

210 1746 450 1811 πόλεμον
490 1747 809 1811 κεκίνηκας,
843 1744 904 1794 τὸ
928 1744 1162 1811 ὑπήκοον
1195 1740 1587 1808 ἐκπολεμώσας
1609 1755 1620 1769 ο
1660 1755 1786 1807 προ-

215 1836 378 1903 φάσει
408 1835 505 1902 μὲν
534 1833 724 1902 ὥσπερ
767 1834 977 1893 ἐκεῖνος
1011 1832 1102 1882 τοῦ
1154 1831 1408 1900 πρόνοιάν
1447 1847 1568 1881 τινα
1602 1829 1782 1880 αὐτῶν

1881 655 1938 700 et
1960 657 2354 716 eontemptum,
2405 645 2554 698 brevi
2611 646 2968 713 conspicuum
3021 643 3444 708 reddidit,.non

1885 740 2074 807 paucis
2113 739 2180 791 de
2213 738 2496 792 nobilitate
2532 736 2584 790 id
2632 737 2973 804 iniquissime
3014 737 3314 790 ferentibus
3345 755 3358 790 :
3391 747 3447 790 et

1878 833 1998 902 jure
2024 832 2264 900 quidem,
2293 831 2437 900 quod
2481 830 2757 882 hominem
2819 831 3021 882 nullius
3056 829 3214 898 pretii
3249 830 3450 898 amplis

1885 925 2214 994 quibusdam
2270 933 2325 977 et
2393 922 2608 976 eximiis
2677 921 3018 973 ornamentis
3075 923 3382 974 cumularet
3430 939 3444 973 :

1883 1032 2116 1085 quorum
2169 1017 2536 1084 praestantiam
2593 1030 2716 1066 eum
2757 1029 2855 1065 nec
2893 1013 3008 1080 ipse
3057 1027 3246 1078 posses
3279 1013 3442 1078 ferre,

1882 1107 2144 1162 adversus
2191 1123 2317 1160 eum
2379 1107 2473 1175 qui
2527 1115 2577 1158 te
2627 1105 2925 1157 secundum
2965 1105 3134 1156 Deum
3179 1106 3446 1170 qumlam-

1885 1199 2046 1251 modo
2091 1188 2266 1259 ﬁnxit,
2319 1206 2372 1250 et
2420 1196 2486 1248 de
2537 1206 2778 1248 stercore
2827 1195 3024 1257 erexit,
3073 1195 3222 1248 velut
3280 1197 3444 1248 Satan

1884 1300 2077 1345 contra
2109 1292 2277 1344 Deum
2302 1306 2448 1343 arma
2478 1289 2720 1350 movisti,
2750 1304 2875 1341 cum
2903 1290 3179 1356 subjectos
3211 1290 3263 1340 in
3293 1289 3444 1342 illum

1892 1383 2254 1444 exacerhasti,
2310 1383 2512 1452 specie,
2570 1381 2727 1448 quasi
2771 1381 2881 1433 illis
2935 1381 3273 1441 consuleres,
3322 1395 3447 1432 cum

1886 1491 2075 1529 revera
2129 1475 2362 1528 salutem
2398 1475 2530 1542 ipsis
2565 1483 2620 1524 et
2675 1472 3102 1526 incolumitatem
3153 1470 3445 1522 invideres.

1886 1569 1950 1622 Et
1983 1583 2129 1620 nunc
2165 1568 2215 1618 in
2251 1566 2540 1634 propatulo
2584 1573 2687 1626 est,
2729 1566 3005 1630 quomodo
3039 1563 3280 1613 humano
3319 1576 3444 1613 sart-

1886 1659 2050 1728 guiuc
2113 1672 2308 1710 omnes
2378 1658 2747 1708 ltmnanorum
2818 1654 3071 1706 civizates
3129 1653 3445 1720 repleveris.

1883 1751 2166 1813 Carceres,
2198 1749 2450 1818 quamvis
2490 1748 2662 1800 multo
2696 1748 2898 1814 plures,
2937 1761 3097 1812 quam
3135 1753 3311 1805 erant,
3353 1744 3452 1796 abs

1889 1854 1940 1896 te
1983 1842 2292 1895 "constructi
2339 1842 2471 1901 sint,
2523 1840 2828 1891 vinctorum
2883 1837 3288 1888 multitudinem
3341 1852 3448 1887 non

122 1956 131 1962 ο
179 1929 507 1990 ,πίοιείσθαμ
535 1930 601 1994 τῇ
653 1927 697 1978 δ’
730 1925 960 1993 ἀληθεία
1013 1922 1224 1992 φθονῶν
1256 1921 1438 1984 αὐτοῖς
1466 1922 1565 1989 τῆς
1599 1936 1775 1989 σωτη-

1892 1941 2134 2000 capiunt.
2194 1931 2417 1999 Rapiure
2484 1939 2539 1984 et
2597 1930 2962 1996 direptiones,
3021 1929 3237 1996 aliaque
3312 1929 3450 1980 ιιιτιΙιι

213 2022 359 2087 ρίαξ.
392 2021 498 2072 Καὶ
527 2019 620 2069 νῦν
651 2017 859 2082 ἔξεστιν
887 2019 1040 2088 ὀρᾷν,
1068 2016 1142 2077 ὡς
1171 2015 1417 2085 αἱμάτων
1448 2014 1546 2084 μὲν
1576 2013 1784 2080 ἀνθρω-

211 2112 387 2163 πίνων
412 2109 714 2174 ἐνέπλησας
750 2109 846 2169 τὰς
879 2110 1063 2169 πόλεις
1092 2109 1291 2172 πάσας,
1315 2105 1622 2172 Ῥωμαίων.
1656 2106 1784 2153 Δεσ·

213 2202 468 2269 μωτήρια
510 2199 586 2260 δὲ,
622 2200 712 2251 καί
763 2216 845 2250 τοι
881 2198 1017 2267 πρὸς
1059 2202 1170 2259 τοῖς
1224 2196 1345 2249 οὖσι
1400 2193 1786 2262 πολλαπλασίω

210 2292 699 2358 κατεσκευασμέναι
759 2291 862 2340 ὑπὸ
907 2288 1023 2348 σοῦ,
1065 2289 1214 2356 ὅμως
1250 2286 1355 2339 ὑπὸ
1409 2285 1648 2354 πλήθους
1680 2285 1785 2336 τῶν

146 2381 155 2389 “
209 2379 504 2448 δεσμωτῶν
537 2376 1023 2444 στενοχωροῦνται.
1066 2373 1342 2443 Ἀρπαγαὶ
1380 2372 1436 2423 δὲ
1470 2374 1563 2424 καὶ
1595 2371 1786 2439 λεηλα-

213 2473 330 2524 σίαι
361 2471 450 2523 καὶ
484 2471 655 2540 μυρία
693 2471 858 2538 ἕτερα
886 2467 1032 2520 δεινά
1063 2467 1334 2536 ὁσημέραι
1368 2467 1424 2517 ἐν
1456 2467 1572 2524 ταῖς
1597 2466 1784 2516 πόλεσι

209 2563 545 2632 τολμῶνται,
580 2564 671 2613 καὶ
701 2561 914 2629 δάκρυα
941 2559 1217 2626 πανταχοῦ
1253 2559 1348 2612 καὶ
1392 2558 1650 2622 κωκυτοὶ,
1692 2558 1787 2609 καὶ

210 2659 241 2709 ὁ
269 2657 582 2724 φειδόμενος
619 2653 740 2704 οὐδὲ
782 2647 882 2714 εἷς.
925 2651 1066 2702 Ἀλλ’
1101 2651 1290 2720 ὥσπερ
1336 2653 1363 2702 ὁ
1395 2651 1633 2712 Σατανᾶς
1676 2651 1788 2711 τοῖς

214 2741 456 2815 μάλιστα
509 2745 626 2812 Θεῷ
681 2743 1190 2811 προσῳκειωμένοις
1253 2743 1345 2792 καὶ
1394 2742 1623 2809 βελτίοσι
1678 2740 1788 2793 τῶν

128 2857 142 2872 ’
212 2841 393 2892 ἄλλων
448 2839 557 2889 δεῖν
613 2836 820 2902 ἔγνωκε
875 2833 1133 2901 πολεμεῖν
1165 2834 1272 2886 τῶν
1317 2833 1492 2886 ἄλλων
1543 2832 1787 2902 ἀμελῶν,

213 2933 362 2983 οὕτω
378 2930 441 2998 δὴ
467 2929 644 2980 καὶσὺ
670 2930 795 2988 τοὺς
819 2925 1070 2994 ἀρίστους
1095 2925 1201 2975 τῶν
1229 2923 1532 2992 ἑκασταχοῦ
1556 2925 1782 2985 πόλεων,

215 3024 316 3076 καὶ
350 3022 680 3088 δυναμένους
714 3019 780 3070 τά
816 3015 1002 3071 δέοντα
1039 3018 1271 3086 συνορᾷν
1305 3017 1661 3086 διαφθείρων,
1696 3019 1791 3068 καὶ

215 3113 583 3166 κατακόπτων
609 3108 1014 3177 ἀπανθρώπως,
1044 3108 1152 3158 τῶν
1207 3107 1414 3160 πολλιῖΝ
1449 3109 1540 3159 καὶ
1574 3107 1788 3171 οὐδενὸς

217 3205 387 3270 ἀξίων
423 3205 614 3256 οὐδένα
643 3203 798 3268 λόγον
854 3203 1005 3270 ποιῇ,
1039 3201 1113 3262 ὼς
1151 3199 1374 3270 ὕστερον
1406 3199 1438 3270 ἢ
1488 3198 1659 3269 δειλίᾳ
1700 3203 1791 3254 καὶ
1815 3241 1857 3300 C

215 3297 443 3366 ἀπειρία
474 3297 540 3364 τῇ
603 3294 736 3361 πρὸς
775 3294 900 3355 τοὺς
935 3292 1202 3358 πολέμους
1239 3289 1535 3359 βαρῦάροις
1595 3307 1775 3358 παρα-

215 3390 426 3452 δώσων,
465 3387 496 3454 ﬁ
530 3385 691 3446 αὐτὸς
734 3386 872 3436 κατά
909 3383 1101 3454 σχολὴν
1143 3383 1450 3453 διαφθερῶν
1473 3398 1485 3412 ·
1519 3383 1607 3432 καὶ
1649 3382 1783 3445 ὅλως

217 3481 408 3547 κοινὴν
446 3477 825 3544 πανωλεθρίαν
879 3476 971 3528 τοῦ
1017 3475 1304 3541 Ῥωμαίων
1359 3474 1546 3540 γένους
1575 3475 1780 3543 διανοῇ,

218 3575 272 3624 εί
320 3572 393 3641 μὴ
423 3571 552 3632 Θεὸς
600 3569 891 3630 κωλύσειε,
922 3568 1020 3638 τὴν
1059 3565 1476 3635 μισανθρωπίαν
1529 3565 1782 3634 βδελυξά-

219 3679 406 3730 μενος.
437 3662 701 3722 Βασιλεὺς
742 3661 797 3712 δὲ
833 3658 1279 3726 Καντακουζηνὺς
1311 3659 1337 3710 ὀ
1385 3659 1657 3726 ἡμέτερος
1690 3660 1785 3710 καὶ

221 3753 313 3814 σὸς
341 3752 628 3820 δεσπότης,
664 3749 766 3802 κᾶν
799 3749 878 3800 ἔτι
936 3747 1103 3799 πλείω
1143 3749 1233 3798 καὶ
1283 3746 1560 3812 δεινότερα
1609 3746 1786 3809 ἀγνω-

224 3845 492 3913 μονήσῃς,
542 3842 728 3910 ὥσπερ
777 3841 886 3892 τῶν
937 3838 1138 3891 δούλων
1179 3839 1226 3890 οἱ
1284 3835 1783 3904 κακοτροπώτατοι,

218 3934 321 4005 τὴν
354 3937 416 3987 ἐκ
450 3935 728 4003 προγόνων
782 3930 1033 3982 εὔκλειαν
1071 3932 1196 3999 ἄχρι
1233 3927 1327 3980 νῦν
1372 3927 1648 3990 διασώζει,
1689 3929 1779 3980 καὶ

217 4027 320 4094 τὴν
350 4027 650 4078 ἐπιείκειαν
674 4026 761 4075 καὶ
783 4024 880 4092 τὴν
915 4025 1224 4093 σεμνότητα
1256 4021 1364 4072 τῶν
1397 4021 1616 4089 τρόπων
1638 4035 1652 4050 ο
1690 4021 1786 4070 καὶ

230 4116 524 4185 Ῥωμαίων
555 4115 886 4179 συμπάντων
922 4113 1126 4183 ἄρχων,
1158 4114 1250 4166 κοιλ⁹
1283 4112 1542 4180 βασιλέως
1577 4111 1656 4162 ἔτι
1690 4127 1785 4162 πε-

223 4211 434 4279 ριόντος
464 4208 614 4260 οὐδὲν
652 4202 814 4277 ἦττον
847 4207 938 4257 καὶ
967 4206 1061 4256 νῦν
1092 4207 1207 4257 ἐστι
1251 4203 1526 4274 βασιλεύς.
1563 4203 1623 4254 ΕΞ
1650 4204 1706 4254 δέ
1732 4220 1786 4254 τι

221 4301 356 4369 περὶ
388 4300 549 4352 αὑτὸν
581 4297 898 4365 συμσέὁηκε
933 4299 1026 4348 καὶ
1051 4295 1328 4364 δυσχερὲς,
1357 4292 1670 4361 θαυμαστὸν
1697 4295 1788 4345 οὑ-

218 4394 331 4446 δέν·
359 4391 528 4444 πολλὰ
548 4393 654 4458 γὰρ
679 4391 706 4440 ὁ
731 4385 1122 4459 παρεληλυθὼς
1143 4386 1362 4439 τοιαῦτα
1381 4387 1568 4455 χρόνος
1591 4386 1790 4454 ἔσχηκε

224 4481 676 4550 παραδείγματα.
724 4479 913 4544 ἰιμεῖς
946 4477 1002 4529 δὲ
1032 4477 1224 4542 ἐκείνῳ
1258 4481 1354 4542 τὴν
1385 4475 1566 4526 πίστιν
1605 4474 1789 4526 ἄδολον

1890 2025 2173 2078 innumera
2205 2023 2453 2091 quotidie
2506 2023 2561 2075 in
2601 2022 2830 2075 urbibus
2871 2020 3082 2072 nefarie
3121 2026 3448 2087 perpetrau-

1889 2125 1998 2170 tur.
2032 2115 2245 2182 Ubique
2279 2115 2548 2181 laet-ymze,
2590 2112 2791 2179 ultique
2836 2111 3090 2177 gemitus.
3135 2121 3188 2160 et
3239 2109 3329 2175 qui
3368 2107 3451 2159 his

1890 2213 2065 2265 vacet,
2097 2200 2280 2254 nullus
2317 2201 2608 2268 reperitur.
2652 2197 2755 2251 Sed
2786 2195 3249 2265 quemadmodum
3297 2184 3452 2247 eaet--

1889 2296 2096 2349 dteuton
2167 2294 2277 2346 Deo
2351 2290 2719 2344 tledilissimos
2769 2288 3236 2354 sanctimoniaqne
3289 2301 3449 2352 supra

1888 2387 2026 2440 alios
2053 2384 2365 2440 eminentes
2413 2382 2518 2434 sibi
2552 2379 2944 2449 oppugnandos
2991 2379 3181 2438 sumit,
3220 2386 3336 2429 eam
3362 2392 3451 2427 ros

1893 2478 2114 2547 negligit
2149 2494 2162 2530 :
2199 2479 2272 2528 ita
2319 2489 2449 2528 sane
2497 2483 2554 2526 ttt
2610 2487 2830 2541 quoque
2888 2485 3227 2539 pereuntes
3289 2470 3454 2520 urbes

1890 2567 2152 2636 optimum
2195 2578 2466 2632 quemque
2504 2571 2560 2616 et
2625 2561 2756 2613 reeti
2801 2560 3192 2626 intelhgentcm
3241 2559 3456 2623 disper-

1891 2658 2049 2718 deus,
2078 2667 2132 2710 et
2169 2655 2541 2708 inhumaniter
2575 2651 2895 2711 concidens,
2931 2651 3098 2718 vulgi,
3142 2657 3199 2701 ut
3247 2649 3369 2701 vilis
3399 2658 3453 2701 et

1892 2750 2110 2820 abjecti,
2152 2748 2419 2800 rationem
2474 2744 2678 2796 nullam
2715 2744 2872 2795 ducis
2907 2759 2921 2794 :
2953 2754 3138 2809 postea
3177 2741 3306 2794 illud
3359 2753 3452 2794 aut

1891 2856 1955 2893 ex
2003 2836 2298 2890 timiditate
2348 2845 2403 2886 et
2452 2832 2724 2902 imperitia
2776 2831 3009 2885 bellandi
3061 2839 3154 2883 tua
3201 2829 3454 2883 Banbaris

1892 2931 2230 2998 objecturus,
2257 2936 2350 2978 aut
2381 2926 2496 2994 ipse
2534 2924 2798 2992 paulatim
2825 2923 3165 2990 perditurus,
3202 2924 3454 2976 omnino-

1892 3036 1996 3090 que
2047 3032 2392 3073 communem
2462 3014 2691 3069 Rotnaui
2748 3013 2963 3083 generis
3021 3014 3450 3069 internecionem

1896 3109 2251 3171 maeltinaris,
2285 3107 2388 3161 nisi
2436 3107 2578 3159 Deus
2612 3103 3064 3173 misanthropiatn
3108 3113 3254 3158 tuam
3299 3107 3453 3159 dcte-

1894 3213 2070 3258 status
2117 3199 2488 3272 prohibuerit.
2543 3199 2848 3268 Imperator
2891 3209 3072 3252 autem
3117 3199 3452 3253 Cantacuze-

1890 3311 2019 3371 nus,
2064 3304 2256 3347 noster
2297 3307 2359 3347 ac
2401 3301 2527 3346 tuus
2575 3290 2849 3354 domitms,
2902 3291 3150 3360 quamvis
3200 3294 3354 3360 plura
3394 3300 3450 3344 tt

1888 3387 2188 3448 deteriora,
2253 3394 2309 3438 ut
2348 3399 2540 3438 servus
2586 3383 3063 3448 sceleratissimus,
3120 3383 3448 3453 dcsignaris,

1887 3489 2164 3548 acceptam
2213 3493 2242 3531 a
2298 3477 2598 3546 majoribus
2649 3477 2764 3529 suis
2807 3476 3031 3544 gloriam
3085 3491 3256 3543 usque
3301 3491 3448 3528 nunc

1885 3593 2006 3630 cum
2040 3575 2302 3628 modestia
2347 3576 2723 3642 gravitateque
2764 3586 2975 3624 morum
3030 3580 3342 3633 conservat,
3392 3582 3448 3623 et

1888 3669 2255 3722 ltoluanorum
2303 3665 2687 3717 universorum
2732 3662 2911 3714 adhuc
2943 3662 3068 3715 vivo
3117 3664 3445 3729 imperatore

1889 3760 2162 3826 princeps,
2206 3756 2380 3810 nihilo
2413 3754 2594 3808 minus
2637 3753 2802 3807 etiam
2836 3766 2982 3805 nunc
3016 3752 3312 3820 imperator
3340 3763 3444 3805 est.

1887 3831 1985 3903 Cui
2031 3851 2074 3903 si
2119 3849 2248 3917 quid
2300 3848 2510 3900 tristius
2557 3846 2777 3910 accidit,
2826 3845 2959 3898 nihil
3003 3860 3238 3906 novum;
3281 3845 3446 3897 umlta

1887 3945 2033 3994 enim
2105 3956 2170 3994 ex
2225 3938 2383 4008 503
2431 3949 2745 4006 antegresso
2817 3948 3059 4004 tempore
3132 3935 3445 4003 huiusmodi

1886 4030 2129 4098 exempla
2185 4029 2538 4096 colliguntur.
2589 4027 2700 4080 Nos
2749 4028 3010 4094 integram
3061 4041 3126 4080 ac
3177 4028 3442 4078 sinceram

1891 4121 2049 4172 [idem
2102 4135 2210 4172 non
2253 4119 2353 4186 ipsi
2399 4119 2573 4171 solum
2628 4118 2854 4179 viventi,
2898 4118 2989 4170 sed
3045 4126 3165 4185 post
3209 4116 3444 4178 obitum,

1890 4212 2020 4265 item
2051 4211 2176 4265 [iliis
2199 4213 2319 4282 ejus
2345 4211 2726 4279 praastabimus
2752 4227 2764 4261 :
2793 4227 2891 4264 nec
2919 4211 3184 4263 bonorum
3218 4211 3442 4279 promis-

1890 4303 1994 4366 sio,
2048 4318 2150 4356 nec
2206 4303 2473 4357 malorum
2522 4303 2768 4367 inllictio,
2821 4318 2922 4356 nec
2959 4303 3105 4355 aliud
3146 4303 3444 4371 quidquam

1892 4397 2136 4449 onmium
2172 4411 2202 4449 a
2255 4395 2360 4449 lide
2392 4403 2448 4449 et
2485 4395 2752 4449 cliatitate
2786 4394 2930 4448 illius
2967 4410 3066 4448 nos
3096 4395 3443 4448 abstraxcrit.

1893 4486 2045 4540 Tuus
2069 4495 2253 4543 autem
2284 4485 2442 4540 labor
2473 4496 2780 4540 revertetur
2816 4487 2868 4540 in
2893 4495 3057 4555 caput
3089 4497 3263 4548 tuum,
3299 4496 3354 4540 et
3395 4488 3452 4541 in

221 4574 537 4643 φυλάξομεν
585 4573 679 4624 καὶ
715 4570 984 4638 καθαρὰν,
1044 4570 1102 4620 οὐ
1165 4569 1324 4636 μόνον
1355 4567 1622 4634 περιόντι,
1653 4567 1786 4619 ἀλλά

1892 4579 2155 4632 verticem
2208 4588 2360 4631 tuum
2415 4577 2677 4645 iniquitas
2727 4587 2815 4631 tua
2876 4577 3194 4631 descendet.
3269 4577 3449 4632 llabes

219 4668 317 4718 καὶ
345 4669 455 4728 τοῖς
495 4665 646 4716 παισὶ
684 4665 821 4730 μετά
849 4661 944 4731 τὴν
973 4659 1248 4728 τελευτὴν,
1287 4660 1380 4710 καὶ
1415 4657 1538 4709 οὒτε
1567 4657 1791 4724 ἀγαθῶν

215 4757 574 4823 ἐπαγγελίαι,
616 4755 740 4807 οὗτε
769 4753 959 4806 δεινῶν
988 4753 1294 4817 ὲπαγωγαὶ,
1333 4747 1446 4801 οὗθ’
1476 4750 1660 4818 ἕτερον
1686 4751 1792 4804 τῶν

214 4849 393 4901 ῦντων
420 4865 477 4898 τι
503 4848 603 4916 τῆς
654 4845 788 4915 πρὸς
823 4845 1030 4895 ἐκεῖνον
1073 4842 1311 4901 πίστεως
1340 4840 1628 4908 δυνήσεται
1659 4842 1795 4894 ἀπο-

223 4943 426 5006 στῆσαι
456 4939 551 4990 καὶ
586 4937 830 5004 ἀγάπης.
871 4935 973 4985 Σοῦ
1019 4933 1075 4984 δι
1113 4930 1476 4998 ἐπιστρέψειό
1513 4931 1669 4992 πόνος
1701 4932 1792 4982 ἐπὶ

214 5033 321 5098 τὴν
347 5030 615 5097 κεφαλὴν,
643 5029 736 5079 καὶ
784 5025 880 5079 ἐπὶ
911 5023 1162 5093 κορυφὴν
1190 5025 1224 5092 ἡ
1256 5021 1443 5074 ἀδικία
1491 5039 1583 5074 σου
1610 5038 1789 5098 ’καταο

215 5127 472 5191 ϐήσεται.
537 5121 648 5190 Τὴν
709 5121 808 5189 μὲν
868 5117 960 5169 οὖν
1001 5115 1300 5181 ἀπολογίαν
1331 5113 1477 5183 ἔχεις
1532 5106 1632 5184 ήδη
1663 5130 1790 5184 παρ’

213 5213 378 5282 ἡμῶν
413 5211 567 5275 ἀξίαν
605 5212 713 5261 τῶν
762 5208 1194 5276 γεγραμμένων.
1239 5206 1379 5267 Τοὺς
1425 5205 1792 5274 κεκομικότας

216 5307 278 5358 Et
309 5307 377 5356 τά
404 5305 716 5372 γράμματα
743 5302 838 5353 νῦν
864 5301 964 5370 μὲν
994 5298 1222 5360 ἀπαθεῖς
1254 5297 1661 5366 ἀπεπέμψαμεν
1695 5313 1793 5350 κα-

213 5398 354 5459 κῶν,
417 5397 544 5458 τοὺς
598 5396 727 5462 περὶ
766 5393 836 5446 τὰ
868 5392 1097 5445 τοιαῦτα
1134 5391 1426 5459 κειμένους
1473 5389 1786 5457 αἰδούμενοι

211 5491 441 5559 νόμους,
480 5487 529 5540 οἳ
564 5487 747 5550 κακῶς
805 5489 982 5538 ποιεῖν
1030 5485 1435 5554 ἀπαγορεύουσι
1487 5483 1610 5546 τοὺς
1649 5485 1788 5552 πρὸς

213 5582 560 5649 ἀπαγγελίας
590 5582 824 5650 ἥκοντας
844 5595 857 5608 °
893 5581 958 5632 ἀν
987 5579 1041 5631 δὲ
1069 5572 1189 5646 μετ’
1213 5577 1410 5638 αὐτοὺς
1440 5577 1617 5646 ἕτεροί
1643 5594 1786 5638 τινες

211 5675 544 5738 ἀφίκωνται,
583 5675 820 5727 ἴστωσαν
855 5673 930 5740 μὴ
969 5673 1098 5724 ἄνευ
1146 5669 1363 5740 πληγῶν
1392 5671 1486 5722 καί
1517 5669 1786 5738 τιμωρίας

211 5771 312 5839 τῆς
345 5769 576 5838 δεούσης
601 5767 1028 5832 ἀπαλλάξοντες.
1058 5766 1294 5821 Τοιαῦτα
1329 5765 1427 5835 μὲν
1457 5768 1504 5817 οἱ
1535 5768 1592 5818 ἐν
1636 5767 1788 5820 Διδυ-

215 5861 456 5934 μοτείχῳ
479 5861 826 5929 ἀντέγραψαν
868 5858 1192 5927 ’Δποκαύχῳ
1235 5857 1311 5928 τῷ
1342 5857 1562 5927 μεγάλῳ
1589 5858 1739 5911 δουκί
1771 5876 1783 5890 ·

574 5956 844 6016 Puncta
883 5955 998 6015 Gn.
1045 5952 1253 6014 CLlIl.

1894 4668 2118 4736 dignum
2181 4667 2279 4722 abs
2330 4677 2383 4720 te
2443 4667 2663 4734 scriptis
2718 4683 3059 4736 responsum.
3118 4667 3454 4724 Tabellarios

1894 4774 2043 4813 nunc
2065 4757 2288 4826 quidem
2317 4758 2550 4811 intactos
2573 4757 2905 4823 dimisimus,
2924 4761 3102 4828 legum
3126 4762 3451 4827 reverentia,

1894 4847 2092 4918 quibus
2123 4848 2232 4902 illis
2263 4857 2512 4902 cavetur.
2564 4847 2620 4901 Si
2669 4849 2762 4903 alii
2793 4850 3236 4918 supervenerint,
3279 4853 3456 4906 sciant

1894 4955 1953 4994 se
2004 4941 2124 4994 sine
2154 4940 2326 5011 plagis
2365 4940 2744 5010 supplicioque
2781 4941 3052 5010 condigno
3091 4941 3239 4995 haud
3273 4944 3456 4997 abitu-

1897 5045 2009 5084 ros.
2041 5030 2166 5085 Haec
2185 5031 2278 5100 qui
2307 5040 2464 5084 erant
2489 5030 2874 5099 Didymotichi,
2911 5031 3238 5099 Apocaucho
3262 5049 3456 5102 Inagno

1893 5120 2019 5173 duci
2073 5119 2503 5190 responderunt;
2563 5121 2766 5190 quibus
2816 5121 2906 5175 ille
2955 5123 3231 5190 perleetis,
3287 5126 3457 5181 multa

1893 5211 2132 5266 minatus
2191 5210 2507 5281 Byzantium
2553 5212 2923 5277 abuavigavit,
2961 5213 3054 5266 ubi
3086 5228 3116 5267 a
3147 5215 3456 5281 patriarcha

1890 5316 1946 5359 et
1993 5290 2295 5373 coniuratis
2335 5318 2460 5357 cum
2505 5303 2798 5371 geminatis
2862 5304 3143 5373 plausibus
3170 5315 3222 5359 et
3251 5323 3458 5375 ιιι-σισυ-

1891 5397 2018 5462 niis,
2071 5405 2130 5448 ut
2178 5395 2272 5464 qui
2328 5396 2590 5462 praeclare
2643 5395 2925 5464 implesset
2981 5397 3138 5451 ducis
3217 5399 3454 5453 ollicium

1888 5489 2443 5555 Cantacuzeuumque
2479 5486 2720 5547 vicisset,
2751 5497 3014 5555 exceptus
3057 5497 3162 5542 est.
3205 5488 3309 5554 Qui
3337 5491 3451 5559 jam

1891 5591 2115 5650 propter
2143 5579 2370 5632 ductum
2421 5578 2725 5631 exercitum
2763 5579 3020 5646 superbia
3065 5580 3334 5650 turgidus,
3369 5598 3457 5637 rc-

1891 5689 2010 5725 rum
2057 5686 2284 5726 summa:
2319 5671 2399 5724 sic
2440 5685 2674 5738 pra-esse
2722 5671 3042 5742 incipiebat,
3093 5682 3148 5725 ut
3185 5676 3452 5728 rationem

1891 5769 2092 5822 nullam
2136 5767 2367 5821 referret
2395 5784 2410 5820 :
2437 5766 2809 5833 simulareque
2863 5768 3098 5833 amplius
3128 5774 3181 5818 et
3223 5768 3450 5841 consul-

1890 5873 2024 5917 tare.
2056 5870 2114 5914 ut
2149 5859 2386 5922 inutilia,
2433 5874 2725 5930 spernens,
2773 5876 2871 5930 pro
2920 5859 3150 5914 libidine
3193 5857 3450 5922 faciebat,

3023 5957 3098 6015 31
