4166 6436
195 399 304 463 973

1340 392 1882 455 IIISTORIARUM
1929 393 2157 453 LlBEll
2205 394 2324 454 Ill.

3354 396 3460 460 97$

193 512 292 563 καὶ
317 510 525 569 πάντας
564 504 701 575 ὁμοῦ
746 507 838 558 καὶ
890 504 996 577 ἰδίᾳ
1027 505 1260 559 ἕκαστον
1290 507 1385 559 καὶ
1424 507 1525 573 τὴν
1556 506 1774 558 σύνεσιν

1881 504 2223 573 eonsdioqne
2257 509 2450 574 possit,
2503 504 2620 573 ipso
2671 504 2835 559 etiam
2890 506 3031 559 facto
3082 506 3460 563 demonstrare

193 604 291 653 καὶ
344 600 439 670 τὴν
503 599 791 652 εὐϐουλίαν
831 598 1248 653 ὲπιδείιὲνυσθαι
1281 600 1479 671 χρεὼν,
1538 599 1632 653 καὶ
1684 598 1776 651 ἐπὶ

190 696 303 743 τοῖς
352 690 483 756 ἐργο
515 730 534 750 ,
590 689 878 755 φαίνεσθαι
931 692 1001 756 ὀμ
1039 688 1148 749 ίους
1178 707 1191 720 ο
1231 689 1305 751 ώς
1364 688 1431 742 ἂν
1484 689 1671 741 όπῶσι
1709 688 1779 739 τὰ

194 786 502 851 πράγματα
550 798 657 833 των
721 783 863 849 όγων
897 782 1128 835 ουδέιων
1174 782 1363 835 ὄντων.
1420 780 1500 833 Τὰ
1550 780 1648 849 μὲν
1686 778 1778 831 οὖν

190 875 332 944 ἔργα
379 878 608 945 υστερον
658 873 1044 942 ὲπιδειξόμεθα
1104 874 1267 943 ἠνίγα
1315 873 1381 927 ἂν
1411 874 1532 946 δέῃ.
1564 873 1703 927 Νυνὶ
1723 873 1779 925 δὲ

190 958 296 1022 ἀνα
314 969 491 1033 (καῖον
516 983 742 1034 γνώμην
775 966 1011 1018 ἕκαστον
1037 960 1331 1039 είσάγεινῇ
1355 968 1459 1036 χρὴ
1494 967 1780 1036 τραπομέ-

189 1078 340 1125 νους,
373 1063 513 1128 σφᾶς
571 1077 631 1113 τε
669 1061 869 1122 αὐτοὺς
919 1063 1013 1113 καὶ
1051 1060 1151 1130 τὴν
1183 1060 1351 1128 ἄλλην
1383 1061 1538 1112 πόλιν
1570 1058 1776 1113 διασώ-

190 1153 309 1218 ζειν
370 1155 444 1206 Οὐ
479 1156 591 1223 γὰρ
636 1156 936 1223 ἡσυχάσειν
989 1152 1173 1220 οίομαι
1231 1152 1774 1221 παρακοιμώμενονη

186 1248 330 1301 ἀλλὰ
356 1248 565 1317 ταχέως
593 1249 725 1317 ἡμῖν
760 1246 1234 1316 ἐπιστρατεύσειν,
1264 1248 1379 1315 είγε
1411 1247 1581 1310 ὅντως
1604 1248 1779 1318 ἀληθῆ

196 1342 266 1394 τὰ
312 1342 443 1410 περὶ
478 1340 745 1409 βασιλέως
797 1340 882 1406 εἴη
943 1340 1232 1408 είρημένα.
1283 1341 1514 1409 Ἀσὰνης
1547 1342 1646 1411 μὲν
1677 1340 1770 1397 οὐν

186 1430 418 1483 τοιαῦτα
452 1428 595 1483 ὲπαύ
639 1444 734 1481 ατο
819 1430 957 1480 ίπων
1010 1428 1424 1497 Κομιτόπουλος
1475 1428 1531 1481 δὲ
1582 1430 1780 1482 αὐτίκα

186 1521 295 1573 ὐπὸ
324 1518 635 1589 προθυμίας
689 1521 786 1573 καὶ
814 1520 915 1588 τῆς
948 1520 1343 1590 περὶ-βασιλέα
1378 1521 1594 1582 εὐνοίας
1629 1538 1781 1588 κινη-

187 1613 306 1675 θεὶς
356 1614 597 1675 ἀναστὰς
634 1611 925 1682 παρελθὼν
973 1615 1053 1676 είς
1113 1615 1335 1681 μέσους,
1373 1614 1397 1666 ε
1436 1612 1521 1680 sic
1553 1615 1729 1666 τοιαδ;
1761 1628 1776 1645 ⁸

186 1706 394 1758 Οὐδένα
457 1706 613 1774 ὐμῶν
648 1707 762 1758 ὅσοι
806 1706 1052 1775 πάρεστε
1086 1706 1184 1758 νῦν
1218 1707 1401 1774 οῖομαι
1435 1710 1672 1773 ἀγνοεῖν,
1704 1724 1778 1768 ως

190 1799 463 1866 βασιλέως
499 1800 577 1851 ἑτι
628 1800 913 1868 περιόντος
945 1798 1039 1851 τοῦ
1077 1799 1375 1867 μακαρίου,
1406 1802 1518 1862 τοῖς
1556 1801 1778 1862 οἰκείοις

188 1891 660 1959 συνεξηταζόμην,
694 1891 787 1944 καὶ
822 1895 931 1955 τοῖς
950 1892 1151 1961 πολλῆς
1171 1892 1304 1960 παρ’
1331 1894 1541 1947 ἐκείνου
1569 1896 1656 1946 καὶ
1681 1894 1779 1963 τῆς

186 1982 481 2047 εὐμενείας
518 1982 853 2034 ἀπολαύουσι
893 1985 986 2035 καὶ
1018 1984 1116 2052 τῆς
1163 1985 1421 2053 προνοίας
1444 2002 1457 2016 ο
1489 1988 1581 2040 καὶ
1614 1989 1778 2051 αὐτὸς

186 2075 247 2125 δὲ
286 2075 440 2125 οὐδὲν
492 2075 779 2140 ἀπέλιπον,
808 2075 869 2127 τό
915 2092 976 2143 γε
1009 2078 1086 2139 είς
1113 2078 1213 2146 ἐμὲ
1248 2072 1402 2147 ἧκον,
1448 2077 1541 2131 τοῦ
1575 2079 1649 2147 μὴ
1680 2080 1778 2147 τὴν

188 2176 583 2229 προσηκουσαν
624 2159 843 2213 εὖνοιαν
895 2162 1203 2230 εὐγνώμονι
1236 2162 1409 2232 δούλῳ
1465 2166 1773 2218 ἐπιδείκνυ⁸

191 2252 340 2303 σθαι.
388 2252 461 2303 Οὐ
512 2251 619 2319 μὴν
653 2250 740 2303 διὰ
772 2252 832 2303 τὸ
868 2253 1075 2304 ἐκεῖνον
1126 2252 1185 2318 ἐξ
1223 2253 1527 2324 ἀνθρώπων
1564 2257 1781 2324 γεγονέο

187 2363 279 2396 ναι
311 2344 428 2395 νυνὶ
462 2343 808 2412 μεταόαλὼν,
846 2348 958 2406 τοῖς
989 2346 1204 2397 ἑκείνου
1240 2349 1400 2398 παισὶ
1447 2347 1557 2401 δεῖν
1601 2350 1776 2417 ἔγνων

188 2439 452 2503 πολεμεῖν
477 2452 490 2465 ·
516 2436 654 2491 ἀλλὰ
696 2438 794 2505 τὴν
823 2435 1015 2506 ὁμοίαν
1045 2436 1273 2507 γνώμην
1311 2439 1405 2491 καὶ
1434 2439 1526 2492 νῦν
1554 2441 1632 2493 ἔτι
1664 2441 1777 2494 δια-

185 2530 368 2600 τηρῶ.
414 2530 588 2598 Ὁρῶν
628 2528 684 2580 δὲ
739 2528 964 2595 βασιλέα
1011 2529 1114 2596 μὲν
1172 2530 1262 2581 τὸν
1322 2531 1777 2602 Καντακουζηνδν

186 2620 382 2670 δίκαια
421 2620 512 2669 καὶ
548 2617 799 2685 λυσιτελῆ
843 2620 955 2669 τοῖς
983 2619 1145 2670 πα·σὶ
1195 2618 1458 2687 βασιλέως
1498 2622 1775 2691 ᾑρημένον

189 2713 484 2779 πράττειν,
529 2711 880 2779 ’Δτ-όκαυχον
910 2710 966 2762 δὴ
998 2711 1087 2763 τὸν
1114 2712 1613 2781 παρακοιμώμενον
1650 2714 1779 2766 πολ-

189 2805 294 2865 λὰς
326 2804 443 2856 κατ’
468 2803 633 2856 αὐτοῦ
663 2803 918 2865 διαϐολὰς
940 2804 1036 2857 καὶ
1058 2805 1425 2873 συκοφαντίας
1450 2821 1776 2861 συνεσκευα-

189 2898 352 2961 κότα,
397 2901 491 2949 καί
534 2894 727 2957 ἄλλους
776 2897 1340 2966 προσεταιρισάμενον
1372 2898 1772 2968 πονηροτέρους

187 2990 517 3057 ἀνθρώπους
550 2988 643 3039 καὶ
670 2986 1052 3056 διεφθορότας,
1082 2988 1179 3041 καὶ
1214 2987 1460 3058 βασιλίδα
1502 2989 1777 3059 εξηπατη-

188 3083 384 3145 κότας,
418 3082 509 3135 καὶ
551 3083 763 3134 τουτον)⁸
805 3081 899 3135 τὸν
945 3080 1175 3145 πόλεμο-
1210 3082 1301 3134 τὸν
1348 3082 1561 3153 μυρίων
1594 3084 1773 3135 αἴτιον

190 3172 389 3225 κακῶν
439 3171 534 3223 νῦν
567 3187 627 3222 τε
660 3169 791 3239 ἄχρι
845 3168 1240 3239 γεγενημένον,
1272 3172 1365 3223 καὶ
1406 3170 1486 3223 ἔτι
1512 3171 1775 3223 πλειόνων

192 3264 460 3331 ἐσόμενον
515 3261 695 3330 πολλῷ
735 3264 1123 3332 κεκινηκότας,
1169 3263 1217 3314 εί
1279 3265 1355 3332 μὴ
1392 3263 1525 3325 Θεὸς
1570 3263 1775 3317 ἄνωθεν

194 3355 555 3416 κατασϐέσει,
601 3353 845 3423 ἐμίσησα
877 3370 935 3405 τε
993 3355 1093 3423 τὴν
1142 3356 1408 3423 πονηρίαν
1451 3350 1651 3419 αὐτῶν,
1686 3355 1777 3407 καὶ

190 3447 411 3516 βασιλεῖ
452 3444 656 3514 μᾶλλον
681 3445 876 3512 ἕκρινα
922 3443 1133 3497 δίκαιον
1160 3446 1471 3515 προσέχειν,
1494 3448 1568 3507 ώς
1591 3447 1778 3501 δίκα.ά

187 3557 255 3592 τε
285 3541 401 3608 ἃμα
456 3541 551 3591 καὶ
602 3536 868 3607 βασιλέως
916 3538 1028 3601 τοῖς
1066 3536 1228 3589 παισὶ
1274 3541 1646 3607 συμφέροντα,
1682 3542 1776 3592 καὶ

186 3633 364 3684 πᾶσιν
408 3629 540 3699 ὁμοῦ
610 3627 902 3698 Ῥωμαίοις
953 3630 1336 3700 διανοουμένῳ.
1404 3632 1539 3683 Νυνὶ
1594 3632 1651 3685 δὲ
1702 3633 1774 3694 ώ,

188 3722 473 3791 ἀκούομεν
506 3720 789 3783 δυσκόλοις
841 3720 1033 3790 τύχαις
1066 3722 1274 3773 ἐκείνου
1302 3724 1655 3793 χρησαμένου
1689 3723 1778 3777 διὰ

187 3815 307 3867 τῶν
363 3814 630 3866 συνόντων
665 3813 764 3882 τὴν
795 3814 1135 3866 ἀποστασίαν
1162 3818 1257 3867 καὶ
1288 3816 1423 3884 πρὸς
1452 3814 1539 3867 τὸν
1572 3816 1775 3885 Τρισα-

189 3907 310 3959 λὼν
348 3906 615 3973 δυνάστην
644 3907 971 3972 ἀφιγμένου,
1005 3906 1065 3958 οὐ
1094 3906 1304 3959 δίκαιον
1338 3908 1485 3976 ἡμᾶς
1535 3923 1776 3961 καταπε-

190 4000 314 4051 σεῖν
338 4037 352 4061 ,
384 3997 503 4049 οὐδε
531 3996 667 4064 πρὸς
697 3997 916 4057 στάσεις
943 3996 1037 4048 καὶ
1089 3998 1352 4066 διαφορὰς
1385 3999 1769 4067 χωρήσαντας,

188 4089 555 4159 ἀνδραπόδων
587 4088 744 4158 δίκην
773 4089 912 4156 σφᾶς
944 4088 1142 4150 αὐτοὺς
1167 4091 1278 4151 τοῖς
1303 4088 1583 4159 πολεμίοις
1608 4107 1775 4143 κατα-

185 4180 528 4252 προδοῦναι·
590 4179 726 4233 ἀλλὰ
784 4183 1301 4251 συμφρονήσαντας,
1343 4180 1539 4249 ὅρκους
1588 4180 1773 4234 δοῦναι

188 4272 432 4342 βασιλίδι
463 4272 559 4325 καὶ
602 4270 879 4341 ἀλλήλοις,
909 4266 946 4341 ἧ
974 4273 1082 4342 μὴν
1117 4271 1322 4341 μηδένα
1357 4273 1493 4341 μήτε
1537 4271 1603 4325 δι’
1637 4274 1776 4341 ἀγα-

174 4362 311 4421 υῶν
340 4362 553 4415 πολλῶν
577 4361 933 4429 ἐπαγγελίαν,
973 4363 1113 4432 μήτε
1142 4362 1211 4415 δι’
1234 4363 1530 4433 ἐπαγωγὴν
1562 4364 1773 4416 πολλῶν

184 4453 409 4514 δεινῶν,
442 4452 474 4522 ἧ
514 4450 749 4522 βασιλίδι
812 4453 906 4504 καὶ
965 4451 1234 4521 παισὶν,ἢ
1267 4452 1518 4522 ἀλλήλοις
1554 4454 1775 4507 ἐπιδου-

1882 609 2096 665 oportet
2122 642 2134 662 ,
2175 604 2341 651 verba
2385 597 2559 662 enim,
2593 598 2639 650 si
2668 597 2805 652 facta
2852 598 3054 659 desint,
3090 597 3223 651 nihil
3258 601 3458 654 Valent.

1882 688 1985 743 Sed
2009 689 2074 742 ad
2102 689 2241 742 facta
2274 699 2483 757 postea,
2512 688 2731 757 quando
2763 704 2898 757 opus
2933 689 3116 754 fuer't,
3150 707 3457 748 veniemus.

1866 778 1939 851 jn
1970 794 2210 848 praesens
2263 780 2463 849 smguli
2524 788 2855 833 sententiam
2906 782 3183 850 explicare
3237 786 3265 836 «Ι
3311 786 3459 847 bent,

1881 867 2011 939 qhid
2033 887 2277 940 agamus.
2312 881 2371 925 ιιι
2400 888 2495 925 nos
2524 871 2672 940 ipsos
2698 873 3075 944 reliquamque
3108 878 3299 929 urbem
3333 894 3433 929 cun

1882 972 2187 1018 setwe‘mus.
2218 966 2435 1019 Etenim
2467 965 2707 1019 cubiculi
2743 967 3062 1035 praafectum
3098 985 3206 1022 non
3242 987 3311 1037 qu
3340 981 3462 1025 elu-

1887 1072 2034 1118 rum,
2073 1057 2231 1127 505
2290 1058 2382 1111 sed
2438 1059 2753 1127 propediem
2812 1061 3085 1114 liotillter
3131 1063 3184 1114 in
3222 1080 3321 1117 nus
3358 1075 3465 1117 ituo

1882 1158 2002 1199 rum
2037 1156 2298 1201 existimo
2329 1163 2342 1200 :
2382 1148 2547 1200 modo
2579 1149 2740 1217 plane
2766 1160 2915 1202 certa
2953 1154 3084 1218 sint,
3114 1169 3235 1221 qua:
3268 1153 3335 1207 de
3364 1155 3463 1206 im-

1882 1252 2135 1307 peratore
2166 1251 2482 1293 narrantur.
2515 1240 2609 1294 llis
2643 1242 2806 1295 dlCllS
2836 1245 3043 1297 Asmes
3073 1244 3465 1300 laruil.Cotnl-

1892 1334 2133 1401 ιοιιυιιιε,
2170 1348 2279 1402 quo
2306 1342 2424 1386 erat
2476 1334 2659 1387 studio
2696 1334 3043 1403 imperatoris
3092 1352 3368 1401 incensus,
3408 1355 3460 1390 Ill

1883 1425 2121 1477 medium
2161 1424 2444 1495 prodiens,
2479 1425 2627 1479 hunc
2661 1427 2713 1479 in
2746 1429 2966 1480 modum
3016 1428 3275 1482 disseruit
3308 1450 3319 1483 :
3354 1430 3433 1484 Ne

1884 1530 2085 1568 nunem
2121 1531 2223 1585 ego
2277 1524 2545 1581 vestrum,
2592 1527 2862 1587 quotquot
2885 1519 3110 1584 adestis,
3155 1520 3342 1589 fugere
3378 1538 3465 1573 ar-

1886 1607 2081 1662 bitror.
2130 1622 2214 1659 me
2248 1608 2594 1673 Imperatoris
2624 1610 2795 1663 beata
2836 1611 3233 1664 recordationis
3265 1612 3463 1665 dome-

1882 1708 2105 1754 sticum.
2131 1705 2186 1749 et
2214 1697 2437 1765 quidem
2459 1697 2669 1751 charun
2732 1700 2762 1751 Il
2796 1739 2809 1763 ,
2837 1709 3221 1770 acceptuniqui
3259 1702 3282 1753 ί
3344 1718 3459 1765 sse;

1883 1804 1984 1841 nec
2046 1788 2278 1842 vicissim
2334 1805 2361 1841 a
2416 1804 2500 1843 nte
2550 1790 2566 1859 (
2614 1799 2879 1859 quantum
2933 1794 3154 1861 quidem
3201 1804 3463 1863 pransum

1814 1860 1850 1914 Β
1886 1881 2060 1950 potui)
2094 1881 2393 1949 qui.lquam
2430 1880 2479 1933 in
2513 1897 2701 1935 amore
2743 1900 2769 1935 a
2802 1860 2973 1952 probo
3006 1860 3266 1953 ﬁdelique
3302 1902 3463 1936 servo

1884 1973 2110 2025 domino
2131 1987 2231 2025 suo
2262 1974 2603 2027 remetiendo
2629 1976 3058 2043 prseteruiissum
3088 1977 3333 2030 memini.
3356 1976 3463 2031 Νιύ

1882 2064 2010 2133 quia
2044 2064 2131 2117 ille
2162 2066 2228 2114 ab
2249 2064 2565 2119 hominibus
2596 2067 2749 2131 abiit,
2785 2084 2883 2131 ego
2914 2068 3054 2123 alius
3092 2071 3289 2133 factus,
3316 2070 3461 2123 illius

1886 2155 2012 2210 (iliis
2048 2156 2250 2209 bellum
2307 2156 2508 2211 infirre
2539 2159 2779 2223 decrevi,
2818 2162 2912 2213 sed
2940 2165 3186 2214 eamdem
3222 2172 3458 2217 mentem

1880 2249 2046 2303 etiam
2080 2264 2227 2302 nunc
2257 2263 2404 2318 gero.
2440 2249 2574 2303 Cum
2612 2260 2796 2305 autem
2831 2254 3284 2316 animadvertant,
3312 2253 3458 2307 Can-

1884 2348 2149 2392 tacuzeno
2200 2343 2543 2407 propositum
2581 2357 2700 2395 esse
2733 2358 2796 2396 ea
2829 2358 2941 2412 per:
2959 2347 3106 2413 equi,
3142 2363 3262 2414 qum
3297 2362 3395 2399 nec
3431 2364 3458 2398 ιι

1878 2431 2094 2500 iustitia
2128 2430 2327 2489 aliena.
2356 2441 2412 2485 et
2444 2432 2552 2485 Illis
2584 2434 2741 2487 ultlia
2800 2437 2929 2501 sint,
2986 2448 3175 2494 contra
3204 2441 3460 2508 Apocau-

1880 2523 2043 2577 ellum
2072 2523 2311 2576 cubiculi
2334 2524 2649 2592 praefectum
2682 2527 2881 2581 multas
2914 2530 2966 2583 iu
2998 2546 3123 2585 eum
3155 2534 3459 2592 calumnias

1880 2608 1934 2667 et
1985 2615 2370 2685 sycophantias
2426 2617 2747 2684 cunsuisse,
2787 2622 3037 2691 aliosque
3092 2626 3339 2695 impuros
3396 2649 3457 2685 ac

1880 2709 2176 2761 scelrratos
2226 2724 2617 2777 assumpsisse,
2672 2712 2843 2780 quiet
2873 2715 3171 2785 Augustam
3218 2721 3459 2775 circum-

1879 2810 2244 2868 scripserunt,
2297 2812 2354 2855 et
2413 2803 2583 2856 hocce
2640 2802 2839 2857 bellum
2893 2806 3273 2876 incenderunt,
3313 2816 3457 2869 uulc

1872 2890 1987 2961 jam
2016 2892 2165 2946 mille
2195 2893 2536 2948 calamitates
2568 2905 2727 2961 nata-,
2759 2907 2814 2951 et
2848 2897 3031 2968 plures
3059 2901 3458 2961 hisnascitunu

1880 2997 2031 3050 sunt,
2061 2988 2164 3040 nisi
2202 2985 2341 3041 Deus
2378 3004 2430 3041 in
2479 2988 2619 3043 caelo
2655 2990 2705 3042 id
2738 2993 3059 3046 restinxerit
3083 3035 3096 3059 ,
3126 3011 3317 3051 eorum
3354 3000 3459 3052 iiii-

1880 3080 2205 3149 probitatem
2256 3088 2605 3145 exsecratus,
2665 3080 3111 3139 Cantacuzenum
3162 3090 3345 3157 potius
3402 3102 3457 3145 et

1859 3188 2058 3225 ‘Virum
2114 3180 2344 3239 justum,
2381 3182 2434 3226 et
2466 3172 2712 3226 defuncti
2751 3176 3100 3244 imperatoris
3136 3180 3326 3238 liberis
3354 3184 3459 3242 llo-

1882 3264 2169 3334 manisque
2202 3266 2481 3319 universis
2504 3268 2889 3322 consulentem
2945 3273 3079 3325 mihi
3112 3280 3456 3345 sequendum

1879 3372 2093 3410 censui.
2126 3354 2298 3421 Quen.
2338 3371 2462 3410 cum
2513 3359 2675 3409 modo
2707 3357 2759 3409 in
2796 3360 2995 3414 misera
3026 3371 3080 3417 et
3109 3367 3306 3423 acerba
3348 3369 3459 3422 [υτ-

1883 3460 2011 3503 tuna
2044 3464 2140 3502 sua
2180 3450 2392 3516 (utpote
2425 3463 2453 3501 a
2493 3450 2608 3503 suis
2643 3452 2945 3519 proditum)
2987 3453 3052 3506 ad
3089 3455 3456 3513 Triballormn

1879 3543 2184 3611 principem
2238 3539 2544 3609 profectum
2576 3542 2885 3606 audiamus.
2946 3546 3091 3601 haud
3126 3564 3340 3620 aequum
3376 3569 3460 3607 est

1880 3650 1980 3688 nos
2014 3633 2318 3697 labascere,
2351 3641 2406 3687 et
2439 3634 2504 3686 ad
2547 3635 2848 3690 seditiones
2872 3646 3036 3707 atque
3067 3640 3291 3695 dissidia
3327 3660 3461 3699 enn-

1878 3740 2069 3780 versos
2132 3740 2229 3795 pro
2299 3724 2587 3795 mancipiis
2643 3738 2858 3783 nosmet
2918 3729 3173 3788 hostibus
3226 3738 3461 3803 turpiter

1878 3820 2097 3878 dedere.
2137 3818 2232 3872 sed
2256 3817 2455 3873 animis
2478 3820 2887 3876 consentientes
2912 3823 3242 3893 imperatrlci
3289 3828 3356 3882 lri
3376 3845 3459 3885 me

1878 3922 1941 3961 ac
1968 3906 2128 3960 nobis
2167 3915 2362 3959 mutuo
2419 3921 2764 3963 sacramenta
2822 3911 3031 3978 dicere,
3085 3915 3298 3969 nullum
3358 3935 3459 3971 no-

1876 4009 2052 4053 strum
2080 4014 2261 4065 neque
2296 4000 2565 4053 bonorum
2604 4002 2900 4057 multorum
2954 4007 3348 4074 pollicitatione
3396 4012 3459 4065 il-

1876 4088 2102 4153 lectum,
2130 4103 2309 4158 neque
2335 4090 2633 4144 multorum
2665 4093 2933 4148 malorum
2972 4096 3284 4155 invectione
3309 4118 3459 4157 com-

1877 4182 2117 4249 pulsum,
2152 4181 2227 4235 illi
2259 4183 2487 4252 ejusque
2518 4183 2735 4242 liberis.
2762 4198 2857 4241 aut
2888 4189 3033 4242 inter
3078 4207 3178 4247 nos
3232 4194 3456 4250 insidia-

1877 4285 2070 4329 turos:
2108 4273 2204 4330 sed
2238 4276 2386 4330 omni
2422 4277 2635 4331 ratione
2668 4286 2722 4332 et
2780 4295 2885 4333 una
2928 4294 3111 4338 mente
3150 4286 3203 4339 in
3242 4289 3452 4342 hostem

1876 4377 2237 4436 pugnaturos,
2278 4366 2552 4436 ﬁdemque
2601 4384 2916 4438 germanam
2948 4388 3011 4426 ac
3042 4390 3231 4442 puram
3284 4394 3457 4447 ιιιψμ.

1880 4460 2046 4512 ratori
2084 4469 2421 4515 servaturos.
2459 4460 2599 4526 Quin
2633 4462 2797 4515 etiam
2832 4475 3011 4518 certos
3064 4465 3320 4522 homines
3364 4486 3455 4523 ce-

185 4546 443 4598 λεύσειν’
478 4543 595 4597 ἀλλ’
620 4542 925 4611 ἀμύνεσθαι
971 4544 1157 4612 τρόπῳ
1219 4544 1382 4594 παντὶ
1441 4544 1566 4604 τούς
1619 4544 1771 4595 πολε.

1878 4548 2065 4604 leriter
2087 4548 2153 4603 ad
2185 4565 2311 4603 eum
2348 4551 2642 4605 mittendos
2692 4552 2905 4619 judico,
2944 4557 3034 4623 qui
3066 4556 3299 4612 doceant
3352 4576 3451 4614 nos

191 4642 360 4710 μίους
394 4638 524 4706 μίαν
552 4635 780 4706 γνώμην
810 4636 1057 4704 ἔχοντας,
1087 4638 1183 4687 καὶ
1224 4637 1322 4703 τὴν
1357 4635 1536 4688 πίστιν
1583 4636 1772 4689 ἄδολον

185 4735 292 4785 καὶ
332 4732 579 4799 καθαρὰν
610 4730 899 4798 φυλάττειν
931 4728 1162 4797 βασιλεῖ,
1201 4729 1439 4796 πέμπειν
1465 4728 1519 4779 δὲ
1552 4730 1646 4781 καὶ
1677 4730 1773 4798 τὴν

184 4823 463 4893 ταχίστην
519 4822 657 4893 πρὸς
697 4824 906 4874 ἐκεῖνον
956 4819 1124 4887 ἄνδρα
1161 4858 1176 4883 ,
1235 4821 1286 4872 οἳ
1342 4819 1663 4882 διδάξουσιν,
1698 4821 1773 4883 ώς

187 4918 360 4986 ἡμεῖς
393 4916 535 4985 ὑπὲρ
563 4916 774 4968 ἐκείνου
798 4916 892 4965 καὶ
919 4914 1191 4980 φιλτάτων
1228 4915 1321 4966 καὶ
1358 4916 1456 4981 της
1487 4914 1767 4977 γυναικος,

191 5011 380 5063 πάντα
406 5012 502 5062 καὶ
528 5023 796 5077 πραττειν
824 5007 920 5059 καὶ
957 5006 1253 5076 ὑπομένειν
1288 5006 1613 5075 ἐγνώκαμεν
1645 5005 1770 5075 ἄχρι

189 5102 433 5164 παντός·
476 5102 539 5153 ῖντ
593 5101 755 5161 αυτό,
801 5117 860 5152 τε
916 5101 1099 5170 ἥδοιτο
1154 5098 1379 5153 τοιαῦτα
1426 5100 1556 5169 περὶ
1618 5099 1772 5167 ἡμῶν

185 5198 435 5257 ἁκουων,
476 5196 568 5247 καὶ
598 5196 731 5263 ἡμῖν
765 5192 966 5261 πολλὴν
991 5193 1154 5262 εἰδείη
1193 5209 1351 5262 χαριν
1382 5194 1478 5259 τῆς
1509 5195 1587 5253 εἰς
1610 5192 1773 5244 αὐτὸν

186 5289 435 5348 εὐνοίας.
472 5286 609 5337 Οὐδὲ
642 5284 752 5353 γὰρ
784 5285 989 5354 μικράν
1026 5301 1150 5335 τινα
1179 5285 1385 5336 οιεσθαι
1419 5285 1625 5334 ἐκεῖνον
1676 5284 1795 5351 τὴν,

184 5383 330 5449 περὶ
352 5379 507 5447 ἡμῶν
531 5379 787 5447 φροντίδα
812 5380 955 5446 ἔχειν
980 5381 1086 5445 χρή
1108 5392 1123 5406 ·
1140 5376 1272 5428 ἀλλὰ
1291 5374 1499 5435 πολλοῖ,
1528 5374 1773 5425 παλαίειν

185 5473 482 5539 λογισμοῖς
509 5470 910 5522 ὐποπτεύοντα.
944 5467 1135 5536 ὥσπερ
1166 5469 1335 5528 είκὸς,
1386 5466 1459 5534 μὴ
1488 5467 1620 5535 προς
1649 5468 1773 5529 τοὺς

184 5565 421 5632 ἀγῶνας
457 5564 881 5632 ἁποκνήσωμεν.
919 5561 1161 5613 Τοιαῦτα
1193 5559 1291 5625 μὲν
1314 5560 1342 5611 ὁ
1367 5559 1773 5628 Ιίομιτόπουλος

182 5653 351 5710 εἶπεν
378 5670 391 5683 ’
434 5653 595 5713 εὐθὺς
619 5654 675 5705 δὲ
712 5655 828 5721 μετ’
872 5654 1082 5705 ἐκεῖνον
1106 5655 1133 5705 ό
1160 5652 1442 5719 Βατάτζης
1482 5651 1668 5721 ἐπῄνει
1716 5670 1770 5704 τε

183 5750 262 5801 τὰ
323 5745 618 5817 εἰρημένα,
663 5746 756 5798 καὶ
790 5746 864 5807 ώς
915 5745 1140 5813 μηδενὸς
1188 5744 1433 5795 ἐνδέοντα
1469 5748 1603 5811 μήτε
1642 5746 1771 5812 πρὸς

183 5839 415 5891 σύνεσιν
476 5838 609 5905 μήτε
673 5837 808 5904 πρὸς
864 5837 1181 5901 εὐϐουλίαν,
1244 5835 1610 5903 ἐπεψηφίζετο
1680 5837 1771 5888 καὶ

1877 4655 1977 4709 pro
2011 4642 2149 4710 ipso,
2175 4642 2621 4710 charissimisque
2646 4646 2765 4713 ejus
2797 4645 2943 4710 liliis,
2980 4656 3035 4699 et
3072 4664 3240 4702 uxore
3265 4654 3447 4704 omnia

1879 4747 2097 4801 semper
2129 4740 2185 4785 et
2216 4732 2397 4787 facere
2438 4742 2495 4786 et
2526 4735 2633 4801 pati
2669 4737 3023 4791 constituisse
3053 4757 3064 4791 :
3101 4749 3159 4791 ut
3186 4741 3253 4793 de
3290 4744 3447 4797 nobis

1877 4822 1992 4875 IMBC
2025 4822 2255 4876 audiens
2310 4823 2565 4889 Leletur,
2614 4825 2791 4894 deque
2851 4836 2998 4881 tanta
3064 4830 3446 4888 benevolentia

1876 4916 2079 4984 gratias
2109 4925 2253 4984 agat.
2296 4916 2407 4969 Nec
2431 4918 2577 4970 enim
2632 4934 2817 4985 parum
2850 4920 2917 4971 de
2943 4922 3103 4975 nobis
3147 4925 3442 4981 sollicitum

1875 5021 1997 5060 esse
2025 5005 2355 5060 credendum
2401 5015 2504 5069 est,
2539 5007 2632 5059 sed
2687 5008 2851 5063 variis
2888 5012 3209 5067 distractum
3241 5019 3444 5085 cogita-

1880 5098 2119 5151 tionibus
2173 5099 2437 5164 suspirari
2465 5136 2478 5159 ,
2550 5107 2604 5150 ut
2635 5109 2717 5151 est
2762 5102 3100 5168 verisimile,
3152 5121 3250 5160 nos
3295 5108 3444 5176 igna-

1876 5191 1961 5244 via
2004 5198 2281 5257 torpentes
2348 5199 2559 5241 certare
2616 5191 2850 5257 amplius
2887 5209 2992 5245 non
3030 5195 3252 5250 audere.
3306 5199 3442 5253 llac-

1884 5293 2043 5335 tenus
2080 5280 2475 5348 Cuntitupulus.
2510 5279 2682 5345 Quem
2716 5296 2837 5333 mox
2864 5284 3143 5352 excipiens
3173 5286 3437 5351 Batatzvs,

1877 5372 2036 5442 506
2080 5382 2136 5425 et
2178 5371 2320 5424 dicta
2348 5370 2590 5433 laudare,
2632 5381 2685 5423 et
2721 5381 2778 5423 ut
2819 5372 3239 5438 prudentissima
3277 5389 3440 5444 atque

1877 5465 2277 5519 consultissima
2306 5463 2569 5531 suffragio
2593 5478 2693 5516 suo
2713 5464 3035 5531 approbare,
3067 5466 3437 5535 etjuralnenla

1878 5574 2087 5629 urgere.
2141 5558 2293 5610 Irenc
2356 5572 2483 5608 vero
2532 5556 2870 5623 imper-atris,
2925 5565 2978 5609 et
3015 5558 3218 5611 Asanes
3251 5558 3437 5622 frater,

1872 5648 2207 5719 Con’iitopuli
2244 5647 2684 5701 cohortationem
2718 5661 2783 5700 ex
2822 5646 3011 5699 divino
3062 5648 3243 5702 alllatu
3272 5652 3439 5703 exsti-

1879 5746 2008 5796 tiSse
2048 5740 2172 5803 rati,
2206 5748 2262 5792 ut
2294 5742 2355 5790 ιιςι
2392 5736 2764 5791 dimicandum
2796 5753 2986 5791 omnes
3007 5751 3265 5793 acuerent
3292 5756 3440 5807 (prn—

1882 5845 2064 5903 pteriea
2097 5832 2239 5899 quod
2276 5832 2363 5899 qui
2397 5831 2543 5899 prius
2579 5831 2811 5898 suspecti
2848 5841 3019 5893 erant,
3056 5840 3259 5885 tantam
3298 5850 3441 5889 nunc
