4166 6436
162 425 264 487 981

1329 432 1866 495 HISTORIARUM
1906 434 2134 495 LIBER
2175 434 2290 494 III.

3272 427 3390 491 θθῒ

166 532 365 600 ἐξεῖναι
395 535 651 607 διαλύειν.
670 536 747 609 OE!
776 537 881 607 γὰρ
903 537 1065 610 μέχρι
1102 533 1278 605 ὅρκων
1301 540 1624 609 προεχώρει,
1665 542 1724 604 ἐξ

1846 558 1979 606 ἐιιε,
2006 542 2307 611 pedemque
2339 537 2685 603 deosculans.
2720 541 2917 595 multas
2950 540 3051 610 ipsi
3097 541 3165 594 de
3211 542 3376 595 bene-

160 625 417 693 οὐδεμιᾶς
442 625 507 677 ἀν
539 626 718 689 αἰτίας
749 628 1077 697 ἐπεχείρησε
1110 627 1346 698 διασπᾷν
1379 629 1564 691 αὐτός.
1596 630 1719 681 Τοι-

1827 633 1951 685 ticio
1977 673 1991 696 ,
2024 642 2080 687 et
2117 633 2262 689 Crali
2296 632 2363 686 de
2387 646 2550 700 opera
2577 632 2779 700 gratias
2805 634 2933 701 egit.
2984 633 3052 685 At
3089 632 3231 684 enim
3266 633 3381 685 lnuc

158 714 363 784 γαροῦν
391 717 607 785 ἀφιέναι
647 718 736 769 τὸν
772 719 887 771 υἱὸν
914 714 1029 787 ἅμα
1053 719 1152 787 μὲν
1184 719 1433 788 γαμσρδν
1462 720 1720 787 ἐσόμενον

1846 720 1982 773 ludis
2014 721 2385 774 tantummodo
2413 721 2594 779 verbis
2624 722 3078 788 transigebantnr;
3102 722 3380 790 juramen—

159 806 397 881 Λιῦέρῳ.
426 807 540 876 ἅμα
568 808 623 859 δέ
656 811 747 861 καὶ
771 808 868 877 τῆς
894 810 1153 879 στρατιᾶς
1180 809 1342 861 ἕνεκα
1372 809 1465 860 τοῦ
1495 808 1721 879 θαρρεῖν

1849 810 2012 868 isaut
2052 811 2284 865 nexibus
2304 811 2427 866 aliis
2445 811 2511 865 ad
2543 812 2763 880 nuptias
2793 812 3377 883 conglutinandasnmi

157 896 327 965 αὐτῷ,
361 897 434 960 ὡς
466 897 717 951 οὐδέποτε
769 899 1196 961 ἐπιϐουλεύσειε,
1244 900 1317 969 μὴ
1354 900 1537 968 μέντοι
1583 916 1724 950 παν·
1824 908 1951 953 sunt
1981 901 2090 955 usi.

158 993 366 1045 τάπασι
395 994 694 1063 διατρίδειν
722 996 853 1067 παρ’
887 997 1090 1058 αὐτοῖς,
1150 995 1267 1049 ἀλλ’
1302 998 1597 1062 ἐπανήκειν
1620 995 1795 1062 ’πρὸς
1824 996 1983 1047 αὑτὸν
2013 996 2174 1065 ήνίκα
2212 997 2279 1050 ἂν
2306 996 2521 1065 καλοίη.
2584 997 2812 1066 Δίδερος
2858 998 2912 1050 δέ
2966 999 3086 1049 ἐπεὶ
3130 996 3382 1049 ἀκούσειε

162 1083 386 1151 βασιλέα
422 1089 787 1156 πεπεισμένον
826 1090 960 1158 πρὸς
990 1090 1051 1141 τὸ
1077 1092 1176 1158 τὴν
1206 1090 1415 1141 ἐκείνου
1444 1089 1717 1157 θυγατέρα
1757 1090 1912 1155 ἀγειν
1968 1090 2047 1158 τῷ
2084 1089 2207 1157 υίῷ,
2246 1090 2571 1165 προσεκύνει
2610 1107 2669 1142 τε
2704 1091 2797 1143 καὶ
2844 1092 3117 1158 ἠσπάζετο
3154 1093 3246 1142 τὴν
3294 1092 3387 1158 βα-

163 1182 357 1245 σιλέως
395 1184 551 1249 πόδα,
587 1186 679 1238 καὶ
716 1185 914 1248 πολλὰς
962 1186 1231 1253 ὡμολόγει
1278 1186 1510 1256 χάριτας
1575 1188 1771 1255 ἐκείνῳ
1801 1204 1861 1239 τε
1892 1187 1993 1255 τῆς
2056 1186 2398 1272 εὐεργεσίας,
2440 1188 2539 1240 καὶ
2583 1188 2773 1259 Κράλῃ
2804 1175 3386 1239 τοῦσυνεπιλαῦέσθαι

163 1276 298 1340 πρὸς
331 1276 392 1327 τὸ
446 1276 630 1345 ἔργον.
679 1278 849 1330 Τοῦτο
886 1278 942 1330 δέ
998 1278 1177 1346 λόγοις
1218 1279 1377 1348 μόνον
1414 1279 1720 1362 συνετίθετο
1759 1278 1965 1346 ψιλοῖςο
2000 1281 2188 1347 ὅρκοις
2234 1279 2291 1331 δέ
2352 1280 2385 1348 ἢ
2451 1279 2672 1351 δεσμοῖς
2708 1296 2852 1332 τισιν
2885 1279 3249 1367 ἀλλοιςπρὸς
3293 1279 3385 1329 τὸν

160 1367 340 1436 γάμον
360 1369 468 1443 οὐκ
495 1372 820 1441 ἐχρήσαντο.

1441 1489 1608 1559 510
1642 1487 1875 1544 CAPUT
1916 1488 2103 1544 xux.

162 1575 461 1654 Imperator
494 1593 611 1629 eum
648 1579 859 1654 anguiis
888 1579 1087 1635 Pheras
1120 1583 1277 1654 venit.
1308 1581 1496 1654 Syrges
1530 1584 1588 1646 ﬁt
1612 1584 2003 1654 Armeniorum
2035 1598 2125 1634 rex
2148 1583 2273 1654 jure
2309 1591 2548 1654 paterno.
2578 1582 2784 1639 Pheraei
2810 1585 3119 1636 deditionem
3156 1588 3390 1647 pertina-

235 1648 364 1722 citer
398 1656 659 1722 recusant.
703 1648 905 1722 Ducunt
938 1661 987 1702 et
1012 1653 1265 1704 exercitus
1318 1648 1485 1722 morbi
1516 1661 1563 1704 et
1594 1653 1815 1722 funera.
1842 1648 2176 1722 Apocaucltus
2212 1648 2581 1721 Chris'topolim
2629 1654 2874 1722 pra’sidia
2910 1656 3086 1722 mittit.
3131 1655 3386 1708 Triballos

235 1711 571 1789 abiturientes
602 1717 935 1789 imperatoris
966 1722 1134 1789 pudor
1160 1723 1365 1774 retinet.
1396 1711 1623 1774 Romani
1648 1711 2026 1773 tumultuantes
2049 1721 2111 1771 ab
2142 1722 2318 1773 eodem
2343 1711 2507 1775 aniice
2541 1711 2900 1779 increpantur.
2938 1721 3104 1775 Facta
3138 1734 3392 1789 potestate

233 1784 449 1861 plurimi
504 1785 568 1837 ab
628 1802 685 1837 eo
735 1784 1105 1857 Christopolim
1168 1792 1452 1843 discedunt.
1526 1790 1727 1843 Ducum
1779 1791 1965 1843 ibidem
2032 1789 2343 1859 perjurium.
2407 1789 2823 1860 Transfugarum
2898 1795 2965 1845 ad
3023 1784 3389 1861 imperatorem

234 1854 479 1910 reversio.

232 1974 386 2025 Μετά
411 1973 466 2024 δέ
496 1971 652 2026 τοῦτο
679 1975 776 2044 τὴν
808 1975 1073 2043 στρατιὰν
1120 1974 1451 2045 παραλαϐὼν
1484 1976 1723 2044 ήδη“πα-

1896 1967 2167 2038 Praecipiti
2227 1983 2411 2027 aestate
2471 1974 2788 2043 imperator,
2839 1974 2995 2029 Crale
3053 1990 3176 2029 cum
3222 1992 3390 2029 uxore

166 2066 613 2135 ρεσκευασμένην
643 2069 771 2137 περὶ
802 2067 993 2137 θέρους
1029 2068 1256 2130 ἐκϐολὰς
1277 2068 1394 2134 ἅμα
1420 2068 1512 2119 καὶ
1537 2066 1726 2137 Κράλη

166 2157 305 2224 μετά
363 2157 622 2223 γυναικὸς
677 2160 1065 2228 παρεπομένου
1115 2158 1241 2229 ἄχρι
1298 2159 1396 2229 τῆς
1445 2159 1727 2228 Ῥωμαίων

161 2249 308 2314 ὅρων
332 2247 652 2317 νήγεμονίας.
692 2248 921 2301 Ἐκεῖνοι
954 2251 1052 2318 μέν
1099 2246 1217 2311 οὖν,
1262 2249 1571 2320 ἀνεχώρουν
1603 2268 1729 2303 συν·

159 2339 479 2403 ταξάμενοι.
512 2338 774 2403 Βασιλεὺς
818 2340 875 2394 δέ
915 2339 1013 2413 τὴν
1036 2342 1375 2411 τεταγμένην
1406 2326 1543 2411 ἔχων
1570 2359 1733 2413 στρα-

161 2432 310 2494 τιὰν,
342 2433 833 2504 ἐστρατοπέδευσεν
858 2435 915 2486 ἐν
954 2435 1172 2505 Φεραῖς,
1208 2436 1301 2488 καὶ
1347 2434 1607 2505 διήγαγεν
1638 2438 1733 2489 ἐπὶ

161 2524 348 2593 τρισὶν
372 2527 605 2594 ἡμέραις
631 2526 1012 2597 διαλεγόμενος
1038 2528 1289 2593 Φεραίοις
1316 2530 1449 2597 ’περὶ
1472 2528 1565 2580 τοῦ
1602 2546 1731 2599 προ-

166 2618 401 2684 σχωρεῖν
429 2616 595 2685 αὐτῷ.
632 2617 844 2687 Συργὴς
875 2618 985 2687 γὰρ
1040 2619 1179 2686 μετά
1218 2619 1315 2690 τὴν
1347 2620 1604 2674 ἐπάνοδον
1634 2623 1733 2688 τὴν

165 2706 235 2757 ἐκ
258 2706 737 2777 Γυναικοκάστρου
766 2710 961 2777 Φεραῖς
996 2710 1177 2777 ὀλίγον
1207 2712 1574 2780 ἐνδιατρίψας,
1603 2708 1736 2781 ἦλθε

170 2797 312 2865 πρὸς
346 2797 657 2859 Βυζάντιον.
694 2801 962 2853 Κάκεῖθεν
991 2802 1071 2863 είς
1112 2802 1402 2871 Ἀρμενίαν
1441 2804 1733 2875 ἀπεχώρη-

170 2905 289 2965 σεν,
332 2888 634 2955 Ἀρμενίων
658 2892 749 2943 ἐπὶ
777 2892 836 2943 τὸ
870 2893 1055 2961 σφίσιν
1086 2893 1275 2961 ἄρχειν
1303 2893 1465 2946 αὐτὸν
1500 2894 1739 2964 προσκα-

166 2981 483 3049 λεσαμένων
523 2985 586 3035 ἐκ
618 2984 875 3054 πατρῴου
911 2986 1299 3055 προσηκούσης
1352 2985 1502 3055 αὐτῷ
1536 2986 1736 3055 κλήρου

165 3072 271 3140 τῆς
317 3073 511 3141 ἀρχῆς.
543 3075 763 3143 Φεραῖοι
811 3075 868 3127 δέ
927 3076 1081 3128 οὐδὲν
1134 3062 1336 3145 μῖλλον
1385 3077 1416 3145 ἢ
1477 3079 1737 3147 πρότερον

168 3162 317 3234 ἦσαν
370 3166 581 3235 βασιλεῖ
628 3167 705 3235 τῷ
737 3168 1174 3238 Καντακουζηνῷ
1231 3170 1739 3236 παρεσκευασμένοι

173 3260 456 3327 πολεμεῖν,
493 3259 747 3333 καὶοτοὺς
776 3261 1102 3328 προσιόντας
1139 3261 1231 3312 ἐπὶ
1279 3260 1357 3329 τῷ
1390 3261 1731 3328 διαλέγεσθαι

166 3349 343 3408 λίθοις
392 3348 612 3400 ἔϐαλλον
658 3349 751 3400 καὶ
794 3348 1005 3418 βέλεσιν
1056 3348 1162 3401 ἀπδ
1192 3350 1301 3402 τῶν
1332 3351 1544 3419 τειχῶν.
1575 3352 1736 3404 Ὅθεν

170 3440 270 3491 καὶ
305 3441 336 3507 ή
389 3441 617 3504 στρατια
656 3438 730 3500 ὡς
774 3439 1049 3508 πολεμίων
1078 3439 1250 3501 ἀδεῶς
1297 3440 1395 3510 τὴν
1424 3441 1601 3512 χώραν
1628 3446 1739 3496 διε-

170 3532 434 3602 πόρθουν.
483 3532 574 3584 Ἐν
607 3526 651 3597 ᾧ
693 3532 748 3585 δὲ
798 3531 970 3584 ταῦτα
1025 3532 1280 3597 ἐτελεῖτο,
1334 3533 1575 3603 Βράκτος
1632 3534 1740 3587 τῶν

167 3626 460 3692 ἡγεμόνων
494 3625 592 3690 τῆς
632 3625 891 3693 στρατιᾶς
940 3625 968 3675 ὀ
1013 3624 1441 3694 διαφορώτατος,
1493 3626 1737 3693 ἐνόσησε,

169 3722 271 3772 καὶ
310 3719 735 3788 διεκαρτέρησεν
784 3720 901 3770 ἐκεῖ
953 3720 985 3787 ὴ
1030 3718 1259 3785 στρατιὰ
1309 3719 1736 3787 ἐστρατοπεδευ-

172 3810 314 3880 μένη
351 3812 480 3880 μίαν
518 3812 732 3880 ἡμέραν
764 3812 857 3862 ἐπὶ
894 3810 1047 3869 δέκα.
1095 3809 1248 3862 Ἐπεὶ
1277 3809 1323 3862 δ’
1358 3812 1564 3871 ἐκεῖνος
1595 3813 1740 3880 ῥᾴων

164 3900 268 3973 ἦν,
299 3902 528 3973 Λίδερος
560 3904 842 3971 κατείχετο
894 3905 959 3971 τῇ
1012 3902 1169 3971 νόσῳ,
1202 3902 1294 3953 καὶ
1328 3902 1434 3954 ἔδει
1490 3902 1741 3956 τοσοῦτον

167 3998 372 4068 χρόνον
403 3983 736 4065 περιμένειν,
760 3996 792 4065 ἦ
820 3996 912 4046 καὶ
937 3994 1127 4047 πλείω.
1170 3993 1482 4056 Ῥαῖσαντος
1513 3995 1567 4047 δὲ
1596 3998 1741 4049 ἐκεί-

89 4124 100 4135 ι
168 4106 293 4150 νου.
324 4090 373 4140 οί
397 4088 571 4140 λοιποὶ
602 4085 821 4139 ἐνόσουν
852 4086 961 4137 τῶν
990 4085 1289 4155 ἀρχόντων,
1327 4086 1419 4138 καὶ
1448 4086 1480 4155 ή
1511 4088 1741 4157 στρατιά

168 4174 460 4247 σύμπασα”
492 4178 696 4247 σχεδόν.
754 4178 985 4239 λῖέλιτος
1033 4179 1140 4246 γὰρ
1200 4177 1602 4246 ἐμφορούμενοι
1647 4179 1742 4231 καὶ

164 4272 379 4342 κρεῶν,
406 4264 478 4323 ὧν
510 4273 544 4339 ή
574 4270 729 4337 χώρα
782 4262 1305 4337 μάλισταέὑπόρει.
1343 4265 1463 4320 εἶτα
1510 4269 1739 4321 ἀποθλί-

163 4367 362 4427 ϐοντες
392 4364 483 4415 καὶ
515 4361 813 4428 σταφυλὰς,
867 4361 959 4413 καὶ
992 4358 1085 4411 τοῦ
1122 4360 1487 4429 ἀπορρέοντος
1546 4362 1742 4415 αὐτίκα

163 4454 712 4527 ἐμφορούμενοιρείς
757 4450 1025 4520 πυρετοὺς
1066 4450 1356 4503 ἐνέπιπτον
1395 4454 1487 4505 καὶ
1514 4451 1739 4521 φθοράς.

167 4550 415 4601 Ἔπειτα
437 4546 777 4613 ἀπέθνησκον
809 4541 1277 4611 κατεργαζόμενοι
1308 4543 1411 4595 ὑπὸ
1439 4543 1539 4611 τῆς
1560 4543 1737 4595 νόσου.

1832 2079 2003 2131 usque
2057 2064 2123 2117 ad
2185 2063 2421 2117 conﬁnia
2482 2065 2969 2135 prosequentibus,
3016 2064 3196 2133 ibique
3248 2066 3389 2118 dicta

1831 2154 2005 2208 salute
2037 2148 2445 2219 recedentibus,
2476 2171 2598 2210 cum
2637 2158 2837 2225 paratis
2893 2168 2946 2212 et
2976 2160 3257 2212 altribmis
3290 2160 3390 2211 sibi

1832 2247 2003 2316 copiis
2030 2247 2235 2302 Pheras
2264 2248 2527 2316 processit
2563 2267 2576 2301 :
2613 2247 2706 2302 ubi
2756 2247 2823 2301 ad
2854 2247 3091 2301 triduum
3126 2264 3349 2302 manens
3379 2288 3391 2303 .

1832 2352 1959 2391 cum
2004 2338 2244 2392 Plicrzeis
2293 2339 2359 2391 de
2405 2337 2684 2392 deditione
2728 2338 2858 2406 egit.
2916 2338 3112 2408 Syrges
3162 2339 3309 2393 enim
3364 2354 3394 2390 c

1833 2428 2251 2499 Gynzecocastro
2269 2445 2541 2494 reversus,
2570 2445 2677 2483 non
2704 2431 2798 2483 diu
2830 2428 3019 2484 Pheris
3045 2430 3348 2484 subsistens
3380 2472 3393 2492 .

1838 2519 2149 2587 Byzantium
2179 2519 2410 2587 petivit;
2469 2520 2593 2575 inde
2649 2520 2701 2577 in
2732 2522 3074 2582 Armeniam,
3114 2523 3179 2574 ab
3211 2522 3399 2593 Arqie-

1835 2611 1942 2664 niis
1966 2611 2033 2664 ad
2068 2619 2363 2679 sceptrum,
2387 2610 2439 2665 ei
2466 2626 2530 2664 ex
2580 2622 2802 2680 paterna
2836 2596 2981 2665 sorte
3033 2612 3273 2667 debitum
3304 2630 3400 2665 νυ-

1835 2714 2013 2765 catus,
2041 2705 2315 2757 discessit.
2339 2704 2543 2758 Phenei
2580 2705 2753 2758 nihilo
2786 2708 2955 2774 magis
2988 2723 3146 2775 quam
3177 2718 3299 2761 ante
3333 2709 3400 2761 ad

1836 2792 2205 2849 Cantacnzcni
2245 2806 2429 2862 partes
2461 2796 2873 2865 propendebant
2900 2838 2913 2861 ,
2970 2807 3025 2850 et
3083 2799 3404 2853 accedentes

1839 2886 1903 2940 ad
1938 2887 2361 2956 colloquendum
2411 2887 2555 2944 saxis
2611 2904 2688 2954 ac,
2719 2889 2840 2943 telis
2867 2889 2932 2942 de
2972 2905 3128 2941 muro
3175 2892 3403 2959 repelle-

1838 2981 1967 3034 bant
1998 2998 2011 3038 :
2046 2997 2217 3050 quare
2272 2983 2550 3035 exercitus
2604 2997 2795 3050 agrum
2831 2992 2889 3035 ut
2925 2983 3175 3036 hostilem
3214 3000 3405 3037 secure

1840 3072 2186 3127 devastabat.
2218 3072 2355 3133 Dum
2382 3072 2498 3126 haec
2531 3081 2786 3141 aguntur,
2823 3074 3047 3132 Bractus
3073 3078 3407 3137 prrestantis-

1840 3164 2012 3216 simu;
2060 3178 2090 3216 e
2141 3162 2374 3217 ducibus
2406 3163 2597 3216 morbo
2651 3164 2969 3232 corripitur,
3000 3166 3307 3235 mansitque
3341 3184 3407 3221 eo

1841 3256 1947 3309 loci
1985 3256 2260 3311 exiercitus
2310 3257 2427 3311 dies
2473 3258 2747 3311 undecim.
2786 3257 3079 3326 Postquam
3126 3260 3177 3314 ei
3214 3262 3408 3315 melius

1845 3356 1928 3400 est
1979 3343 2182 3401 factum
2212 3388 2227 3412 ,
2272 3348 2502 3403 Liberus
2556 3328 2825 3418 aegrotare
2853 3352 2993 3421 cepit
3024 3391 3037 3415 ,
3081 3366 3408 3422 rursumque

1846 3437 2043 3493 diebus
2072 3441 2322 3503 totidem,
2353 3451 2446 3494 aut
2474 3442 2637 3496 etiam
2672 3442 2920 3510 pluribus
2952 3444 3061 3497 illic
3090 3443 3408 3499 haerendum

1846 3533 1968 3587 fuit.
2029 3535 2130 3589 Ubi
2184 3536 2228 3589 is
2271 3552 2489 3605 quoque
2525 3538 2821 3599 convaluit,
2876 3538 3113 3607 reliquos
3151 3539 3319 3595 duces
3348 3556 3411 3594 ac

1850 3631 2019 3676 totum
2056 3625 2226 3679 ferme
2280 3627 2579 3679 exercitum
2617 3626 2945 3681 valetudinis
2993 3626 3413 3682 incommoditas

1847 3715 2107 3783 pervasit.
2137 3714 2415 3778 Siquidem
2471 3718 2629 3772 melle
2654 3728 2710 3773 et
2739 3718 3014 3781 carnibus,
3040 3719 3236 3788 quibus
3264 3721 3411 3786 regio

1849 3808 2083 3860 maxime
2117 3807 2383 3871 abundat,
2414 3808 2537 3862 farti
2575 3824 2639 3863 ac
2675 3809 2921 3874 distenti,
2972 3810 3173 3865 deinde
3200 3826 3263 3863 ex
3294 3816 3412 3865 uvis

1848 3900 2178 3967 compressis
2240 3910 2416 3954 musto
2460 3899 2731 3955 deﬂuente
2778 3900 2982 3963 obruti,
3023 3901 3076 3954 in
3117 3901 3298 3955 febres
3356 3914 3415 3955 et

1851 3992 2028 4045 tabem
2080 3988 2395 4044 incidebant
2430 4008 2444 4043 :
2477 3998 2591 4043 tum
2650 3991 2722 4043 ita
2773 3990 3005 4044 confecti
3072 3991 3411 4055 interibant,

1851 4087 2261 4151 pratsertimque
2318 4065 2707 4137 honoratorum
2742 4098 2853 4136 non
2897 4085 3052 4152 pauci
3103 4084 3413 4138 morieban-

1852 4184 1959 4229 tur.
1991 4174 2065 4229 De
2090 4174 2353 4243 gregariis
2382 4183 2561 4228 autem
2594 4175 2804 4227 animas
2827 4174 3037 4241 liquere
3068 4188 3230 4242 supra
3266 4175 3414 4230 mille

1850 4268 2181 4336 quingentos
2231 4282 2245 4318 :
2302 4266 2676 4321 Romanorum
2722 4280 2883 4318 nemo
2920 4281 2988 4318 ne
3029 4275 3264 4320 tentatus
3296 4269 3417 4335 qui-

1851 4359 1974 4413 dem
2010 4368 2110 4423 est.
2158 4356 2522 4425 Apocauchus
2561 4371 2785 4423 magnus
2808 4355 2939 4420 dux,
2980 4364 3039 4408 ut
3080 4355 3418 4411 Cantacuze-

1852 4465 1981 4504 num
2029 4454 2151 4501 cum
2189 4446 2363 4514 copiis
2392 4445 2722 4507 Triballicis,
2760 4460 2930 4514 prope
2963 4445 3171 4500 Pheras
3195 4463 3413 4500 moran-

1850 4549 1956 4593 tem
1986 4577 2001 4601 ,
2052 4536 2491 4605 Didymoticbum
2548 4549 2891 4589 reversurum
2930 4536 3188 4598 rescivit,
3236 4539 3416 4591 subito
3481 4598 3486 4604 _

164 4644 292 4695 Καὶ
308 4641 417 4693 τῶν
445 4655 505 4691 τε
533 4638 771 4707 μάλιστα
793 4638 852 4687 ἐι)
872 4636 1014 4704 λόγῳ
1037 4634 1397 4705 ἐτεθνήκεσαν
1424 4636 1523 4686 οὐκ
1550 4634 1739 4696 ὀλίγοι,

1852 4630 2102 4683 triremes
2154 4628 2544 4697 Christopolim
2580 4666 2595 4690 ,
2655 4627 2928 4695 simulque
2986 4644 3052 4681 ex
3112 4629 3414 4683 continenti

164 4734 271 4788 καὶ
303 4734 405 4800 τῆς
436 4730 699 4799 στρατιᾶς
736 4719 879 4795 ὑπὲρ
924 4714 1316 4787 πεντακοσίους
1369 4726 1465 4777 καὶ
1516 4722 1740 4793 χιλίους,

178 4820 483 4890 Ῥωμαίων
511 4818 569 4871 δέ
603 4817 712 4872 τῶν
751 4816 965 4887 βασιλεῖ
999 4817 1267 4869 συνόντων
1320 4812 1580 4888 οὐδὲρῖς,
1621 4817 1746 4872 οὔτε

170 4917 289 4988 μὴν
351 4915 629 4985 ἐνόσησεν.
669 4910 1008 4978 ’Δπόκαυχος
1058 4909 1115 4961 δέ
1167 4912 1194 4961 ὁ
1246 4908 1420 4977 μέγας
1469 4909 1593 4975 δοὺξ
1625 4909 1750 4963 ἐπεὶ

168 5007 416 5062 ἐπύθετο
436 5007 526 5057 τὸν
542 5001 998 5072 Καντακουζηνδν
1023 5000 1247 5070 βασιλέα
1272 5001 1535 5068 στρατιὰν
1558 5001 1751 5070 ἔχοντα

170 5104 245 5153 ἐκ
276 5097 562 5167 Τρισαλῶν
607 5096 738 5164 περὶ
767 5095 945 5165 Φερὰς
990 5081 1555 5161 ἐστρατοπεδευμένον
1585 5091 1748 5157 εἶναι,

173 5179 454 5261 μέλλοντα
484 5191 562 5250 είς
616 5186 1000 5255 Διδυμότειχον
1049 5186 1367 5252 ἐπανήκειν,
1420 5184 1559 5236 κατά
1585 5186 1750 5254 τάχος

168 5283 403 5348 ἔπεμπε
425 5280 674 5349 τριήρεις
699 5280 777 5338 είς
802 5273 1217 5343 Χριστούπολιν·
1250 5272 1367 5343 ἅμα
1389 5274 1446 5325 δὲ
1471 5276 1567 5327 καὶ
1591 5292 1753 5346 στρα-

167 5372 309 5428 τιὰν
338 5372 400 5422 ἐκ
428 5369 531 5438 τῆς
566 5368 819 5438 ἠπείρου,
864 5367 939 5429 ὼς
977 5366 1038 5419 τὸ
1068 5368 1246 5418 ἐκεῖσε
1286 5365 1545 5434 τείχισμα
1577 5366 1749 5434 φυλά-

170 5467 377 5531 ξοντας
427 5460 521 5512 καλ⁸
574 5457 917 5517 κωλύσοντας
958 5453 1259 5506 διαϐαίνειν
1315 5452 1413 5523 τὴν
1470 5450 1749 5520 στρατιάν.

167 5553 296 5609 Ἠν
328 5552 438 5621 γὰρ
465 5551 493 5603 ὁ
519 5551 680 5611 τόπος
715 5546 1034 5616 ἐπιτηδείως
1078 5545 1217 5615 ἔχων
1261 5546 1341 5607 είς
1372 5543 1617 5612 φυλακὴν
1656 5542 1753 5612 τὴν

168 5651 247 5701 ἐκ
303 5645 413 5697 τῶν
455 5642 709 5705 ὁπλιτῶν,
756 5640 819 5692 οὐ
873 5639 961 5691 διά
1008 5638 1097 5691 τὸν
1131 5630 1509 5707 ἐπιτειχισμὸν
1572 5636 1751 5705 μόνον,

152 5712 307 5795 ’ἀλλ’
344 5736 429 5790 ὅτι
464 5735 556 5789 καὶ
589 5731 922 5805 κρημνώδης
952 5731 1049 5796 ὢν,
1080 5730 1336 5784 δύσκολον
1387 5730 1499 5792 τοῖς
1530 5727 1755 5782 ἱππεῦσι

177 5830 490 5902 παρείχετο
521 5830 619 5899 τὴν
665 5827 857 5891 δίοδον,
905 5824 1137 5896 μάλιστα
1186 5825 1236 5876 εί
1288 5824 1382 5877 καὶ
1433 5821 1540 5874 ὑπό
1592 5836 1753 5873 τινων

1847 4736 2069 4776 manum
2099 4719 2165 4774 ad
2198 4734 2413 4773 murum
2448 4718 2651 4772 ibidem
2702 4718 3155 4782 custodiendum,
3185 4729 3240 4774 et
3272 4730 3417 4774 tran-

1845 4813 1955 4867 situ
2012 4811 2167 4866 illum
2203 4810 2609 4880 probiben‘dum
2671 4810 2844 4865 misit.
2890 4810 3023 4865 Erat
3074 4811 3220 4865 enim
3260 4811 3414 4867 locus

1847 4904 2156 4959 defensioni
2216 4904 2449 4958 idoneus
2484 4904 2665 4973 gravis
2726 4913 3019 4963 armatura:
3065 4904 3246 4967 militi,
3305 4920 3414 4958 non

1848 5006 2075 5065 propter
2133 4995 2275 5050 muri
2331 4995 2679 5049 altitudinem
2736 4994 3025 5059 duntaxat,
3103 4994 3260 5065 51],
3321 4997 3417 5051 sed

1850 5087 1980 5156 quia
2038 5095 2262 5157 prapter
2312 5085 2613 5155 praecipitia
2662 5100 2881 5155 quoque
2942 5087 3327 5155 (potissimum
3373 5090 3415 5143 si

1852 5177 2261 5248 prohibentium
2297 5176 2381 5230 vis
2434 5176 2681 5241 adesset
2724 5176 2742 5237 )
2810 5177 2981 5244 equiti
3042 5176 3416 5245 pcrditlicilem

1849 5271 2141 5324 transitum
2194 5267 2482 5323 eﬂiciebat.
2538 5267 2763 5321 Triballi
2812 5278 3033 5336 propter
3062 5269 3311 5322 nimbum
3365 5280 3421 5323 et

1849 5361 2168 5433 quotidiana
2218 5360 2512 5413 multorum
2545 5360 2756 5423 funera,
2797 5374 2860 5413 ac
2900 5361 3227 5433 praesertim.
3273 5365 3417 5429 quod

1854 5469 2071 5507 murum
2130 5468 2225 5507 seu
2262 5451 2622 5505 munitionem
2672 5452 2819 5505 illam
2850 5468 2877 5505 a
2907 5451 3165 5505 Ruinanis
3191 5434 3423 5521 occupa-

1857 5552 1966 5597 tam
2018 5543 2414 5598 intellexissent
2445 5584 2460 5606 ,
2518 5542 2709 5597 Pheris
2760 5543 2811 5595 in
2832 5543 3061 5611 patriam
3102 5544 3284 5597 redire
3312 5556 3423 5598 sta-

1856 5646 2097 5691 tuerunt.
2140 5637 2440 5706 Imperator
2494 5650 2615 5689 cum
2669 5650 2765 5689 eos
2814 5651 2843 5689 a
2901 5635 3095 5708 morbo
3143 5644 3251 5688 tam
3285 5637 3423 5689 male

1855 5729 2084 5785 atl'ectos
2122 5728 2189 5783 ad
2225 5728 2552 5783 manendum
2605 5743 2798 5797 cogere
2834 5744 2941 5781 non
2974 5735 3195 5797 posset,
3249 5728 3428 5779 omni-

1859 5820 1961 5874 bus
1995 5819 2318 5889 proceribus
2362 5835 2425 5874 ac
2474 5819 2707 5874 ducibus
2748 5821 3082 5899 roqvocatis,
3110 5834 3205 5874 eos
3242 5818 3403 5872 horta
