4166 6436
270 366 401 428 ίθῖΠ

1414 328 1964 434 msrontanun
2000 373 2234 437 LIBER
2280 377 2386 437 ιιι.

3378 383 3396 438 l
3409 379 3513 440 038

257 483 378 555 tri:
430 472 623 536 ἐλθεῖν.
660 482 898 536 Τοιαῦτα
931 485 986 536 δέ
1034 485 1182 555 αὑτῴ
1228 482 1569 552 λογιζομένῳ
1616 483 1713 550 τῆς
1745 496 1835 534 νυ·

1942 489 2120 536 castra
2149 485 2381 548 eucctis,
2414 482 2482 536 ad
2540 485 2910 538 reversionem
2976 485 3260 554 compulit,
3319 488 3511 545 eodem

225 571 228 575 ’
255 576 398 634 κτὸς,
434 561 916 646 χειμὼνέξαίσιυς
966 577 1377 646 ἐπιγενόμενος,
1407 575 1483 638 ὡς
1514 577 1608 629 καὶ
1645 576 1830 628 διακο-

255 669 402 730 σίους
458 670 536 738 τῷ
601 671 949 739 στρατοπέδῳ
1009 672 1114 722 ὑπὸ
1164 667 1368 739 κρύους
1423 667 1826 728 ἐναποθανεῖν,

254 759 566 824 ἠνάγκασεν
595 762 980 830 ἀναστρέφειν,
1015 761 1189 814 πολλά
1223 759 1317 812 καὶ
1342 758 1453 810 τῶν
1477 757 1830 827 γραμμάτων

256 850 392 917 πρδις
455 851 556 918 τὴν
616 852 875 904 ἐπάνοδον
939 853 1357 928 συναραμένων.
1409 848 1609 902 Ἐλθὼν
1657 849 1713 901 δὲ
1754 849 1833 910 είς

256 941 463 1009 Βὴραν,
514 942 644 995 ἔνθα
681 943 860 1010 αὐτῷ’
892 943 1204 1013 ὡρμίζοντο
1255 943 1310 994 αἱ
1359 942 1487 1009 νῆες
1551 939 1697 992 κατὰ
1742 939 1834 992 τὸν

257 1031 460 1102 Ἔδρον
489 1034 755 1103 ττητιμὸν,
786 1030 910 1102 εὗρε
958 1034 1082 1086 κατ’
1121 1031 1340 1103 ἐκείνην
1388 1034 1486 1100 τὴν
1521 1030 1695 1082 νύκτα
1731 1033 1827 1084 καὶ

255 1125 365 1176 τῶν
400 1128 456 1176 ἐν
491 1129 608 1188 ταῖς
631 1127 789 1178 ναυσὶ
821 1127 1167 1194 τριακοσίους
1204 1125 1600 1185 ἀποθανόντας
1625 1126 1832 1193 αἰχμα-

257 1219 444 1271 λώτων
480 1221 536 1271 δὲ
571 1220 711 1289 πλὴν
746 1220 966 1287 ὀλίγων,
1014 1218 1243 1279 πάντας,
1277 1217 1496 1284 ὀλίγους
1543 1216 1700 1278 ὄντας
1741 1216 1836 1268 καὶ

257 1309 458 1372 αὐτοὺς
514 1311 600 1362 διὰ
658 1313 719 1362 τὸ
779 1312 854 1378 μὴ
904 1312 1002 1380 τὴν
1036 1311 1302 1381 στρατιὰν
1347 1311 1482 1378 πρὸς
1507 1308 1661 1362 λείαν
1703 1309 1830 1360 ἐπι-

261 1401 423 1455 πλέον
454 1402 910 1472 διασκεδασθῆναι
941 1404 1036 1472 τῆς
1068 1403 1440 1474 προκειμένης
1471 1402 1636 1454 ἕνεκα
1667 1417 1834 1469 στρα-

258 1493 409 1555 τείας
451 1493 662 1562 Ἀμοὺρ
708 1495 800 1545 τδν
856 1495 1146 1564 σατράπην
1173 1494 1273 1546 οὐκ
1305 1495 1420 1563 ἐᾷν.
1469 1495 1560 1555 Εἰς
1599 1494 1835 1561 Διδυμό-

259 1602 439 1655 τειχον
493 1587 549 1639 δὲ
609 1588 745 1658 πρὶς
795 1587 1041 1656 βασιλίδα
1097 1588 1198 1656 τὴν
1247 1587 1486 1657 Εὲρήνην
1543 1586 1835 1654 γράμμασι

257 1677 511 1746 δηλώσας
546 1679 644 1747 τῆς
676 1679 936 1733 ἐπανόδου
981 1679 1080 1748 τὴν
1115 1679 1387 1746 ἀνάγκην,
1431 1680 1526 1731 καὶ
1565 1696 1835 1746 παραιτη-

261 1769 519 1836 σάμενος,
552 1768 628 1830 ὼς
661 1769 748 1821 διὰ
771 1769 860 1820 τὸν
887 1769 1135 1838 χειμῶνα
1163 1770 1238 1838 μὴ
1268 1774 1405 1838 προς
1426 1768 1593 1838 αὐτὴν
1625 1771 1834 1837 ἐπανη-

1936 572 2136 628 litteris
2157 590 2282 628 eum
2315 576 2669 628 vehementer
2693 575 3070 630 incitantibus.
3101 576 3171 631 Ut
3209 577 3402 633 Beram
3431 594 3516 638 at-

1938 664 2056 734 tigit
2089 706 2104 727 ,
2143 666 2234 720 ubi
2271 682 2440 722 naves
2477 666 2767 721 subducta:
2816 667 3035 722 stabant
3079 670 3135 722 in
3184 669 3364 726 Hebro
3409 672 3516 726 ﬂu-

1935 756 2106 817 mine.
2141 758 2566 813 iuvenitcadem
2596 770 2759 813 nocte
2809 767 3054 813 mortuos
3102 772 3354 818 vectores
3409 774 3521 818 tre-

1935 855 2126 900 centos
2220 851 2577 917 captivosque
2676 849 2914 919 demptis
2999 852 3210 922 paucis,
3289 869 3514 908 omnes:

1937 953 2254 1008 quanquam
2279 950 2334 993 et
2367 941 2467 1008 ipsi
2507 947 2665 993 erant
2694 944 2853 1009 pauci
2887 958 3144 1008 numero,
3171 947 3319 1014 quod
3346 947 3486 1000 Amu
3510 979 3518 984 -

1939 1030 2053 1084 rius
2080 1033 2196 1099 ipse
2223 1032 2452 1085 militem
2490 1043 2713 1101 propter
2747 1034 3082 1106 propositam
3107 1038 3514 1106 expeditionem

1940 1121 2370 1192 praedabundum
2405 1123 2642 1190 amplius
2674 1125 2988 1180 discurrere
3041 1142 3150 1181 non
3209 1138 3514 1197 pateretur.

1941 1215 2172 1268 Exarata
2216 1228 2383 1282 porro
2435 1215 2502 1267 ad
2551 1214 2765 1272 lrcnem
2821 1217 3234 1285 imperatricetu
3283 1220 3516 1290 epistola

1939 1321 2045 1374 qua
2071 1307 2456 1360 necessitatem
2496 1307 2706 1361 reditus
2736 1309 2818 1364 sui
2862 1310 3199 1372 declarabat.
3230 1321 3286 1367 et
3347 1313 3517 1372 simul

1941 1399 2154 1452 veniam
2183 1400 2422 1466 petebat.
2458 1414 2568 1468 quo
2592 1401 2884 1468 asperitate
2913 1401 3137 1473 frigoris
3191 1403 3512 1473 impeditus.

1939 1490 2006 1544 ad
2038 1491 2086 1544 ei
2124 1492 2540 1545 valedicendum
2563 1508 2668 1545 non
2700 1503 3098 1560 reverteretur,
3123 1495 3315 1565 pelago
3351 1495 3510 1566 543

1946 1598 2203 1637 remenso
2275 1585 2499 1638 domum
2553 1584 2828 1640 discessit.
2888 1585 3015 1639 Post
3058 1588 3184 1656 quia
3230 1588 3335 1657 illo,
3373 1603 3516 1640 anno

1942 1674 2120 1729 hiems
2171 1677 2522 1731 intoleranda
2571 1678 2854 1742 saeviebat,
2900 1679 3169 1749 Byzantii,
3216 1690 3273 1736 et
3320 1681 3516 1750 reliqui

1941 1769 2182 1823 Thraces
2216 1770 2794 1840 Didymotichensibus
2847 1772 3195 1827 incursandis
3237 1773 3519 1827 abstinen-

262 1875 347 1911 κει
416 1862 837 1929 προσκυνήσων,
902 1861 1248 1914 ἀπέπλευσεν
1307 1863 1386 1921 είς
1455 1866 1552 1930 τὴν
1603 1862 1833 1915 οἰκείαν.

1945 1870 2043 1922 tes,
2072 1862 2319 1915 «olentes
2369 1862 2619 1917 nolentes
2657 1865 2711 1917 in
2763 1879 2862 1917 sua
2894 1865 3012 1918 loca
3060 1865 3368 1918 hiematum
3427 1882 3514 1918 re-

259 1949 417 2005 Μετὰ
447 1951 503 2003 δέ
537 1950 714 2015 τοῦτο,
743 1954 864 2005 ἐπεὶ
890 1953 917 2004 ὁ
952 1952 1162 2023 χειμὼν
1208 1954 1502 2022 ἐπεκράτει
1536 1953 1837 2021 σφοδρόταο

259 2061 350 2107 τος
391 2045 510 2097 κατ’
537 2046 712 2096 ἐκεῖνο
741 2046 834 2098 τοῦ
860 2045 1036 2108 ἔτους,
1071 2048 1120 2097 οί
1146 2047 1209 2098 ἐκ
1240 2045 1558 2110 Βυζαντίου,
1598 2054 1691 2097 κα.
1729 2045 1832 2113 τῆς

259 2137 426 2202 ἄλλης
456 2137 676 2208 Θρᾴκης
724 2137 1027 2207 ἡσύχαζον,
1060 2139 1156 2192 καὶ
1203 2141 1303 2192 οὐκ
1334 2140 1575 2210 ἐπῄεσαν
1619 2141 1730 2201 τοῖς
1779 2143 1838 2191 ἐν

260 2232 630 2300 Διδυμοτείχῳ
659 2247 673 2262 ο
713 2229 831 2285 ἀλλ’
865 2233 1186 2296 ἀναγκαίως
1221 2233 1565 2303 διεχείμαζον
1611 2233 1670 2285 ἐν
1712 2236 1834 2295 ταῖς

259 2325 484 2386 οἰκίαις.
552 2324 781 2379 Ἐκεῖνοι
845 2325 901 2379 δὲ
955 2311 1049 2379 ὑπ’
1107 2327 1316 2390 ἐνδείας
1379 2327 1822 2393 ἀναγκαζόμενοι

261 2417 356 2466 καὶ
387 2415 494 2466 τῶν
532 2416 712 2480 ἄλλοις
744 2417 1146 2486 φοδερωτάτων
1178 2420 1552 2490 κατατολμᾷν,
1588 2418 1744 2482 πεζοί
1773 2437 1832 2473 τε

260 2509 424 2577 ὀλίγῳ
467 2508 685 2572 πλείους
717 2510 1009 2574 διακόσιοι,
1054 2512 1149 2565 καὶ
1202 2514 1388 2575 ἱππεῖς
1420 2513 1679 2578 ἐλάττους
1707 2514 1836 2566 τού·
1882 2551 1886 2554 ~

261 2615 390 2660 των,
427 2601 562 2666 πρὸς
603 2601 884 2672 ἁρπαγὴν,
932 2603 1031 2670 τῆς
1060 2603 1269 2665 πόλεως
1299 2604 1632 2670 ἐξελθόντες,
1664 2605 1840 2666 οὕτως

265 2691 372 2742 ὑπὸ
417 2694 650 2762 σφοδροῦ
693 2695 1114 2765 κατελήφθησαν
1149 2697 1444 2766 χειμῶνος,
1486 2697 1562 2759 ὡς
1591 2698 1837 2764 ἀναγκα-

267 2782 458 2850 σθῆναι
503 2784 794 2853 αὐτόμολοι
847 2787 982 2856 πρὸς
1027 2790 1151 2851 τοὺς
1185 2789 1480 2858 πολεμίους
1515 2788 1836 2855 ἀερικέσθαι,

264 2877 610 2939 ἐκλείποντες
669 2879 769 2950 ἤδη
835 2880 940 2932 ὑπὸ
997 2881 1216 2949 κρύους.
1275 2883 1340 2933 Ol
1396 2884 1496 2951 μὲν
1544 2879 1638 2935 οὖν
1681 2882 1840 2946 πεζοὶ

265 2970 491 3032 πάντες,
548 2972 683 3040 ὁμοῦ
739 2973 877 3041 πρὸς
925 2973 1185 3039 Λίτιτζαν
1233 2975 1491 3044 πολίχνην
1548 2976 1835 3044 ἐλθόντες,

265 3063 388 3113 ἐπεὶ
414 3063 441 3113 ὁ
469 3063 564 3131 τῆς
597 3064 803 3125 πόλεως
827 3067 1033 3132 ἄρχων,
1065 3067 1131 3118 τὰ
1167 3067 1429 3133 βασιλέως
1465 3068 1649 3134 κρύφα
1690 3071 1833 3137 ᾑρη-

269 3154 428 3219 μένος
463 3150 551 3225 ἦν,
595 3156 651 3207 ἐν
687 3157 783 3223 μιᾷ
817 3158 964 3226 οἰκία
1019 3158 1146 3219 τοὺς
1195 3158 1392 3226 ἄνδρας
1447 3162 1832 3222 κατακλείσας,
1869 3177 1910 3233 c

262 3246 338 3307 ὡς
369 3248 720 3317 φρουρεῖσθαι
749 3248 910 3316 δῆΊεν
943 3250 1076 3318 πυρί
1105 3267 1162 3301 τε
1217 3251 1694 3319 ἀνακτησάμενος,
1731 3255 1825 3303 καὶ

263 3339 332 3405 τῇ
386 3336 522 3408 ἄλλη
574 3337 684 3390 τῶν
736 3339 1056 3405 ἀναγκαίων
1103 3341 1379 3410 χορηγίᾳ,
1441 3346 1580 3408 μετὰ
1641 3344 1839 3412 τρίτην

265 3429 524 3495 ὴιέραν,
575 3429 719 3480 ἑκὼν
785 3423 962 3491 εἶναι,
1024 3431 1260 3482 ἐνεδίδου
1322 3431 1508 3493 αὐτοῖς
1557 3433 1691 3498 πρὸς
1749 3435 1840 3487 τὸν

262 3519 546 3586 δρασμόν
595 3522 690 3572 καὶ
744 3521 1064 3589 διαδράντες
1114 3522 1251 3590 ὁμοῦ
1297 3523 1498 3586 πάντες
1550 3520 1703 3587 αὖθις
1761 3531 1840 3591 εἰς

266 3610 650 3680 Διδυμότειχον
721 3611 1016 3679 ἐπανῆκον.
1071 3612 1234 3666 Ὅθεν
1307 3617 1402 3668 καὶ
1449 3617 1630 3668 αἰτίαν
1697 3618 1828 3687 ἔσχε

268 3702 423 3767 παρὰ
464 3703 575 3760 τοῖς
613 3702 912 3768 πολεμοῦσι
943 3701 1172 3771 βασιλεῖ.
1211 3705 1270 3758 Oi
1308 3704 1408 3774 μέν
1440 3707 1520 3758 τοί
1552 3725 1614 3773 γε
1648 3709 1837 3772 ἱππεῖς

263 3792 416 3844 ἄλλοι
467 3793 656 3843 ἄλλοσε
699 3793 1210 3860 διασκεδασθέντες,
1269 3799 1315 3848 οἱ
1354 3798 1492 3866 μὲν,
1526 3800 1617 3850 καὶ
1651 3799 1837 3867 ιιςιλαν⁴

266 3883 490 3949 θρώπου
524 3883 670 3944 τινὸς
703 3887 968 3954 ἐπέτυχον
1011 3886 1188 3952 ξενίας
1209 3930 1223 3952 ,
1263 3889 1355 3939 καὶ
1387 3889 1618 3953 ἀπαθεῖς
1649 3893 1835 3944 κακῶν

267 3975 406 4042 πρὸς
457 3976 556 4036 τὰς
588 3978 765 4040 οἰκίας
805 3978 1117 4044 ἐπανῆκον,
1177 3979 1284 4031 τῶν
1341 3981 1610 4048 βασιλέως
1668 3984 1836 4051 φίλων

265 4069 403 4128 πρὸς
443 4069 540 4136 τὴν
601 4069 874 4137 σωτηρίαν
934 4074 1324 4139 συναραμένων
1354 4090 1365 4101 ·
1410 4075 1457 4125 οἱ
1508 4075 1725 4139 πλείους
1779 4078 1836 4128 δὲ

263 4161 448 4214 αὐτῶν
478 4203 491 4221 ,

260 4252 373 4304 τῶν
420 4253 861 4321 ὑποδεξαμένων,
899 4255 931 4325 ἢ
979 4255 1027 4306 οί
1073 4259 1200 4324 περὶ
1241 4256 1502 4309 Ὀδυσσέα
1538 4260 1682 4327 παρά
1724 4261 1834 4310 Κύ-

263 4345 489 4406 κλὸπος.
537 4345 804 4397 Ἀπέθανε
860 4347 960 4414 μέν
1005 4365 1086 4399 τοι
1120 4348 1178 4411 ἐξ
1229 4349 1410 4400 αὐτῶν
1454 4350 1652 4415 οὐδεὶς,
1699 4351 1834 4403 ἀλλὰ

265 4438 477 4507 χρόνων
548 4437 776 4505 ὓστερον
857 4440 976 4491 κατ’
1037 4441 1251 4502 ὀλίγως
1317 4442 1396 4503 είς
1455 4441 1835 4512 Διδυμότειχον

542 4162 709 4228 ὀλίγῳ
772 4165 1205 4232 προσηνέστεροι]
1266 4166 1624 4235 ἐξενίσθησαν
1685 4170 1849 4236 napi"

1940 1964 2248 2009 cesserunt.
2279 1955 2347 2008 At
2407 1955 2482 2009 illi
2509 1971 2690 2009 rerum
2737 1967 2981 2026 egestate
3031 1957 3226 2021 coacti,
3262 1961 3513 2026 quamvis

1941 2046 2180 2100 maxime
2243 2047 2460 2101 caeteris
2519 2047 2864 2101 formidanda
2917 2049 3118 2102 audere
3193 2049 3513 2118 peditesque

1940 2136 2235 2206 aliquando
2276 2139 2463 2208 plures
2506 2138 2781 2206 ducentis,
2835 2149 2889 2194 et
2917 2141 3135 2210 equites
3175 2141 3260 2195 his
3286 2141 3511 2210 paucio-

1943 2246 2031 2284 res
2056 2230 2120 2284 ad
2153 2231 2514 2300 praedandum
2552 2235 2776 2302 egressi,
2828 2234 3092 2304 frigorum
3143 2234 3196 2286 vi
3231 2233 3310 2288 sic
3341 2234 3510 2287 amic-

1942 2323 2037 2375 tati
2070 2335 2220 2386 sunt,
2251 2334 2310 2378 ut
2354 2324 2467 2395 jam
2502 2326 2714 2379 viribus
2744 2326 3080 2391 deﬁcientes,
3126 2327 3270 2381 ultro
3315 2327 3382 2380 ad
3415 2327 3513 2379 bo-

1941 2422 2056 2468 stes
2083 2412 2380 2484 confugere
2415 2413 2900 2483 compellerentur.
2939 2416 3074 2468 Cum
3100 2416 3286 2486 itaque
3303 2416 3514 2488 pedites

1946 2505 2109 2559 simul
2151 2506 2204 2560 in
2249 2506 2572 2576 oppidulum
2611 2507 2866 2562 Lititzatn
2905 2509 3211 2570 venissent.
3249 2510 3512 2578 quoniam

1943 2599 2232 2668 praefectus
2275 2600 2489 2655 occulte
2537 2599 2919 2656 Cantacuzeno
2990 2600 3229 2667 favebat,
3285 2603 3340 2657 in
3391 2603 3514 2655 unis

1941 2692 2175 2755 aedibus,
2207 2694 2360 2762 quasi
2394 2695 2446 2748 in
2483 2694 2730 2749 custodia
2764 2695 3064 2760 conclusis.
3115 2705 3171 2750 et
3224 2695 3510 2750 luculento

1943 2782 2064 2839 loco
2096 2785 2329 2853 aliisque
2367 2787 2698 2840 necessariis
2733 2788 3020 2848 recreatis,
3056 2793 3179 2856 post
3207 2785 3355 2842 diem
3399 2797 3509 2840 tero

1943 2875 2081 2928 tium
2105 2875 2283 2930 libens
2313 2876 2554 2946 fugiendi
2583 2877 2794 2945 cupiam
2834 2877 2963 2932 fecit
2996 2895 3011 2941 ;
3042 2878 3134 2947 qui
3164 2877 3330 2932 simul
3386 2893 3510 2930 om-

1942 2979 2041 3020 nes
2095 2965 2534 3036 Didyntotichum
2608 2969 2913 3022 redierunt.
2969 2967 3103 3023 Inde
3159 2969 3362 3040 hospes
3420 2969 3511 3022 ille

1943 3055 2084 3123 apud
2117 3056 2367 3111 inimicos
2409 3058 2756 3126 imperatoris
2795 3059 3104 3114 incrimine
3151 3059 3272 3113 fuit.
3306 3060 3506 3113 Verum

1943 3147 2222 3215 equitibus
2255 3149 2375 3203 aliis
2400 3151 2507 3204 alio
2535 3150 2821 3218 dispersis,
2859 3152 3105 3207 nonnulli
3133 3162 3186 3205 et
3209 3151 3506 3223 benignum

1953 3245 2243 3310 -lOSpltltlt‘ll
2287 3254 2630 3312 repererunt,
2660 3253 2715 3296 et
2754 3245 2874 3298 sine
2907 3243 3067 3299 noxia
3101 3247 3323 3299 domum
3353 3261 3510 3304 reve-

1944 3343 2168 3407 nerunt,
2200 3334 2393 3386 amicis
2423 3335 2766 3405 imperatoris
2793 3351 2986 3397 eorum
3019 3337 3181 3393 saluti
3226 3337 3508 3407 opitulan-

1943 3424 2122 3477 tibus:
2167 3425 2286 3492 plur
2309 3441 2350 3477 :s
2375 3434 2558 3479 autem
2591 3425 2752 3494 paulo
2787 3426 3104 3503 humanius,
3135 3442 3297 3495 quam
3338 3426 3414 3479 illi
3450 3428 3505 3479 in

1943 3517 2176 3584 U.i}ssctt
2213 3535 2241 3568 a
2285 3515 2517 3586 Cyclope
2559 3517 2765 3584 accepti
2823 3528 2950 3570 sunt
2990 3517 3125 3586 (l9).
3178 3519 3350 3573 Nemo
3386 3520 3506 3588 qni-

1943 3608 2064 3660 dem
2089 3609 2157 3661 ab
2210 3609 2576 3679 iisjngulatus
2606 3619 2690 3664 est
2739 3627 2753 3675 ;
2789 3616 2883 3664 sed
2914 3621 3061 3679 post
3097 3610 3321 3678 aliquod
3369 3620 3506 3662 tem-

1941 3714 2043 3767 pus
2067 3700 2243 3768 pauci,
2277 3701 2426 3765 nudi,
2459 3709 2514 3753 et
2546 3701 2711 3754 multa
2747 3717 3011 3770 perpessu
3037 3701 3233 3754 acerba
3262 3702 3496 3770 experti.

1943 3792 2383 3862 Didymotichum
2424 3804 2779 3845 revencrnnt.
2821 3794 2955 3847 Veie
2989 3794 3100 3864 jam
3150 3795 3383 3858 ridente,
3421 3795 3507 3847 lli-

1941 3887 2144 3956 dymoti
2171 3887 2388 3939 'benses
2433 3885 2687 3940 Thracia:
2725 3888 2922 3956 oppida
2980 3886 3185 3940 adoriri
3228 3902 3290 3941 ac
3337 3887 3507 3954 depo-

1941 3979 2136 4045 pulari,
2178 3987 2236 4030 ut
2273 3992 2461 4030 eorum
2506 3979 2788 4045 complura
2835 3979 3072 4033 assiduis
3123 3980 3502 4047 impressioni-

1943 4069 2040 4122 bus
2102 4085 2164 4122 ac
2223 4070 2718 4138 deprwdntionibus
2775 4071 2991 4139 fatigata
3048 4086 3113 4124 ac
3160 4070 3506 4138 desperantia

1940 4163 2005 4215 ad
2030 4163 2438 4230 imperatricem
2483 4162 2694 4215 lrcnem
2731 4164 2964 4216 transire
2992 4164 3209 4224 vellent,
3239 4162 3385 4216 etsia
3419 4163 3506 4214 Di—

1938 4251 2447 4322 dymotichensibus
2501 4267 2610 4304 non
2638 4253 3016 4322 reciperentur
3051 4293 3065 4318 ,
3134 4253 3236 4306 sibi
3269 4267 3502 4322 pereun-

1937 4348 2065 4399 dum
2097 4346 2436 4407 dicentibus,
2465 4343 2509 4397 si
2540 4355 2870 4399 annuerent.
2903 4345 3023 4399 Non
3050 4345 3194 4397 enim
3221 4342 3499 4398 abundare

1938 4439 2288 4508 prwsidiariis
2310 4482 2324 4502 ,
2355 4453 2492 4508 quos
2525 4438 2652 4506 ipsis
2685 4439 2926 4491 tutandis
2956 4438 3171 4498 darent,
3199 4445 3252 4490 et
3281 4450 3338 4489 se
3360 4434 3498 4488 fatue

261 4527 422 4592 αὖθις
491 4532 767 4598 ἐπανῆκον
832 4533 1032 4599 γυμνοὶ
1094 4535 1232 4599 μετὰ
1303 4537 1500 4602 πεῖραν
1562 4535 1828 4602 ἀλγεινῶν

1940 4532 2241 4587 cruciatum
2295 4532 2384 4604 iri,
2451 4531 2554 4583 nisi
2615 4531 2828 4584 vicinos
2883 4529 3184 4598 deprredari
3268 4528 3491 4589 llceret;

263 4622 500 4675 πολλῶν.
538 4624 740 4692 Ἐαρος
773 4624 826 4674 δὲ
873 4625 973 4692 ἤδη
1028 4627 1363 4693 ἀρχομένου,
1406 4627 1459 4680 οἵ
1495 4645 1552 4678 τε
1585 4632 1646 4679 ἐκ
1679 4630 1833 4680 Διδυ-

265 4718 523 4783 μοτείχου
571 4714 810 4782 ἐπῄεσαν
868 4719 987 4775 ταῖς
1052 4717 1193 4767 κατά
1239 4715 1461 4786 Θρᾴκην
1499 4718 1707 4781 πόλεσι,
1739 4721 1834 4773 καὶ

265 4807 453 4868 κακῶς
511 4807 732 4856 ἐποίουν
794 4807 1125 4876 ληϊζόμενοι,
1167 4808 1241 4868 ὡς
1270 4811 1362 4858 καὶ
1415 4809 1615 4869 πολλὰς
1652 4811 1833 4863 αὐτῶν

259 4898 402 4966 ττρὲς
435 4898 529 4958 τὰς
559 4900 805 4965 συνεχεῖς
854 4899 1077 4964 ἐφόδους
1119 4901 1211 4950 καὶ
1240 4901 1338 4960 τὰς
1379 4900 1632 4969 λῃστείας
1669 4902 1830 4954 ἀπει-

262 4990 499 5058 ρηκυίας
522 5031 535 5051 ,
586 4994 652 5058 τῇ
707 4989 940 5058 βασιλίδι
976 4991 1178 5060 Εἰρήνη
1211 4991 1415 5042 ἐθέλειν
1452 4997 1792 5060 προσχωρεῖν
1815 5011 1826 5022 “

261 5083 371 5135 κᾶν
418 5085 465 5134 οἱ
513 5085 570 5134 ἐν
625 5083 992 5150 Διδυμοτείχῳ
1058 5082 1132 5150 μὴ
1186 5085 1468 5152 ἐδέχοντο,
1511 5088 1830 5142 ἀπολεῖσθαι

260 5178 564 5242 φάσκοντες
600 5176 647 5225 εί
679 5174 969 5226 πείθοιντο.
996 5173 1132 5226 Οὔτε
1161 5176 1268 5244 γὰρ
1302 5177 1554 5245 εὐπορεῖν
1579 5180 1832 5248 φρουρῶν

256 5269 309 5320 οἳ
343 5270 510 5329 αὑτὰς
542 5267 893 5334 υυλαξουσιν,
929 5268 1082 5318 αὐτοί
1119 5284 1176 5318 τε
1198 5268 1342 5337 λιμῷ
1365 5269 1805 5339 ταλαιπωρήσειν

1931 4626 2078 4679 aliud
2109 4626 2254 4679 enim
2286 4627 2499 4678 nullum
2521 4633 2809 4693 suppetere
2842 4622 2908 4675 ad
2962 4623 3124 4675 vitam
3162 4621 3492 4675 tolerandam

1931 4715 2258 4770 subsidium.
2310 4714 2553 4785 Byzantii
2612 4729 2741 4768 vero
2769 4714 2980 4774 urbem,
3007 4721 3298 4780 quantum
3338 4719 3495 4778 pote-

1940 4818 2088 4872 rant,
2123 4807 2472 4878 allligebant,
2503 4816 2559 4860 et
2599 4806 3010 4861 Cantacuzenus
3045 4805 3344 4872 imperator
3391 4805 3494 4853 ite-

1935 4916 2056 4953 rum
2090 4901 2286 4954 eodem
2315 4899 2496 4952 redire
2538 4897 2786 4967 parabat,
2836 4896 2924 4949 cui
2978 4895 3166 4949 Crales
3209 4893 3494 4965 auxilium,

1937 4991 2030 5046 sed
2073 5006 2173 5044 nec
2224 5005 2481 5060 magnum
2528 4999 2584 5043 et
2632 4989 2886 5058 ignavum
2931 4987 3282 5056 adjungebat.
3315 4985 3493 5050 Quare

1939 5084 2107 5136 variis
2138 5083 2430 5136 distractus
2475 5082 2922 5150 cogitationibus,
2971 5082 3165 5149 plenus
3223 5090 3342 5132 erat
3387 5079 3493 5130 dn-

1939 5175 2246 5239 bitationis,
2297 5175 2498 5243 ecquid
2570 5175 2856 5228 reformata
2889 5174 3257 5226 Romanorum
3299 5181 3491 5240 poten-

1939 5270 2011 5322 tia
2040 5270 2095 5321 in
2128 5267 2401 5321 Triballos
2431 5269 2654 5330 rediret,
2692 5283 2757 5319 an
2791 5281 2913 5319 cum
2959 5276 3067 5318 tam
3115 5269 3310 5334 exiguo
3345 5264 3493 5316 timi-

1490 5408 1704 5469 Jacobi
1741 5411 2002 5473 Pontani
2033 5419 2221 5471 notm.

333 5536 443 5602 (l9)
498 5536 627 5587 V'nle
668 5535 850 5602 Odyss.
879 5549 934 5602 η,
968 5535 1428 5600 quemaJmodunt
1465 5547 1770 5590 tractentur
1801 5554 1830 5592 a

257 5608 600 5676 Polypheth
650 5605 858 5676 Ulyssis
907 5605 1065 5676 socii.
1119 5605 1249 5657 Vide
1305 5606 1468 5676 etiam
1521 5617 1829 5660 extremum

255 5673 482 5730 tertium
533 5673 745 5727 .Eneid.
792 5684 864 5734 et,
915 5673 957 5724 si
1014 5677 1265 5742 placebit,
1318 5675 1472 5726 Ovid.
1518 5691 1602 5726 xtv
1660 5676 1831 5729 Meta-

259 5748 466 5813 morph.
505 5754 569 5798 ..ιι
596 5761 661 5794 eo
690 5749 826 5805 loco,
863 5742 1003 5806 Quid
1033 5746 1159 5795 mihi
1191 5755 1311 5795 tunc
1343 5747 1545 5806 animi,
1581 5757 1683 5798 etc.

323 5818 488 5869 l'aulo
507 5816 798 5869 humanius
823 5817 991 5867 fuisse
1013 5817 1222 5867 habitus
1246 5819 1399 5880 dicit,
1422 5819 1575 5884 «ptasi
1596 5817 1826 5881 dtCCl'Cl,

1941 5549 2153 5610 tantum
2186 5556 2293 5593 non
2325 5542 2487 5594 etiam
2522 5542 2588 5594 ab
2625 5542 2730 5594 illis
2759 5542 2998 5595 devorati
3032 5549 3178 5596 sunt.
3222 5540 3366 5610 quod
3393 5557 3488 5593 so-

1941 5611 2039 5662 ciis
2098 5609 2301 5679 Ulyssis
2336 5614 2568 5664 ίιιιςιι-ιιιιι
2606 5613 2736 5664 illud
2784 5622 3084 5664 monstrum
3133 5613 3484 5675 horrendum,

1939 5680 2194 5743 informe,
2246 5683 2457 5749 ingens.
2514 5680 2823 5737 “sci-ribus
2873 5687 3015 5736 enim
3055 5684 3396 5748 miserorum,
3432 5694 3485 5736 ut

1939 5753 2203 5820 sanguine.
2240 5764 2356 5805 atro
2393 5755 2723 5806 νιεειιιιςείιιτ.
