  <div class='ocr_page' id='page_1' title='image "/cluster/home/n/w/nwhite01/storage/ocr_20150623/153/nnc1.0046981039/528.png"; bbox 0 0 4166 6436; ppageno 0'>
   <div class='ocr_carea' id='block_1_1' title="bbox 244 420 382 484">
    <p class='ocr_par' dir='ltr' id='par_1_1' title="bbox 244 420 382 484">
     <span class='ocr_line' id='line_1_1' title="bbox 244 420 382 484; baseline -0.014 0"><span class='ocrx_word' id='word_1_1' title='bbox 244 420 382 484; x_wconf 71' lang='grc'><strong>1045</strong></span> 
     </span>
    </p>
   </div>
   <div class='ocr_carea' id='block_1_2' title="bbox 1363 422 2345 487">
    <p class='ocr_par' dir='ltr' id='par_1_2' title="bbox 1363 422 2345 487">
     <span class='ocr_line' id='line_1_2' title="bbox 1363 422 2345 487; baseline 0 -2"><span class='ocrx_word' id='word_1_2' title='bbox 1363 424 1909 487; x_wconf 82' lang='lat' dir='ltr'><strong>HISTORIARUM</strong></span> <span class='ocrx_word' id='word_1_3' title='bbox 1952 424 2186 486; x_wconf 80' lang='lat' dir='ltr'><strong>LIBER</strong></span> <span class='ocrx_word' id='word_1_4' title='bbox 2229 422 2345 485; x_wconf 84' lang='lat' dir='ltr'><strong>III.</strong></span> 
     </span>
    </p>
   </div>
   <div class='ocr_carea' id='block_1_3' title="bbox 3332 419 3469 485">
    <p class='ocr_par' dir='ltr' id='par_1_3' title="bbox 3332 419 3469 485">
     <span class='ocr_line' id='line_1_3' title="bbox 3332 419 3469 485; baseline -0.036 0"><span class='ocrx_word' id='word_1_5' title='bbox 3332 419 3469 485; x_wconf 69' lang='lat' dir='ltr'><strong>1M6</strong></span> 
     </span>
    </p>
   </div>
   <div class='ocr_carea' id='block_1_4' title="bbox 237 528 1792 603">
    <p class='ocr_par' dir='ltr' id='par_1_4' title="bbox 237 529 1792 603">
     <span class='ocr_line' id='line_1_4' title="bbox 237 529 1792 603; baseline 0.002 -24"><span class='ocrx_word' id='word_1_6' title='bbox 237 529 523 597; x_wconf 76' lang='grc' dir='ltr'>εχώρησαν</span> <span class='ocrx_word' id='word_1_7' title='bbox 586 530 820 601; x_wconf 76' lang='grc' dir='ltr'>βασιλεῖ,</span> <span class='ocrx_word' id='word_1_8' title='bbox 866 532 962 585; x_wconf 81' lang='grc' dir='ltr'>καὶ</span> <span class='ocrx_word' id='word_1_9' title='bbox 1009 532 1109 603; x_wconf 77' lang='grc' dir='ltr'>ἠδη</span> <span class='ocrx_word' id='word_1_10' title='bbox 1163 532 1340 601; x_wconf 78' lang='grc' dir='ltr'>ἑαυτῷ</span> <span class='ocrx_word' id='word_1_11' title='bbox 1368 532 1606 599; x_wconf 80' lang='grc' dir='ltr'><strong>⁸ἀμύνειν</strong></span> <span class='ocrx_word' id='word_1_12' title='bbox 1654 529 1792 599; x_wconf 73' lang='grc' dir='ltr'>ἑώρα</span> 
     </span>
    </p>
   </div>
   <div class='ocr_carea' id='block_1_5' title="bbox 1895 528 3467 603">
    <p class='ocr_par' dir='ltr' id='par_1_5' title="bbox 1903 528 3467 598">
     <span class='ocr_line' id='line_1_5' title="bbox 1903 528 3467 598; baseline -0.002 -13"><span class='ocrx_word' id='word_1_13' title='bbox 1903 530 1958 586; x_wconf 91' lang='lat' dir='ltr'><strong>in</strong></span> <span class='ocrx_word' id='word_1_14' title='bbox 1998 531 2424 589; x_wconf 72' lang='lat' dir='ltr'><strong>amaritudinem</strong></span> <span class='ocrx_word' id='word_1_15' title='bbox 2485 540 2774 598; x_wconf 87' lang='lat' dir='ltr'><strong>conversa,</strong></span> <span class='ocrx_word' id='word_1_16' title='bbox 2822 540 2997 587; x_wconf 77' lang='lat' dir='ltr'><strong>semet</strong></span> <span class='ocrx_word' id='word_1_17' title='bbox 3042 528 3277 593; x_wconf 89' lang='lat' dir='ltr'><strong>incusat,</strong></span> <span class='ocrx_word' id='word_1_18' title='bbox 3322 528 3467 598; x_wconf 92' lang='lat' dir='ltr'><strong>quod</strong></span> 
     </span>
    </p>
   </div>
   <div class='ocr_carea' id='block_1_6' title="bbox 232 617 1797 693">
    <p class='ocr_par' dir='ltr' id='par_1_6' title="bbox 232 617 1797 693">
     <span class='ocr_line' id='line_1_6' title="bbox 232 617 1797 693; baseline 0.004 -25"><span class='ocrx_word' id='word_1_19' title='bbox 232 617 479 680; x_wconf 79' lang='grc' dir='ltr'>δυνατὸν,</span> <span class='ocrx_word' id='word_1_20' title='bbox 503 619 561 684; x_wconf 78' lang='grc' dir='ltr'>ἐξ</span> <span class='ocrx_word' id='word_1_21' title='bbox 594 621 848 688; x_wconf 74' lang='grc' dir='ltr'><strong>οὐδεμιᾶς</strong></span> <span class='ocrx_word' id='word_1_22' title='bbox 881 622 1200 690; x_wconf 79' lang='grc' dir='ltr'>μεταὸαλὼν</span> <span class='ocrx_word' id='word_1_23' title='bbox 1228 627 1427 686; x_wconf 75' lang='grc' dir='ltr'>αἰτίας,</span> <span class='ocrx_word' id='word_1_24' title='bbox 1466 627 1565 693; x_wconf 77' lang='grc' dir='ltr'>τὴν</span> <span class='ocrx_word' id='word_1_25' title='bbox 1601 623 1797 692; x_wconf 75' lang='grc' dir='ltr'>προτέ-</span> 
     </span>
    </p>
   </div>
   <div class='ocr_carea' id='block_1_7' title="bbox 236 710 1796 789">
    <p class='ocr_par' dir='ltr' id='par_1_7' title="bbox 236 710 1796 789">
     <span class='ocr_line' id='line_1_7' title="bbox 236 710 1796 789; baseline 0.007 -31"><span class='ocrx_word' id='word_1_26' title='bbox 236 719 335 773; x_wconf 82' lang='grc' dir='ltr'><strong>ραν</strong></span> <span class='ocrx_word' id='word_1_27' title='bbox 360 710 544 775; x_wconf 74' lang='grc' dir='ltr'>φιλίαν</span> <span class='ocrx_word' id='word_1_28' title='bbox 573 714 652 773; x_wconf 82' lang='grc' dir='ltr'><strong>εἰς</strong></span> <span class='ocrx_word' id='word_1_29' title='bbox 684 714 911 783; x_wconf 85' lang='grc' dir='ltr'>πικρίαν</span> <span class='ocrx_word' id='word_1_30' title='bbox 936 715 1505 789; x_wconf 52' lang='grc' dir='ltr'>μεταμείψαςνλὲαυτῷ</span> <span class='ocrx_word' id='word_1_31' title='bbox 1535 733 1589 768; x_wconf 80' lang='grc' dir='ltr'><strong>τε</strong></span> <span class='ocrx_word' id='word_1_32' title='bbox 1624 717 1796 782; x_wconf 72' lang='grc' dir='ltr'>ὲμέμο</span> 
     </span>
    </p>
   </div>
   <div class='ocr_carea' id='block_1_8' title="bbox 234 800 1795 874">
    <p class='ocr_par' dir='ltr' id='par_1_8' title="bbox 234 800 1795 874">
     <span class='ocr_line' id='line_1_8' title="bbox 234 800 1795 874; baseline -0.003 -12"><span class='ocrx_word' id='word_1_33' title='bbox 234 814 365 862; x_wconf 73' lang='grc' dir='ltr'>φετο</span> <span class='ocrx_word' id='word_1_34' title='bbox 392 800 486 853; x_wconf 79' lang='grc' dir='ltr'>τοῦ</span> <span class='ocrx_word' id='word_1_35' title='bbox 519 802 593 874; x_wconf 78' lang='grc' dir='ltr'>μὴ</span> <span class='ocrx_word' id='word_1_36' title='bbox 622 803 844 874; x_wconf 82' lang='grc' dir='ltr'>βασιλέα</span> <span class='ocrx_word' id='word_1_37' title='bbox 875 808 1304 874; x_wconf 79' lang='grc' dir='ltr'>παρακατέχειν,</span> <span class='ocrx_word' id='word_1_38' title='bbox 1339 808 1429 859; x_wconf 75' lang='grc' dir='ltr'>καὶ</span> <span class='ocrx_word' id='word_1_39' title='bbox 1465 808 1640 859; x_wconf 82' lang='grc' dir='ltr'>πάντα</span> <span class='ocrx_word' id='word_1_40' title='bbox 1670 808 1795 874; x_wconf 63' lang='grc' dir='ltr'>τρόέ</span> 
     </span>
    </p>
   </div>
   <div class='ocr_carea' id='block_1_9' title="bbox 234 889 1791 966">
    <p class='ocr_par' dir='ltr' id='par_1_9' title="bbox 234 889 1791 966">
     <span class='ocr_line' id='line_1_9' title="bbox 234 889 1791 966; baseline 0.012 -32"><span class='ocrx_word' id='word_1_41' title='bbox 234 902 334 936; x_wconf 69' lang='grc' dir='ltr'><strong>πον</strong></span> <span class='ocrx_word' id='word_1_42' title='bbox 363 889 462 958; x_wconf 84' lang='grc' dir='ltr'>τὴν</span> <span class='ocrx_word' id='word_1_43' title='bbox 490 889 722 961; x_wconf 80' lang='grc' dir='ltr'>δύναμιν</span> <span class='ocrx_word' id='word_1_44' title='bbox 756 896 1019 964; x_wconf 72' lang='grc' dir='ltr'>ἐπειρᾶτο</span> <span class='ocrx_word' id='word_1_45' title='bbox 1061 897 1369 949; x_wconf 70' lang='grc' dir='ltr'>καταλύειν*</span> <span class='ocrx_word' id='word_1_46' title='bbox 1403 899 1496 950; x_wconf 73' lang='grc' dir='ltr'>καὶ</span> <span class='ocrx_word' id='word_1_47' title='bbox 1549 898 1791 966; x_wconf 76' lang='grc' dir='ltr'>πέμψας.</span> 
     </span>
    </p>
   </div>
   <div class='ocr_carea' id='block_1_10' title="bbox 230 980 1796 1061">
    <p class='ocr_par' dir='ltr' id='par_1_10' title="bbox 230 980 1796 1061">
     <span class='ocr_line' id='line_1_10' title="bbox 230 980 1796 1061; baseline 0.01 -33"><span class='ocrx_word' id='word_1_48' title='bbox 230 980 543 1035; x_wconf 56' lang='grc' dir='ltr'>ἀνεκαλεῖτο</span> <span class='ocrx_word' id='word_1_49' title='bbox 577 987 702 1048; x_wconf 76' lang='grc' dir='ltr'>τοὺς</span> <span class='ocrx_word' id='word_1_50' title='bbox 727 987 889 1050; x_wconf 80' lang='grc' dir='ltr'>ίδίους</span> <span class='ocrx_word' id='word_1_51' title='bbox 914 989 1275 1058; x_wconf 65' lang='grc' dir='ltr'><strong>μισθοφόρους</strong></span> <span class='ocrx_word' id='word_1_52' title='bbox 1296 992 1356 1042; x_wconf 82' lang='grc' dir='ltr'>οὐ</span> <span class='ocrx_word' id='word_1_53' title='bbox 1383 992 1479 1061; x_wconf 82' lang='grc' dir='ltr'>τὴν</span> <span class='ocrx_word' id='word_1_54' title='bbox 1501 988 1796 1060; x_wconf 68' lang='grc' dir='ltr'>ἀπέχθειαν</span> 
     </span>
    </p>
   </div>
   <div class='ocr_carea' id='block_1_11' title="bbox 227 1069 1791 1148">
    <p class='ocr_par' dir='ltr' id='par_1_11' title="bbox 227 1069 1791 1148">
     <span class='ocr_line' id='line_1_11' title="bbox 227 1069 1791 1148; baseline 0.01 -29"><span class='ocrx_word' id='word_1_55' title='bbox 227 1069 520 1133; x_wconf 75' lang='grc' dir='ltr'>ἐκφαίνων,</span> <span class='ocrx_word' id='word_1_56' title='bbox 558 1073 671 1148; x_wconf 69' lang='grc' dir='ltr'>αλλ’</span> <span class='ocrx_word' id='word_1_57' title='bbox 700 1076 891 1143; x_wconf 80' lang='grc' dir='ltr'>ἑτέρας</span> <span class='ocrx_word' id='word_1_58' title='bbox 922 1080 1073 1138; x_wconf 73' lang='grc' dir='ltr'>τινὰς</span> <span class='ocrx_word' id='word_1_59' title='bbox 1100 1082 1566 1148; x_wconf 70' lang='grc' dir='ltr'>προφασιζόμενος</span> <span class='ocrx_word' id='word_1_60' title='bbox 1592 1082 1791 1145; x_wconf 84' lang='grc' dir='ltr'>αίτίας·</span> 
     </span>
    </p>
   </div>
   <div class='ocr_carea' id='block_1_12' title="bbox 228 1158 1795 1243">
    <p class='ocr_par' dir='ltr' id='par_1_12' title="bbox 228 1158 1795 1243">
     <span class='ocr_line' id='line_1_12' title="bbox 228 1158 1795 1243; baseline 0.01 -34"><span class='ocrx_word' id='word_1_61' title='bbox 228 1158 446 1230; x_wconf 73' lang='grc' dir='ltr'>Μιχαὴλ</span> <span class='ocrx_word' id='word_1_62' title='bbox 507 1179 564 1215; x_wconf 90' lang='grc' dir='ltr'><strong>τε</strong></span> <span class='ocrx_word' id='word_1_63' title='bbox 630 1166 961 1237; x_wconf 79' lang='grc' dir='ltr'>Μονομάχῳ,</span> <span class='ocrx_word' id='word_1_64' title='bbox 1011 1171 1235 1239; x_wconf 82' lang='grc' dir='ltr'>μεγάλῳ</span> <span class='ocrx_word' id='word_1_65' title='bbox 1300 1172 1645 1242; x_wconf 81' lang='grc' dir='ltr'>κονοσταύλῳ</span> <span class='ocrx_word' id='word_1_66' title='bbox 1697 1174 1795 1243; x_wconf 79' lang='grc' dir='ltr'>τὴν</span> 
     </span>
    </p>
   </div>
   <div class='ocr_carea' id='block_1_13' title="bbox 224 1249 1793 1332">
    <p class='ocr_par' dir='ltr' id='par_1_13' title="bbox 224 1249 1793 1332">
     <span class='ocr_line' id='line_1_13' title="bbox 224 1249 1793 1332; baseline 0.013 -32"><span class='ocrx_word' id='word_1_67' title='bbox 224 1249 383 1314; x_wconf 74' lang='grc' dir='ltr'>ἀξίαν</span> <span class='ocrx_word' id='word_1_68' title='bbox 415 1253 546 1321; x_wconf 79' lang='grc' dir='ltr'>ὄντι,</span> <span class='ocrx_word' id='word_1_69' title='bbox 581 1256 983 1331; x_wconf 82' lang='grc' dir='ltr'><strong>Θεσσαλονίκης</strong></span> <span class='ocrx_word' id='word_1_70' title='bbox 1017 1263 1136 1314; x_wconf 86' lang='grc' dir='ltr'>τότε</span> <span class='ocrx_word' id='word_1_71' title='bbox 1178 1264 1399 1332; x_wconf 79' lang='grc' dir='ltr'>ἄρχοντι</span> <span class='ocrx_word' id='word_1_72' title='bbox 1438 1266 1793 1321; x_wconf 73' lang='grc' dir='ltr'>συνεϐούλευε</span> 
     </span>
    </p>
   </div>
   <div class='ocr_carea' id='block_1_14' title="bbox 226 1344 1794 1428">
    <p class='ocr_par' dir='ltr' id='par_1_14' title="bbox 226 1344 1794 1428">
     <span class='ocr_line' id='line_1_14' title="bbox 226 1344 1794 1428; baseline 0.013 -35"><span class='ocrx_word' id='word_1_73' title='bbox 226 1344 448 1412; x_wconf 78' lang='grc' dir='ltr'>πέμψας</span> <span class='ocrx_word' id='word_1_74' title='bbox 478 1350 618 1400; x_wconf 72' lang='grc' dir='ltr'>κατὰ</span> <span class='ocrx_word' id='word_1_75' title='bbox 650 1349 917 1418; x_wconf 83' lang='grc' dir='ltr'>βασιλέως</span> <span class='ocrx_word' id='word_1_76' title='bbox 947 1357 1145 1424; x_wconf 81' lang='grc' dir='ltr'>χωρεῖν</span> <span class='ocrx_word' id='word_1_77' title='bbox 1168 1357 1257 1409; x_wconf 81' lang='grc' dir='ltr'>καὶ</span> <span class='ocrx_word' id='word_1_78' title='bbox 1293 1358 1369 1427; x_wconf 78' lang='grc' dir='ltr'>μὴ</span> <span class='ocrx_word' id='word_1_79' title='bbox 1400 1358 1603 1428; x_wconf 86' lang='grc' dir='ltr'>σφόδρα</span> <span class='ocrx_word' id='word_1_80' title='bbox 1632 1361 1794 1414; x_wconf 78' lang='grc' dir='ltr'>δεδιέ-</span> 
     </span>
    </p>
   </div>
   <div class='ocr_carea' id='block_1_15' title="bbox 223 1436 1792 1520">
    <p class='ocr_par' dir='ltr' id='par_1_15' title="bbox 223 1436 1792 1520">
     <span class='ocr_line' id='line_1_15' title="bbox 223 1436 1792 1520; baseline 0.015 -37"><span class='ocrx_word' id='word_1_81' title='bbox 223 1452 334 1510; x_wconf 55' lang='grc' dir='ltr'>ναξ,</span> <span class='ocrx_word' id='word_1_82' title='bbox 361 1436 532 1499; x_wconf 74' lang='grc' dir='ltr'>ἄλλως</span> <span class='ocrx_word' id='word_1_83' title='bbox 568 1455 626 1491; x_wconf 85' lang='grc' dir='ltr'><strong>τε</strong></span> <span class='ocrx_word' id='word_1_84' title='bbox 653 1440 732 1492; x_wconf 74' lang='grc' dir='ltr'>ἔτι</span> <span class='ocrx_word' id='word_1_85' title='bbox 773 1442 960 1511; x_wconf 79' lang='grc' dir='ltr'>ὀλίγην</span> <span class='ocrx_word' id='word_1_86' title='bbox 1009 1450 1349 1514; x_wconf 82' lang='grc' dir='ltr'><strong>κεκτημένον</strong></span> <span class='ocrx_word' id='word_1_87' title='bbox 1395 1450 1649 1520; x_wconf 81' lang='grc' dir='ltr'>δύναμιν,</span> <span class='ocrx_word' id='word_1_88' title='bbox 1697 1454 1792 1506; x_wconf 81' lang='grc' dir='ltr'>καὶ</span> 
     </span>
    </p>
   </div>
   <div class='ocr_carea' id='block_1_16' title="bbox 222 1524 1791 1609">
    <p class='ocr_par' dir='ltr' id='par_1_16' title="bbox 222 1524 1791 1609">
     <span class='ocr_line' id='line_1_16' title="bbox 222 1524 1791 1609; baseline 0.015 -34"><span class='ocrx_word' id='word_1_89' title='bbox 222 1524 286 1575; x_wconf 87' lang='grc' dir='ltr'><strong>τδ</strong></span> <span class='ocrx_word' id='word_1_90' title='bbox 316 1527 603 1595; x_wconf 76' lang='grc' dir='ltr'>κράτιστον</span> <span class='ocrx_word' id='word_1_91' title='bbox 631 1533 729 1601; x_wconf 84' lang='grc' dir='ltr'>τῆς</span> <span class='ocrx_word' id='word_1_92' title='bbox 760 1524 1038 1604; x_wconf 76' lang='grc' dir='ltr'><strong>παρούσης</strong></span> <span class='ocrx_word' id='word_1_93' title='bbox 1069 1539 1470 1609; x_wconf 85' lang='grc' dir='ltr'>ὑφαιρούμενον</span> <span class='ocrx_word' id='word_1_94' title='bbox 1498 1544 1589 1595; x_wconf 86' lang='grc' dir='ltr'><strong>ὑπ’</strong></span> <span class='ocrx_word' id='word_1_95' title='bbox 1625 1546 1791 1600; x_wconf 82' lang='grc' dir='ltr'>αὐτοῦ</span> 
     </span>
    </p>
   </div>
   <div class='ocr_carea' id='block_1_17' title="bbox 223 1616 1791 1705">
    <p class='ocr_par' dir='ltr' id='par_1_17' title="bbox 223 1616 1791 1705">
     <span class='ocr_line' id='line_1_17' title="bbox 223 1616 1791 1705; baseline 0.019 -43"><span class='ocrx_word' id='word_1_96' title='bbox 223 1616 361 1671; x_wconf 82' lang='grc' dir='ltr'>νυνί.</span> <span class='ocrx_word' id='word_1_97' title='bbox 402 1617 539 1681; x_wconf 80' lang='grc' dir='ltr'>Τοὺς</span> <span class='ocrx_word' id='word_1_98' title='bbox 593 1623 700 1692; x_wconf 82' lang='grc' dir='ltr'>γὰρ</span> <span class='ocrx_word' id='word_1_99' title='bbox 748 1629 1168 1695; x_wconf 73' lang='grc' dir='ltr'><strong>καταφράκτους</strong></span> <span class='ocrx_word' id='word_1_100' title='bbox 1218 1631 1486 1696; x_wconf 82' lang='grc' dir='ltr'><strong>Λατίνους</strong></span> <span class='ocrx_word' id='word_1_101' title='bbox 1537 1635 1631 1698; x_wconf 87' lang='grc' dir='ltr'><strong>οὓς</strong></span> <span class='ocrx_word' id='word_1_102' title='bbox 1668 1638 1791 1705; x_wconf 84' lang='grc' dir='ltr'>ἇγει</span> 
     </span>
    </p>
   </div>
   <div class='ocr_carea' id='block_1_18' title="bbox 222 1706 1789 1798">
    <p class='ocr_par' dir='ltr' id='par_1_18' title="bbox 222 1706 1789 1798">
     <span class='ocr_line' id='line_1_18' title="bbox 222 1706 1789 1798; baseline 0.02 -42"><span class='ocrx_word' id='word_1_103' title='bbox 222 1706 629 1798; x_wconf 76' lang='grc' dir='ltr'>ἀνακεκλῆσθαι</span> <span class='ocrx_word' id='word_1_104' title='bbox 666 1715 757 1769; x_wconf 83' lang='grc' dir='ltr'>ὐπ’</span> <span class='ocrx_word' id='word_1_105' title='bbox 782 1717 948 1772; x_wconf 84' lang='grc' dir='ltr'>αὐτοῦ</span> <span class='ocrx_word' id='word_1_106' title='bbox 976 1720 1136 1782; x_wconf 73' lang='grc' dir='ltr'>ἰδίους</span> <span class='ocrx_word' id='word_1_107' title='bbox 1165 1723 1348 1787; x_wconf 78' lang='grc' dir='ltr'>ὄντας.</span> <span class='ocrx_word' id='word_1_108' title='bbox 1386 1728 1482 1780; x_wconf 77' lang='grc' dir='ltr'>καὶ</span> <span class='ocrx_word' id='word_1_109' title='bbox 1516 1729 1589 1798; x_wconf 80' lang='grc' dir='ltr'>μὴ</span> <span class='ocrx_word' id='word_1_110' title='bbox 1618 1732 1789 1797; x_wconf 81' lang='grc' dir='ltr'>αὐξά-</span> 
     </span>
    </p>
   </div>
   <div class='ocr_carea' id='block_1_19' title="bbox 176 1797 1787 1884">
    <p class='ocr_par' dir='ltr' id='par_1_19' title="bbox 176 1797 1787 1884">
     <span class='ocr_line' id='line_1_19' title="bbox 176 1797 1787 1884; baseline 0.019 -40"><span class='ocrx_word' id='word_1_111' title='bbox 176 1802 179 1803; x_wconf 67' lang='grc'><strong><em>⁷</em></strong></span> <span class='ocrx_word' id='word_1_112' title='bbox 223 1797 413 1852; x_wconf 89' lang='grc' dir='ltr'>νεσθαι</span> <span class='ocrx_word' id='word_1_113' title='bbox 446 1802 560 1871; x_wconf 61' lang='lat' dir='ltr'><strong>Liv,</strong></span> <span class='ocrx_word' id='word_1_114' title='bbox 590 1804 726 1858; x_wconf 83' lang='grc' dir='ltr'>ἀλλὰ</span> <span class='ocrx_word' id='word_1_115' title='bbox 757 1815 1162 1881; x_wconf 83' lang='grc' dir='ltr'><strong>προεπιχειρεῖν</strong></span> <span class='ocrx_word' id='word_1_116' title='bbox 1189 1813 1295 1876; x_wconf 77' lang='grc' dir='ltr'>ἕως</span> <span class='ocrx_word' id='word_1_117' title='bbox 1326 1817 1473 1868; x_wconf 73' lang='grc' dir='ltr'>ἐστὶν</span> <span class='ocrx_word' id='word_1_118' title='bbox 1506 1818 1787 1884; x_wconf 84' lang='grc' dir='ltr'>ἀδύνατος·</span> 
     </span>
    </p>
   </div>
   <div class='ocr_carea' id='block_1_20' title="bbox 225 1890 1791 1981">
    <p class='ocr_par' dir='ltr' id='par_1_20' title="bbox 225 1890 1791 1981">
     <span class='ocr_line' id='line_1_20' title="bbox 225 1890 1791 1981; baseline 0.019 -43"><span class='ocrx_word' id='word_1_119' title='bbox 225 1892 273 1939; x_wconf 79' lang='grc' dir='ltr'><strong>εί</strong></span> <span class='ocrx_word' id='word_1_120' title='bbox 300 1890 407 1960; x_wconf 79' lang='grc' dir='ltr'>γὰρ</span> <span class='ocrx_word' id='word_1_121' title='bbox 429 1893 504 1962; x_wconf 79' lang='grc' dir='ltr'>μὴ</span> <span class='ocrx_word' id='word_1_122' title='bbox 536 1895 793 1949; x_wconf 87' lang='grc' dir='ltr'>κωλύοιτο</span> <span class='ocrx_word' id='word_1_123' title='bbox 830 1900 920 1951; x_wconf 85' lang='grc' dir='ltr'><strong>ὐπ’</strong></span> <span class='ocrx_word' id='word_1_124' title='bbox 948 1902 1147 1968; x_wconf 85' lang='grc' dir='ltr'>αὐτῶν,</span> <span class='ocrx_word' id='word_1_125' title='bbox 1178 1905 1314 1959; x_wconf 82' lang='grc' dir='ltr'><strong>ἀλλά</strong></span> <span class='ocrx_word' id='word_1_126' title='bbox 1349 1910 1645 1978; x_wconf 79' lang='grc' dir='ltr'>σωζόμενοι</span> <span class='ocrx_word' id='word_1_127' title='bbox 1691 1914 1791 1981; x_wconf 86' lang='grc' dir='ltr'>μό-</span> 
     </span>
    </p>
   </div>
   <div class='ocr_carea' id='block_1_21' title="bbox 225 1983 1792 2072">
    <p class='ocr_par' dir='ltr' id='par_1_21' title="bbox 225 1983 1792 2072">
     <span class='ocr_line' id='line_1_21' title="bbox 225 1983 1792 2072; baseline 0.018 -44"><span class='ocrx_word' id='word_1_128' title='bbox 225 1997 315 2030; x_wconf 88' lang='grc' dir='ltr'>νον</span> <span class='ocrx_word' id='word_1_129' title='bbox 362 1983 645 2071; x_wconf 80' lang='grc' dir='ltr'>ἁγαπῷεν,</span> <span class='ocrx_word' id='word_1_130' title='bbox 675 1988 923 2056; x_wconf 63' lang='grc' dir='ltr'>τάχιστα,</span> <span class='ocrx_word' id='word_1_131' title='bbox 956 1992 1252 2056; x_wconf 80' lang='grc' dir='ltr'><strong>ἐπάξεσθαι</strong></span> <span class='ocrx_word' id='word_1_132' title='bbox 1302 1997 1484 2061; x_wconf 76' lang='grc' dir='ltr'>αὐτὸν,</span> <span class='ocrx_word' id='word_1_133' title='bbox 1547 2002 1792 2072; x_wconf 78' lang='grc' dir='ltr'>μεγάλην</span> 
     </span>
    </p>
   </div>
   <div class='ocr_carea' id='block_1_22' title="bbox 222 2073 1792 2163">
    <p class='ocr_par' dir='ltr' id='par_1_22' title="bbox 222 2073 1792 2163">
     <span class='ocr_line' id='line_1_22' title="bbox 222 2073 1792 2163; baseline 0.016 -44"><span class='ocrx_word' id='word_1_134' title='bbox 222 2073 693 2163; x_wconf 75' lang='grc' dir='ltr'>περιϐεϐλημένον</span> <span class='ocrx_word' id='word_1_135' title='bbox 740 2078 987 2163; x_wconf 71' lang='grc' dir='ltr'>δύναμιν.</span> <span class='ocrx_word' id='word_1_136' title='bbox 1039 2084 1363 2155; x_wconf 82' lang='grc' dir='ltr'>Μονομὰχος</span> <span class='ocrx_word' id='word_1_137' title='bbox 1410 2088 1465 2141; x_wconf 78' lang='grc' dir='ltr'>δὲ</span> <span class='ocrx_word' id='word_1_138' title='bbox 1507 2091 1598 2142; x_wconf 76' lang='grc' dir='ltr'>καὶ</span> <span class='ocrx_word' id='word_1_139' title='bbox 1637 2092 1685 2144; x_wconf 89' lang='grc' dir='ltr'><strong>οί</strong></span> <span class='ocrx_word' id='word_1_140' title='bbox 1734 2092 1792 2143; x_wconf 69' lang='grc' dir='ltr'><strong>ἔν</strong></span> 
     </span>
    </p>
   </div>
   <div class='ocr_carea' id='block_1_23' title="bbox 222 2162 1793 2251">
    <p class='ocr_par' dir='ltr' id='par_1_23' title="bbox 222 2162 1793 2251">
     <span class='ocr_line' id='line_1_23' title="bbox 222 2162 1793 2251; baseline 0.016 -40"><span class='ocrx_word' id='word_1_141' title='bbox 222 2162 595 2239; x_wconf 73' lang='grc' dir='ltr'>θεσσσλονίκῃ</span> <span class='ocrx_word' id='word_1_142' title='bbox 628 2162 874 2224; x_wconf 21' lang='grc' dir='ltr'>τοιαῦταί</span> <span class='ocrx_word' id='word_1_143' title='bbox 895 2176 1256 2243; x_wconf 82' lang='grc' dir='ltr'>πεπυσμένοι,</span> <span class='ocrx_word' id='word_1_144' title='bbox 1293 2177 1388 2232; x_wconf 74' lang='grc' dir='ltr'>καὶ</span> <span class='ocrx_word' id='word_1_145' title='bbox 1430 2179 1669 2249; x_wconf 89' lang='grc' dir='ltr'>οἰόμενοι</span> <span class='ocrx_word' id='word_1_146' title='bbox 1699 2182 1793 2251; x_wconf 82' lang='grc' dir='ltr'><strong>βα-</strong></span> 
     </span>
    </p>
   </div>
   <div class='ocr_carea' id='block_1_24' title="bbox 225 2254 1793 2340">
    <p class='ocr_par' dir='ltr' id='par_1_24' title="bbox 225 2254 1793 2340">
     <span class='ocr_line' id='line_1_24' title="bbox 225 2254 1793 2340; baseline 0.016 -37"><span class='ocrx_word' id='word_1_147' title='bbox 225 2254 366 2306; x_wconf 78' lang='grc' dir='ltr'>σιλεῖ</span> <span class='ocrx_word' id='word_1_148' title='bbox 388 2259 840 2329; x_wconf 79' lang='grc' dir='ltr'>συνεπιθήσεσθαι</span> <span class='ocrx_word' id='word_1_149' title='bbox 864 2266 1046 2327; x_wconf 78' lang='grc' dir='ltr'>αὐτοῖς</span> <span class='ocrx_word' id='word_1_150' title='bbox 1068 2272 1159 2320; x_wconf 84' lang='grc' dir='ltr'>καὶ</span> <span class='ocrx_word' id='word_1_151' title='bbox 1192 2269 1439 2340; x_wconf 82' lang='grc' dir='ltr'>Κράλην,</span> <span class='ocrx_word' id='word_1_152' title='bbox 1463 2269 1793 2329; x_wconf 75' lang='grc' dir='ltr'><strong>ἐσκέπτοντο</strong></span> 
     </span>
    </p>
   </div>
   <div class='ocr_carea' id='block_1_25' title="bbox 222 2346 1790 2437">
    <p class='ocr_par' dir='ltr' id='par_1_25' title="bbox 222 2346 1790 2437">
     <span class='ocr_line' id='line_1_25' title="bbox 222 2346 1790 2437; baseline 0.015 -40"><span class='ocrx_word' id='word_1_153' title='bbox 222 2349 267 2397; x_wconf 88' lang='grc' dir='ltr'><strong>εί</strong></span> <span class='ocrx_word' id='word_1_154' title='bbox 298 2346 403 2418; x_wconf 78' lang='grc' dir='ltr'>χρὴ</span> <span class='ocrx_word' id='word_1_155' title='bbox 431 2350 522 2401; x_wconf 77' lang='grc' dir='ltr'><strong>ἰπὶ</strong></span> <span class='ocrx_word' id='word_1_156' title='bbox 546 2352 726 2422; x_wconf 82' lang='grc' dir='ltr'>μάχην</span> <span class='ocrx_word' id='word_1_157' title='bbox 756 2353 975 2419; x_wconf 75' lang='grc' dir='ltr'>ἐξιέναι.</span> <span class='ocrx_word' id='word_1_158' title='bbox 1014 2358 1288 2429; x_wconf 87' lang='grc' dir='ltr'>Γερμανοὶ</span> <span class='ocrx_word' id='word_1_159' title='bbox 1317 2362 1372 2415; x_wconf 86' lang='grc' dir='ltr'>δὲ</span> <span class='ocrx_word' id='word_1_160' title='bbox 1396 2365 1518 2416; x_wconf 77' lang='grc' dir='ltr'>ἐπεὶ</span> <span class='ocrx_word' id='word_1_161' title='bbox 1539 2366 1606 2418; x_wconf 77' lang='grc' dir='ltr'>τὰ</span> <span class='ocrx_word' id='word_1_162' title='bbox 1640 2370 1790 2437; x_wconf 80' lang='grc' dir='ltr'>παρᾶ</span> 
     </span>
    </p>
   </div>
   <div class='ocr_carea' id='block_1_26' title="bbox 224 2439 1793 2527">
    <p class='ocr_par' dir='ltr' id='par_1_26' title="bbox 224 2439 1793 2527">
     <span class='ocr_line' id='line_1_26' title="bbox 224 2439 1793 2527; baseline 0.016 -38"><span class='ocrx_word' id='word_1_163' title='bbox 224 2439 412 2509; x_wconf 76' lang='grc' dir='ltr'>Κράλῃ</span> <span class='ocrx_word' id='word_1_164' title='bbox 452 2440 745 2526; x_wconf 78' lang='grc' dir='ltr'>ἀκούσειαν</span> <span class='ocrx_word' id='word_1_165' title='bbox 774 2452 1248 2522; x_wconf 80' lang='grc' dir='ltr'>προστεταγμένα,</span> <span class='ocrx_word' id='word_1_166' title='bbox 1279 2455 1477 2526; x_wconf 82' lang='grc' dir='ltr'>πολλὴν</span> <span class='ocrx_word' id='word_1_167' title='bbox 1520 2460 1617 2527; x_wconf 82' lang='grc' dir='ltr'>μὲν</span> <span class='ocrx_word' id='word_1_168' title='bbox 1650 2461 1793 2514; x_wconf 76' lang='grc' dir='ltr'>ὲκεί-</span> 
     </span>
    </p>
   </div>
   <div class='ocr_carea' id='block_1_27' title="bbox 223 2533 1787 2618">
    <p class='ocr_par' dir='ltr' id='par_1_27' title="bbox 223 2533 1787 2618">
     <span class='ocr_line' id='line_1_27' title="bbox 223 2533 1787 2618; baseline 0.018 -38"><span class='ocrx_word' id='word_1_169' title='bbox 223 2547 313 2582; x_wconf 91' lang='grc' dir='ltr'>νου</span> <span class='ocrx_word' id='word_1_170' title='bbox 352 2533 681 2603; x_wconf 79' lang='grc' dir='ltr'>κακοήθειαν</span> <span class='ocrx_word' id='word_1_171' title='bbox 704 2540 1110 2608; x_wconf 83' lang='grc' dir='ltr'>κατεγίνωσκον</span> <span class='ocrx_word' id='word_1_172' title='bbox 1139 2547 1232 2598; x_wconf 80' lang='grc' dir='ltr'>καὶ</span> <span class='ocrx_word' id='word_1_173' title='bbox 1262 2549 1482 2618; x_wconf 79' lang='grc' dir='ltr'>τρόπων</span> <span class='ocrx_word' id='word_1_174' title='bbox 1514 2553 1787 2609; x_wconf 81' lang='grc' dir='ltr'>εὐκολίαν.</span> 
     </span>
    </p>
   </div>
   <div class='ocr_carea' id='block_1_28' title="bbox 226 2622 1793 2718">
    <p class='ocr_par' dir='ltr' id='par_1_28' title="bbox 226 2622 1793 2718">
     <span class='ocr_line' id='line_1_28' title="bbox 226 2622 1793 2718; baseline 0.022 -48"><span class='ocrx_word' id='word_1_175' title='bbox 226 2622 443 2718; x_wconf 78' lang='grc' dir='ltr'>Βασιλεί</span> <span class='ocrx_word' id='word_1_176' title='bbox 466 2626 521 2678; x_wconf 72' lang='grc' dir='ltr'>δὲ</span> <span class='ocrx_word' id='word_1_177' title='bbox 551 2630 938 2698; x_wconf 77' lang='grc' dir='ltr'>προσελθόντες</span> <span class='ocrx_word' id='word_1_178' title='bbox 965 2636 1308 2706; x_wconf 77' lang='grc' dir='ltr'>ἀπήγγελλόν</span> <span class='ocrx_word' id='word_1_179' title='bbox 1333 2659 1393 2696; x_wconf 87' lang='grc' dir='ltr'><strong>τε</strong></span> <span class='ocrx_word' id='word_1_180' title='bbox 1407 2645 1523 2705; x_wconf 77' lang='grc' dir='ltr'>,ὅσα</span> <span class='ocrx_word' id='word_1_181' title='bbox 1553 2665 1793 2718; x_wconf 85' lang='grc' dir='ltr'>προστα-</span> 
     </span>
    </p>
   </div>
   <div class='ocr_carea' id='block_1_29' title="bbox 223 2716 1791 2810">
    <p class='ocr_par' dir='ltr' id='par_1_29' title="bbox 223 2716 1791 2810">
     <span class='ocr_line' id='line_1_29' title="bbox 223 2716 1791 2810; baseline 0.02 -48"><span class='ocrx_word' id='word_1_182' title='bbox 223 2716 426 2810; x_wconf 67' lang='grc' dir='ltr'>χοείεν,</span> <span class='ocrx_word' id='word_1_183' title='bbox 463 2718 555 2771; x_wconf 79' lang='grc' dir='ltr'><strong>καὶ</strong></span> <span class='ocrx_word' id='word_1_184' title='bbox 579 2720 810 2810; x_wconf 23' lang='grc' dir='ltr'>Αὲδέοντο</span> <span class='ocrx_word' id='word_1_185' title='bbox 863 2724 940 2796; x_wconf 80' lang='grc' dir='ltr'>μὴ</span> <span class='ocrx_word' id='word_1_186' title='bbox 974 2725 1347 2796; x_wconf 80' lang='grc' dir='ltr'>θορυὸεἰσθαι·</span> <span class='ocrx_word' id='word_1_187' title='bbox 1378 2735 1517 2789; x_wconf 79' lang='grc' dir='ltr'>ἀλλὰ</span> <span class='ocrx_word' id='word_1_188' title='bbox 1566 2716 1791 2810; x_wconf 75' lang='grc' dir='ltr'>θαρρεῖν</span> 
     </span>
    </p>
   </div>
   <div class='ocr_carea' id='block_1_30' title="bbox 221 2803 1789 2904">
    <p class='ocr_par' dir='ltr' id='par_1_30' title="bbox 221 2803 1789 2904">
     <span class='ocr_line' id='line_1_30' title="bbox 221 2803 1789 2904; baseline 0.022 -52"><span class='ocrx_word' id='word_1_189' title='bbox 221 2803 297 2904; x_wconf 65' lang='grc' dir='ltr'>ὡς</span> <span class='ocrx_word' id='word_1_190' title='bbox 330 2810 422 2904; x_wconf 69' lang='grc' dir='ltr'>καὶ</span> <span class='ocrx_word' id='word_1_191' title='bbox 463 2808 612 2904; x_wconf 66' lang='grc' dir='ltr'><strong>αὐτῷ</strong></span> <span class='ocrx_word' id='word_1_192' title='bbox 655 2812 867 2904; x_wconf 50' lang='lat' dir='ltr'><strong>liden,</strong></span> <span class='ocrx_word' id='word_1_193' title='bbox 899 2816 966 2869; x_wconf 81' lang='grc' dir='ltr'><strong>ἃν</strong></span> <span class='ocrx_word' id='word_1_194' title='bbox 1008 2819 1159 2891; x_wconf 69' lang='grc' dir='ltr'>ἐπίῃ,</span> <span class='ocrx_word' id='word_1_195' title='bbox 1195 2827 1601 2895; x_wconf 76' lang='grc' dir='ltr'>μαχεσομένους</span> <span class='ocrx_word' id='word_1_196' title='bbox 1636 2803 1789 2904; x_wconf 44' lang='grc' dir='ltr'>’ὑπὲρ</span> 
     </span>
    </p>
   </div>
   <div class='ocr_carea' id='block_1_31' title="bbox 223 2894 1791 2991">
    <p class='ocr_par' dir='ltr' id='par_1_31' title="bbox 223 2894 1791 2991">
     <span class='ocr_line' id='line_1_31' title="bbox 223 2894 1791 2991; baseline 0.021 -48"><span class='ocrx_word' id='word_1_197' title='bbox 223 2894 412 2959; x_wconf 76' lang='grc' dir='ltr'>αὐτοῦ,</span> <span class='ocrx_word' id='word_1_198' title='bbox 447 2895 589 2991; x_wconf 76' lang='grc' dir='ltr'>οὕτω</span> <span class='ocrx_word' id='word_1_199' title='bbox 620 2900 724 2971; x_wconf 83' lang='grc' dir='ltr'>γὰρ</span> <span class='ocrx_word' id='word_1_200' title='bbox 750 2897 890 2954; x_wconf 73' lang='grc' dir='ltr'>εἶναι</span> <span class='ocrx_word' id='word_1_201' title='bbox 922 2907 1151 2977; x_wconf 90' lang='grc' dir='ltr'>νόμιμον</span> <span class='ocrx_word' id='word_1_202' title='bbox 1178 2911 1382 2977; x_wconf 79' lang='grc' dir='ltr'>αὐτοῖς·</span> <span class='ocrx_word' id='word_1_203' title='bbox 1409 2894 1509 2969; x_wconf 78' lang='grc' dir='ltr'>καὶ</span> <span class='ocrx_word' id='word_1_204' title='bbox 1542 2920 1590 2972; x_wconf 85' lang='grc' dir='ltr'><strong>εί</strong></span> <span class='ocrx_word' id='word_1_205' title='bbox 1618 2894 1791 2991; x_wconf 69' lang='grc' dir='ltr'>πράτ-</span> 
     </span>
    </p>
   </div>
   <div class='ocr_carea' id='block_1_32' title="bbox 224 2988 1791 3085">
    <p class='ocr_par' dir='ltr' id='par_1_32' title="bbox 224 2988 1791 3085">
     <span class='ocr_line' id='line_1_32' title="bbox 224 2988 1791 3085; baseline 0.022 -50"><span class='ocrx_word' id='word_1_206' title='bbox 224 3001 385 3049; x_wconf 68' lang='grc' dir='ltr'>τοιεν,</span> <span class='ocrx_word' id='word_1_207' title='bbox 416 2988 477 3040; x_wconf 83' lang='grc' dir='ltr'>οὐ</span> <span class='ocrx_word' id='word_1_208' title='bbox 508 2992 690 3053; x_wconf 86' lang='grc' dir='ltr'>κακῶς</span> <span class='ocrx_word' id='word_1_209' title='bbox 726 2993 979 3048; x_wconf 86' lang='grc' dir='ltr'>ἀκούσειν</span> <span class='ocrx_word' id='word_1_210' title='bbox 1012 3002 1164 3070; x_wconf 78' lang='grc' dir='ltr'>παρὰ</span> <span class='ocrx_word' id='word_1_211' title='bbox 1186 3006 1297 3066; x_wconf 86' lang='grc' dir='ltr'>τοῖς</span> <span class='ocrx_word' id='word_1_212' title='bbox 1315 3002 1561 3073; x_wconf 82' lang='grc' dir='ltr'>οίκείοις.</span> <span class='ocrx_word' id='word_1_213' title='bbox 1590 2988 1791 3085; x_wconf 25' lang='grc' dir='ltr'>Είνγὰρ</span> 
     </span>
    </p>
   </div>
   <div class='ocr_carea' id='block_1_33' title="bbox 224 3078 1793 3177">
    <p class='ocr_par' dir='ltr' id='par_1_33' title="bbox 224 3078 1793 3177">
     <span class='ocr_line' id='line_1_33' title="bbox 224 3078 1793 3177; baseline 0.02 -50"><span class='ocrx_word' id='word_1_214' title='bbox 224 3079 248 3127; x_wconf 67' lang='lat' dir='ltr'><strong>il</strong></span> <span class='ocrx_word' id='word_1_215' title='bbox 270 3078 330 3130; x_wconf 71' lang='grc' dir='ltr'><strong>,τὸ</strong></span> <span class='ocrx_word' id='word_1_216' title='bbox 363 3080 449 3132; x_wconf 80' lang='grc' dir='ltr'><strong>τοῦ</strong></span> <span class='ocrx_word' id='word_1_217' title='bbox 477 3082 569 3177; x_wconf 60' lang='grc' dir='ltr'>τὸν</span> <span class='ocrx_word' id='word_1_218' title='bbox 616 3085 809 3151; x_wconf 77' lang='grc' dir='ltr'>μισθὸν</span> <span class='ocrx_word' id='word_1_219' title='bbox 857 3090 1207 3161; x_wconf 85' lang='grc' dir='ltr'>παρέχοντος,</span> <span class='ocrx_word' id='word_1_220' title='bbox 1231 3095 1460 3164; x_wconf 77' lang='grc' dir='ltr'>ἔφασαν,</span> <span class='ocrx_word' id='word_1_221' title='bbox 1494 3102 1667 3174; x_wconf 81' lang='grc' dir='ltr'>ἑτέρῳ</span> <span class='ocrx_word' id='word_1_222' title='bbox 1691 3078 1793 3177; x_wconf 67' lang='grc' dir='ltr'><strong>⁷’1ςῴ</strong></span> 
     </span>
    </p>
   </div>
   <div class='ocr_carea' id='block_1_34' title="bbox 1900 620 3464 693">
    <p class='ocr_par' dir='ltr' id='par_1_34' title="bbox 1900 620 3464 693">
     <span class='ocr_line' id='line_1_34' title="bbox 1900 620 3464 693; baseline -0.003 -16"><span class='ocrx_word' id='word_1_223' title='bbox 1900 638 2025 677; x_wconf 90' lang='lat' dir='ltr'><strong>eum</strong></span> <span class='ocrx_word' id='word_1_224' title='bbox 2055 641 2163 680; x_wconf 87' lang='lat' dir='ltr'><strong>non</strong></span> <span class='ocrx_word' id='word_1_225' title='bbox 2197 624 2534 680; x_wconf 91' lang='lat' dir='ltr'><strong>retinuerit:</strong></span> <span class='ocrx_word' id='word_1_226' title='bbox 2588 633 2929 693; x_wconf 88' lang='lat' dir='ltr'><strong>conaturque</strong></span> <span class='ocrx_word' id='word_1_227' title='bbox 2978 622 3157 677; x_wconf 79' lang='lat' dir='ltr'><strong>modis</strong></span> <span class='ocrx_word' id='word_1_228' title='bbox 3205 620 3464 675; x_wconf 80' lang='lat' dir='ltr'><strong>omnibus</strong></span> 
     </span>
    </p>
   </div>
   <div class='ocr_carea' id='block_1_35' title="bbox 1899 710 3465 784">
    <p class='ocr_par' dir='ltr' id='par_1_35' title="bbox 1899 710 3465 784">
     <span class='ocr_line' id='line_1_35' title="bbox 1899 710 3465 784; baseline -0.008 -11"><span class='ocrx_word' id='word_1_229' title='bbox 1899 714 2018 781; x_wconf 77' lang='lat' dir='ltr'><strong>eius</strong></span> <span class='ocrx_word' id='word_1_230' title='bbox 2047 719 2344 784; x_wconf 84' lang='lat' dir='ltr'><strong>potentiam</strong></span> <span class='ocrx_word' id='word_1_231' title='bbox 2372 729 2643 775; x_wconf 83' lang='lat' dir='ltr'><strong>evertere.</strong></span> <span class='ocrx_word' id='word_1_232' title='bbox 2676 715 3042 771; x_wconf 80' lang='lat' dir='ltr'><strong>Mercenarios</strong></span> <span class='ocrx_word' id='word_1_233' title='bbox 3065 712 3253 772; x_wconf 88' lang='lat' dir='ltr'><strong>etiam,</strong></span> <span class='ocrx_word' id='word_1_234' title='bbox 3288 710 3465 764; x_wconf 86' lang='lat' dir='ltr'><strong>celato</strong></span> 
     </span>
    </p>
   </div>
   <div class='ocr_carea' id='block_1_36' title="bbox 1898 803 3466 880">
    <p class='ocr_par' dir='ltr' id='par_1_36' title="bbox 1898 803 3466 880">
     <span class='ocr_line' id='line_1_36' title="bbox 1898 803 3466 880; baseline -0.001 -23"><span class='ocrx_word' id='word_1_235' title='bbox 1898 805 2062 869; x_wconf 90' lang='lat' dir='ltr'><strong>odio,</strong></span> <span class='ocrx_word' id='word_1_236' title='bbox 2086 819 2139 862; x_wconf 91' lang='lat' dir='ltr'><strong>et</strong></span> <span class='ocrx_word' id='word_1_237' title='bbox 2161 811 2284 865; x_wconf 89' lang='lat' dir='ltr'><strong>aliis</strong></span> <span class='ocrx_word' id='word_1_238' title='bbox 2312 810 2644 880; x_wconf 88' lang='lat' dir='ltr'><strong>quibusdam</strong></span> <span class='ocrx_word' id='word_1_239' title='bbox 2692 806 2973 878; x_wconf 70' lang='lat' dir='ltr'><strong>praetextis</strong></span> <span class='ocrx_word' id='word_1_240' title='bbox 3016 803 3325 858; x_wconf 88' lang='lat' dir='ltr'><strong>rationibus</strong></span> <span class='ocrx_word' id='word_1_241' title='bbox 3378 814 3466 855; x_wconf 85' lang='lat' dir='ltr'><strong>re-</strong></span> 
     </span>
    </p>
   </div>
   <div class='ocr_carea' id='block_1_37' title="bbox 1898 894 3466 965">
    <p class='ocr_par' dir='ltr' id='par_1_37' title="bbox 1898 894 3466 965">
     <span class='ocr_line' id='line_1_37' title="bbox 1898 894 3466 965; baseline 0 -16"><span class='ocrx_word' id='word_1_242' title='bbox 1898 909 2094 951; x_wconf 51' lang='lat' dir='ltr'><strong>vocat:</strong></span> <span class='ocrx_word' id='word_1_243' title='bbox 2130 910 2186 954; x_wconf 82' lang='lat' dir='ltr'><strong>et</strong></span> <span class='ocrx_word' id='word_1_244' title='bbox 2228 901 2545 957; x_wconf 81' lang='lat' dir='ltr'><strong>Michaelcm</strong></span> <span class='ocrx_word' id='word_1_245' title='bbox 2575 899 2994 956; x_wconf 79' lang='lat' dir='ltr'><strong>Monomachum</strong></span> <span class='ocrx_word' id='word_1_246' title='bbox 3052 894 3466 965; x_wconf 12' lang='lat' dir='ltr'><strong>cont‘ostaulum</strong></span> 
     </span>
    </p>
   </div>
   <div class='ocr_carea' id='block_1_38' title="bbox 1899 985 3524 1062">
    <p class='ocr_par' dir='ltr' id='par_1_38' title="bbox 1899 985 3524 1062">
     <span class='ocr_line' id='line_1_38' title="bbox 1899 985 3524 1062; baseline -0.005 -19"><span class='ocrx_word' id='word_1_247' title='bbox 1899 987 2303 1047; x_wconf 67' lang='lat' dir='ltr'><strong>Thessalonicae</strong></span> <span class='ocrx_word' id='word_1_248' title='bbox 2332 1003 2443 1046; x_wconf 92' lang='lat' dir='ltr'><strong>tum</strong></span> <span class='ocrx_word' id='word_1_249' title='bbox 2482 991 2796 1062; x_wconf 58' lang='lat' dir='ltr'><strong>prafectum</strong></span> <span class='ocrx_word' id='word_1_250' title='bbox 2824 990 3039 1050; x_wconf 89' lang='lat' dir='ltr'><strong>incitat,</strong></span> <span class='ocrx_word' id='word_1_251' title='bbox 3090 986 3170 1040; x_wconf 91' lang='lat' dir='ltr'><strong>uti</strong></span> <span class='ocrx_word' id='word_1_252' title='bbox 3226 999 3352 1039; x_wconf 85' lang='lat' dir='ltr'><strong>eum</strong></span> <span class='ocrx_word' id='word_1_253' title='bbox 3384 985 3465 1035; x_wconf 85' lang='lat' dir='ltr'><strong>in-</strong></span> <span class='ocrx_word' id='word_1_254' title='bbox 3515 1007 3524 1015; x_wconf 90' lang='lat'><strong>-</strong></span> 
     </span>
    </p>
   </div>
   <div class='ocr_carea' id='block_1_39' title="bbox 1895 1077 3469 1153">
    <p class='ocr_par' dir='ltr' id='par_1_39' title="bbox 1895 1077 3469 1153">
     <span class='ocr_line' id='line_1_39' title="bbox 1895 1077 3469 1153; baseline -0.004 -20"><span class='ocrx_word' id='word_1_255' title='bbox 1895 1080 2079 1142; x_wconf 88' lang='lat' dir='ltr'><strong>vadat,</strong></span> <span class='ocrx_word' id='word_1_256' title='bbox 2120 1097 2225 1137; x_wconf 92' lang='lat' dir='ltr'><strong>neu</strong></span> <span class='ocrx_word' id='word_1_257' title='bbox 2252 1085 2627 1153; x_wconf 81' lang='lat' dir='ltr'><strong>pertimescat,</strong></span> <span class='ocrx_word' id='word_1_258' title='bbox 2654 1098 2778 1138; x_wconf 85' lang='lat' dir='ltr'><strong>eum</strong></span> <span class='ocrx_word' id='word_1_259' title='bbox 2822 1079 3129 1151; x_wconf 75' lang='lat' dir='ltr'><strong>praesertim</strong></span> <span class='ocrx_word' id='word_1_260' title='bbox 3166 1077 3348 1131; x_wconf 88' lang='lat' dir='ltr'><strong>adhuc</strong></span> <span class='ocrx_word' id='word_1_261' title='bbox 3383 1077 3469 1128; x_wconf 87' lang='lat' dir='ltr'><strong>in-</strong></span> 
     </span>
    </p>
   </div>
   <div class='ocr_carea' id='block_1_40' title="bbox 1895 1170 3465 1243">
    <p class='ocr_par' dir='ltr' id='par_1_40' title="bbox 1895 1170 3465 1243">
     <span class='ocr_line' id='line_1_40' title="bbox 1895 1170 3465 1243; baseline -0.002 -21"><span class='ocrx_word' id='word_1_262' title='bbox 1895 1170 2110 1226; x_wconf 79' lang='lat' dir='ltr'><strong>validus</strong></span> <span class='ocrx_word' id='word_1_263' title='bbox 2146 1174 2237 1235; x_wconf 76' lang='lat' dir='ltr'><strong>sit.</strong></span> <span class='ocrx_word' id='word_1_264' title='bbox 2268 1184 2323 1229; x_wconf 89' lang='lat' dir='ltr'><strong>et</strong></span> <span class='ocrx_word' id='word_1_265' title='bbox 2351 1173 2466 1243; x_wconf 91' lang='lat' dir='ltr'><strong>ipse</strong></span> <span class='ocrx_word' id='word_1_266' title='bbox 2498 1175 2574 1228; x_wconf 83' lang='lat' dir='ltr'><strong>illi</strong></span> <span class='ocrx_word' id='word_1_267' title='bbox 2609 1174 2780 1227; x_wconf 90' lang='lat' dir='ltr'><strong>robur</strong></span> <span class='ocrx_word' id='word_1_268' title='bbox 2814 1211 2828 1235; x_wconf 89' lang='lat'><strong>,</strong></span> <span class='ocrx_word' id='word_1_269' title='bbox 2865 1186 2929 1225; x_wconf 90' lang='lat' dir='ltr'><strong>ac</strong></span> <span class='ocrx_word' id='word_1_270' title='bbox 2990 1184 3220 1224; x_wconf 82' lang='lat' dir='ltr'><strong>nervum</strong></span> <span class='ocrx_word' id='word_1_271' title='bbox 3282 1176 3465 1222; x_wconf 87' lang='lat' dir='ltr'><strong>sustu-</strong></span> 
     </span>
    </p>
   </div>
   <div class='ocr_carea' id='block_1_41' title="bbox 1894 1260 3456 1334">
    <p class='ocr_par' dir='ltr' id='par_1_41' title="bbox 1894 1260 3456 1334">
     <span class='ocr_line' id='line_1_41' title="bbox 1894 1260 3456 1334; baseline -0.001 -20"><span class='ocrx_word' id='word_1_272' title='bbox 1894 1260 2297 1334; x_wconf 70' lang='lat' dir='ltr'><strong>lerit:(Latinos</strong></span> <span class='ocrx_word' id='word_1_273' title='bbox 2325 1266 2470 1319; x_wconf 90' lang='lat' dir='ltr'><strong>enim</strong></span> <span class='ocrx_word' id='word_1_274' title='bbox 2507 1265 2884 1334; x_wconf 81' lang='lat' dir='ltr'><strong>cataphractos</strong></span> <span class='ocrx_word' id='word_1_275' title='bbox 2906 1279 2935 1317; x_wconf 91' lang='lat' dir='ltr'><strong>a</strong></span> <span class='ocrx_word' id='word_1_276' title='bbox 2967 1278 3025 1317; x_wconf 87' lang='lat' dir='ltr'><strong>se</strong></span> <span class='ocrx_word' id='word_1_277' title='bbox 3048 1272 3105 1315; x_wconf 92' lang='lat' dir='ltr'><strong>ut</strong></span> <span class='ocrx_word' id='word_1_278' title='bbox 3129 1276 3259 1316; x_wconf 87' lang='lat' dir='ltr'><strong>suos</strong></span> <span class='ocrx_word' id='word_1_279' title='bbox 3294 1274 3456 1313; x_wconf 82' lang='lat' dir='ltr'><strong>revo-</strong></span> 
     </span>
    </p>
   </div>
   <div class='ocr_carea' id='block_1_42' title="bbox 1894 1350 3459 1423">
    <p class='ocr_par' dir='ltr' id='par_1_42' title="bbox 1894 1350 3459 1423">
     <span class='ocr_line' id='line_1_42' title="bbox 1894 1350 3459 1423; baseline -0.01 -4"><span class='ocrx_word' id='word_1_280' title='bbox 1894 1351 2087 1421; x_wconf 60' lang='grc' dir='ltr'><strong>αωοϐ),</strong></span> <span class='ocrx_word' id='word_1_281' title='bbox 2110 1368 2212 1407; x_wconf 89' lang='lat' dir='ltr'><strong>neu</strong></span> <span class='ocrx_word' id='word_1_282' title='bbox 2262 1369 2396 1423; x_wconf 87' lang='lat' dir='ltr'><strong>opes</strong></span> <span class='ocrx_word' id='word_1_283' title='bbox 2435 1354 2582 1409; x_wconf 88' lang='lat' dir='ltr'><strong>illius</strong></span> <span class='ocrx_word' id='word_1_284' title='bbox 2626 1369 2873 1410; x_wconf 83' lang='lat' dir='ltr'><strong>crescere</strong></span> <span class='ocrx_word' id='word_1_285' title='bbox 2910 1352 3093 1415; x_wconf 84' lang='lat' dir='ltr'><strong>sinat,</strong></span> <span class='ocrx_word' id='word_1_286' title='bbox 3130 1352 3225 1405; x_wconf 90' lang='lat' dir='ltr'><strong>sed</strong></span> <span class='ocrx_word' id='word_1_287' title='bbox 3280 1350 3459 1403; x_wconf 85' lang='lat' dir='ltr'><strong>adhuc</strong></span> 
     </span>
    </p>
   </div>
   <div class='ocr_carea' id='block_1_43' title="bbox 1894 1439 3456 1515">
    <p class='ocr_par' dir='ltr' id='par_1_43' title="bbox 1894 1439 3456 1515">
     <span class='ocr_line' id='line_1_43' title="bbox 1894 1439 3456 1515; baseline 0 -22"><span class='ocrx_word' id='word_1_288' title='bbox 1894 1439 2174 1496; x_wconf 83' lang='lat' dir='ltr'><strong>infirmum</strong></span> <span class='ocrx_word' id='word_1_289' title='bbox 2239 1444 2607 1515; x_wconf 73' lang='lat' dir='ltr'><strong>aggrediatur.</strong></span> <span class='ocrx_word' id='word_1_290' title='bbox 2664 1445 2775 1499; x_wconf 83' lang='lat' dir='ltr'><strong>Nisi</strong></span> <span class='ocrx_word' id='word_1_291' title='bbox 2812 1445 2958 1499; x_wconf 91' lang='lat' dir='ltr'><strong>enim</strong></span> <span class='ocrx_word' id='word_1_292' title='bbox 3010 1458 3135 1497; x_wconf 89' lang='lat' dir='ltr'><strong>eum</strong></span> <span class='ocrx_word' id='word_1_293' title='bbox 3183 1452 3456 1511; x_wconf 68' lang='lat' dir='ltr'><strong>praztrun-</strong></span> 
     </span>
    </p>
   </div>
   <div class='ocr_carea' id='block_1_44' title="bbox 1893 1532 3456 1604">
    <p class='ocr_par' dir='ltr' id='par_1_44' title="bbox 1893 1532 3456 1604">
     <span class='ocr_line' id='line_1_44' title="bbox 1893 1532 3456 1604; baseline -0.001 -19"><span class='ocrx_word' id='word_1_294' title='bbox 1893 1533 2139 1588; x_wconf 89' lang='lat' dir='ltr'><strong>caverint</strong></span> <span class='ocrx_word' id='word_1_295' title='bbox 2172 1536 2409 1604; x_wconf 89' lang='lat' dir='ltr'><strong>quodam</strong></span> <span class='ocrx_word' id='word_1_296' title='bbox 2438 1536 2622 1601; x_wconf 88' lang='lat' dir='ltr'><strong>modo,</strong></span> <span class='ocrx_word' id='word_1_297' title='bbox 2656 1537 2751 1591; x_wconf 91' lang='lat' dir='ltr'><strong>sed</strong></span> <span class='ocrx_word' id='word_1_298' title='bbox 2784 1551 2842 1591; x_wconf 90' lang='lat' dir='ltr'><strong>se</strong></span> <span class='ocrx_word' id='word_1_299' title='bbox 2872 1535 3051 1590; x_wconf 89' lang='lat' dir='ltr'><strong>salvos</strong></span> <span class='ocrx_word' id='word_1_300' title='bbox 3070 1549 3193 1590; x_wconf 85' lang='lat' dir='ltr'><strong>esse</strong></span> <span class='ocrx_word' id='word_1_301' title='bbox 3212 1532 3456 1586; x_wconf 78' lang='lat' dir='ltr'><strong>contenti</strong></span> 
     </span>
    </p>
   </div>
   <div class='ocr_carea' id='block_1_45' title="bbox 1892 1623 3459 1696">
    <p class='ocr_par' dir='ltr' id='par_1_45' title="bbox 1892 1623 3459 1696">
     <span class='ocr_line' id='line_1_45' title="bbox 1892 1623 3459 1696; baseline 0 -20"><span class='ocrx_word' id='word_1_302' title='bbox 1892 1623 2115 1691; x_wconf 80' lang='lat' dir='ltr'><strong>fuerint,</strong></span> <span class='ocrx_word' id='word_1_303' title='bbox 2151 1625 2477 1683; x_wconf 83' lang='lat' dir='ltr'><strong>brevissima</strong></span> <span class='ocrx_word' id='word_1_304' title='bbox 2516 1628 2809 1684; x_wconf 89' lang='lat' dir='ltr'><strong>intervallo</strong></span> <span class='ocrx_word' id='word_1_305' title='bbox 2851 1628 3062 1696; x_wconf 89' lang='lat' dir='ltr'><strong>magnis</strong></span> <span class='ocrx_word' id='word_1_306' title='bbox 3106 1634 3327 1679; x_wconf 90' lang='lat' dir='ltr'><strong>auctum</strong></span> <span class='ocrx_word' id='word_1_307' title='bbox 3377 1625 3459 1677; x_wconf 88' lang='lat' dir='ltr'><strong>vi-</strong></span> 
     </span>
    </p>
   </div>
   <div class='ocr_carea' id='block_1_46' title="bbox 1891 1716 3458 1790">
    <p class='ocr_par' dir='ltr' id='par_1_46' title="bbox 1891 1716 3458 1790">
     <span class='ocr_line' id='line_1_46' title="bbox 1891 1716 3458 1790; baseline 0.002 -20"><span class='ocrx_word' id='word_1_308' title='bbox 1891 1716 2045 1773; x_wconf 91' lang='lat' dir='ltr'><strong>ribus</strong></span> <span class='ocrx_word' id='word_1_309' title='bbox 2080 1733 2176 1774; x_wconf 89' lang='lat' dir='ltr'><strong>eos</strong></span> <span class='ocrx_word' id='word_1_310' title='bbox 2209 1734 2621 1790; x_wconf 82' lang='lat' dir='ltr'><strong>oppressurum.</strong></span> <span class='ocrx_word' id='word_1_311' title='bbox 2654 1720 3047 1775; x_wconf 79' lang='lat' dir='ltr'><strong>Monomachus</strong></span> <span class='ocrx_word' id='word_1_312' title='bbox 3074 1730 3132 1773; x_wconf 91' lang='lat' dir='ltr'><strong>et</strong></span> <span class='ocrx_word' id='word_1_313' title='bbox 3162 1718 3458 1773; x_wconf 85' lang='lat' dir='ltr'><strong>Thessalo-</strong></span> 
     </span>
    </p>
   </div>
   <div class='ocr_carea' id='block_1_47' title="bbox 1892 1810 3455 1881">
    <p class='ocr_par' dir='ltr' id='par_1_47' title="bbox 1892 1810 3455 1881">
     <span class='ocr_line' id='line_1_47' title="bbox 1892 1810 3455 1881; baseline 0 -18"><span class='ocrx_word' id='word_1_314' title='bbox 1892 1811 2143 1867; x_wconf 88' lang='lat' dir='ltr'><strong>nicenses</strong></span> <span class='ocrx_word' id='word_1_315' title='bbox 2167 1813 2283 1869; x_wconf 68' lang='lat' dir='ltr'><strong>btec</strong></span> <span class='ocrx_word' id='word_1_316' title='bbox 2309 1813 2620 1876; x_wconf 87' lang='lat' dir='ltr'><strong>audientes,</strong></span> <span class='ocrx_word' id='word_1_317' title='bbox 2667 1814 3065 1881; x_wconf 87' lang='lat' dir='ltr'><strong>opinantesque</strong></span> <span class='ocrx_word' id='word_1_318' title='bbox 3089 1810 3302 1866; x_wconf 90' lang='lat' dir='ltr'><strong>Cralcm</strong></span> <span class='ocrx_word' id='word_1_319' title='bbox 3351 1826 3455 1865; x_wconf 91' lang='lat' dir='ltr'><strong>una</strong></span> 
     </span>
    </p>
   </div>
   <div class='ocr_carea' id='block_1_48' title="bbox 1893 1901 3452 1974">
    <p class='ocr_par' dir='ltr' id='par_1_48' title="bbox 1893 1901 3452 1974">
     <span class='ocr_line' id='line_1_48' title="bbox 1893 1901 3452 1974; baseline -0.001 -19"><span class='ocrx_word' id='word_1_320' title='bbox 1893 1901 2280 1972; x_wconf 86' lang='lat' dir='ltr'><strong>imperatorem</strong></span> <span class='ocrx_word' id='word_1_321' title='bbox 2314 1906 2654 1968; x_wconf 87' lang='lat' dir='ltr'><strong>invasurum,</strong></span> <span class='ocrx_word' id='word_1_322' title='bbox 2683 1920 2814 1959; x_wconf 91' lang='lat' dir='ltr'><strong>num</strong></span> <span class='ocrx_word' id='word_1_323' title='bbox 2862 1904 2928 1959; x_wconf 85' lang='lat' dir='ltr'><strong>ad</strong></span> <span class='ocrx_word' id='word_1_324' title='bbox 2960 1904 3207 1974; x_wconf 81' lang='lat' dir='ltr'><strong>praelium</strong></span> <span class='ocrx_word' id='word_1_325' title='bbox 3243 1901 3452 1957; x_wconf 65' lang='lat' dir='ltr'><strong>exeun-</strong></span> 
     </span>
    </p>
   </div>
   <div class='ocr_carea' id='block_1_49' title="bbox 1893 1992 3453 2065">
    <p class='ocr_par' dir='ltr' id='par_1_49' title="bbox 1893 1992 3453 2065">
     <span class='ocr_line' id='line_1_49' title="bbox 1893 1992 3453 2065; baseline 0 -19"><span class='ocrx_word' id='word_1_326' title='bbox 1893 1992 2023 2047; x_wconf 92' lang='lat' dir='ltr'><strong>dum</strong></span> <span class='ocrx_word' id='word_1_327' title='bbox 2080 2004 2247 2060; x_wconf 86' lang='lat' dir='ltr'><strong>esset,</strong></span> <span class='ocrx_word' id='word_1_328' title='bbox 2340 1996 2731 2052; x_wconf 86' lang='lat' dir='ltr'><strong>consultationi</strong></span> <span class='ocrx_word' id='word_1_329' title='bbox 2788 1995 3137 2065; x_wconf 88' lang='lat' dir='ltr'><strong>permittunt.</strong></span> <span class='ocrx_word' id='word_1_330' title='bbox 3193 1993 3453 2048; x_wconf 83' lang='lat' dir='ltr'><strong>Germani</strong></span> 
     </span>
    </p>
   </div>
   <div class='ocr_carea' id='block_1_50' title="bbox 1892 2086 3457 2159">
    <p class='ocr_par' dir='ltr' id='par_1_50' title="bbox 1892 2086 3457 2159">
     <span class='ocr_line' id='line_1_50' title="bbox 1892 2086 3457 2159; baseline 0 -20"><span class='ocrx_word' id='word_1_331' title='bbox 1892 2086 2147 2141; x_wconf 89' lang='lat' dir='ltr'><strong>mandata</strong></span> <span class='ocrx_word' id='word_1_332' title='bbox 2173 2088 2348 2144; x_wconf 84' lang='lat' dir='ltr'><strong>Cralis</strong></span> <span class='ocrx_word' id='word_1_333' title='bbox 2377 2089 2732 2159; x_wconf 84' lang='lat' dir='ltr'><strong>accipientes.</strong></span> <span class='ocrx_word' id='word_1_334' title='bbox 2768 2088 3002 2158; x_wconf 72' lang='lat' dir='ltr'><strong>insignis</strong></span> <span class='ocrx_word' id='word_1_335' title='bbox 3034 2088 3188 2141; x_wconf 90' lang='lat' dir='ltr'><strong>illum</strong></span> <span class='ocrx_word' id='word_1_336' title='bbox 3222 2087 3457 2140; x_wconf 71' lang='lat' dir='ltr'><strong>ntalevo-</strong></span> 
     </span>
    </p>
   </div>
   <div class='ocr_carea' id='block_1_51' title="bbox 1892 2177 3461 2249">
    <p class='ocr_par' dir='ltr' id='par_1_51' title="bbox 1892 2177 3461 2249">
     <span class='ocr_line' id='line_1_51' title="bbox 1892 2177 3461 2249; baseline -0.001 -18"><span class='ocrx_word' id='word_1_337' title='bbox 1892 2177 2095 2236; x_wconf 64' lang='lat' dir='ltr'><strong>lentiae.</strong></span> <span class='ocrx_word' id='word_1_338' title='bbox 2123 2178 2468 2249; x_wconf 86' lang='lat' dir='ltr'><strong>levitatisque</strong></span> <span class='ocrx_word' id='word_1_339' title='bbox 2499 2180 2896 2246; x_wconf 88' lang='lat' dir='ltr'><strong>condemnant;</strong></span> <span class='ocrx_word' id='word_1_340' title='bbox 2929 2190 3092 2247; x_wconf 89' lang='lat' dir='ltr'><strong>atque</strong></span> <span class='ocrx_word' id='word_1_341' title='bbox 3123 2178 3191 2231; x_wconf 90' lang='lat' dir='ltr'><strong>ad</strong></span> <span class='ocrx_word' id='word_1_342' title='bbox 3222 2180 3461 2247; x_wconf 77' lang='lat' dir='ltr'><strong>impera-</strong></span> 
     </span>
    </p>
   </div>
   <div class='ocr_carea' id='block_1_52' title="bbox 1895 2268 3459 2341">
    <p class='ocr_par' dir='ltr' id='par_1_52' title="bbox 1895 2268 3459 2341">
     <span class='ocr_line' id='line_1_52' title="bbox 1895 2268 3459 2341; baseline -0.002 -19"><span class='ocrx_word' id='word_1_343' title='bbox 1895 2278 2064 2324; x_wconf 90' lang='lat' dir='ltr'><strong>torem</strong></span> <span class='ocrx_word' id='word_1_344' title='bbox 2083 2271 2429 2337; x_wconf 89' lang='lat' dir='ltr'><strong>accedentes,</strong></span> <span class='ocrx_word' id='word_1_345' title='bbox 2468 2272 2603 2341; x_wconf 90' lang='lat' dir='ltr'><strong>quid</strong></span> <span class='ocrx_word' id='word_1_346' title='bbox 2640 2272 2773 2341; x_wconf 84' lang='lat' dir='ltr'><strong>ipsis</strong></span> <span class='ocrx_word' id='word_1_347' title='bbox 2813 2271 3143 2338; x_wconf 87' lang='lat' dir='ltr'><strong>imperatqu</strong></span> <span class='ocrx_word' id='word_1_348' title='bbox 3199 2268 3273 2322; x_wconf 91' lang='lat' dir='ltr'><strong>sit</strong></span> <span class='ocrx_word' id='word_1_349' title='bbox 3328 2282 3459 2319; x_wconf 78' lang='lat' dir='ltr'><strong>nar-</strong></span> 
     </span>
    </p>
   </div>
   <div class='ocr_carea' id='block_1_53' title="bbox 1894 2359 3457 2434">
    <p class='ocr_par' dir='ltr' id='par_1_53' title="bbox 1894 2359 3457 2434">
     <span class='ocr_line' id='line_1_53' title="bbox 1894 2359 3457 2434; baseline -0.002 -20"><span class='ocrx_word' id='word_1_350' title='bbox 1894 2371 2064 2427; x_wconf 91' lang='lat' dir='ltr'><strong>rant,</strong></span> <span class='ocrx_word' id='word_1_351' title='bbox 2120 2370 2316 2434; x_wconf 78' lang='lat' dir='ltr'><strong>rogant</strong></span> <span class='ocrx_word' id='word_1_352' title='bbox 2350 2380 2419 2421; x_wconf 89' lang='lat' dir='ltr'><strong>ne</strong></span> <span class='ocrx_word' id='word_1_353' title='bbox 2489 2376 2744 2433; x_wconf 84' lang='lat' dir='ltr'><strong>angatur,</strong></span> <span class='ocrx_word' id='word_1_354' title='bbox 2810 2363 2903 2417; x_wconf 87' lang='lat' dir='ltr'><strong>sed</strong></span> <span class='ocrx_word' id='word_1_355' title='bbox 2950 2361 3215 2416; x_wconf 85' lang='lat' dir='ltr'><strong>adversus</strong></span> <span class='ocrx_word' id='word_1_356' title='bbox 3279 2359 3457 2428; x_wconf 90' lang='lat' dir='ltr'><strong>ipsum</strong></span> 
     </span>
    </p>
   </div>
   <div class='ocr_carea' id='block_1_54' title="bbox 1891 2439 3462 2523">
    <p class='ocr_par' dir='ltr' id='par_1_54' title="bbox 1891 2439 3462 2523">
     <span class='ocr_line' id='line_1_54' title="bbox 1891 2439 3462 2523; baseline -0.003 -14"><span class='ocrx_word' id='word_1_357' title='bbox 1891 2453 2104 2509; x_wconf 86' lang='lat' dir='ltr'><strong>Cralcm</strong></span> <span class='ocrx_word' id='word_1_358' title='bbox 2131 2457 2320 2519; x_wconf 84' lang='lat' dir='ltr'><strong>etiam,</strong></span> <span class='ocrx_word' id='word_1_359' title='bbox 2368 2457 2414 2512; x_wconf 89' lang='lat' dir='ltr'><strong>si</strong></span> <span class='ocrx_word' id='word_1_360' title='bbox 2454 2456 2761 2517; x_wconf 84' lang='lat' dir='ltr'><strong>adoriatur.</strong></span> <span class='ocrx_word' id='word_1_361' title='bbox 2796 2471 2893 2523; x_wconf 82' lang='lat' dir='ltr'><strong>pro</strong></span> <span class='ocrx_word' id='word_1_362' title='bbox 2942 2439 3059 2523; x_wconf 80' lang='lat' dir='ltr'><strong>ipso</strong></span> <span class='ocrx_word' id='word_1_363' title='bbox 3098 2453 3462 2507; x_wconf 87' lang='lat' dir='ltr'><strong>dimicaturos</strong></span> 
     </span>
    </p>
   </div>
   <div class='ocr_carea' id='block_1_55' title="bbox 1894 2543 3464 2615">
    <p class='ocr_par' dir='ltr' id='par_1_55' title="bbox 1894 2543 3464 2615">
     <span class='ocr_line' id='line_1_55' title="bbox 1894 2543 3464 2615; baseline -0.004 -14"><span class='ocrx_word' id='word_1_364' title='bbox 1894 2546 2155 2601; x_wconf 84' lang='lat' dir='ltr'><strong>confidat.</strong></span> <span class='ocrx_word' id='word_1_365' title='bbox 2196 2547 2309 2601; x_wconf 88' lang='lat' dir='ltr'><strong>Hoc</strong></span> <span class='ocrx_word' id='word_1_366' title='bbox 2353 2547 2502 2602; x_wconf 90' lang='lat' dir='ltr'><strong>enim</strong></span> <span class='ocrx_word' id='word_1_367' title='bbox 2543 2547 2646 2601; x_wconf 86' lang='lat' dir='ltr'><strong>sibi</strong></span> <span class='ocrx_word' id='word_1_368' title='bbox 2691 2546 2930 2615; x_wconf 83' lang='lat' dir='ltr'><strong>patrium</strong></span> <span class='ocrx_word' id='word_1_369' title='bbox 2974 2560 3117 2608; x_wconf 87' lang='lat' dir='ltr'><strong>esse,</strong></span> <span class='ocrx_word' id='word_1_370' title='bbox 3158 2543 3464 2611; x_wconf 80' lang='lat' dir='ltr'><strong>imperato-</strong></span> 
     </span>
    </p>
   </div>
   <div class='ocr_carea' id='block_1_56' title="bbox 1891 2634 3461 2704">
    <p class='ocr_par' dir='ltr' id='par_1_56' title="bbox 1891 2634 3461 2704">
     <span class='ocr_line' id='line_1_56' title="bbox 1891 2634 3461 2704; baseline -0.003 -12"><span class='ocrx_word' id='word_1_371' title='bbox 1891 2651 1981 2693; x_wconf 87' lang='lat' dir='ltr'><strong>res</strong></span> <span class='ocrx_word' id='word_1_372' title='bbox 2004 2638 2333 2694; x_wconf 75' lang='lat' dir='ltr'><strong>del‘cndere:</strong></span> <span class='ocrx_word' id='word_1_373' title='bbox 2376 2648 2431 2695; x_wconf 91' lang='lat' dir='ltr'><strong>et</strong></span> <span class='ocrx_word' id='word_1_374' title='bbox 2469 2641 2514 2693; x_wconf 91' lang='lat' dir='ltr'><strong>si</strong></span> <span class='ocrx_word' id='word_1_375' title='bbox 2550 2638 2803 2701; x_wconf 81' lang='lat' dir='ltr'><strong>fecerint,</strong></span> <span class='ocrx_word' id='word_1_376' title='bbox 2839 2651 2947 2690; x_wconf 90' lang='lat' dir='ltr'><strong>non</strong></span> <span class='ocrx_word' id='word_1_377' title='bbox 2983 2634 3123 2689; x_wconf 86' lang='lat' dir='ltr'><strong>male</strong></span> <span class='ocrx_word' id='word_1_378' title='bbox 3151 2635 3297 2703; x_wconf 89' lang='lat' dir='ltr'><strong>apud</strong></span> <span class='ocrx_word' id='word_1_379' title='bbox 3325 2649 3461 2704; x_wconf 85' lang='lat' dir='ltr'><strong>gen—</strong></span> 
     </span>
    </p>
   </div>
   <div class='ocr_carea' id='block_1_57' title="bbox 1894 2726 3460 2801">
    <p class='ocr_par' dir='ltr' id='par_1_57' title="bbox 1894 2726 3460 2801">
     <span class='ocr_line' id='line_1_57' title="bbox 1894 2726 3460 2801; baseline -0.005 -16"><span class='ocrx_word' id='word_1_380' title='bbox 1894 2739 1999 2786; x_wconf 85' lang='lat' dir='ltr'><strong>tem</strong></span> <span class='ocrx_word' id='word_1_381' title='bbox 2030 2748 2184 2801; x_wconf 72' lang='lat' dir='ltr'><strong>suam</strong></span> <span class='ocrx_word' id='word_1_382' title='bbox 2209 2732 2519 2786; x_wconf 79' lang='lat' dir='ltr'><strong>audituros.</strong></span> <span class='ocrx_word' id='word_1_383' title='bbox 2551 2730 2605 2784; x_wconf 91' lang='lat' dir='ltr'><strong>Si</strong></span> <span class='ocrx_word' id='word_1_384' title='bbox 2662 2730 2808 2783; x_wconf 88' lang='lat' dir='ltr'><strong>enim</strong></span> <span class='ocrx_word' id='word_1_385' title='bbox 2838 2729 2907 2782; x_wconf 91' lang='lat' dir='ltr'><strong>ab</strong></span> <span class='ocrx_word' id='word_1_386' title='bbox 2952 2743 3019 2781; x_wconf 89' lang='lat' dir='ltr'><strong>eo</strong></span> <span class='ocrx_word' id='word_1_387' title='bbox 3046 2726 3141 2796; x_wconf 84' lang='lat' dir='ltr'><strong>qui</strong></span> <span class='ocrx_word' id='word_1_388' title='bbox 3188 2726 3460 2793; x_wconf 88' lang='lat' dir='ltr'><strong>stipendia</strong></span> 
     </span>
    </p>
   </div>
   <div class='ocr_carea' id='block_1_58' title="bbox 1892 2818 3461 2893">
    <p class='ocr_par' dir='ltr' id='par_1_58' title="bbox 1892 2818 3461 2893">
     <span class='ocr_line' id='line_1_58' title="bbox 1892 2818 3461 2893; baseline -0.003 -16"><span class='ocrx_word' id='word_1_389' title='bbox 1892 2835 2170 2889; x_wconf 86' lang='lat' dir='ltr'><strong>numerat,</strong></span> <span class='ocrx_word' id='word_1_390' title='bbox 2207 2824 2555 2893; x_wconf 88' lang='lat' dir='ltr'><strong>inquiebant,</strong></span> <span class='ocrx_word' id='word_1_391' title='bbox 2582 2822 2814 2876; x_wconf 87' lang='lat' dir='ltr'><strong>alterum</strong></span> <span class='ocrx_word' id='word_1_392' title='bbox 2847 2818 3157 2888; x_wconf 84' lang='lat' dir='ltr'><strong>quempiam</strong></span> <span class='ocrx_word' id='word_1_393' title='bbox 3190 2819 3337 2872; x_wconf 89' lang='lat' dir='ltr'><strong>domi</strong></span> <span class='ocrx_word' id='word_1_394' title='bbox 3377 2833 3461 2873; x_wconf 88' lang='lat' dir='ltr'><strong>se-</strong></span> 
     </span>
    </p>
   </div>
   <div class='ocr_carea' id='block_1_59' title="bbox 1891 2909 3452 2985">
    <p class='ocr_par' dir='ltr' id='par_1_59' title="bbox 1891 2909 3452 2985">
     <span class='ocr_line' id='line_1_59' title="bbox 1891 2909 3452 2985; baseline -0.002 -18"><span class='ocrx_word' id='word_1_395' title='bbox 1891 2929 2024 2970; x_wconf 86' lang='lat' dir='ltr'><strong>cure</strong></span> <span class='ocrx_word' id='word_1_396' title='bbox 2048 2916 2326 2969; x_wconf 86' lang='lat' dir='ltr'><strong>sedentem</strong></span> <span class='ocrx_word' id='word_1_397' title='bbox 2388 2915 2647 2985; x_wconf 84' lang='lat' dir='ltr'><strong>adjuvare</strong></span> <span class='ocrx_word' id='word_1_398' title='bbox 2680 2928 2743 2967; x_wconf 90' lang='lat' dir='ltr'><strong>ac</strong></span> <span class='ocrx_word' id='word_1_399' title='bbox 2774 2909 3073 2966; x_wconf 86' lang='lat' dir='ltr'><strong>defendere</strong></span> <span class='ocrx_word' id='word_1_400' title='bbox 3120 2909 3263 2980; x_wconf 84' lang='lat' dir='ltr'><strong>jussi</strong></span> <span class='ocrx_word' id='word_1_401' title='bbox 3304 2925 3452 2964; x_wconf 85' lang='lat' dir='ltr'><strong>esse-</strong></span> 
     </span>
    </p>
   </div>
   <div class='ocr_carea' id='block_1_60' title="bbox 1891 3000 3457 3076">
    <p class='ocr_par' dir='ltr' id='par_1_60' title="bbox 1891 3000 3457 3076">
     <span class='ocr_line' id='line_1_60' title="bbox 1891 3000 3457 3076; baseline -0.006 -17"><span class='ocrx_word' id='word_1_402' title='bbox 1891 3019 2033 3068; x_wconf 86' lang='lat' dir='ltr'><strong>mus,</strong></span> <span class='ocrx_word' id='word_1_403' title='bbox 2068 3005 2223 3060; x_wconf 82' lang='lat' dir='ltr'><strong>facile</strong></span> <span class='ocrx_word' id='word_1_404' title='bbox 2274 3005 2339 3059; x_wconf 88' lang='lat' dir='ltr'><strong>ad</strong></span> <span class='ocrx_word' id='word_1_405' title='bbox 2384 3006 2503 3076; x_wconf 82' lang='lat' dir='ltr'><strong>ejus</strong></span> <span class='ocrx_word' id='word_1_406' title='bbox 2534 3004 2822 3072; x_wconf 90' lang='lat' dir='ltr'><strong>imperium</strong></span> <span class='ocrx_word' id='word_1_407' title='bbox 2876 3000 3313 3055; x_wconf 84' lang='lat' dir='ltr'><strong>desisteremus:</strong></span> <span class='ocrx_word' id='word_1_408' title='bbox 3387 3001 3457 3052; x_wconf 85' lang='lat' dir='ltr'><strong>ab</strong></span> 
     </span>
    </p>
   </div>
   <div class='ocr_carea' id='block_1_61' title="bbox 1891 3090 3455 3167">
    <p class='ocr_par' dir='ltr' id='par_1_61' title="bbox 1891 3090 3455 3167">
     <span class='ocr_line' id='line_1_61' title="bbox 1891 3090 3455 3167; baseline -0.006 -14"><span class='ocrx_word' id='word_1_409' title='bbox 1891 3113 1960 3153; x_wconf 88' lang='lat' dir='ltr'><strong>eo</strong></span> <span class='ocrx_word' id='word_1_410' title='bbox 1997 3106 2182 3152; x_wconf 87' lang='lat' dir='ltr'><strong>autem</strong></span> <span class='ocrx_word' id='word_1_411' title='bbox 2213 3098 2305 3167; x_wconf 86' lang='lat' dir='ltr'><strong>qui</strong></span> <span class='ocrx_word' id='word_1_412' title='bbox 2368 3096 2670 3150; x_wconf 79' lang='lat' dir='ltr'><strong>exercitum</strong></span> <span class='ocrx_word' id='word_1_413' title='bbox 2741 3092 2927 3153; x_wconf 84' lang='lat' dir='ltr'><strong>ducat.</strong></span> <span class='ocrx_word' id='word_1_414' title='bbox 2984 3100 3038 3144; x_wconf 89' lang='lat' dir='ltr'><strong>et</strong></span> <span class='ocrx_word' id='word_1_415' title='bbox 3095 3090 3162 3145; x_wconf 84' lang='lat' dir='ltr'><strong>ad</strong></span> <span class='ocrx_word' id='word_1_416' title='bbox 3219 3105 3455 3159; x_wconf 82' lang='lat' dir='ltr'><strong>pugnam</strong></span> 
     </span>
    </p>
   </div>
   <div class='ocr_carea' id='block_1_62' title="bbox 222 3172 1792 3266">
    <p class='ocr_par' dir='ltr' id='par_1_62' title="bbox 222 3172 1792 3266">
     <span class='ocr_line' id='line_1_62' title="bbox 222 3172 1792 3266; baseline 0.02 -47"><span class='ocrx_word' id='word_1_417' title='bbox 222 3172 704 3266; x_wconf 38' lang='grc' dir='ltr'>προσταχθείημεν</span> <span class='ocrx_word' id='word_1_418' title='bbox 733 3178 1065 3248; x_wconf 76' lang='grc' dir='ltr'>ἐπικουρεῖν,</span> <span class='ocrx_word' id='word_1_419' title='bbox 1098 3184 1235 3237; x_wconf 81' lang='grc' dir='ltr'>οἴκοι</span> <span class='ocrx_word' id='word_1_420' title='bbox 1269 3186 1368 3255; x_wconf 89' lang='grc' dir='ltr'>μὲν</span> <span class='ocrx_word' id='word_1_421' title='bbox 1396 3190 1488 3242; x_wconf 80' lang='grc' dir='ltr'>καὶ</span> <span class='ocrx_word' id='word_1_422' title='bbox 1526 3172 1792 3266; x_wconf 46' lang='grc' dir='ltr'>ἐνασφαλ</span> 
     </span>
    </p>
   </div>
   <div class='ocr_carea' id='block_1_63' title="bbox 1895 3172 3457 3266">
    <p class='ocr_par' dir='ltr' id='par_1_63' title="bbox 1895 3181 3457 3258">
     <span class='ocr_line' id='line_1_63' title="bbox 1895 3181 3457 3258; baseline -0.008 -14"><span class='ocrx_word' id='word_1_423' title='bbox 1895 3188 2039 3244; x_wconf 88' lang='lat' dir='ltr'><strong>acies</strong></span> <span class='ocrx_word' id='word_1_424' title='bbox 2077 3189 2409 3258; x_wconf 88' lang='lat' dir='ltr'><strong>disposuerit</strong></span> <span class='ocrx_word' id='word_1_425' title='bbox 2437 3186 2695 3248; x_wconf 86' lang='lat' dir='ltr'><strong>deficere,</strong></span> <span class='ocrx_word' id='word_1_426' title='bbox 2752 3200 2781 3238; x_wconf 87' lang='lat' dir='ltr'><strong>a</strong></span> <span class='ocrx_word' id='word_1_427' title='bbox 2826 3183 3028 3240; x_wconf 89' lang='lat' dir='ltr'><strong>nostris</strong></span> <span class='ocrx_word' id='word_1_428' title='bbox 3075 3181 3322 3235; x_wconf 88' lang='lat' dir='ltr'><strong>morilms</strong></span> <span class='ocrx_word' id='word_1_429' title='bbox 3366 3185 3457 3233; x_wconf 73' lang='lat' dir='ltr'><strong>ab.</strong></span> 
     </span>
    </p>
   </div>
   <div class='ocr_carea' id='block_1_64' title="bbox 221 3262 1791 3352">
    <p class='ocr_par' dir='ltr' id='par_1_64' title="bbox 221 3262 1791 3352">
     <span class='ocr_line' id='line_1_64' title="bbox 221 3262 1791 3352; baseline 0.02 -42"><span class='ocrx_word' id='word_1_430' title='bbox 221 3262 340 3332; x_wconf 76' lang='grc' dir='ltr'><strong>λεὶᾳ</strong></span> <span class='ocrx_word' id='word_1_431' title='bbox 381 3265 705 3332; x_wconf 82' lang='grc' dir='ltr'>καθεστῶτι,</span> <span class='ocrx_word' id='word_1_432' title='bbox 755 3270 953 3341; x_wconf 76' lang='grc' dir='ltr'>ῥᾳδίως</span> <span class='ocrx_word' id='word_1_433' title='bbox 1001 3274 1380 3352; x_wconf 72' lang='grc' dir='ltr'>αποσταίημεν</span> <span class='ocrx_word' id='word_1_434' title='bbox 1424 3280 1512 3345; x_wconf 81' lang='grc' dir='ltr'>ἄν,</span> <span class='ocrx_word' id='word_1_435' title='bbox 1564 3284 1657 3337; x_wconf 82' lang='grc' dir='ltr'><strong>τοῦ</strong></span> <span class='ocrx_word' id='word_1_436' title='bbox 1697 3262 1791 3342; x_wconf 71' lang='grc' dir='ltr'><strong>τὸν</strong></span> 
     </span>
    </p>
   </div>
   <div class='ocr_carea' id='block_1_65' title="bbox 226 3357 1791 3451">
    <p class='ocr_par' dir='ltr' id='par_1_65' title="bbox 226 3357 1791 3451">
     <span class='ocr_line' id='line_1_65' title="bbox 226 3357 1791 3451; baseline 0.017 -44"><span class='ocrx_word' id='word_1_437' title='bbox 226 3357 418 3424; x_wconf 84' lang='grc' dir='ltr'>μισθὸν</span> <span class='ocrx_word' id='word_1_438' title='bbox 473 3361 804 3433; x_wconf 67' lang='grc' dir='ltr'>παρέχοντος</span> <span class='ocrx_word' id='word_1_439' title='bbox 860 3369 1198 3435; x_wconf 83' lang='grc' dir='ltr'>κελεύοντος·</span> <span class='ocrx_word' id='word_1_440' title='bbox 1259 3378 1680 3451; x_wconf 75' lang='grc' dir='ltr'>στρατευομένῳ</span> <span class='ocrx_word' id='word_1_441' title='bbox 1733 3382 1791 3435; x_wconf 67' lang='grc' dir='ltr'>δὲ</span> 
     </span>
    </p>
   </div>
   <div class='ocr_carea' id='block_1_66' title="bbox 222 3451 1790 3538">
    <p class='ocr_par' dir='ltr' id='par_1_66' title="bbox 222 3451 1790 3538">
     <span class='ocr_line' id='line_1_66' title="bbox 222 3451 1790 3538; baseline 0.017 -38"><span class='ocrx_word' id='word_1_442' title='bbox 222 3451 476 3520; x_wconf 74' lang='grc' dir='ltr'>καὶπρὸς</span> <span class='ocrx_word' id='word_1_443' title='bbox 527 3454 709 3525; x_wconf 86' lang='grc' dir='ltr'>μάχην</span> <span class='ocrx_word' id='word_1_444' title='bbox 762 3464 1251 3534; x_wconf 86' lang='grc' dir='ltr'>παρατεταγμένῳ,</span> <span class='ocrx_word' id='word_1_445' title='bbox 1304 3467 1402 3535; x_wconf 86' lang='grc' dir='ltr'><strong>οὐχ</strong></span> <span class='ocrx_word' id='word_1_446' title='bbox 1454 3468 1614 3538; x_wconf 76' lang='grc' dir='ltr'>ἡμῶν</span> <span class='ocrx_word' id='word_1_447' title='bbox 1651 3468 1790 3527; x_wconf 77' lang='grc' dir='ltr'>εἶναι</span> 
     </span>
    </p>
   </div>
   <div class='ocr_carea' id='block_1_67' title="bbox 214 3542 1792 3640">
    <p class='ocr_par' dir='ltr' id='par_1_67' title="bbox 214 3542 1792 3640">
     <span class='ocr_line' id='line_1_67' title="bbox 214 3542 1792 3640; baseline 0.017 -48"><span class='ocrx_word' id='word_1_448' title='bbox 214 3542 557 3640; x_wconf 42' lang='grc' dir='ltr'>απολείπεινζ</span> <span class='ocrx_word' id='word_1_449' title='bbox 599 3549 891 3615; x_wconf 85' lang='grc' dir='ltr'>προδοσίαν</span> <span class='ocrx_word' id='word_1_450' title='bbox 925 3552 1031 3620; x_wconf 82' lang='grc' dir='ltr'>γὰρ</span> <span class='ocrx_word' id='word_1_451' title='bbox 1057 3554 1316 3626; x_wconf 76' lang='grc' dir='ltr'>ἄντικρυς</span> <span class='ocrx_word' id='word_1_452' title='bbox 1363 3561 1421 3611; x_wconf 80' lang='grc' dir='ltr'>τὸ</span> <span class='ocrx_word' id='word_1_453' title='bbox 1452 3564 1685 3633; x_wconf 80' lang='grc' dir='ltr'>πρᾶγμα</span> <span class='ocrx_word' id='word_1_454' title='bbox 1714 3563 1792 3619; x_wconf 81' lang='grc' dir='ltr'>εί-</span> 
     </span>
    </p>
   </div>
   <div class='ocr_carea' id='block_1_68' title="bbox 219 3635 1789 3727">
    <p class='ocr_par' dir='ltr' id='par_1_68' title="bbox 219 3635 1789 3727">
     <span class='ocr_line' id='line_1_68' title="bbox 219 3635 1789 3727; baseline 0.017 -44"><span class='ocrx_word' id='word_1_455' title='bbox 378 3635 440 3687; x_wconf 92' lang='grc' dir='ltr'>οὐ</span> <span class='ocrx_word' id='word_1_456' title='bbox 486 3636 595 3688; x_wconf 85' lang='grc' dir='ltr'><strong>τῶν</strong></span> <span class='ocrx_word' id='word_1_457' title='bbox 644 3640 896 3707; x_wconf 81' lang='grc' dir='ltr'>πάντων,</span> <span class='ocrx_word' id='word_1_458' title='bbox 946 3644 1102 3699; x_wconf 76' lang='grc' dir='ltr'>οὐδὲν</span> <span class='ocrx_word' id='word_1_459' title='bbox 1143 3648 1579 3722; x_wconf 81' lang='grc' dir='ltr'>ἀτολμητότερον</span> <span class='ocrx_word' id='word_1_460' title='bbox 1626 3658 1789 3727; x_wconf 77' lang='grc' dir='ltr'>ἡμῖν,</span> 
     </span>
    </p>
   </div>
   <div class='ocr_carea' id='block_1_69' title="bbox 217 3725 1795 3808">
    <p class='ocr_par' dir='ltr' id='par_1_69' title="bbox 217 3725 1795 3808">
     <span class='ocr_line' id='line_1_69' title="bbox 217 3725 1795 3808; baseline 0.016 -32"><span class='ocrx_word' id='word_1_461' title='bbox 217 3725 339 3777; x_wconf 77' lang='grc' dir='ltr'>οὐδὲ</span> <span class='ocrx_word' id='word_1_462' title='bbox 371 3729 546 3795; x_wconf 77' lang='grc' dir='ltr'>μείζω</span> <span class='ocrx_word' id='word_1_463' title='bbox 574 3731 729 3800; x_wconf 82' lang='grc' dir='ltr'>φέρει</span> <span class='ocrx_word' id='word_1_464' title='bbox 759 3735 857 3802; x_wconf 78' lang='grc' dir='ltr'>τὴν</span> <span class='ocrx_word' id='word_1_465' title='bbox 882 3736 1174 3808; x_wconf 87' lang='grc' dir='ltr'>αίσχύνην.</span> <span class='ocrx_word' id='word_1_466' title='bbox 1204 3741 1283 3792; x_wconf 84' lang='grc' dir='ltr'><strong>Δι’</strong></span> <span class='ocrx_word' id='word_1_467' title='bbox 1322 3741 1356 3795; x_wconf 87' lang='grc' dir='ltr'>ἂ</span> <span class='ocrx_word' id='word_1_468' title='bbox 1381 3745 1500 3797; x_wconf 85' lang='grc' dir='ltr'>οὐδὲ</span> <span class='ocrx_word' id='word_1_469' title='bbox 1537 3746 1595 3799; x_wconf 84' lang='grc' dir='ltr'><strong>σὲ</strong></span> <span class='ocrx_word' id='word_1_470' title='bbox 1627 3725 1795 3801; x_wconf 42' lang='grc' dir='ltr'>καταε-</span> 
     </span>
    </p>
   </div>
   <div class='ocr_carea' id='block_1_70' title="bbox 217 3817 1792 3901">
    <p class='ocr_par' dir='ltr' id='par_1_70' title="bbox 217 3817 1792 3901">
     <span class='ocr_line' id='line_1_70' title="bbox 217 3817 1792 3901; baseline 0.017 -34"><span class='ocrx_word' id='word_1_471' title='bbox 217 3817 476 3888; x_wconf 81' lang='grc' dir='ltr'>λείψομεν</span> <span class='ocrx_word' id='word_1_472' title='bbox 503 3822 709 3890; x_wconf 71' lang='grc' dir='ltr'>ἐνθάδε,</span> <span class='ocrx_word' id='word_1_473' title='bbox 744 3824 934 3898; x_wconf 83' lang='grc' dir='ltr'>ὥσπερ</span> <span class='ocrx_word' id='word_1_474' title='bbox 968 3830 1255 3886; x_wconf 73' lang='grc' dir='ltr'>ἐκέλευσεν</span> <span class='ocrx_word' id='word_1_475' title='bbox 1292 3836 1520 3901; x_wconf 72' lang='grc' dir='ltr'>ἐκεῖνος’</span> <span class='ocrx_word' id='word_1_476' title='bbox 1573 3840 1688 3892; x_wconf 79' lang='grc' dir='ltr'>ἀλλ’</span> <span class='ocrx_word' id='word_1_477' title='bbox 1734 3842 1792 3894; x_wconf 80' lang='grc' dir='ltr'><strong>ὲν</strong></span> 
     </span>
    </p>
   </div>
   <div class='ocr_carea' id='block_1_71' title="bbox 214 3912 1791 4002">
    <p class='ocr_par' dir='ltr' id='par_1_71' title="bbox 214 3912 1791 4002">
     <span class='ocr_line' id='line_1_71' title="bbox 214 3912 1791 4002; baseline 0.016 -39"><span class='ocrx_word' id='word_1_478' title='bbox 214 3912 489 3987; x_wconf 73' lang='grc' dir='ltr'>ἀσφαλείᾳ</span> <span class='ocrx_word' id='word_1_479' title='bbox 517 3917 656 3970; x_wconf 70' lang='grc' dir='ltr'>οἴκοι</span> <span class='ocrx_word' id='word_1_480' title='bbox 685 3923 1131 3992; x_wconf 82' lang='grc' dir='ltr'>καταστήσαντες</span> <span class='ocrx_word' id='word_1_481' title='bbox 1168 3926 1629 4002; x_wconf 81' lang='grc' dir='ltr'>ἀναχωρήσομεν.</span> <span class='ocrx_word' id='word_1_482' title='bbox 1657 3935 1791 3989; x_wconf 85' lang='grc' dir='ltr'>Συν-</span> 
     </span>
    </p>
   </div>
   <div class='ocr_carea' id='block_1_72' title="bbox 213 4002 1792 4096">
    <p class='ocr_par' dir='ltr' id='par_1_72' title="bbox 213 4002 1792 4096">
     <span class='ocr_line' id='line_1_72' title="bbox 213 4002 1792 4096; baseline 0.018 -41"><span class='ocrx_word' id='word_1_483' title='bbox 213 4005 503 4060; x_wconf 78' lang='grc' dir='ltr'>εδούλευόν</span> <span class='ocrx_word' id='word_1_484' title='bbox 545 4025 603 4061; x_wconf 84' lang='grc' dir='ltr'><strong>τε</strong></span> <span class='ocrx_word' id='word_1_485' title='bbox 648 4009 723 4082; x_wconf 75' lang='grc' dir='ltr'>μὴ</span> <span class='ocrx_word' id='word_1_486' title='bbox 752 4012 990 4079; x_wconf 86' lang='grc' dir='ltr'>μέλλειν,</span> <span class='ocrx_word' id='word_1_487' title='bbox 1023 4002 1136 4068; x_wconf 74' lang='grc' dir='ltr'>ἀλλ’</span> <span class='ocrx_word' id='word_1_488' title='bbox 1159 4022 1239 4082; x_wconf 86' lang='grc' dir='ltr'><strong>εἰς</strong></span> <span class='ocrx_word' id='word_1_489' title='bbox 1270 4019 1530 4092; x_wconf 79' lang='grc' dir='ltr'>Βέρροιαν</span> <span class='ocrx_word' id='word_1_490' title='bbox 1560 4026 1792 4096; x_wconf 77' lang='grc' dir='ltr'>τάχιστα</span> 
     </span>
    </p>
   </div>
   <div class='ocr_carea' id='block_1_73' title="bbox 212 4098 1791 4189">
    <p class='ocr_par' dir='ltr' id='par_1_73' title="bbox 212 4098 1791 4189">
     <span class='ocr_line' id='line_1_73' title="bbox 212 4098 1791 4189; baseline 0.017 -42"><span class='ocrx_word' id='word_1_491' title='bbox 212 4098 541 4169; x_wconf 73' lang='grc' dir='ltr'>ἐπανήκεινο</span> <span class='ocrx_word' id='word_1_492' title='bbox 572 4102 798 4172; x_wconf 83' lang='grc' dir='ltr'>Κράλην</span> <span class='ocrx_word' id='word_1_493' title='bbox 834 4107 942 4177; x_wconf 81' lang='grc' dir='ltr'>γὰρ</span> <span class='ocrx_word' id='word_1_494' title='bbox 991 4109 1149 4177; x_wconf 83' lang='grc' dir='ltr'>δῆλον</span> <span class='ocrx_word' id='word_1_495' title='bbox 1178 4113 1281 4185; x_wconf 75' lang='grc' dir='ltr'>ἤδη</span> <span class='ocrx_word' id='word_1_496' title='bbox 1328 4110 1468 4170; x_wconf 78' lang='grc' dir='ltr'>εἶναι</span> <span class='ocrx_word' id='word_1_497' title='bbox 1514 4119 1791 4189; x_wconf 71' lang='grc' dir='ltr'>ᾑρημένον</span> 
     </span>
    </p>
   </div>
   <div class='ocr_carea' id='block_1_74' title="bbox 213 4195 1791 4276">
    <p class='ocr_par' dir='ltr' id='par_1_74' title="bbox 213 4195 1791 4276">
     <span class='ocr_line' id='line_1_74' title="bbox 213 4195 1791 4276; baseline 0.017 -35"><span class='ocrx_word' id='word_1_498' title='bbox 213 4195 494 4261; x_wconf 81' lang='grc' dir='ltr'>πολεμεῖν.</span> <span class='ocrx_word' id='word_1_499' title='bbox 530 4197 796 4262; x_wconf 82' lang='grc' dir='ltr'>Βασιλεὺς</span> <span class='ocrx_word' id='word_1_500' title='bbox 827 4200 885 4253; x_wconf 73' lang='grc' dir='ltr'>δὲ</span> <span class='ocrx_word' id='word_1_501' title='bbox 910 4200 1096 4266; x_wconf 79' lang='grc' dir='ltr'>αὐτοῖς</span> <span class='ocrx_word' id='word_1_502' title='bbox 1137 4205 1235 4271; x_wconf 84' lang='grc' dir='ltr'>τῆς</span> <span class='ocrx_word' id='word_1_503' title='bbox 1274 4208 1353 4270; x_wconf 85' lang='grc' dir='ltr'><strong>είς</strong></span> <span class='ocrx_word' id='word_1_504' title='bbox 1382 4209 1546 4263; x_wconf 83' lang='grc' dir='ltr'>αὐτὸν</span> <span class='ocrx_word' id='word_1_505' title='bbox 1580 4211 1791 4276; x_wconf 85' lang='grc' dir='ltr'>εὐνοίας</span> 
     </span>
    </p>
   </div>
   <div class='ocr_carea' id='block_1_75' title="bbox 212 4288 1791 4364">
    <p class='ocr_par' dir='ltr' id='par_1_75' title="bbox 212 4288 1791 4364">
     <span class='ocr_line' id='line_1_75' title="bbox 212 4288 1791 4364; baseline 0.011 -25"><span class='ocrx_word' id='word_1_506' title='bbox 212 4288 311 4339; x_wconf 85' lang='grc' dir='ltr'>καὶ</span> <span class='ocrx_word' id='word_1_507' title='bbox 340 4288 446 4341; x_wconf 86' lang='grc' dir='ltr'>τῶν</span> <span class='ocrx_word' id='word_1_508' title='bbox 480 4291 698 4361; x_wconf 87' lang='grc' dir='ltr'>τρόπων</span> <span class='ocrx_word' id='word_1_509' title='bbox 731 4293 830 4363; x_wconf 84' lang='grc' dir='ltr'>τῆς</span> <span class='ocrx_word' id='word_1_510' title='bbox 861 4294 1145 4362; x_wconf 81' lang='grc' dir='ltr'>εὐγενείας</span> <span class='ocrx_word' id='word_1_511' title='bbox 1188 4299 1502 4364; x_wconf 73' lang='grc' dir='ltr'>ἐπαινέσας,</span> <span class='ocrx_word' id='word_1_512' title='bbox 1545 4303 1791 4358; x_wconf 81' lang='grc' dir='ltr'>ἐπείθετό</span> 
     </span>
    </p>
   </div>
   <div class='ocr_carea' id='block_1_76' title="bbox 209 4369 1790 4467">
    <p class='ocr_par' dir='ltr' id='par_1_76' title="bbox 209 4369 1790 4467">
     <span class='ocr_line' id='line_1_76' title="bbox 209 4369 1790 4467; baseline 0.011 -33"><span class='ocrx_word' id='word_1_513' title='bbox 209 4400 271 4434; x_wconf 89' lang='grc' dir='ltr'><strong>τε</strong></span> <span class='ocrx_word' id='word_1_514' title='bbox 327 4369 419 4436; x_wconf 80' lang='grc' dir='ltr'>καὶ</span> <span class='ocrx_word' id='word_1_515' title='bbox 453 4381 847 4461; x_wconf 78' lang='grc' dir='ltr'>ἀνέστρεφενῇ</span> <span class='ocrx_word' id='word_1_516' title='bbox 902 4389 1101 4442; x_wconf 71' lang='grc' dir='ltr'>ἐκεῖνοι</span> <span class='ocrx_word' id='word_1_517' title='bbox 1154 4392 1564 4460; x_wconf 80' lang='grc' dir='ltr'>συνεϐούλευον,</span> <span class='ocrx_word' id='word_1_518' title='bbox 1618 4399 1790 4467; x_wconf 85' lang='grc' dir='ltr'>μηδὲν</span> 
     </span>
    </p>
   </div>
   <div class='ocr_carea' id='block_1_77' title="bbox 1893 3277 3460 3347">
    <p class='ocr_par' dir='ltr' id='par_1_77' title="bbox 1893 3277 3460 3347">
     <span class='ocr_line' id='line_1_77' title="bbox 1893 3277 3460 3347; baseline -0.006 -10"><span class='ocrx_word' id='word_1_519' title='bbox 1893 3281 2255 3345; x_wconf 87' lang='lat' dir='ltr'><strong>horret,cum</strong></span> <span class='ocrx_word' id='word_1_520' title='bbox 2317 3280 2389 3334; x_wconf 93' lang='lat' dir='ltr'><strong>sit</strong></span> <span class='ocrx_word' id='word_1_521' title='bbox 2446 3278 2733 3332; x_wconf 81' lang='lat' dir='ltr'><strong>manifesta</strong></span> <span class='ocrx_word' id='word_1_522' title='bbox 2785 3277 3061 3347; x_wconf 86' lang='lat' dir='ltr'><strong>proditio:</strong></span> <span class='ocrx_word' id='word_1_523' title='bbox 3128 3288 3184 3330; x_wconf 87' lang='grc' dir='ltr'><strong>ιιι</strong></span> <span class='ocrx_word' id='word_1_524' title='bbox 3230 3277 3460 3347; x_wconf 81' lang='lat' dir='ltr'><strong>proinde</strong></span> 
     </span>
    </p>
   </div>
   <div class='ocr_carea' id='block_1_78' title="bbox 1892 3369 3464 3436">
    <p class='ocr_par' dir='ltr' id='par_1_78' title="bbox 1892 3369 3464 3436">
     <span class='ocr_line' id='line_1_78' title="bbox 1892 3369 3464 3436; baseline -0.006 -7"><span class='ocrx_word' id='word_1_525' title='bbox 1892 3374 2032 3429; x_wconf 85' lang='lat' dir='ltr'><strong>nihil</strong></span> <span class='ocrx_word' id='word_1_526' title='bbox 2072 3389 2141 3429; x_wconf 80' lang='lat' dir='ltr'><strong>ex</strong></span> <span class='ocrx_word' id='word_1_527' title='bbox 2171 3370 2427 3427; x_wconf 89' lang='lat' dir='ltr'><strong>omnibus</strong></span> <span class='ocrx_word' id='word_1_528' title='bbox 2454 3371 2636 3425; x_wconf 90' lang='lat' dir='ltr'><strong>minus</strong></span> <span class='ocrx_word' id='word_1_529' title='bbox 2663 3369 3012 3424; x_wconf 82' lang='lat' dir='ltr'><strong>commissuri</strong></span> <span class='ocrx_word' id='word_1_530' title='bbox 3054 3369 3249 3431; x_wconf 86' lang='lat' dir='ltr'><strong>simus,</strong></span> <span class='ocrx_word' id='word_1_531' title='bbox 3288 3384 3464 3436; x_wconf 87' lang='lat' dir='ltr'><strong>quan-</strong></span> 
     </span>
    </p>
   </div>
   <div class='ocr_carea' id='block_1_79' title="bbox 1892 3457 3461 3536">
    <p class='ocr_par' dir='ltr' id='par_1_79' title="bbox 1892 3457 3461 3536">
     <span class='ocr_line' id='line_1_79' title="bbox 1892 3457 3461 3536; baseline -0.008 -15"><span class='ocrx_word' id='word_1_532' title='bbox 1892 3464 2187 3536; x_wconf 88' lang='lat' dir='ltr'><strong>doquidem</strong></span> <span class='ocrx_word' id='word_1_533' title='bbox 2216 3479 2331 3519; x_wconf 90' lang='lat' dir='ltr'><strong>non</strong></span> <span class='ocrx_word' id='word_1_534' title='bbox 2359 3462 2508 3517; x_wconf 86' lang='lat' dir='ltr'><strong>aliud</strong></span> <span class='ocrx_word' id='word_1_535' title='bbox 2540 3464 2696 3515; x_wconf 87' lang='lat' dir='ltr'><strong>nobis</strong></span> <span class='ocrx_word' id='word_1_536' title='bbox 2726 3460 3008 3516; x_wconf 70' lang='lat' dir='ltr'><strong>fmdiorem</strong></span> <span class='ocrx_word' id='word_1_537' title='bbox 3039 3457 3331 3514; x_wconf 85' lang='lat' dir='ltr'><strong>dedecoris</strong></span> <span class='ocrx_word' id='word_1_538' title='bbox 3360 3473 3461 3511; x_wconf 87' lang='lat' dir='ltr'><strong>no-</strong></span> 
     </span>
    </p>
   </div>
   <div class='ocr_carea' id='block_1_80' title="bbox 1894 3550 3461 3625">
    <p class='ocr_par' dir='ltr' id='par_1_80' title="bbox 1894 3550 3461 3625">
     <span class='ocr_line' id='line_1_80' title="bbox 1894 3550 3461 3625; baseline -0.006 -12"><span class='ocrx_word' id='word_1_539' title='bbox 1894 3567 2001 3613; x_wconf 87' lang='lat' dir='ltr'><strong>tam</strong></span> <span class='ocrx_word' id='word_1_540' title='bbox 2032 3556 2311 3613; x_wconf 88' lang='lat' dir='ltr'><strong>inusserit.</strong></span> <span class='ocrx_word' id='word_1_541' title='bbox 2350 3553 2513 3625; x_wconf 67' lang='grc'><strong>548</strong></span> <span class='ocrx_word' id='word_1_542' title='bbox 2532 3552 2687 3618; x_wconf 88' lang='lat' dir='ltr'><strong>Quod</strong></span> <span class='ocrx_word' id='word_1_543' title='bbox 2720 3568 2844 3606; x_wconf 88' lang='lat' dir='ltr'><strong>cum</strong></span> <span class='ocrx_word' id='word_1_544' title='bbox 2902 3555 2985 3617; x_wconf 91' lang='lat' dir='ltr'><strong>ita_</strong></span> <span class='ocrx_word' id='word_1_545' title='bbox 3006 3554 3098 3615; x_wconf 88' lang='lat' dir='ltr'><strong>sit,</strong></span> <span class='ocrx_word' id='word_1_546' title='bbox 3123 3567 3223 3607; x_wconf 89' lang='lat' dir='ltr'><strong>nec</strong></span> <span class='ocrx_word' id='word_1_547' title='bbox 3273 3561 3325 3605; x_wconf 90' lang='lat' dir='ltr'><strong>te</strong></span> <span class='ocrx_word' id='word_1_548' title='bbox 3370 3550 3461 3604; x_wconf 89' lang='lat' dir='ltr'><strong>hic</strong></span> 
     </span>
    </p>
   </div>
   <div class='ocr_carea' id='block_1_81' title="bbox 1893 3645 3458 3717">
    <p class='ocr_par' dir='ltr' id='par_1_81' title="bbox 1893 3645 3458 3717">
     <span class='ocr_line' id='line_1_81' title="bbox 1893 3645 3458 3717; baseline -0.005 -11"><span class='ocrx_word' id='word_1_549' title='bbox 1893 3651 2228 3712; x_wconf 85' lang='lat' dir='ltr'><strong>desercmus,</strong></span> <span class='ocrx_word' id='word_1_550' title='bbox 2262 3656 2324 3701; x_wconf 94' lang='lat' dir='ltr'><strong>ut</strong></span> <span class='ocrx_word' id='word_1_551' title='bbox 2353 3647 2442 3701; x_wconf 93' lang='lat' dir='ltr'><strong>ille</strong></span> <span class='ocrx_word' id='word_1_552' title='bbox 2464 3646 2661 3717; x_wconf 75' lang='lat' dir='ltr'><strong>jussit:</strong></span> <span class='ocrx_word' id='word_1_553' title='bbox 2693 3645 2789 3698; x_wconf 89' lang='lat' dir='ltr'><strong>sed</strong></span> <span class='ocrx_word' id='word_1_554' title='bbox 2828 3660 2951 3698; x_wconf 89' lang='lat' dir='ltr'><strong>cum</strong></span> <span class='ocrx_word' id='word_1_555' title='bbox 2994 3654 3047 3698; x_wconf 90' lang='lat' dir='ltr'><strong>te</strong></span> <span class='ocrx_word' id='word_1_556' title='bbox 3073 3645 3219 3699; x_wconf 86' lang='lat' dir='ltr'><strong>domi</strong></span> <span class='ocrx_word' id='word_1_557' title='bbox 3252 3645 3305 3697; x_wconf 90' lang='lat' dir='ltr'><strong>in</strong></span> <span class='ocrx_word' id='word_1_558' title='bbox 3338 3652 3458 3698; x_wconf 90' lang='lat' dir='ltr'><strong>tuto</strong></span> 
     </span>
    </p>
   </div>
   <div class='ocr_carea' id='block_1_82' title="bbox 1894 3732 3465 3802">
    <p class='ocr_par' dir='ltr' id='par_1_82' title="bbox 1894 3732 3465 3802">
     <span class='ocr_line' id='line_1_82' title="bbox 1894 3732 3465 3802; baseline -0.004 -8"><span class='ocrx_word' id='word_1_559' title='bbox 1894 3738 2364 3798; x_wconf 86' lang='lat' dir='ltr'><strong>constituerimus,</strong></span> <span class='ocrx_word' id='word_1_560' title='bbox 2393 3734 2734 3790; x_wconf 85' lang='lat' dir='ltr'><strong>recedemus.</strong></span> <span class='ocrx_word' id='word_1_561' title='bbox 2772 3732 3083 3797; x_wconf 82' lang='lat' dir='ltr'><strong>Addebam,</strong></span> <span class='ocrx_word' id='word_1_562' title='bbox 3113 3748 3188 3795; x_wconf 86' lang='lat' dir='ltr'><strong>ne</strong></span> <span class='ocrx_word' id='word_1_563' title='bbox 3215 3747 3465 3802; x_wconf 83' lang='lat' dir='ltr'><strong>procras-</strong></span> 
     </span>
    </p>
   </div>
   <div class='ocr_carea' id='block_1_83' title="bbox 1896 3827 3461 3897">
    <p class='ocr_par' dir='ltr' id='par_1_83' title="bbox 1896 3827 3461 3897">
     <span class='ocr_line' id='line_1_83' title="bbox 1896 3827 3461 3897; baseline -0.003 -12"><span class='ocrx_word' id='word_1_564' title='bbox 1896 3832 2112 3895; x_wconf 88' lang='lat' dir='ltr'><strong>tinarct,</strong></span> <span class='ocrx_word' id='word_1_565' title='bbox 2172 3830 2268 3885; x_wconf 89' lang='lat' dir='ltr'><strong>sed</strong></span> <span class='ocrx_word' id='word_1_566' title='bbox 2328 3828 2649 3883; x_wconf 73' lang='lat' dir='ltr'><strong>Berrhneam</strong></span> <span class='ocrx_word' id='word_1_567' title='bbox 2708 3827 2888 3897; x_wconf 90' lang='lat' dir='ltr'><strong>primo</strong></span> <span class='ocrx_word' id='word_1_568' title='bbox 2941 3841 3162 3896; x_wconf 88' lang='lat' dir='ltr'><strong>quoque</strong></span> <span class='ocrx_word' id='word_1_569' title='bbox 3216 3838 3461 3895; x_wconf 86' lang='lat' dir='ltr'><strong>tempore</strong></span> 
     </span>
    </p>
   </div>
   <div class='ocr_carea' id='block_1_84' title="bbox 1896 3917 3462 3990">
    <p class='ocr_par' dir='ltr' id='par_1_84' title="bbox 1896 3917 3462 3990">
     <span class='ocr_line' id='line_1_84' title="bbox 1896 3917 3462 3990; baseline -0.003 -11"><span class='ocrx_word' id='word_1_570' title='bbox 1896 3922 2269 3990; x_wconf 86' lang='lat' dir='ltr'><strong>rediret;jam</strong></span> <span class='ocrx_word' id='word_1_571' title='bbox 2303 3926 2450 3977; x_wconf 91' lang='lat' dir='ltr'><strong>enim</strong></span> <span class='ocrx_word' id='word_1_572' title='bbox 2490 3921 2626 3977; x_wconf 89' lang='lat' dir='ltr'><strong>satis</strong></span> <span class='ocrx_word' id='word_1_573' title='bbox 2654 3921 2889 3990; x_wconf 88' lang='lat' dir='ltr'><strong>liquere,</strong></span> <span class='ocrx_word' id='word_1_574' title='bbox 2919 3917 3132 3974; x_wconf 84' lang='lat' dir='ltr'><strong>Craletn</strong></span> <span class='ocrx_word' id='word_1_575' title='bbox 3168 3933 3322 3973; x_wconf 87' lang='lat' dir='ltr'><strong>arma</strong></span> <span class='ocrx_word' id='word_1_576' title='bbox 3365 3933 3462 3975; x_wconf 83' lang='lat' dir='ltr'><strong>co-</strong></span> 
     </span>
    </p>
   </div>
   <div class='ocr_carea' id='block_1_85' title="bbox 1893 4012 3462 4088">
    <p class='ocr_par' dir='ltr' id='par_1_85' title="bbox 1893 4012 3462 4088">
     <span class='ocr_line' id='line_1_85' title="bbox 1893 4012 3462 4088; baseline -0.003 -19"><span class='ocrx_word' id='word_1_577' title='bbox 1893 4016 2086 4088; x_wconf 80' lang='lat' dir='ltr'><strong>gitare.</strong></span> <span class='ocrx_word' id='word_1_578' title='bbox 2129 4016 2428 4084; x_wconf 81' lang='lat' dir='ltr'><strong>Imperator</strong></span> <span class='ocrx_word' id='word_1_579' title='bbox 2455 4029 2551 4069; x_wconf 89' lang='lat' dir='ltr'><strong>eos</strong></span> <span class='ocrx_word' id='word_1_580' title='bbox 2583 4013 2651 4068; x_wconf 88' lang='lat' dir='ltr'><strong>de</strong></span> <span class='ocrx_word' id='word_1_581' title='bbox 2679 4013 2898 4083; x_wconf 84' lang='lat' dir='ltr'><strong>egregia</strong></span> <span class='ocrx_word' id='word_1_582' title='bbox 2926 4012 2984 4068; x_wconf 89' lang='lat' dir='ltr'><strong>in</strong></span> <span class='ocrx_word' id='word_1_583' title='bbox 3020 4028 3078 4068; x_wconf 84' lang='lat' dir='ltr'><strong>se</strong></span> <span class='ocrx_word' id='word_1_584' title='bbox 3099 4013 3462 4072; x_wconf 87' lang='lat' dir='ltr'><strong>humanitate.</strong></span> 
     </span>
    </p>
   </div>
   <div class='ocr_carea' id='block_1_86' title="bbox 1894 4105 3467 4176">
    <p class='ocr_par' dir='ltr' id='par_1_86' title="bbox 1894 4105 3467 4176">
     <span class='ocr_line' id='line_1_86' title="bbox 1894 4105 3467 4176; baseline -0.003 -14"><span class='ocrx_word' id='word_1_585' title='bbox 1894 4122 2220 4176; x_wconf 89' lang='lat' dir='ltr'><strong>morumque</strong></span> <span class='ocrx_word' id='word_1_586' title='bbox 2261 4107 2598 4176; x_wconf 87' lang='lat' dir='ltr'><strong>ingenuitate</strong></span> <span class='ocrx_word' id='word_1_587' title='bbox 2636 4105 2978 4169; x_wconf 89' lang='lat' dir='ltr'><strong>coilandans,</strong></span> <span class='ocrx_word' id='word_1_588' title='bbox 3016 4119 3128 4174; x_wconf 93' lang='lat' dir='ltr'><strong>quo</strong></span> <span class='ocrx_word' id='word_1_589' title='bbox 3160 4105 3467 4159; x_wconf 84' lang='lat' dir='ltr'><strong>suadebant</strong></span> 
     </span>
    </p>
   </div>
   <div class='ocr_carea' id='block_1_87' title="bbox 1894 4211 3460 4281">
    <p class='ocr_par' dir='ltr' id='par_1_87' title="bbox 1894 4211 3460 4281">
     <span class='ocr_line' id='line_1_87' title="bbox 1894 4211 3460 4281; baseline -0.002 -15"><span class='ocrx_word' id='word_1_590' title='bbox 1894 4212 2054 4277; x_wconf 86' lang='lat' dir='ltr'><strong>redit,</strong></span> <span class='ocrx_word' id='word_1_591' title='bbox 2090 4222 2313 4281; x_wconf 87' lang='lat' dir='ltr'><strong>propter</strong></span> <span class='ocrx_word' id='word_1_592' title='bbox 2333 4211 2512 4266; x_wconf 85' lang='lat' dir='ltr'><strong>Cralis</strong></span> <span class='ocrx_word' id='word_1_593' title='bbox 2540 4211 2905 4266; x_wconf 86' lang='lat' dir='ltr'><strong>mobilitatem</strong></span> <span class='ocrx_word' id='word_1_594' title='bbox 2938 4211 3075 4265; x_wconf 85' lang='lat' dir='ltr'><strong>nihil</strong></span> <span class='ocrx_word' id='word_1_595' title='bbox 3110 4226 3304 4267; x_wconf 90' lang='lat' dir='ltr'><strong>eorum</strong></span> <span class='ocrx_word' id='word_1_596' title='bbox 3361 4228 3460 4266; x_wconf 80' lang='lat' dir='ltr'><strong>ex-</strong></span> 
     </span>
    </p>
   </div>
   <div class='ocr_carea' id='block_1_88' title="bbox 1895 4300 3517 4371">
    <p class='ocr_par' dir='ltr' id='par_1_88' title="bbox 1895 4300 3517 4371">
     <span class='ocr_line' id='line_1_88' title="bbox 1895 4300 3517 4371; baseline -0.003 -13"><span class='ocrx_word' id='word_1_597' title='bbox 1895 4314 2122 4358; x_wconf 85' lang='lat' dir='ltr'><strong>secutus</strong></span> <span class='ocrx_word' id='word_1_598' title='bbox 2158 4318 2282 4371; x_wconf 73' lang='lat' dir='ltr'><strong>qua:</strong></span> <span class='ocrx_word' id='word_1_599' title='bbox 2315 4310 2606 4357; x_wconf 87' lang='lat' dir='ltr'><strong>statuerat.</strong></span> <span class='ocrx_word' id='word_1_600' title='bbox 2677 4302 2781 4366; x_wconf 88' lang='lat' dir='ltr'><strong>Qui</strong></span> <span class='ocrx_word' id='word_1_601' title='bbox 2847 4310 3007 4357; x_wconf 86' lang='lat' dir='ltr'><strong>erant</strong></span> <span class='ocrx_word' id='word_1_602' title='bbox 3060 4300 3467 4356; x_wconf 59' lang='lat' dir='ltr'><strong>Thessalonice</strong></span> <span class='ocrx_word' id='word_1_603' title='bbox 3513 4300 3517 4304; x_wconf 77' lang='grc'><strong>’</strong></span> 
     </span>
    </p>
   </div>
   <div class='ocr_carea' id='block_1_89' title="bbox 1894 4395 3458 4464">
    <p class='ocr_par' dir='ltr' id='par_1_89' title="bbox 1894 4395 3458 4464">
     <span class='ocr_line' id='line_1_89' title="bbox 1894 4395 3458 4464; baseline -0.003 -14"><span class='ocrx_word' id='word_1_604' title='bbox 1894 4397 2118 4462; x_wconf 83' lang='lat' dir='ltr'><strong>milites,</strong></span> <span class='ocrx_word' id='word_1_605' title='bbox 2180 4405 2239 4449; x_wconf 92' lang='lat' dir='ltr'><strong>ut</strong></span> <span class='ocrx_word' id='word_1_606' title='bbox 2297 4396 2685 4462; x_wconf 82' lang='lat' dir='ltr'><strong>imperatorem</strong></span> <span class='ocrx_word' id='word_1_607' title='bbox 2741 4395 3039 4450; x_wconf 85' lang='lat' dir='ltr'><strong>recessisse</strong></span> <span class='ocrx_word' id='word_1_608' title='bbox 3103 4405 3458 4464; x_wconf 85' lang='lat' dir='ltr'><strong>acceperunt,</strong></span> 
     </span>
    </p>
   </div>
   <div class='ocr_carea' id='block_1_90' title="bbox 208 4478 1792 4596">
    <p class='ocr_par' dir='ltr' id='par_1_90' title="bbox 208 4478 1786 4561">
     <span class='ocr_line' id='line_1_90' title="bbox 208 4478 1786 4561; baseline 0.011 -34"><span class='ocrx_word' id='word_1_609' title='bbox 208 4478 324 4528; x_wconf 69' lang='grc' dir='ltr'>τῶν</span> <span class='ocrx_word' id='word_1_610' title='bbox 362 4478 754 4549; x_wconf 80' lang='grc' dir='ltr'>μελετωμένων</span> <span class='ocrx_word' id='word_1_611' title='bbox 812 4481 1022 4550; x_wconf 79' lang='grc' dir='ltr'>πρᾶξαι</span> <span class='ocrx_word' id='word_1_612' title='bbox 1062 4483 1314 4553; x_wconf 76' lang='grc' dir='ltr'>δυνηθεὶς</span> <span class='ocrx_word' id='word_1_613' title='bbox 1342 4486 1428 4539; x_wconf 81' lang='grc' dir='ltr'><strong>διὰ</strong></span> <span class='ocrx_word' id='word_1_614' title='bbox 1465 4488 1565 4557; x_wconf 83' lang='grc' dir='ltr'>τὴν</span> <span class='ocrx_word' id='word_1_615' title='bbox 1596 4490 1786 4561; x_wconf 81' lang='grc' dir='ltr'>Κράλη</span> 
     </span>
    </p>
   </div>
   <div class='ocr_carea' id='block_1_91' title="bbox 1895 4478 3460 4596">
    <p class='ocr_par' dir='ltr' id='par_1_91' title="bbox 1898 4487 3460 4561">
     <span class='ocr_line' id='line_1_91' title="bbox 1898 4487 3460 4561; baseline -0.002 -19"><span class='ocrx_word' id='word_1_616' title='bbox 1898 4488 2043 4544; x_wconf 88' lang='lat' dir='ltr'><strong>foras</strong></span> <span class='ocrx_word' id='word_1_617' title='bbox 2077 4505 2135 4544; x_wconf 90' lang='lat' dir='ltr'><strong>se</strong></span> <span class='ocrx_word' id='word_1_618' title='bbox 2167 4489 2485 4552; x_wconf 85' lang='lat' dir='ltr'><strong>educentes,</strong></span> <span class='ocrx_word' id='word_1_619' title='bbox 2519 4487 2868 4542; x_wconf 83' lang='lat' dir='ltr'><strong>recedentem</strong></span> <span class='ocrx_word' id='word_1_620' title='bbox 2902 4488 3141 4543; x_wconf 87' lang='lat' dir='ltr'><strong>insecuti</strong></span> <span class='ocrx_word' id='word_1_621' title='bbox 3178 4497 3329 4561; x_wconf 88' lang='lat' dir='ltr'><strong>sunt,</strong></span> <span class='ocrx_word' id='word_1_622' title='bbox 3358 4489 3460 4540; x_wconf 84' lang='lat' dir='ltr'><strong>im-</strong></span> 
     </span>
    </p>
   </div>
   <div class='ocr_carea' id='block_1_92' title="bbox 214 4572 1784 4653">
    <p class='ocr_par' dir='ltr' id='par_1_92' title="bbox 214 4572 1784 4653">
     <span class='ocr_line' id='line_1_92' title="bbox 214 4572 1784 4653; baseline 0.01 -32"><span class='ocrx_word' id='word_1_623' title='bbox 214 4572 452 4637; x_wconf 77' lang='grc' dir='ltr'>μάλιστα</span> <span class='ocrx_word' id='word_1_624' title='bbox 490 4574 818 4644; x_wconf 78' lang='grc' dir='ltr'>μεταϐολήν.</span> <span class='ocrx_word' id='word_1_625' title='bbox 867 4576 930 4629; x_wconf 82' lang='grc' dir='ltr'><strong><em>Ἡ</em></strong></span> <span class='ocrx_word' id='word_1_626' title='bbox 957 4576 1010 4629; x_wconf 76' lang='grc' dir='ltr'>δὲ</span> <span class='ocrx_word' id='word_1_627' title='bbox 1053 4580 1109 4631; x_wconf 82' lang='grc' dir='ltr'><strong>ὲν</strong></span> <span class='ocrx_word' id='word_1_628' title='bbox 1135 4578 1500 4653; x_wconf 81' lang='grc' dir='ltr'>Θεσσαλονίκῃ</span> <span class='ocrx_word' id='word_1_629' title='bbox 1533 4586 1784 4653; x_wconf 82' lang='grc' dir='ltr'>στρατιὰ,</span> 
     </span>
    </p>
   </div>
   <div class='ocr_carea' id='block_1_93' title="bbox 210 4665 1789 4743">
    <p class='ocr_par' dir='ltr' id='par_1_93' title="bbox 210 4665 1789 4743">
     <span class='ocr_line' id='line_1_93' title="bbox 210 4665 1789 4743; baseline 0.009 -26"><span class='ocrx_word' id='word_1_630' title='bbox 210 4665 288 4725; x_wconf 84' lang='grc' dir='ltr'>ὡς</span> <span class='ocrx_word' id='word_1_631' title='bbox 348 4665 611 4720; x_wconf 78' lang='grc' dir='ltr'>ἐπύθοντο</span> <span class='ocrx_word' id='word_1_632' title='bbox 662 4667 890 4737; x_wconf 75' lang='grc' dir='ltr'>βασιλέα</span> <span class='ocrx_word' id='word_1_633' title='bbox 942 4671 1378 4742; x_wconf 81' lang='grc' dir='ltr'>ἀναστρέφοντα,</span> <span class='ocrx_word' id='word_1_634' title='bbox 1430 4675 1526 4743; x_wconf 85' lang='grc' dir='ltr'>τῆς</span> <span class='ocrx_word' id='word_1_635' title='bbox 1578 4677 1789 4742; x_wconf 88' lang='grc' dir='ltr'>πόλεως</span> 
     </span>
    </p>
   </div>
   <div class='ocr_carea' id='block_1_94' title="bbox 209 4759 1789 4839">
    <p class='ocr_par' dir='ltr' id='par_1_94' title="bbox 209 4759 1789 4839">
     <span class='ocr_line' id='line_1_94' title="bbox 209 4759 1789 4839; baseline 0.009 -30"><span class='ocrx_word' id='word_1_636' title='bbox 209 4759 549 4823; x_wconf 70' lang='grc' dir='ltr'>ἐξελθόντες,</span> <span class='ocrx_word' id='word_1_637' title='bbox 588 4760 806 4813; x_wconf 79' lang='grc' dir='ltr'>εἵποντο</span> <span class='ocrx_word' id='word_1_638' title='bbox 842 4763 964 4830; x_wconf 83' lang='grc' dir='ltr'>μὲν,</span> <span class='ocrx_word' id='word_1_639' title='bbox 1002 4766 1097 4817; x_wconf 79' lang='grc' dir='ltr'>καὶ</span> <span class='ocrx_word' id='word_1_640' title='bbox 1130 4767 1393 4836; x_wconf 83' lang='grc' dir='ltr'>παρεῖχον</span> <span class='ocrx_word' id='word_1_641' title='bbox 1442 4767 1663 4839; x_wconf 87' lang='grc' dir='ltr'>δόκησιν</span> <span class='ocrx_word' id='word_1_642' title='bbox 1715 4770 1789 4834; x_wconf 83' lang='grc' dir='ltr'><strong>ὡς</strong></span> 
     </span>
    </p>
   </div>
   <div class='ocr_carea' id='block_1_95' title="bbox 212 4852 1788 4933">
    <p class='ocr_par' dir='ltr' id='par_1_95' title="bbox 212 4852 1788 4933">
     <span class='ocr_line' id='line_1_95' title="bbox 212 4852 1788 4933; baseline 0.008 -30"><span class='ocrx_word' id='word_1_643' title='bbox 212 4852 674 4920; x_wconf 76' lang='grc' dir='ltr'>προσδαλοῦντες·</span> <span class='ocrx_word' id='word_1_644' title='bbox 705 4855 805 4908; x_wconf 87' lang='grc' dir='ltr'><strong>οὐκ</strong></span> <span class='ocrx_word' id='word_1_645' title='bbox 831 4856 1074 4925; x_wconf 67' lang='grc' dir='ltr'>ἐτόλμωι</span> <span class='ocrx_word' id='word_1_646' title='bbox 1105 4858 1161 4910; x_wconf 69' lang='grc' dir='ltr'>δὲ</span> <span class='ocrx_word' id='word_1_647' title='bbox 1211 4861 1647 4927; x_wconf 78' lang='grc' dir='ltr'>συμμίγνυσθαι.</span> <span class='ocrx_word' id='word_1_648' title='bbox 1678 4864 1788 4933; x_wconf 85' lang='grc' dir='ltr'>Τῆς</span> 
     </span>
    </p>
   </div>
   <div class='ocr_carea' id='block_1_96' title="bbox 212 4946 1791 5026">
    <p class='ocr_par' dir='ltr' id='par_1_96' title="bbox 212 4946 1791 5026">
     <span class='ocr_line' id='line_1_96' title="bbox 212 4946 1791 5026; baseline 0.006 -27"><span class='ocrx_word' id='word_1_649' title='bbox 212 4946 384 5012; x_wconf 70' lang='grc' dir='ltr'>αὐτῆς</span> <span class='ocrx_word' id='word_1_650' title='bbox 411 4946 466 4999; x_wconf 81' lang='grc' dir='ltr'>δὲ</span> <span class='ocrx_word' id='word_1_651' title='bbox 494 4946 731 5016; x_wconf 57' lang='grc' dir='ltr'>ἡμέρας,</span> <span class='ocrx_word' id='word_1_652' title='bbox 765 4948 858 5000; x_wconf 87' lang='grc' dir='ltr'><strong>καί</strong></span> <span class='ocrx_word' id='word_1_653' title='bbox 889 4949 952 5000; x_wconf 82' lang='grc' dir='ltr'>ὲκ</span> <span class='ocrx_word' id='word_1_654' title='bbox 982 4948 1089 5000; x_wconf 83' lang='grc' dir='ltr'>τῶν</span> <span class='ocrx_word' id='word_1_655' title='bbox 1121 4951 1177 5002; x_wconf 77' lang='grc' dir='ltr'><strong>ἐν</strong></span> <span class='ocrx_word' id='word_1_656' title='bbox 1205 4949 1578 5026; x_wconf 84' lang='grc' dir='ltr'>Θεσσαλονίκῃ</span> <span class='ocrx_word' id='word_1_657' title='bbox 1618 4957 1791 5022; x_wconf 87' lang='grc' dir='ltr'>φίλων</span> 
     </span>
    </p>
   </div>
   <div class='ocr_carea' id='block_1_97' title="bbox 208 5036 1788 5116">
    <p class='ocr_par' dir='ltr' id='par_1_97' title="bbox 208 5036 1788 5116">
     <span class='ocr_line' id='line_1_97' title="bbox 208 5036 1788 5116; baseline -0.001 -25"><span class='ocrx_word' id='word_1_658' title='bbox 208 5038 520 5107; x_wconf 82' lang='grc' dir='ltr'>γράμματα</span> <span class='ocrx_word' id='word_1_659' title='bbox 557 5040 695 5108; x_wconf 77' lang='grc' dir='ltr'>πρὸς</span> <span class='ocrx_word' id='word_1_660' title='bbox 724 5040 947 5109; x_wconf 80' lang='grc' dir='ltr'>βασιλέα</span> <span class='ocrx_word' id='word_1_661' title='bbox 981 5036 1109 5113; x_wconf 83' lang='grc' dir='ltr'>ἦκε,</span> <span class='ocrx_word' id='word_1_662' title='bbox 1146 5042 1423 5112; x_wconf 88' lang='grc' dir='ltr'>μηνύοντα</span> <span class='ocrx_word' id='word_1_663' title='bbox 1454 5046 1530 5109; x_wconf 88' lang='grc' dir='ltr'>ὡς</span> <span class='ocrx_word' id='word_1_664' title='bbox 1557 5046 1659 5116; x_wconf 72' lang='grc' dir='ltr'>τῆς</span> <span class='ocrx_word' id='word_1_665' title='bbox 1692 5049 1788 5101; x_wconf 74' lang='grc' dir='ltr'><strong>αὑ.</strong></span> 
     </span>
    </p>
   </div>
   <div class='ocr_carea' id='block_1_98' title="bbox 210 5132 1793 5203">
    <p class='ocr_par' dir='ltr' id='par_1_98' title="bbox 210 5132 1793 5203">
     <span class='ocr_line' id='line_1_98' title="bbox 210 5132 1793 5203; baseline 0.006 -18"><span class='ocrx_word' id='word_1_666' title='bbox 210 5134 312 5201; x_wconf 83' lang='grc' dir='ltr'>τῆς</span> <span class='ocrx_word' id='word_1_667' title='bbox 340 5133 554 5202; x_wconf 75' lang='grc' dir='ltr'>ἡμέρας</span> <span class='ocrx_word' id='word_1_668' title='bbox 599 5132 942 5202; x_wconf 80' lang='grc' dir='ltr'>Ἀπόκαυχος</span> <span class='ocrx_word' id='word_1_669' title='bbox 976 5136 1003 5186; x_wconf 92' lang='grc' dir='ltr'><strong>ό</strong></span> <span class='ocrx_word' id='word_1_670' title='bbox 1039 5136 1211 5203; x_wconf 86' lang='grc' dir='ltr'>μέγας</span> <span class='ocrx_word' id='word_1_671' title='bbox 1242 5137 1386 5203; x_wconf 76' lang='grc' dir='ltr'>δοὺξ,</span> <span class='ocrx_word' id='word_1_672' title='bbox 1425 5140 1615 5192; x_wconf 67' lang='grc' dir='ltr'>ναυσὶν</span> <span class='ocrx_word' id='word_1_673' title='bbox 1645 5141 1793 5194; x_wconf 66' lang='lat'><strong>€660-</strong></span> 
     </span>
    </p>
   </div>
   <div class='ocr_carea' id='block_1_99' title="bbox 215 5224 1793 5301">
    <p class='ocr_par' dir='ltr' id='par_1_99' title="bbox 215 5224 1793 5301">
     <span class='ocr_line' id='line_1_99' title="bbox 215 5224 1793 5301; baseline 0.005 -25"><span class='ocrx_word' id='word_1_674' title='bbox 215 5226 461 5294; x_wconf 74' lang='grc' dir='ltr'>μήκοντα</span> <span class='ocrx_word' id='word_1_675' title='bbox 502 5224 793 5294; x_wconf 86' lang='grc' dir='ltr'>Ῥωμαίων</span> <span class='ocrx_word' id='word_1_676' title='bbox 815 5224 1188 5296; x_wconf 86' lang='grc' dir='ltr'>Θεσσαλονίκῃ</span> <span class='ocrx_word' id='word_1_677' title='bbox 1216 5230 1504 5299; x_wconf 85' lang='grc' dir='ltr'>προσχοίη,</span> <span class='ocrx_word' id='word_1_678' title='bbox 1529 5231 1623 5283; x_wconf 79' lang='grc' dir='ltr'>καὶ</span> <span class='ocrx_word' id='word_1_679' title='bbox 1655 5249 1793 5301; x_wconf 86' lang='grc' dir='ltr'>συμ-</span> 
     </span>
    </p>
   </div>
   <div class='ocr_carea' id='block_1_100' title="bbox 213 5315 1788 5389">
    <p class='ocr_par' dir='ltr' id='par_1_100' title="bbox 213 5315 1788 5389">
     <span class='ocr_line' id='line_1_100' title="bbox 213 5315 1788 5389; baseline 0.007 -22"><span class='ocrx_word' id='word_1_680' title='bbox 213 5315 450 5389; x_wconf 83' lang='grc' dir='ltr'>μαχίδας</span> <span class='ocrx_word' id='word_1_681' title='bbox 483 5315 632 5383; x_wconf 78' lang='grc' dir='ltr'>ἄγων</span> <span class='ocrx_word' id='word_1_682' title='bbox 658 5318 932 5386; x_wconf 71' lang='grc' dir='ltr'>Περσικὰς</span> <span class='ocrx_word' id='word_1_683' title='bbox 953 5316 1046 5370; x_wconf 83' lang='grc' dir='ltr'><strong>δύο</strong></span> <span class='ocrx_word' id='word_1_684' title='bbox 1077 5319 1171 5370; x_wconf 73' lang='grc' dir='ltr'><strong>καὶ</strong></span> <span class='ocrx_word' id='word_1_685' title='bbox 1193 5321 1507 5388; x_wconf 73' lang='grc' dir='ltr'>τριάκοντα·</span> <span class='ocrx_word' id='word_1_686' title='bbox 1545 5323 1639 5376; x_wconf 76' lang='grc' dir='ltr'>καὶ</span> <span class='ocrx_word' id='word_1_687' title='bbox 1661 5325 1788 5388; x_wconf 82' lang='grc' dir='ltr'>τοὺς</span> 
     </span>
    </p>
   </div>
   <div class='ocr_carea' id='block_1_101' title="bbox 209 5412 1821 5483">
    <p class='ocr_par' dir='ltr' id='par_1_101' title="bbox 209 5412 1821 5483">
     <span class='ocr_line' id='line_1_101' title="bbox 209 5412 1821 5483; baseline 0.004 -17"><span class='ocrx_word' id='word_1_688' title='bbox 209 5416 279 5466; x_wconf 83' lang='grc' dir='ltr'>ἐκ</span> <span class='ocrx_word' id='word_1_689' title='bbox 310 5412 629 5476; x_wconf 76' lang='grc' dir='ltr'>Βυζαντίου,</span> <span class='ocrx_word' id='word_1_690' title='bbox 658 5412 753 5464; x_wconf 76' lang='grc' dir='ltr'>καὶ</span> <span class='ocrx_word' id='word_1_691' title='bbox 778 5412 998 5481; x_wconf 82' lang='grc' dir='ltr'>Θρᾴκης</span> <span class='ocrx_word' id='word_1_692' title='bbox 1024 5412 1115 5464; x_wconf 73' lang='grc' dir='ltr'>καὶ</span> <span class='ocrx_word' id='word_1_693' title='bbox 1136 5413 1473 5479; x_wconf 79' lang='grc' dir='ltr'>Μακεδονίας</span> <span class='ocrx_word' id='word_1_694' title='bbox 1510 5418 1712 5483; x_wconf 71' lang='grc' dir='ltr'>ἱππέας</span> <span class='ocrx_word' id='word_1_695' title='bbox 1731 5421 1793 5475; x_wconf 84' lang='grc' dir='ltr'><strong>οὐ</strong></span> <span class='ocrx_word' id='word_1_696' title='bbox 1816 5458 1821 5461; x_wconf 50' lang='grc' dir='ltr'>λ</span> 
     </span>
    </p>
   </div>
   <div class='ocr_carea' id='block_1_102' title="bbox 213 5499 1795 5582">
    <p class='ocr_par' dir='ltr' id='par_1_102' title="bbox 213 5499 1795 5582">
     <span class='ocr_line' id='line_1_102' title="bbox 213 5499 1795 5582; baseline 0.009 -31"><span class='ocrx_word' id='word_1_697' title='bbox 213 5500 395 5569; x_wconf 65' lang='grc' dir='ltr'>πολλῷ</span> <span class='ocrx_word' id='word_1_698' title='bbox 427 5499 656 5569; x_wconf 77' lang='grc' dir='ltr'>ὕστερον</span> <span class='ocrx_word' id='word_1_699' title='bbox 691 5500 1091 5570; x_wconf 86' lang='grc' dir='ltr'>προσδοκίμους</span> <span class='ocrx_word' id='word_1_700' title='bbox 1121 5500 1260 5557; x_wconf 75' lang='grc' dir='ltr'>εἶναι</span> <span class='ocrx_word' id='word_1_701' title='bbox 1302 5505 1473 5575; x_wconf 79' lang='grc' dir='ltr'>ἥξειν.</span> <span class='ocrx_word' id='word_1_702' title='bbox 1521 5508 1661 5573; x_wconf 82' lang='grc' dir='ltr'>Τοὺς</span> <span class='ocrx_word' id='word_1_703' title='bbox 1695 5512 1795 5582; x_wconf 80' lang='grc' dir='ltr'><strong>μὲν</strong></span> 
     </span>
    </p>
   </div>
   <div class='ocr_carea' id='block_1_103' title="bbox 210 5591 1793 5671">
    <p class='ocr_par' dir='ltr' id='par_1_103' title="bbox 210 5591 1793 5671">
     <span class='ocr_line' id='line_1_103' title="bbox 210 5591 1793 5671; baseline 0.007 -24"><span class='ocrx_word' id='word_1_704' title='bbox 210 5591 308 5649; x_wconf 67' lang='grc' dir='ltr'><strong>οὖν</strong></span> <span class='ocrx_word' id='word_1_705' title='bbox 338 5592 545 5663; x_wconf 88' lang='grc' dir='ltr'>φίλους,</span> <span class='ocrx_word' id='word_1_706' title='bbox 568 5594 667 5659; x_wconf 74' lang='grc' dir='ltr'>τῆς</span> <span class='ocrx_word' id='word_1_707' title='bbox 689 5594 948 5662; x_wconf 82' lang='grc' dir='ltr'>ἀγγελίας</span> <span class='ocrx_word' id='word_1_708' title='bbox 971 5595 1154 5657; x_wconf 75' lang='grc' dir='ltr'>ἓνεκα,</span> <span class='ocrx_word' id='word_1_709' title='bbox 1181 5598 1442 5669; x_wconf 72' lang='grc' dir='ltr'>ἐπῄνεσεν</span> <span class='ocrx_word' id='word_1_710' title='bbox 1460 5605 1486 5655; x_wconf 78' lang='grc' dir='ltr'>ὁ</span> <span class='ocrx_word' id='word_1_711' title='bbox 1518 5601 1793 5671; x_wconf 84' lang='grc' dir='ltr'>βασιλεύς.</span> 
     </span>
    </p>
   </div>
   <div class='ocr_carea' id='block_1_104' title="bbox 213 5687 1796 5767">
    <p class='ocr_par' dir='ltr' id='par_1_104' title="bbox 213 5687 1796 5767">
     <span class='ocr_line' id='line_1_104' title="bbox 213 5687 1796 5767; baseline 0.006 -26"><span class='ocrx_word' id='word_1_712' title='bbox 213 5689 387 5747; x_wconf 75' lang='grc' dir='ltr'>Αὐτὸς</span> <span class='ocrx_word' id='word_1_713' title='bbox 419 5687 473 5739; x_wconf 84' lang='grc' dir='ltr'>δὲ</span> <span class='ocrx_word' id='word_1_714' title='bbox 509 5687 665 5756; x_wconf 83' lang='grc' dir='ltr'>παρὰ</span> <span class='ocrx_word' id='word_1_715' title='bbox 696 5687 788 5742; x_wconf 75' lang='grc' dir='ltr'>τὸν</span> <span class='ocrx_word' id='word_1_716' title='bbox 816 5688 1021 5752; x_wconf 80' lang='grc' dir='ltr'>’Δξειὸν</span> <span class='ocrx_word' id='word_1_717' title='bbox 1069 5690 1262 5755; x_wconf 82' lang='grc' dir='ltr'>ἐλθὼν,</span> <span class='ocrx_word' id='word_1_718' title='bbox 1309 5694 1403 5744; x_wconf 72' lang='grc' dir='ltr'><strong>καὶ</strong></span> <span class='ocrx_word' id='word_1_719' title='bbox 1455 5695 1796 5767; x_wconf 85' lang='grc' dir='ltr'>πειρώμενος</span> 
     </span>
    </p>
   </div>
   <div class='ocr_carea' id='block_1_105' title="bbox 213 5780 1797 5856">
    <p class='ocr_par' dir='ltr' id='par_1_105' title="bbox 213 5780 1797 5856">
     <span class='ocr_line' id='line_1_105' title="bbox 213 5780 1797 5856; baseline 0.008 -23"><span class='ocrx_word' id='word_1_720' title='bbox 213 5780 536 5839; x_wconf 73' lang='grc' dir='ltr'>διαϐαίνειν,</span> <span class='ocrx_word' id='word_1_721' title='bbox 571 5781 631 5832; x_wconf 84' lang='grc' dir='ltr'>οὐ</span> <span class='ocrx_word' id='word_1_722' title='bbox 668 5784 1029 5851; x_wconf 87' lang='grc' dir='ltr'>συνεχωρεῖτο</span> <span class='ocrx_word' id='word_1_723' title='bbox 1081 5785 1540 5856; x_wconf 79' lang='grc' dir='ltr'>πλημμυροῦντος</span> <span class='ocrx_word' id='word_1_724' title='bbox 1574 5789 1667 5842; x_wconf 88' lang='grc' dir='ltr'>τοῦ</span> <span class='ocrx_word' id='word_1_725' title='bbox 1702 5809 1797 5845; x_wconf 87' lang='grc' dir='ltr'><strong>πο-</strong></span> 
     </span>
    </p>
   </div>
   <div class='ocr_carea' id='block_1_106' title="bbox 216 5871 1790 5952">
    <p class='ocr_par' dir='ltr' id='par_1_106' title="bbox 216 5871 1790 5952">
     <span class='ocr_line' id='line_1_106' title="bbox 216 5871 1790 5952; baseline 0.009 -27"><span class='ocrx_word' id='word_1_726' title='bbox 216 5871 394 5944; x_wconf 80' lang='grc' dir='ltr'>ταμοῦ</span> <span class='ocrx_word' id='word_1_727' title='bbox 427 5872 483 5937; x_wconf 75' lang='grc' dir='ltr'>ἐξ</span> <span class='ocrx_word' id='word_1_728' title='bbox 529 5871 754 5944; x_wconf 74' lang='grc' dir='ltr'>ὄμϐρων</span> <span class='ocrx_word' id='word_1_729' title='bbox 788 5874 1065 5944; x_wconf 58' lang='lat' dir='ltr'><strong>{meum</strong></span> <span class='ocrx_word' id='word_1_730' title='bbox 1093 5876 1288 5947; x_wconf 72' lang='grc' dir='ltr'>ἁθρόον</span> <span class='ocrx_word' id='word_1_731' title='bbox 1333 5880 1790 5952; x_wconf 62' lang='grc' dir='ltr'>κατε-λεχθὲντων.</span> 
     </span>
    </p>
   </div>
   <div class='ocr_carea' id='block_1_107' title="bbox 1898 4577 3465 4661">
    <p class='ocr_par' dir='ltr' id='par_1_107' title="bbox 1898 4577 3465 4661">
     <span class='ocr_line' id='line_1_107' title="bbox 1898 4577 3465 4661; baseline -0.002 -25"><span class='ocrx_word' id='word_1_732' title='bbox 1898 4583 2261 4653; x_wconf 88' lang='lat' dir='ltr'><strong>pressionem,</strong></span> <span class='ocrx_word' id='word_1_733' title='bbox 2296 4590 2354 4634; x_wconf 92' lang='lat' dir='ltr'><strong>ut</strong></span> <span class='ocrx_word' id='word_1_734' title='bbox 2376 4578 2699 4650; x_wconf 88' lang='lat' dir='ltr'><strong>apparebat,</strong></span> <span class='ocrx_word' id='word_1_735' title='bbox 2725 4577 2942 4633; x_wconf 90' lang='lat' dir='ltr'><strong>facturi.</strong></span> <span class='ocrx_word' id='word_1_736' title='bbox 2986 4578 3280 4661; x_wconf 39' lang='lat' dir='ltr'><strong>Creterum‘</strong></span> <span class='ocrx_word' id='word_1_737' title='bbox 3316 4582 3465 4633; x_wconf 88' lang='lat' dir='ltr'><strong>ciere</strong></span> 
     </span>
    </p>
   </div>
   <div class='ocr_carea' id='block_1_108' title="bbox 1898 4671 3469 4746">
    <p class='ocr_par' dir='ltr' id='par_1_108' title="bbox 1898 4671 3469 4746">
     <span class='ocr_line' id='line_1_108' title="bbox 1898 4671 3469 4746; baseline -0.003 -16"><span class='ocrx_word' id='word_1_738' title='bbox 1898 4690 2132 4746; x_wconf 87' lang='lat' dir='ltr'><strong>pugnam</strong></span> <span class='ocrx_word' id='word_1_739' title='bbox 2161 4689 2267 4728; x_wconf 92' lang='lat' dir='ltr'><strong>non</strong></span> <span class='ocrx_word' id='word_1_740' title='bbox 2296 4671 2803 4727; x_wconf 87' lang='lat' dir='ltr'><strong>audebant.Eodem</strong></span> <span class='ocrx_word' id='word_1_741' title='bbox 2836 4671 2926 4727; x_wconf 90' lang='lat' dir='ltr'><strong>die</strong></span> <span class='ocrx_word' id='word_1_742' title='bbox 2967 4672 3035 4726; x_wconf 88' lang='lat' dir='ltr'><strong>ab</strong></span> <span class='ocrx_word' id='word_1_743' title='bbox 3071 4672 3266 4727; x_wconf 86' lang='lat' dir='ltr'><strong>amicis</strong></span> <span class='ocrx_word' id='word_1_744' title='bbox 3288 4672 3469 4727; x_wconf 86' lang='lat' dir='ltr'><strong>Thes-</strong></span> 
     </span>
    </p>
   </div>
   <div class='ocr_carea' id='block_1_109' title="bbox 1898 4765 3470 4837">
    <p class='ocr_par' dir='ltr' id='par_1_109' title="bbox 1898 4765 3470 4837">
     <span class='ocr_line' id='line_1_109' title="bbox 1898 4765 3470 4837; baseline -0.003 -14"><span class='ocrx_word' id='word_1_745' title='bbox 1898 4770 2135 4823; x_wconf 87' lang='lat' dir='ltr'><strong>salonica</strong></span> <span class='ocrx_word' id='word_1_746' title='bbox 2206 4767 2604 4837; x_wconf 51' lang='lat' dir='ltr'><strong>scripturirest,</strong></span> <span class='ocrx_word' id='word_1_747' title='bbox 2672 4765 3007 4820; x_wconf 86' lang='lat' dir='ltr'><strong>eademluce</strong></span> <span class='ocrx_word' id='word_1_748' title='bbox 3038 4765 3470 4834; x_wconf 83' lang='lat' dir='ltr'><strong>Apochauchum</strong></span> 
     </span>
    </p>
   </div>
   <div class='ocr_carea' id='block_1_110' title="bbox 1898 4854 3473 4930">
    <p class='ocr_par' dir='ltr' id='par_1_110' title="bbox 1898 4854 3473 4930">
     <span class='ocr_line' id='line_1_110' title="bbox 1898 4854 3473 4930; baseline -0.004 -15"><span class='ocrx_word' id='word_1_749' title='bbox 1898 4860 2241 4930; x_wconf 73' lang='lat' dir='ltr'><strong>septuaginta</strong></span> <span class='ocrx_word' id='word_1_750' title='bbox 2292 4859 2688 4922; x_wconf 71' lang='lat' dir='ltr'><strong>Romanorum,</strong></span> <span class='ocrx_word' id='word_1_751' title='bbox 2740 4866 2797 4912; x_wconf 90' lang='lat' dir='ltr'><strong>et</strong></span> <span class='ocrx_word' id='word_1_752' title='bbox 2843 4854 3079 4911; x_wconf 85' lang='lat' dir='ltr'><strong>Persicis</strong></span> <span class='ocrx_word' id='word_1_753' title='bbox 3118 4856 3473 4911; x_wconf 73' lang='lat' dir='ltr'><strong>subsidiariis</strong></span> 
     </span>
    </p>
   </div>
   <div class='ocr_carea' id='block_1_111' title="bbox 1898 4949 3473 5021">
    <p class='ocr_par' dir='ltr' id='par_1_111' title="bbox 1898 4949 3473 5021">
     <span class='ocr_line' id='line_1_111' title="bbox 1898 4949 3473 5021; baseline -0.003 -14"><span class='ocrx_word' id='word_1_754' title='bbox 1898 4954 2115 5007; x_wconf 88' lang='lat' dir='ltr'><strong>duabus</strong></span> <span class='ocrx_word' id='word_1_755' title='bbox 2139 4963 2196 5006; x_wconf 87' lang='lat' dir='ltr'><strong>et</strong></span> <span class='ocrx_word' id='word_1_756' title='bbox 2247 4952 2469 5021; x_wconf 78' lang='lat' dir='ltr'><strong>triginta</strong></span> <span class='ocrx_word' id='word_1_757' title='bbox 2511 4950 2743 5008; x_wconf 87' lang='lat' dir='ltr'><strong>navibus</strong></span> <span class='ocrx_word' id='word_1_758' title='bbox 2805 4949 3255 5003; x_wconf 81' lang='lat' dir='ltr'><strong>Thessalonicam</strong></span> <span class='ocrx_word' id='word_1_759' title='bbox 3303 4964 3473 5018; x_wconf 80' lang='lat' dir='ltr'><strong>appu-</strong></span> 
     </span>
    </p>
   </div>
   <div class='ocr_carea' id='block_1_112' title="bbox 1899 5042 3475 5116">
    <p class='ocr_par' dir='ltr' id='par_1_112' title="bbox 1899 5042 3475 5116">
     <span class='ocr_line' id='line_1_112' title="bbox 1899 5042 3475 5116; baseline -0.004 -15"><span class='ocrx_word' id='word_1_760' title='bbox 1899 5047 2070 5102; x_wconf 90' lang='lat' dir='ltr'><strong>lisse:</strong></span> <span class='ocrx_word' id='word_1_761' title='bbox 2138 5046 2430 5116; x_wconf 78' lang='lat' dir='ltr'><strong>Byzantios</strong></span> <span class='ocrx_word' id='word_1_762' title='bbox 2499 5045 2666 5108; x_wconf 89' lang='lat' dir='ltr'><strong>item,</strong></span> <span class='ocrx_word' id='word_1_763' title='bbox 2724 5044 2966 5098; x_wconf 91' lang='lat' dir='ltr'><strong>Thracas</strong></span> <span class='ocrx_word' id='word_1_764' title='bbox 3027 5051 3080 5096; x_wconf 92' lang='lat' dir='ltr'><strong>et</strong></span> <span class='ocrx_word' id='word_1_765' title='bbox 3149 5042 3475 5096; x_wconf 80' lang='lat' dir='ltr'><strong>Maccdonas</strong></span> 
     </span>
    </p>
   </div>
   <div class='ocr_carea' id='block_1_113' title="bbox 1899 5135 3474 5208">
    <p class='ocr_par' dir='ltr' id='par_1_113' title="bbox 1899 5135 3474 5208">
     <span class='ocr_line' id='line_1_113' title="bbox 1899 5135 3474 5208; baseline -0.004 -13"><span class='ocrx_word' id='word_1_766' title='bbox 1899 5139 2116 5208; x_wconf 77' lang='lat' dir='ltr'><strong>equites</strong></span> <span class='ocrx_word' id='word_1_767' title='bbox 2147 5154 2254 5194; x_wconf 91' lang='lat' dir='ltr'><strong>non</strong></span> <span class='ocrx_word' id='word_1_768' title='bbox 2290 5138 2464 5191; x_wconf 90' lang='lat' dir='ltr'><strong>multo</strong></span> <span class='ocrx_word' id='word_1_769' title='bbox 2492 5146 2614 5207; x_wconf 88' lang='lat' dir='ltr'><strong>post</strong></span> <span class='ocrx_word' id='word_1_770' title='bbox 2639 5147 2901 5191; x_wconf 89' lang='lat' dir='ltr'><strong>venturos</strong></span> <span class='ocrx_word' id='word_1_771' title='bbox 2921 5137 3249 5204; x_wconf 65' lang='lat' dir='ltr'><strong>cxsliecmri.</strong></span> <span class='ocrx_word' id='word_1_772' title='bbox 3298 5135 3474 5203; x_wconf 90' lang='lat' dir='ltr'><strong>Impe-</strong></span> 
     </span>
    </p>
   </div>
   <div class='ocr_carea' id='block_1_114' title="bbox 1901 5220 3472 5296">
    <p class='ocr_par' dir='ltr' id='par_1_114' title="bbox 1901 5220 3472 5296">
     <span class='ocr_line' id='line_1_114' title="bbox 1901 5220 3472 5296; baseline -0.005 -17"><span class='ocrx_word' id='word_1_773' title='bbox 1901 5235 2122 5296; x_wconf 83' lang='lat' dir='ltr'><strong>perator</strong></span> <span class='ocrx_word' id='word_1_774' title='bbox 2151 5224 2357 5279; x_wconf 82' lang='lat' dir='ltr'><strong>amicos</strong></span> <span class='ocrx_word' id='word_1_775' title='bbox 2387 5224 2455 5279; x_wconf 88' lang='lat' dir='ltr'><strong>de</strong></span> <span class='ocrx_word' id='word_1_776' title='bbox 2507 5221 2702 5277; x_wconf 88' lang='lat' dir='ltr'><strong>nuntio</strong></span> <span class='ocrx_word' id='word_1_777' title='bbox 2752 5221 3016 5281; x_wconf 88' lang='lat' dir='ltr'><strong>laudavit,</strong></span> <span class='ocrx_word' id='word_1_778' title='bbox 3076 5230 3130 5273; x_wconf 89' lang='lat' dir='ltr'><strong>ct</strong></span> <span class='ocrx_word' id='word_1_779' title='bbox 3153 5220 3218 5272; x_wconf 88' lang='lat' dir='ltr'><strong>ad</strong></span> <span class='ocrx_word' id='word_1_780' title='bbox 3277 5220 3472 5273; x_wconf 76' lang='lat' dir='ltr'><strong>Axium</strong></span> 
     </span>
    </p>
   </div>
   <div class='ocr_carea' id='block_1_115' title="bbox 1902 5312 3474 5389">
    <p class='ocr_par' dir='ltr' id='par_1_115' title="bbox 1902 5312 3474 5389">
     <span class='ocr_line' id='line_1_115' title="bbox 1902 5312 3474 5389; baseline -0.005 -16"><span class='ocrx_word' id='word_1_781' title='bbox 1902 5317 2108 5376; x_wconf 84' lang='lat' dir='ltr'><strong>flumen</strong></span> <span class='ocrx_word' id='word_1_782' title='bbox 2135 5319 2601 5387; x_wconf 82' lang='lat' dir='ltr'><strong>appropinquans,</strong></span> <span class='ocrx_word' id='word_1_783' title='bbox 2639 5314 2785 5385; x_wconf 92' lang='lat' dir='ltr'><strong>quod</strong></span> <span class='ocrx_word' id='word_1_784' title='bbox 2813 5330 2877 5369; x_wconf 80' lang='lat' dir='ltr'><strong>ex</strong></span> <span class='ocrx_word' id='word_1_785' title='bbox 2918 5313 3246 5389; x_wconf 68' lang='lat' dir='ltr'><strong>largissimis</strong></span> <span class='ocrx_word' id='word_1_786' title='bbox 3278 5312 3474 5366; x_wconf 84' lang='lat' dir='ltr'><strong>imbri-</strong></span> 
     </span>
    </p>
   </div>
   <div class='ocr_carea' id='block_1_116' title="bbox 1904 5403 3476 5477">
    <p class='ocr_par' dir='ltr' id='par_1_116' title="bbox 1904 5403 3476 5477">
     <span class='ocr_line' id='line_1_116' title="bbox 1904 5403 3476 5477; baseline -0.004 -13"><span class='ocrx_word' id='word_1_787' title='bbox 1904 5411 2005 5464; x_wconf 87' lang='lat' dir='ltr'><strong>bus</strong></span> <span class='ocrx_word' id='word_1_788' title='bbox 2030 5417 2388 5477; x_wconf 77' lang='lat' dir='ltr'><strong>restagnaret,</strong></span> <span class='ocrx_word' id='word_1_789' title='bbox 2428 5407 2720 5461; x_wconf 90' lang='lat' dir='ltr'><strong>transitum</strong></span> <span class='ocrx_word' id='word_1_790' title='bbox 2767 5405 2971 5460; x_wconf 87' lang='lat' dir='ltr'><strong>frustra</strong></span> <span class='ocrx_word' id='word_1_791' title='bbox 3024 5405 3275 5459; x_wconf 86' lang='lat' dir='ltr'><strong>tentavit.</strong></span> <span class='ocrx_word' id='word_1_792' title='bbox 3320 5403 3476 5469; x_wconf 85' lang='lat' dir='ltr'><strong>Quod</strong></span> 
     </span>
    </p>
   </div>
   <div class='ocr_carea' id='block_1_117' title="bbox 1904 5497 3472 5571">
    <p class='ocr_par' dir='ltr' id='par_1_117' title="bbox 1904 5497 3472 5571">
     <span class='ocr_line' id='line_1_117' title="bbox 1904 5497 3472 5571; baseline -0.005 -14"><span class='ocrx_word' id='word_1_793' title='bbox 1904 5502 1982 5557; x_wconf 91' lang='lat' dir='ltr'><strong>illi</strong></span> <span class='ocrx_word' id='word_1_794' title='bbox 2022 5516 2185 5571; x_wconf 84' lang='lat' dir='ltr'><strong>grave</strong></span> <span class='ocrx_word' id='word_1_795' title='bbox 2215 5515 2277 5555; x_wconf 92' lang='lat' dir='ltr'><strong>ac</strong></span> <span class='ocrx_word' id='word_1_796' title='bbox 2311 5501 2599 5554; x_wconf 76' lang='lat' dir='ltr'><strong>molestum</strong></span> <span class='ocrx_word' id='word_1_797' title='bbox 2641 5499 2864 5554; x_wconf 88' lang='lat' dir='ltr'><strong>accidit.</strong></span> <span class='ocrx_word' id='word_1_798' title='bbox 2895 5498 3027 5553; x_wconf 84' lang='lat' dir='ltr'><strong>Nam</strong></span> <span class='ocrx_word' id='word_1_799' title='bbox 3066 5498 3348 5567; x_wconf 64' lang='lat' dir='ltr'><strong>prtcterire</strong></span> <span class='ocrx_word' id='word_1_800' title='bbox 3369 5497 3472 5550; x_wconf 75' lang='lat' dir='ltr'><strong>llu-</strong></span> 
     </span>
    </p>
   </div>
   <div class='ocr_carea' id='block_1_118' title="bbox 1905 5591 3462 5663">
    <p class='ocr_par' dir='ltr' id='par_1_118' title="bbox 1905 5591 3462 5663">
     <span class='ocr_line' id='line_1_118' title="bbox 1905 5591 3462 5663; baseline -0.001 -15"><span class='ocrx_word' id='word_1_801' title='bbox 1905 5596 2052 5649; x_wconf 90' lang='lat' dir='ltr'><strong>viutn</strong></span> <span class='ocrx_word' id='word_1_802' title='bbox 2084 5610 2180 5663; x_wconf 90' lang='lat' dir='ltr'><strong>per</strong></span> <span class='ocrx_word' id='word_1_803' title='bbox 2210 5592 2548 5660; x_wconf 79' lang='lat' dir='ltr'><strong>provinciam</strong></span> <span class='ocrx_word' id='word_1_804' title='bbox 2574 5591 2749 5647; x_wconf 88' lang='lat' dir='ltr'><strong>Cralis</strong></span> <span class='ocrx_word' id='word_1_805' title='bbox 2786 5592 3081 5654; x_wconf 88' lang='lat' dir='ltr'><strong>labentem,</strong></span> <span class='ocrx_word' id='word_1_806' title='bbox 3127 5607 3235 5646; x_wconf 90' lang='lat' dir='ltr'><strong>non</strong></span> <span class='ocrx_word' id='word_1_807' title='bbox 3297 5592 3462 5646; x_wconf 86' lang='lat' dir='ltr'><strong>modi-</strong></span> 
     </span>
    </p>
   </div>
   <div class='ocr_carea' id='block_1_119' title="bbox 1904 5669 3482 5754">
    <p class='ocr_par' dir='ltr' id='par_1_119' title="bbox 1904 5669 3482 5754">
     <span class='ocr_line' id='line_1_119' title="bbox 1904 5669 3482 5754; baseline -0.002 -12"><span class='ocrx_word' id='word_1_808' title='bbox 1904 5669 2021 5741; x_wconf 73' lang='lat' dir='ltr'><strong>cam</strong></span> <span class='ocrx_word' id='word_1_809' title='bbox 2087 5687 2454 5754; x_wconf 82' lang='lat' dir='ltr'><strong>su5picionem</strong></span> <span class='ocrx_word' id='word_1_810' title='bbox 2514 5684 2699 5749; x_wconf 89' lang='lat' dir='ltr'><strong>dabat,</strong></span> <span class='ocrx_word' id='word_1_811' title='bbox 2762 5683 2915 5753; x_wconf 88' lang='lat' dir='ltr'><strong>quasi</strong></span> <span class='ocrx_word' id='word_1_812' title='bbox 2969 5682 3198 5737; x_wconf 81' lang='lat' dir='ltr'><strong>hostiles</strong></span> <span class='ocrx_word' id='word_1_813' title='bbox 3229 5698 3354 5738; x_wconf 90' lang='lat' dir='ltr'><strong>cum</strong></span> <span class='ocrx_word' id='word_1_814' title='bbox 3415 5699 3482 5739; x_wconf 90' lang='lat' dir='ltr'><strong>eo</strong></span> 
     </span>
    </p>
   </div>
   <div class='ocr_carea' id='block_1_120' title="bbox 1909 5786 3478 5859">
    <p class='ocr_par' dir='ltr' id='par_1_120' title="bbox 1909 5786 3478 5859">
     <span class='ocr_line' id='line_1_120' title="bbox 1909 5786 3478 5859; baseline -0.001 -16"><span class='ocrx_word' id='word_1_815' title='bbox 1909 5787 2228 5843; x_wconf 88' lang='lat' dir='ltr'><strong>inimicitias</strong></span> <span class='ocrx_word' id='word_1_816' title='bbox 2255 5786 2834 5859; x_wconf 67' lang='lat' dir='ltr'><strong>gereret,praesertim</strong></span> <span class='ocrx_word' id='word_1_817' title='bbox 2889 5800 3013 5839; x_wconf 83' lang='lat' dir='ltr'><strong>cum</strong></span> <span class='ocrx_word' id='word_1_818' title='bbox 3072 5786 3238 5840; x_wconf 87' lang='lat' dir='ltr'><strong>etiam</strong></span> <span class='ocrx_word' id='word_1_819' title='bbox 3307 5801 3478 5855; x_wconf 87' lang='lat' dir='ltr'><strong>prope</strong></span> 
     </span>
    </p>
   </div>
   <div class='ocr_carea' id='block_1_121' title="bbox 1905 5878 3477 5947">
    <p class='ocr_par' dir='ltr' id='par_1_121' title="bbox 1905 5878 3477 5947">
     <span class='ocr_line' id='line_1_121' title="bbox 1905 5878 3477 5947; baseline -0.004 -9"><span class='ocrx_word' id='word_1_820' title='bbox 1905 5882 2107 5938; x_wconf 86' lang='lat' dir='ltr'><strong>alicubi</strong></span> <span class='ocrx_word' id='word_1_821' title='bbox 2147 5893 2324 5938; x_wconf 87' lang='lat' dir='ltr'><strong>castra</strong></span> <span class='ocrx_word' id='word_1_822' title='bbox 2380 5879 2627 5947; x_wconf 69' lang='lat' dir='ltr'><strong>haberet,</strong></span> <span class='ocrx_word' id='word_1_823' title='bbox 2688 5891 2742 5935; x_wconf 81' lang='lat' dir='ltr'><strong>et</strong></span> <span class='ocrx_word' id='word_1_824' title='bbox 2799 5878 3027 5935; x_wconf 86' lang='lat' dir='ltr'><strong>dclitcrc</strong></span> <span class='ocrx_word' id='word_1_825' title='bbox 3091 5879 3145 5934; x_wconf 91' lang='lat' dir='ltr'><strong>in</strong></span> <span class='ocrx_word' id='word_1_826' title='bbox 3202 5879 3477 5943; x_wconf 82' lang='lat' dir='ltr'><strong>‘euturiis,</strong></span> 
     </span>
    </p>
   </div>
  </div>
