4166 6436
147 408 279 476 1657

1278 420 1821 480 IllS'l‘OlUAliUM
1879 421 2111 483 LIBER
2164 426 2277 486 Ill.

3287 432 3427 496 1058

141 530 401 601 εἰρημένα
431 531 758 602 ἐδυσχέρανε
810 532 909 603 μὲν
939 532 1195 601 ἐπιπολὺ,
1240 536 1340 604 τὴν
1364 539 1599 604 ἀπορίαν
1631 533 1721 605 ᾕδτ

1840 536 2136 606 periniquc
2196 541 2345 605 tulit,
2399 540 2588 597 videns
2635 545 2870 612 ipsemet
2922 544 3126 614 quibus
3182 547 3427 616 undique

140 626 231 675 καὶ
266 625 425 688 αὐτὸς
443 625 541 695 τὴν
576 626 912 695 πανταχόθεν
943 628 1206 696 συνορῶν.
1238 630 1430 697 Ὅμως
1462 632 1571 681 τιῖιν
1602 632 1731 700 περὶ

140 718 300 770 αὐτὸν
333 721 458 781 τοὺς
500 718 737 788 μάλιστα
765 719 821 771 ὲν
851 719 995 789 λόγῳ
1046 723 1395 791 συναγαγὼν,
1435 724 1732 777 καὶπάντα

140 810 341 879 Exeo}:
369 811 597 881 θέμενος
628 814 767 866 ὃσαό
789 813 1045 883 βασιλεὺς
1068 815 1404 885 διαλεχθείη,
1428 819 1731 886 ἐπέτρεπεν

138 904 367 957 ἕκαστον
399 905 427 957 ὃ
460 922 512 957 τι
558 905 624 958 ἂν
650 906 779 977 δοκῇ
812 906 1082 959 συνοίσει-ι
1145 907 1348 975 λέγειν.
1397 909 1460 961 OE
1500 910 1599 977 μὲν
1635 905 1730 962 οὖν

139 993 309 1060 ἄλλοι,
365 997 459 1047 καὶ
522 996 655 1065 πρὶν
726 998 1183 1068 Καντακουζηνὸν
1223 1000 1434 1068 ἔφασαν
1496 1001 1725 1054 τοιαῦτα

140 1085 439 1152 εἰρηκέναι,
472 1086 668 1149 αὐτοὺς
718 1089 855 1157 προς
883 1089 1150 1158 ἀλλήλους
1196 1093 1326 1161 περὶ
1356 1085 1431 1144 ὧ)
1468 1096 1731 1160 πράττειν

139 1175 256 1227 δέον
302 1180 414 1229 νυνὶ
459 1177 934 1247 βουλευομένοδς,
977 1182 1114 1251 πρὲις
1167 1184 1265 1250 τὴν
1319 1184 1442 1254 ἴσην
1493 1187 1731 1255 ἀπορίαν

144 1270 481 1339 πανταχόθεν
500 1271 753 1338 ἄγεσθαι.
777 1272 998 1325 Πολλῶν
1022 1275 1129 1345 γὰρ
1162 1276 1545 1344 ἀναλωμάτων
1570 1282 1730 1347 χρεία

144 1363 275 1434 πρὸς
305 1363 579 1433 τοσαύτην
638 1368 902 1435 στρατιὰν
938 1373 1033 1419 καὶ
1068 1367 1212 1419 οὓτω
1250 1370 1647 1433 πολυδάπανον,
1682 1376 1729 1425 εξ

145 1457 435 1523 μέλλοιμεν
476 1456 712 1510 ἐνταῦθα
739 1461 1152 1530 διακαρτερεῖν·
1188 1464 1326 1530 πρὸς
1375 1463 1408 1516 ἃ
1444 1466 1539 1516 οὐκ
1574 1466 1729 1534 ἐξαρ-

146 1547 326 1601 κέσειν
352 1551 420 1601 τὰ
462 1550 617 1602 κοινὰ
643 1552 777 1619 ἡμῖν
817 1554 1076 1623 χρήματα
1120 1556 1367 1623 οἰόμεθα.
1407 1559 1729 1628 Μονομάχος

142 1641 198 1693 δὲ
233 1644 261 1693 ὁ
284 1643 456 1711 μέγας
499 1644 856 1707 κονοσταῦλος
882 1647 1182 1715 συνέσειπε
1212 1649 1319 1701 τῶν
1355 1650 1529 1704 ἄλλων
1565 1652 1732 1722 ὑπερ·-

144 1733 304 1803 έχων,
339 1736 432 1788 καὶ
464 1735 598 1801 πρὸς
661 1739 966 1807 στατηγίας
998 1740 1216 1803 οὐδενὸς
1246 1742 1569 1811 λειπόμενος
1620 1749 1729 1796 των

140 1828 283 1893 τότε,
322 1828 417 1880 καὶ
442 1828 530 1881 διὰ
553 1830 729 1882 ταῦτα
766 1832 859 1883 καὶ
885 1836 1039 1901 παρὰ
1071 1835 1339 1900 βασιλέως
1384 1838 1725 1907 ’Λνδρονὲκῡυ

142 1918 346 1988 πολλῆς
376 1919 669 1972 ἀπολαύων
701 1921 1012 1989 εὐμενείας,
1039 1927 1130 1975 καὶ
1166 1925 1373 1980 πόλεων
1402 1927 1721 1997 διοικήσεις,

142 2011 236 2061 καὶ
290 2011 670 2082 στρατοπέδων
710 2014 1008 2083 ἡγεμονίας
1064 2019 1455 2088 πιστευόμενος
1504 2023 1611 2081 ἀει,
1652 2022 1725 2075 Τὸ

142 2103 474 2169 κολακείαις,
496 2102 636 2170 εἷπε,
661 2108 752 2159 καὶ
776 2109 1014 2172 ἀπάταις
1034 2111 1288 2180 χρῆσθαι,
1318 2114 1411 2165 καὶ
1439 2114 1598 2184 ἕτερα
1626 2117 1723 2185 μὲν

142 2201 359 2267 φρονεῖν
389 2197 518 2269 περὶ
549 2198 658 2250 τῶν
691 2200 1057 2269 πραγμάτων,
1097 2202 1230 2255 ἀλλα
1262 2203 1321 2256 δὲ
1352 2205 1528 2272 λέγειν
1564 2226 1722 2278 χαρι-

142 2291 367 2359 ζόμενον
392 2294 503 2354 τοῖς
557 2291 837 2362 ἄρχουσιν,
879 2294 938 2345 οὐ
989 2294 1148 2363 μόνον
1187 2296 1431 2364 ἀγεννῶν
1457 2303 1547 2351 καί
1604 2304 1722 2353 ἀνε-

138 2386 419 2459 λευθέρων
478 2384 618 2441 εἶναι
649 2390 907 2457 νενόμικα
938 2388 1244 2460 ἀνθρώπων
1265 2432 1279 2455 ,
1307 2393 1443 2446 ἀλλά
1490 2396 1584 2445 καὶ
1612 2399 1724 2457 τοῖς

141 2480 513 2549 πράγμασιτὰ
547 2479 750 2549 ἔσχατα
782 2481 1163 2549 λυμαίνεσθαι.
1206 2484 1394 2538 Πολλοὶ
1423 2487 1552 2552 γοῦν
1595 2487 1724 2540 Ῥω-

143 2574 320 2641 μαίων
354 2573 448 2624 nail.
482 2572 720 2641 βασιλεῖς
756 2574 846 2625 καὶ
890 2577 1186 2644 στρατηγοὶ
1246 2577 1457 2642 πολλοῖς
1494 2585 1587 2631 καὶ
1629 2600 1725 2650 με·

138 2665 330 2731 γαλοις
373 2664 776 2734 συνεσχέθησαν
827 2664 1021 2729 δεινοῖς
1052 2668 1139 2722 δια
1174 2670 1272 2741 τὴν
1310 2671 1462 2724 νόσον
1497 2673 1718 2744 ταύτην,

138 2758 235 2809 καὶ
259 2756 338 2828 τῷ
390 2758 616 2827 ὑπηκόῳ
669 2759 1146 2830 προσδιέφθειραν,
1194 2766 1287 2815 καὶ
1315 2764 1561 2828 ἑαυτούς.
1598 2769 1724 2820 Ὅτε

136 2851 319 2902 τοίνυν
354 2850 497 2903 οὕτω
539 2851 686 2917 δεινὴ
723 2855 753 2917 ἡ
788 2853 852 2905 ἐκ
887 2854 981 2923 τῆς
1034 2856 1322 2917 κολακείας
1358 2858 1553 2929 βλάϐη,
1606 2862 1725 2914 δέον

135 2942 309 3013 αὐτὴν
348 2945 444 2995 καὶ
494 2945 643 3014 ἡμᾶς
680 2945 1077 3015 ἀποθεμένους,
1134 2948 1265 3003 ἄνευ
1296 2951 1439 3013 τινος
1492 2970 1725 3023 περικαο

135 3036 446 3106 λύμματος,
476 3037 510 3090 ἅ
536 3037 682 3104 σφίσι
710 3054 768 3090 τε
812 3039 1017 3101 αὐτοῖς,
1062 3042 1157 3092 καὶ
1195 3044 1308 3103 τοῖς
1337 3042 1517 3106 ἄλλοις
1549 3046 1721 3098 ἅπασι

149 3127 444 3197 Ῥωμαίοις
490 3128 716 3196 οἰόμεθα
764 3130 1066 3200 συμφέρειν
1097 3132 1298 3199 λέγειν.
1332 3133 1393 3186 Ει
1439 3135 1495 3189 δέ
1546 3154 1628 3198 τις
1660 3139 1723 3190 ὲκ

139 3220 248 3273 τῶν
280 3220 451 3287 λόγων
484 3221 672 3289 ἕψεται
712 3222 861 3286 ἀνία,
908 3224 967 3275 οὐ
1000 3225 1106 3294 χρὴ
1136 3228 1247 3288 τοῖς
1281 3225 1460 3295 λόγοις
1488 3229 1720 3297 προσλο-
1752 3252 1793 3309 c

135 3312 409 3380 γίζεσθειι,
440 3314 558 3367 οὐδὲ
592 3317 657 3385 τῇ
692 3314 889 3388 γνώμῃ
917 3317 1008 3371 τοῦ
1037 3318 1303 3383 εἰπόντος,
1338 3321 1453 3372 ἀλλ’
1485 3322 1620 3390 αὐτῇ
1653 3324 1716 3392 τῇ

134 3405 298 3473 φύσει
329 3406 437 3458 τῶν
467 3409 827 3475 πραγμάτων.
861 3408 935 3460 Οὐ
966 3408 1072 3479 γὰρ
1095 3410 1162 3462 τὰ
1187 3411 1489 3480 πράγματα
1510 3413 1718 3481 πέφυκε

128 3500 384 3568 γίνεσθαι
419 3496 630 3570 οἷοιπερ
659 3504 705 3554 oi
733 3502 901 3570 λόγοι.
946 3504 1107 3557 Ἀλλά
1134 3507 1198 3575 τῇ
1239 3505 1347 3559 τῶν
1372 3506 1720 3575 πραγμάτων

128 3596 298 3662 φύσει
330 3596 387 3663 ἐξ
434 3598 678 3667 ἀνάγκης
715 3598 809 3652 καὶ
851 3599 900 3649 οἱ
934 3598 1080 3666 λόγοι
1118 3598 1612 3669 συνεξομοιοῦνται.
1656 3601 1719 3655 Εἰ

126 3690 243 3759 γὰρ
267 3690 394 3758 ἐξῆν
430 3692 564 3761 πρὸς
601 3692 791 3761 ἡδονὴν
821 3692 929 3743 τῶν
955 3692 1128 3759 λόγων
1164 3692 1486 3761 γινομένων,
1525 3695 1617 3745 καὶ
1649 3694 1718 3746 τὰ

125 3782 437 3851 ’πράγματα
482 3783 1057 3853 συμμεταϐἀλλεσθαι,
1089 3785 1240 3836 οὐδὲν
1296 3784 1362 3837 ἂν
1398 3782 1463 3855 ἦν
1490 3786 1716 3856 ἀνοητό-

121 3892 291 3943 τερον
311 3874 404 3927 τοῦ
442 3875 517 3946 μὴ
544 3876 731 3928 τοῦτον
758 3878 849 3928 τὸν
885 3878 1084 3937 τρόπον
1115 3876 1442 3946 αἱρουμένου
1477 3876 1715 3946 συμϐου-

122 3967 331 4020 λεύειν.
374 3968 514 4020 Νυνὶ
558 3970 615 4021 δὲ
651 3968 725 4031 ὼς
752 3970 989 4038 ὁρῶμεν,
1020 3971 1080 4021 οὑ
1115 3970 1288 4041 μικρά
1326 3987 1409 4031 τις
1457 3972 1491 4039 ἠ
1542 3969 1719 4039 ζημία

118 4062 336 4131 ταύτης
368 4063 467 4143 τῆς
528 4063 743 4133 ἡδονῆς,
805 4062 937 4113 ἀλλὰ
999 4061 1225 4123 θάνατος
1270 4062 1376 4113 τῶν
1419 4063 1713 4130 ἑλομένων.

120 4157 238 4208 Τοῦ
278 4157 511 4225 πολέμου
564 4155 742 4208 τοίνυν
778 4157 871 4207 τοῦ
913 4154 1177 4225 ἐμφυλίου
1204 4156 1391 4208 τούτου
1423 4156 1718 4225 κεκινημέ-

118 4264 219 4300 νου
250 4247 478 4316 δύναμιν
519 4248 759 4317 μεγάλην
816 4246 1280 4316 περιϐεϐλημένος
1332 4247 1359 4296 ὁ
1397 4246 1716 4299 Καντακουο

118 4341 289 4408 gms;
312 4340 497 4393 ἐνθάδε
525 4337 658 4411 ἧκεν
692 4338 850 4401 εὐθὺς
892 4338 1151 4408 ὲξαρχῆς,
1185 4337 1320 4403 πρὸς
1349 4339 1413 4405 ἢν
1432 4337 1551 4389 οὐδὲ
1570 4339 1718 4390 ἀντι-

115 4433 349 4486 ϐλέπειν
387 4433 699 4503 σύμπαντες
736 4433 1079 4503 ἠδυνήθημεν
1104 4433 1284 4499 ἡμεῖς.
1329 4432 1417 4482 Ἐν
1455 4431 1716 4482 Γυναικο-

116 4532 351 4598 κέστμρ
390 4526 444 4578 δὲ
485 4529 585 4594 τῆς
639 4527 765 4595 περὶ
820 4524 983 4576 αὑτὸν
1019 4523 1310 4591 συμϐάσης
1352 4522 1712 4585 ἀποστασξας,

1839 630 2049 699 laqueis
2095 647 2160 686 ac
2224 636 2489 701 periculis
2546 638 2958 693 cinctus'csset.
3012 640 3197 694 Nihilo
3249 642 3429 696 minus

1840 710 2248 778 honestissimis
2318 728 2584 782 comitum
2658 745 2887 784 suorum
2952 736 3268 786 convocatis
3308 773 3322 798 ,
3374 744 3432 786 et

1838 811 2191 881 imperatoris
2260 834 2529 887 reSponso
2606 822 2897 891 exposito.
2974 839 3430 893 unumquemque

1836 906 1971 973 quid
2030 910 2317 976 expedire
2362 912 2780 978 arbitraretur,
2854 915 3167 970 edisserere
3238 918 3426 986 jussit.

1836 996 1974 1049 Tum
2011 999 2102 1052 alii
2139 1001 2436 1064 amrmare,
2468 1002 2633 1055 etiam
2674 1016 2970 1074 antequam
3005 1006 3430 1060 Cantacuzenus

1838 1087 1942 1144 ista
2000 1090 2233 1154 diceret,
2284 1094 2428 1148 inter
2459 1110 2516 1148 se
2551 1096 2682 1164 quid
2741 1104 2888 1151 nunc
2937 1099 3209 1167 agendum
3260 1100 3427 1165 foret,

1835 1182 2177 1249 quaesivisse.
2220 1194 2453 1255 ctarque
2490 1188 2546 1241 in
2589 1205 2649 1243 re
2676 1198 2784 1242 tam
2829 1192 3088 1258 perplexa
3125 1192 3422 1245 consilium

1840 1278 2088 1341 reperire
2126 1276 2337 1327 nullum
2368 1281 2632 1345 potuisse.
2668 1279 2872 1333 Tantas
2908 1281 3112 1349 quippe
3144 1283 3351 1349 cepias,
3378 1283 3423 1337 si

1837 1365 1927 1420 hic
1963 1367 2247 1436 perduret,
2281 1370 2399 1423 sine
2446 1386 2645 1439 magno
2683 1381 2904 1439 sumptu
2961 1372 3030 1425 ali
3074 1388 3182 1425 non
3218 1388 3376 1442 posse
3408 1390 3422 1427 :

1835 1475 1939 1513 nec
1966 1461 2034 1515 iis
2060 1461 2276 1515 alendis
2314 1478 2377 1515 ex
2407 1464 2603 1516 aerario
2654 1465 3019 1533 pecuniarum
3053 1468 3188 1520 satis
3220 1482 3422 1535 suppe—

1836 1552 2161 1607 ditaturum.
2192 1553 2261 1608 At
2292 1554 2705 1619 Monomaehus,
2746 1573 2975 1626 magnus
3024 1561 3422 1622 contostaulus,

1836 1649 2131 1716 prudentia
2172 1649 2389 1702 caeteris
2438 1645 2801 1715 antecellens,
2847 1662 2904 1704 et
2962 1652 3110 1707 illius
3144 1654 3423 1707 memoria:

1837 1739 2038 1793 dueum
2095 1741 2232 1793 nulli
2295 1744 2736 1809 postponendus,
2786 1754 2954 1813 atque
3006 1746 3215 1798 idcirco
3247 1746 3424 1813 impe-

1838 1830 2078 1897 pcratori
2125 1830 2444 1883 Andronico
2481 1830 2685 1885 eximie
2733 1832 2959 1896 charos,
3012 1834 3215 1902 cuique
3255 1835 3422 1887 urbes

1837 1938 2059 1991 semper
2107 1931 2163 1976 et
2204 1924 2484 1977 exercitus
2534 1925 3030 1979 committebantur
3066 1946 3079 1981 :
3114 1929 3418 1993 ASsentari,

1836 2014 2035 2083 inquit.
2069 2024 2125 2068 ct
2156 2016 2210 2070 in
2242 2015 2492 2070 fraudem
2526 2016 2837 2087 impellere,
2874 2028 2929 2072 et
2954 2019 3104 2072 aliud
3133 2021 3417 2073 conditum

1833 2107 1887 2161 in
1928 2117 2175 2175 pectore.
2232 2108 2379 2161 aliud
2443 2109 2496 2161 in
2556 2109 2744 2178 lingua
2809 2121 3126 2179 promptum
3189 2112 3418 2176 habere,

1832 2201 2070 2269 gratiam
2148 2202 2460 2271 principum
2539 2213 2908 2269 aucupantem
2960 2244 2976 2267 ,
3056 2221 3163 2258 non
3238 2207 3415 2259 solum

1835 2296 2119 2351 hominum
2180 2312 2369 2366 parum
2426 2297 2788 2365 ingenuorum
2840 2312 2905 2351 ac
2934 2297 3269 2360 liberalium,
3323 2301 3419 2351 sed

1835 2391 2000 2443 rebus
2030 2391 2195 2443 etiam
2231 2390 2364 2457 ipsis
2396 2389 2926 2457 perniciosissimum
2959 2404 3080 2444 esse
3120 2390 3284 2444 duco.
3314 2390 3418 2457 Qui

1835 2482 2065 2535 morbus
2098 2481 2210 2549 ιρι)
2247 2481 2563 2548 complures
2611 2481 2982 2533 Romanorum
3037 2482 3418 2550 imperatores,

1834 2589 1899 2626 ae
1931 2574 2102 2626 duces
2142 2573 2328 2626 multis
2357 2588 2458 2625 nec
2491 2573 2707 2625 levibus
2738 2572 2895 2626 malis
2925 2573 3202 2641 implicuit
3230 2593 3243 2627 :
3276 2574 3421 2627 unde

1834 2683 1959 2721 cum
1998 2666 2064 2719 iis
2115 2681 2256 2735 quos
2289 2667 2343 2718 in
2380 2665 2591 2719 ditione
2626 2679 2689 2719 ac
2725 2674 2999 2735 potestate
3033 2666 3330 2731 habebant,
3362 2682 3421 2720 se

1835 2761 1983 2830 ipsos
2030 2776 2256 2829 quoque
2316 2760 2703 2822 perdiderunt.
2759 2758 3030 2825 Quoniam
3087 2760 3255 2829 igitur
3311 2771 3419 2812 tam

1835 2853 1999 2907 noxia
2031 2859 2116 2905 est
2172 2851 2495 2913 assentatio,
2542 2858 2764 2919 oportet
2805 2861 2860 2905 et
2917 2867 3020 2905 nos
3058 2852 3148 2905 illa
3192 2854 3415 2917 omissa,

1833 2943 1973 2995 citra
2026 2942 2397 2995 velamentum
2451 2959 2573 3011 qua:
2636 2943 2798 2997 nobis
2868 2945 3103 3014 aliisque
3159 2946 3421 3000 Romanis

1834 3034 2098 3089 omnibus
2119 3035 2434 3088 conducere
2465 3047 2747 3104 putamus,
2775 3038 2827 3090 in
2865 3040 3101 3092 medium
3134 3039 3415 3108 proferre:

1832 3138 1889 3183 et
1943 3127 1987 3181 si
2055 3126 2200 3180 dicta
2278 3134 2465 3179 nostra
2530 3127 2758 3180 duriora
2819 3129 3114 3200 minusque
3170 3132 3416 3201 jucunda

1830 3224 2057 3284 fuerint,
2094 3236 2202 3273 non
2233 3220 2397 3273 dictis
2435 3219 2487 3274 id
2520 3236 2699 3289 neque
2727 3221 2998 3276 voluntati
3028 3223 3287 3283 dlCCllliS.
3318 3227 3415 3280 sed

1833 3316 1937 3386 ipsi
1968 3329 2152 3368 rerum
2191 3312 2494 3367 conditioni
2518 3313 2835 3377 ascribere;
2859 3328 2966 3368 non
2995 3317 3196 3367 etenim
3228 3331 3412 3368 rerum

1828 3417 2025 3463 natura
2058 3421 2393 3468 sermonem,
2420 3404 2581 3475 555
2608 3407 2701 3458 sed
2741 3416 2992 3460 naturam
3026 3424 3207 3461 rerum
3235 3420 3417 3462 sermo

1829 3502 2148 3555 necessario
2208 3498 2462 3550 imitatur
2513 3498 2648 3566 (‘25).
2686 3499 2823 3552 Nam
2874 3499 2921 3553 si
2976 3500 3043 3553 ad
3081 3502 3415 3570 voluptatein

1831 3593 2105 3649 orationis
2177 3590 2343 3644 etiam
2400 3606 2487 3645 res
2538 3593 2832 3647 immutare
2885 3606 2941 3649 et
2994 3597 3414 3652 accommodare

1826 3685 2041 3747 liceret,
2094 3682 2232 3737 nihil
2281 3690 2429 3735 esset
2473 3683 2830 3753 iusipientius
2883 3702 3047 3753 quam
3111 3688 3257 3741 nolle
3307 3690 3408 3743 hac

1828 3780 2044 3834 ratione
2093 3780 2406 3834 consulere.
2482 3780 2648 3847 Atqui
2699 3779 2994 3846 videmus,
3052 3782 3144 3850 qui
3195 3798 3253 3835 se
3310 3783 3412 3837 hac

1828 3874 2104 3927 suavitate
2184 3873 2330 3941 passi
2393 3881 2522 3926 sunt
2573 3873 2817 3937 deliniri,
2874 3888 2996 3927 eam
3051 3890 3159 3928 non
3216 3879 3411 3943 quavis

1830 3978 1995 4033 pcena
2058 3962 2154 4016 sed
2212 3963 2333 4030 ipso
2375 3962 2599 4015 interitu
2634 3964 2878 4031 expiare.
2913 3962 3063 4017 Bello
3108 3965 3275 4034 igitur
3306 3967 3411 4020 hoc

1825 4056 1973 4110 civili
2033 4063 2257 4116 exorto,
2314 4052 2734 4108 Cantacuzenus
2788 4070 2912 4107 cum
2970 4071 3080 4109 non
3142 4056 3409 4110 mediocri

1826 4148 2071 4218 potentia
2117 4147 2226 4200 huc
2273 4146 2459 4199 statim
2517 4160 2545 4197 a
2602 4146 2878 4215 principio
2917 4148 3191 4212 veniebat,
3244 4166 3407 4218 quant

1827 4256 2022 4297 omnes
2052 4257 2156 4296 nos
2182 4255 2288 4296 nee
2313 4240 2515 4294 intueri
2537 4241 2972 4296 sustinebamus.
3000 4241 3405 4313 Gynarcocastri

1825 4348 2007 4390 autem
2050 4351 2176 4389 cum
2208 4351 2236 4388 a
2269 4335 2384 4388 suis
2413 4334 2687 4395 desertus,
2739 4334 2827 4387 tali
2864 4351 3113 4389 aerumna
3152 4337 3402 4404 latigare.

1828 4441 1939 4495 tur,
1995 4444 2116 4498 quia
2159 4429 2325 4483 etiam
2382 4428 2543 4497 longe
2606 4426 3070 4495 patientissimum
3125 4431 3190 4482 de
3239 4435 3408 4496 gratio

1826 4522 2028 4576 merito
2084 4520 2399 4589 dejeeisset,
2470 4520 2561 4572 ille
2616 4519 2885 4572 infractus
2931 4527 2989 4572 et
3052 4519 3411 4573 immutabilis

117 4637 217 4673 και
262 4619 521 4687 τοιαύτης
549 4616 917 4686 περισχούσης
947 4616 1352 4683 κακοπραγίας,
1384 4614 1469 4665 οἵα
1506 4613 1715 4665 καὶτὸν

1831 4631 1946 4669 eum
1967 4614 2218 4683 reliquiis
2246 4612 2595 4665 inTriballos
2623 4613 2878 4665 ordinato
2893 4612 3108 4682 agmine
3130 4612 3409 4675 discessit,

119 4709 369 4778 μαλιστα
421 4708 895 4777 καρτερικώτατον
948 4704 1290 4774 ἐθορύϐησαν
1354 4704 1418 4757 ἂν
1465 4704 1712 4765 δικαίως,

116 4804 338 4861 ἐκεῖνος
372 4801 472 4852 οὐκ
501 4802 701 4851 ἀπεῖπε
743 4799 875 4869 πρὸς
906 4798 998 4869 τὴν
1036 4798 1322 4868 συμφορὰν
1377 4798 1498 4850 οὐδὲ
1527 4797 1716 4850 ἐνέδω-

119 4910 256 4947 κεν·
300 4893 415 4945 ἀλλ’
445 4892 562 4962 ἅμα
602 4895 715 4955 τοῖς
755 4891 1186 4960 περιλειφθεῖσιν
1237 4890 1517 4962 ἀπεχώρει
1574 4893 1711 4961 πρὶς

117 4980 438 5052 Τριϐαλοὺς
498 4981 951 5051 συντεταγμένος,
1015 4980 1205 5051 ὥσπερ
1254 4981 1482 5051 μηδενὸς
1521 4982 1710 5034 καινοῦ

1825 4711 2057 4784 perinde
2115 4723 2179 4762 ac
2220 4709 2267 4763 si
2300 4708 2438 4760 nihil
2485 4707 2608 4759 novi
2649 4706 2942 4760 accidisset
2997 4724 3010 4760 :
3067 4706 3231 4759 nobis
3282 4718 3410 4774 post

1828 4812 2032 4857 tantam
2071 4800 2574 4871 perturbationem,
2607 4810 2662 4852 et
2703 4798 3076 4852 secessionem
3107 4800 3340 4851 militum
3377 4812 3407 4851 a

1826 4900 1980 4960 tergo
2029 4889 2193 4944 enixe
2246 4888 2582 4942 instantibus
2637 4902 2700 4940 ae
2747 4886 3240 4941 tumultuantibus.
3289 4884 3407 4939 Jam

1822 4999 1955 5038 vero
1986 4982 2134 5052 apud
2166 4980 2440 5037 Triballos
2471 4981 2551 5035 sic
2604 4994 2797 5034 omnes
2842 4979 2943 5033 sibi
2982 4978 3251 5040 devinxit,
3289 4987 3410 5031 tan-

1396 5131 1615 5193 Jaeobi
1647 5132 1914 5195 Pontani
1957 5138 2145 5193 notae.

195 5273 312 5342 (~25)
371 5271 551 5325 Animi
607 5270 736 5342 vitia
770 5311 783 5335 ,
820 5267 1120 5342 pravitates
1169 5276 1225 5342 et
1253 5268 1716 5342 consuetudines

114 5338 323 5416 parum
386 5346 559 5416 bonas
608 5357 673 5416 ac
723 5339 1044 5416 laudabiles,
1109 5338 1399 5416 latinitalis
1453 5348 1713 5416 auctores

132 5435 221 5468 ιο.
246 5425 343 5466 aut
378 5414 608 5475 morbos,
651 5413 841 5465 imitati
879 5409 1101 5464 (ἔτερος
1154 5410 1410 5462 videlicet
1446 5426 1458 5461 :
1493 5417 1551 5462 et
1585 5413 1713 5463 ani-

107 5503 277 5540 mum
319 5485 404 5537 his
440 5486 719 5545 allectum,
775 5495 1041 5551 ωδε-θωνα
1079 5481 1295 5542 dicunt,
1348 5489 1403 5532 et
1447 5490 1710 5549 mgiotum

103 5560 395 5610 animum.
471 5554 707 5608 Proinde
761 5561 925 5606 etiam
984 5551 1313 5604 medicinam
1383 5552 1588 5612 animi,
1660 5565 1715 5605 et

102 5627 310 5679 curari
359 5626 628 5679 animum.
686 5624 789 5677 l’ro
837 5621 1027 5675 multis
1088 5636 1232 5674 unus
1276 5624 1430 5675 testis
1487 5622 1718 5676 sullieiat

102 5698 344 5759 (Lit-ero,
408 5696 563 5764 injus
600 5696 717 5748 haec
747 5702 878 5748 sunt
911 5694 1076 5745 verba
1111 5691 1393 5764 Tusculan.
1438 5695 1471 5745 2
1517 5710 1529 5745 :
1575 5692 1715 5756 Quid

106 5770 213 5838 qui
246 5762 485 5835 pecunia!
522 5766 835 5833 cupiditate,
878 5767 966 5831 qui
1000 5764 1326 5827 voluptatum
1356 5762 1573 5838 libidine
1630 5764 1710 5831 fe-

109 5834 346 5899 runtur,
379 5851 704 5907 quarumque
750 5838 828 5888 ita
861 5839 1243 5907 perturbantur
1275 5834 1462 5907 animi,
1499 5844 1554 5884 ut
1605 5850 1710 5886 mm

109 5909 356 5962 multant
389 5904 559 5962 absint
591 5904 655 5959 ab
698 5907 931 5973 insania,
981 5906 1115 5974 quod
1141 5904 1504 5972 insipientibus
1537 5910 1708 5957 enmi-

1823 5268 1917 5320 bus
1966 5266 2371 5335 contingit:liis
2429 5266 2646 5319 nullane
2694 5276 2769 5318 est
2810 5264 3106 5316 adhibenaa
3155 5261 3407 5314 curatio!

1825 5347 2005 5390 utrum
2074 5334 2215 5405 quod
2285 5337 2462 5390 minus
2525 5347 2745 5389 noceant
2809 5336 2977 5387 animi
3040 5334 3406 5401 a'grotaiioues

1823 5424 1984 5476 quam
2021 5409 2276 5476 corporis,
2304 5424 2372 5459 an
2396 5409 2532 5475 quod
2567 5424 2788 5475 corpora
2823 5406 3005 5459 curari
3037 5406 3254 5476 possint,
3286 5419 3406 5476 (λκιο

1823 5474 2030 5532 uterum
2065 5474 2215 5532 nulla
2248 5474 2508 5531 medicina
2532 5479 2596 5531 sit
2621 5474 2733 5530 ?’At
2778 5490 2824 5532 et
2864 5478 3027 5529 morbi
3067 5474 3407 5543 perniciosio-

1823 5566 1906 5603 νει
1940 5551 2216 5619 pluresque
2243 5558 2362 5603 sunt
2392 5551 2585 5609 animi,
2608 5566 2768 5617 quam
2798 5562 3050 5615 corporis,
3087 5557 3191 5597 etc.

1892 5622 2006 5688 (25)
2037 5621 2212 5674 Verba
2246 5629 2376 5674 suul
2406 5636 2561 5689 signa
2596 5630 2649 5672 et
2684 5630 2826 5671 notae
2848 5634 3051 5679 rerum,
3073 5630 3191 5689 non
3220 5624 3402 5668 autem

1817 5707 1905 5745 res
1928 5707 2081 5760 Signa
2118 5700 2171 5744 et
2194 5703 2337 5744 nota:
2370 5688 2686 5743 verborum.
2732 5690 2797 5743 Et
2849 5703 2937 5741 res
2969 5688 3152 5760 sorbis
3193 5700 3405 5752 priores

1814 5759 2185 5830 sunt.ltaque
2246 5763 2598 5818 sentiendum
2636 5773 2692 5814 et
2746 5759 3077 5829 loquendum
3116 5765 3176 5810 ut
3216 5770 3398 5810 rcrrm

1818 5844 2013 5887 natura
2048 5835 2174 5887 fert.
