4166 6436
238 392 373 461 1065

233 509 417 578 λεμεῖν
442 509 595 579 ἡμῖν,
633 511 711 572 είς
739 509 994 563 τοσοῦτον
1025 510 1279 573 άεουλίας
1305 511 1481 582 ἥξετε.

236 603 435 666 πεῖραν
472 600 681 653 πολλῶν
710 601 950 669 ἀνιαρῶν
974 600 1208 667 εἴσεσθε,
1233 602 1306 663 ὠς
1345 602 1552 671 βέλτιον
1576 599 1643 674 ἦν
1670 604 1790 655 πεί-

237 690 427 743 θεσθαι
463 691 614 758 ἡμῖν,
672 690 802 759 πρὶν
845 693 923 754 είς
953 691 1127 744 ταῦτα
1154 693 1331 761 ἥκειν.
1382 692 1789 764 Βερροιῶταιδὲ

242 782 443 850 ,ρανερὰ
479 782 557 849 τῷ
591 782 802 850 βασιλεῖ
828 782 1089 851 πρότερον
1142 786 1467 853 ποιήσαντες
1503 786 1571 837 τὰ
1604 785 1791 852 γράμ-

238 889 403 939 ματα,
432 872 597 924 Οὐδὲν
630 872 964 940 θαυμαστὸν,
990 872 1353 944 θάντέγραφον,
1390 872 1712 943 Ἀπόκαυχε,
1744 875 1793 925 εἰ

234 961 328 1013 τοῦ
364 963 532 1013 πολλὰ
564 963 1011 1033 εὐηργετηκότος.
1044 965 1137 1016 καὶ
1189 965 1391 1033 τρόπον
1414 965 1538 1016 τινα
1578 964 1795 1032 δεδημι-

233 1053 566 1120 ουργηκὸτος
596 1054 689 1104 καὶ
727 1054 889 1115 αὐτὸς
939 1054 1361 1120 κατεξαναστὰς,
1408 1054 1598 1122 ὥσπερ
1650 1054 1792 1105 ὁτοῦ

232 1142 461 1209 ψεύδους
509 1128 693 1212 πατὴρ
718 1144 810 1197 καὶ
848 1144 941 1204 σὸς
972 1136 1324 1207 διδάσκαλος,
1367 1142 1503 1195 κατὰ
1531 1141 1665 1194 Θεοῦ
1699 1141 1793 1196 τοῦ

236 1230 628 1298 πεποιηκότος,
683 1234 776 1285 καὶ
849 1232 1215 1300 βλασφημίας,
1246 1232 1414 1300 ἀφίης
1484 1230 1602 1283 κατ’
1630 1229 1794 1283 αὐτοῦ

234 1322 458 1385 πολλάς.
487 1322 591 1377 Καὶ
628 1325 735 1390 γὰρ
791 1324 1040 1386 κάκεῖνος
1086 1323 1225 1377 κατὰ
1284 1322 1441 1376 Θεοῦ.
1500 1321 1631 1375 Οὑδέ
1688 1322 1795 1391 γὰρ

235 1414 379 1465 κατὰ
406 1414 574 1468 τᾶλλα
626 1414 903 1483 βασκάνου
958 1415 1053 1467 καὶ
1098 1414 1334 1483 πονηροῦ
1374 1412 1621 1482 δαίμονῦς
1652 1428 1795 1475 τινες

235 1506 482 1568 ἀποδέεις
518 1507 623 1558 τῶν
654 1505 1047 1577 ἐξητασμένων
1082 1510 1172 1560 ἐπὶ
1202 1506 1401 1575 φθορᾷ,
1433 1506 1662 1575 αἶμασιν
1701 1504 1793 1557 άν-

239 1594 476 1665 θρώπων
508 1595 711 1666 χαίρων
743 1597 838 1650 καὶ
874 1596 1271 1666 στρεϐλώσεσι,
1310 1596 1402 1648 καὶ
1444 1595 1653 1664 τρυφὴν
1679 1611 1797 1647 ποι-

234 1686 462 1754 ούμενος
486 1686 582 1748 τὰς
606 1686 688 1739 ἑτέ
699 1703 806 1756 ρων
826 1687 1130 1757 συμφοράς.
1165 1690 1227 1742 Ἀ
1259 1688 1357 1758 μὲν
1382 1682 1474 1739 οὖν
1491 1686 1795 1756 γέγραφας,

234 1775 479 1844 ἀκριϐῶς
514 1776 695 1845 ἔχεται
734 1774 829 1829 τοῦ
858 1776 1012 1845 φίλου
1056 1778 1283 1846 ψεύδους
1319 1796 1333 1810 ο
1367 1777 1461 1831 καὶ
1488 1777 1675 1831 τούτου
1697 1779 1796 1847 χά-

240 1882 348 1933 ριν,
373 1865 449 1927 ὼς
500 1864 710 1916 πολλῶν
742 1864 867 1928 ἄξια
913 1866 1222 1937 βαράθρων,
1255 1868 1661 1938 άπερῤίψαμεν.
1698 1868 1792 1918 Ἒθ

233 1956 293 2008 δὲ
333 1957 490 2025 μόνον
542 1955 952 2025 πεισθησόμεθα
983 1956 1249 2028 ἀκριὸῶς,
1298 1957 1358 2008 οὑ
1387 1958 1527 2009 κατὰ
1562 1958 1666 2027 τὴν
1693 1958 1791 2026 σὴν

235 2048 496 2112 διάνοιαν,
541 2047 654 2100 ἀλλ’
687 2047 761 2111 ὡς
794 2049 927 2118 ἡμῖν
970 2048 1257 2117 προσήκει.
1323 2047 1554 2100 Βασιλέα
1590 2048 1698 2118 γὰρ
1733 2048 1793 2100 οὗ

237 2141 398 2206 μόνον
428 2138 575 2208 πάσῃ
604 2140 830 2206 δυνάμει.
868 2137 1172 2207 καθέξομεν
1224 2137 1353 2206 παρ’
1375 2140 1608 2203 ἑαυτοῖς,
1659 2138 1794 2191 ἀλλὰ

239 2231 333 2284 καὶ
360 2233 501 2301 ὑπὲρ
523 2230 775 2297 δύναμιν,
804 2233 851 2282 εἰ
879 2223 989 2283 οἷόν
1016 2245 1075 2281 τε
1103 2230 1299 2282 εἰπεῖν’
1329 2229 1527 2298 δεῆσαν
1548 2229 1602 2282 δὲ
1636 2246 1798 2299 στρα-

236 2322 415 2375 τεύειν
459 2324 545 2389 ἐφ’
571 2323 735 2391 ὑμᾶς,
770 2323 863 2375 καὶ
935 2319 1090 2374 αύτοὶ
1119 2320 1459 2391 συνεψόμεθα
1508 2322 1600 2374 καὶ
1633 2339 1795 2374 συνα-

236 2414 583 2484 γωνιούμεθα
639 2412 953 2484 προθύμως.
1008 2413 1069 2465 Ei
1104 2412 1160 2465 δέ
1205 2430 1334 2466 ποτε
1398 2412 1641 2482 συμϐαίη
1683 2415 1797 2467 δια·

235 2506 430 2574 στῆναι
459 2505 553 2558 καὶ
582 2506 695 2569 τοῖς
717 2503 985 2573 σώμασιν,
1020 2502 1133 2556 ἀλλ’
1159 2503 1220 2556 οὐ
1262 2505 1379 2567 ταῖς
1412 2503 1675 2566 διανοίαις
1701 2505 1795 2558 καὶ

232 2599 312 2668 τῷ
350 2597 657 2667 βουλομένῳ
685 2596 784 2665 τῆς
810 2594 1012 2665 ψυχῆς.
1070 2593 1331 2657 Ἐκείνοις
1356 2593 1464 2664 γὰρ
1494 2594 1635 2647 οὕτω
1674 2611 1798 2647 συν-

237 2689 501 2759 εσόμεθα,
563 2687 638 2752 ὡς
687 2686 779 2740 καὶ
808 2686 1024 2756 νύκτωρ
1071 2687 1166 2739 καὶ⁵
1239 2686 1358 2754 μεθ’
1385 2686 1599 2756 ἡμέραν
1645 2686 1798 2740 οὐδὲν

231 2778 363 2837 ἄλλο
397 2778 597 2849 μᾶλλον
638 2775 915 2845 προύργου
949 2775 1330 2845 ποιησόμενοι,
1379 2775 1413 2845 ἢ
1444 2776 1542 2844 τῆς
1590 2776 1798 2828 ἐκείνου

236 2876 376 2946 πρὸς
404 2874 551 2944 ἡμᾶς
592 2871 883 2941 εὐμενείας
938 2869 1077 2934 ἄξιοι
1105 2869 1359 2938 φανῆναι.
1410 2868 1531 2921 Τῶν
1551 2866 1799 2923 ἀπειλῶν

230 2967 291 3019 δέ
342 2966 446 3017 τῶν
522 2963 630 3017 σῶν
685 2960 939 3014 τοσοῦτον
1003 2960 1285 3030 ἀπέχομεν
1350 2958 1798 3028 ἐπιστρέφεσθαι,

232 3054 362 3108 ὥστ’
389 3052 540 3122 αὐτῷ
583 3069 664 3105 σοι
725 3034 1113 3122 παραινοῦμεν
1143 3049 1341 3118 μᾶλλον
1371 3048 1468 3119 τὴν
1521 3050 1629 3102 ἀπὸ
1663 3049 1799 3103 Θεοῦ

1382 402 1910 463 IIISTOIIIAIIUM
1959 404 2185 463 LIBER
2225 404 2332 465 III.

3307 397 3444 474 1066

1540 514 1616 575 ὡς
1648 513 1782 583 μετὰ
1810 517 1850 570 A
1885 525 1988 568 tam
2017 516 2152 569 bene
2179 515 2246 569 de
2279 524 2329 568 te
2356 515 2607 568 meritum
2668 524 2722 568 et
2750 516 3155 585 quodammodo
3188 521 3439 574 condito-

1893 618 2006 655 rem
2031 613 2180 657 tuum
2207 611 2259 657 et
2283 604 2419 672 ipse,
2444 604 2585 657 sicut
2610 606 2874 658 mendacii
2894 615 3062 675 pater
3110 618 3164 662 et
3193 611 3448 680 magiSIer

1894 702 2018 745 tuus
2066 702 2255 747 contra
2311 695 2481 748 Deum
2535 695 2917 751 fabricatore!“
2968 713 3147 761 suum,
3188 700 3444 769 insurgis,

1894 791 2112 848 tamque
2150 782 2439 837 immodice
2490 784 2795 839 maledictis
2837 802 2962 839 cum
3020 788 3277 852 incessis;
3322 806 3445 842 nam

1893 882 1946 924 et
1983 873 2069 926 ille
2104 873 2294 928 Deum.
2328 874 2512 943 Neque
2541 891 2669 928 vero
2702 886 2896 929 caetera
2936 877 3120 931 invido
3150 881 3336 948 aliquo
3394 896 3449 935 et

1896 962 2133 1029 maligno
2163 960 2431 1022 daemone,
2463 978 2527 1016 ex
2560 964 2625 1016 iis
2652 966 2743 1029 qui
2779 965 2845 1017 ad
2874 966 3099 1018 exitium
3129 968 3451 1021 mortalibus

1895 1050 2299 1118 importandum
2328 1053 2609 1106 exercilati
2639 1065 2783 1116 sunt,
2810 1053 3036 1109 inferior
3063 1070 3142 1112 cs.
3165 1059 3448 1126 sanguine.

1896 1140 2161 1194 tortuosis
2192 1141 2419 1194 fallaciis
2452 1143 2718 1210 gaudens,
2752 1152 2808 1197 et
2853 1145 3083 1197 aliorum
3116 1146 3452 1202 calamitates

1895 1245 1994 1298 pro
2025 1230 2240 1285 deliciis
2266 1232 2495 1285 habens.
2524 1231 2654 1296 Quae
2688 1233 2852 1298 igitur
2880 1235 3173 1304 scripsisti,
3198 1252 3453 1305 expresse

1895 1335 2018 1373 cum
2048 1320 2354 1382 mendacio,
2395 1322 2539 1390 quod
2588 1322 2683 1375 tibi
2734 1323 2967 1376 amicum
3013 1333 3117 1388 est,
3168 1328 3453 1394 conjuncta

1896 1416 2023 1460 sunt
2054 1424 2068 1460 :
2103 1408 2333 1477 ideoque
2357 1425 2443 1473 ea,
2472 1419 2529 1462 ut
2563 1412 2748 1465 multis
2788 1412 2951 1480 digna
2987 1413 3278 1471 barathris.
3310 1416 3458 1482 abje-

1900 1499 2095 1553 cimus.
2125 1499 2302 1555 Unum
2338 1502 2734 1563 tantummodo,
2777 1517 2885 1556 non
2917 1504 3133 1571 quidem
3167 1519 3231 1558 ex
3276 1517 3457 1559 mente.

1897 1598 2009 1651 tua,
2044 1590 2136 1643 sed
2170 1598 2227 1641 ut
2260 1605 2359 1643 nos
2391 1592 2571 1651 decet,
2623 1592 3025 1660 praestabimus.
3068 1593 3456 1661 Imperatorem

1898 1678 2165 1754 siquidem
2217 1695 2324 1733 non
2385 1681 2560 1735 solum
2614 1697 2713 1750 pro
2772 1681 3003 1746 viribus,
3049 1683 3142 1736 sed
3190 1695 3247 1737 et
3294 1700 3460 1754 supra

1901 1748 2066 1831 vires.
2097 1770 2141 1823 si
2170 1770 2275 1824 dici
2311 1780 2508 1840 potest,
2547 1773 2687 1841 apud
2722 1786 2822 1826 nos
2859 1772 3238 1829 retinebimus.
3273 1773 3376 1840 Qui
3412 1776 3458 1829 si

1900 1863 1954 1913 in
1980 1875 2087 1914 .vos
2112 1876 2262 1914 arma
2296 1864 2552 1925 moverit,
2602 1879 2707 1917 una
2757 1864 3461 1936 sequemur,pugnamque

1899 1949 2095 2016 cupide
2145 1964 2517 2018 capessemus.
2572 1951 2727 2018 Quod
2783 1952 2826 2005 si
2876 1953 3095 2022 quando
3138 1957 3461 2025 corporibus

1897 2054 1997 2092 nos
2031 2038 2265 2111 disjungi
2295 2042 2603 2111 contigerit,
2635 2043 2922 2098 sententiis
2947 2055 3095 2099 certe
3167 2057 3224 2101 et
3262 2048 3460 2101 volun-

1900 2129 2105 2183 tatibus
2142 2145 2252 2184 non
2288 2133 2564 2202 continget
2598 2151 2613 2184 :
2651 2135 2851 2204 quibus
2882 2135 3018 2189 adeo
3054 2137 3457 2206 copulabimur,

1900 2228 1959 2273 ut
2002 2219 2118 2273 dies
2160 2228 2463 2293 noctesque
2510 2224 2717 2278 nullum
2775 2227 2946 2296 majus
2992 2241 3174 2297 opera:
3224 2229 3457 2297 pretium

1898 2310 2141 2366 facturos
2189 2313 2587 2382 existimemus,
2644 2334 2809 2388 quam
2855 2321 2899 2374 si
2954 2335 3055 2375 nos
3102 2322 3221 2392 ejus
3274 2338 3459 2377 amore

1899 2399 2094 2471 dignos
2120 2403 2481 2472 praebeamus.
2505 2405 2637 2462 Tuis
2665 2418 2845 2462 autem
2871 2409 3033 2463 minis
3061 2425 3233 2479 usque
3255 2426 3323 2465 eo
3350 2428 3459 2467 non

1899 2509 2206 2562 movemur,
2253 2507 2310 2550 ut
2351 2507 2403 2553 te
2448 2498 2623 2568 ipsum
2660 2500 2944 2555 hortemur
2972 2502 3170 2571 potius,
3215 2503 3458 2558 divinam

1900 2587 2163 2643 ultionem
2196 2598 2436 2655 metuas,
2468 2600 2522 2644 et
2557 2590 2655 2644 tibi
2696 2607 2759 2647 ac
2800 2591 2927 2647 filiis
2969 2593 3077 2647 tuis
3115 2593 3357 2663 insignes
3404 2595 3458 2647 in

1900 2681 2003 2737 hac
2031 2684 2141 2737 vita
2169 2699 2443 2739 aerumnas
2489 2693 2775 2755 exspectes
2826 2704 2840 2739 :
2886 2688 2979 2756 qui
3032 2704 3137 2741 non
3192 2688 3354 2742 modo
3403 2688 3459 2741 in

1900 2766 2311 2843 imperatorem,
2368 2775 2464 2829 sed
2513 2775 2567 2829 in
2620 2776 2895 2831 Romanos
2947 2778 3229 2833 universos
3284 2794 3458 2848 usque

1900 2865 2063 2921 hodie
2117 2865 2574 2921 sceleratissimus
2617 2866 2910 2934 exstiteris,
2959 2878 3015 2922 et
3058 2878 3180 2937 post
3226 2878 3457 2924 mortem

1839 2972 1846 2980 '
1903 2965 2171 3026 tormenta
2197 2957 2339 3026 apud
2371 2957 2597 3024 inferos,
2637 2974 2758 3028 quae
2820 2959 3142 3021 latronibus,
3185 2961 3460 3033 plagiariis

1900 3062 1959 3104 et
1995 3048 2305 3113 homicidia,
2350 3049 2628 3119 qualis.tu
2675 3066 2756 3117 es,
2807 3052 3103 3107 constituta
3156 3065 3303 3110 sunt.
3349 3056 3460 3111 Nec

229 3150 389 3218 δίκην
436 3144 752 3207 δεδοικέναι,
814 3144 908 3196 καὶ⁹
934 3142 1029 3196 νῦν
1083 3158 1145 3195 τε
1212 3142 1454 3211 μεγάλας
1506 3144 1794 3212 συμφορὰς

1898 3139 2046 3193 enim
2073 3139 2430 3194 obliviscetur
2456 3139 2723 3195 Dominus
2749 3141 2929 3197 facere
2959 3143 3257 3198 vindictam
3285 3144 3337 3198 in
3364 3162 3462 3199 ua-

230 3238 554 3307 ἐκδέχεσθαι
595 3237 773 3304 σαυτῷ
808 3252 866 3287 τε
901 3235 995 3287 καὶ
1032 3233 1244 3298 παισὶν,
1284 3233 1455 3298 οὕτως
1494 3234 1798 3288 ἀδικώτατα

228 3331 291 3381 οὐ
324 3330 450 3398 περὶ
484 3327 706 3398 βασιλέα
742 3327 918 3395 μόνον,
954 3326 1088 3379 ἀλλὰ
1130 3328 1281 3396 κοινῇ
1316 3326 1445 3395 περὶ
1494 3324 1797 3395 Ῥωμαίους

230 3421 329 3473 καὶ
354 3419 703 3488 διανοηθέντι,
737 3420 829 3472 καὶ
860 3418 1146 3486 πράττοντι
1216 3416 1343 3487 ἄχρι
1371 3416 1488 3480 νῦν,
1535 3418 1629 3469 καὶ
1659 3417 1797 3487 μετὰ

226 3511 510 3581 τελευτὴν,
538 3510 637 3579 τὴν
664 3512 719 3562 ὲν
743 3508 869 3581 ᾅδου
901 3507 1218 3579 καταδίκην,
1246 3508 1281 3579 ἧ
1303 3506 1550 3578 λησταῖς,
1581 3508 1672 3561 καὶ
1701 3509 1795 3561 άν-

226 3603 636 3673 δραποδισταίς,
694 3602 786 3653 καὶ
838 3598 1106 3668 φονεῦσιν,
1155 3593 1265 3662 οἷος
1318 3598 1793 3667 σλὺ,ὴτοίμασται.

229 3695 309 3746 οὐ
342 3695 447 3764 γὰρ
471 3692 787 3763 ἐπιλήσεται
852 3689 1055 3760 Κύριος
1090 3690 1184 3742 τοῦ
1243 3689 1469 3758 ποιῆσαι
1520 3688 1796 3757 ἐκδίκησιν

229 3790 291 3839 ἐν
325 3791 433 3848 τοῖς
466 3785 696 3850 ιθνεσιν,
730 3783 999 3852 ἐλεγμοὺς
1035 3784 1092 3834 ἐν
1117 3783 1225 3844 τοῖς
1242 3781 1413 3845 λαοῖς,
1439 3781 1602 3851 ἡμεῖς
1632 3780 1687 3832 δὲ
1719 3780 1795 3842 ὠς

229 3877 423 3931 δίκαιά
454 3893 513 3929 τε
562 3876 698 3945 ὁμοῦ
754 3876 845 3927 καὶ
904 3872 1250 3944 συμφέροντα
1297 3873 1460 3926 πᾶσιν
1509 3874 1792 3944 ᾑρημένοι,

227 3970 330 4039 οὐχ
358 3971 439 4021 ὅτι
492 3964 782 4037 τιμωρίας,
816 3965 955 4018 ἀλλὰ
1009 3965 1103 4019 καὶ
1138 3963 1376 4035 ἀμοιϐὰς
1419 3965 1528 4017 τῶν
1574 3965 1793 4035 τρόπων

231 4059 566 4131 ἐκδεχόμεθα
610 4058 761 4128 παρὰ
792 4055 949 4111 Θεοῦ.
1018 4055 1255 4109 Τοιαῦτα
1313 4055 1413 4124 μὲν
1453 4055 1794 4125 άντέγραφον

232 4152 384 4221 αύτῷ
420 4153 470 4204 ol
508 4150 863 4220 Βερροιῶται.
910 4147 1151 4209 Ἐκεῖνος
1183 4146 1240 4199 δὲ
1279 4148 1400 4198 ἐπεὶ
1440 4147 1539 4217 τῆς
1566 4145 1791 4217 πρώτης

229 4247 426 4313 πείρας
456 4241 855 4310 ἀπετύγχανεν,
908 4238 1176 4308 ἐτράπετο
1223 4240 1316 4291 ἐπὶ
1378 4238 1655 4306 δευτέραν,
1694 4240 1791 4291 καὶ⁵

231 4334 580 4389 οΛλουσιανὸν
647 4349 768 4385 τινα
828 4329 1113 4401 δεσμώτην
1156 4329 1539 4398 κατεχόμενον,
1601 4329 1674 4389 ὡς
1724 4331 1791 4383 τὰ

230 4424 691 4496 Καντακουζηνοῦ
749 4423 844 4476 τοῦ
895 4420 1157 4492 βασιλέως
1208 4421 1500 4491 ᾑρημένον,
1583 4421 1789 4487 ἀγαθὸν

1904 3230 2162 3296 tionibus,
2192 3241 2246 3286 et
2286 3231 2695 3303 inerepationes
2734 3233 2791 3287 in
2832 3234 3068 3304 populis.
3101 3235 3209 3290 Nos
3241 3247 3456 3302 contra,

1901 3325 1994 3396 qui
2025 3316 2290 3395 justitiam
2319 3342 2444 3382 cum
2481 3327 2715 3383 utilitate
2750 3338 3058 3399 spectamus
3086 3329 3140 3383 in
3180 3332 3454 3406 omnibus.

1900 3431 2009 3471 non
2034 3417 2211 3471 solum
2250 3433 2465 3486 pinnam
2498 3419 2726 3481 nullam,
2759 3423 2852 3475 sed
2881 3428 3026 3475 recte
3068 3420 3333 3476 factorum
3373 3440 3458 3474 re-

1902 3507 2338 3562 munerationem
2363 3508 2545 3578 potius
2567 3524 2596 3562 a
2620 3508 2732 3563 Deo
2754 3519 3151 3579 exspectamus.
3183 3509 3457 3566 IIacteuus

1900 3599 2258 3654 Berrbozotaa.
2292 3599 2652 3668 Apocauchus
2689 3599 2865 3669 primo
2908 3609 3105 3654 conatu
3140 3600 3456 3666 frustratus,

1897 3690 2132 3744 alterum
2162 3687 2432 3753 adhibuit,
2465 3697 2520 3744 et
2546 3689 2867 3744 Alusianum
2891 3691 3204 3769 quemdam,
3232 3702 3289 3746 ut
3316 3693 3459 3747 Can-

1900 3782 2146 3837 tacuzcni
2212 3781 2470 3851 partium,
2524 3780 2763 3835 vinculis
2806 3782 3109 3848 detentum,
3168 3785 3455 3852 probatum

1897 3870 2263 3940 sagittarium,
2297 3870 2575 3926 venationi
2610 3870 2878 3936 deditum,
2917 3881 2971 3925 et
3019 3872 3073 3925 in
3115 3886 3176 3927 ea
3221 3883 3337 3927 arte
3380 3873 3457 3927 fa-

1896 3962 2087 4016 cienda
2111 3962 2489 4023 excellentem,
2526 3971 2737 4017 montes
2780 3977 2977 4017 aureos
3012 3964 3112 4032 ipsi
3184 3974 3239 4017 et
3269 3966 3455 4035 generi

1895 4055 2013 4122 ejus
2055 4052 2334 4123 pollicitus
2379 4051 2614 4117 induxit,
2665 4061 2725 4107 ut
2769 4052 2956 4107 furtim
3002 4054 3194 4124 sagitta
3245 4070 3455 4111 veneno

1894 4144 2028 4198 illita
2052 4143 2187 4214 (26),
2220 4143 2479 4213 qualibus
2514 4144 2657 4199 inter
2690 4145 3000 4200 venandum
3043 4147 3120 4200 uti
3149 4162 3454 4201 consueve-

1896 4246 2000 4301 rat,
2039 4238 2426 4306 imperatorem
2459 4238 2798 4303 vulneraret,
2836 4224 3037 4308 jubens
3066 4239 3364 4301 confidere.
3395 4254 3452 4293 se

1895 4329 2173 4398 negotium
2209 4329 2327 4383 sine
2358 4328 2577 4396 negotio
2624 4327 3024 4383 confecturum.
3056 4329 3217 4400 560
3246 4330 3453 4384 Audie-

1894 4430 1981 4474 rat
2011 4420 2160 4475 enim
2201 4422 2640 4475 Cautacuzcnum
2675 4420 2776 4475 sub
2806 4430 3020 4475 noctem
3069 4424 3122 4475 in
3160 4424 3280 4478 loco
3321 4441 3456 4494 quo—

229 4523 363 4591 περὶ
397 4481 605 4586 τοξείας
642 4516 791 4579 ὄντα,
829 4481 1023 4584 θήραις
1058 4514 1164 4583 γὰρ
1192 4481 1482 4584 ἠσχόλητο,
1518 4514 1611 4566 καὶ
1630 4517 1789 4583 ἀκρι-

1894 4514 2019 4566 dam
2051 4520 2241 4581 aperto
2270 4512 2447 4567 solere
2481 4512 2803 4575 consistere,
2847 4513 3031 4582 ibique
3075 4526 3225 4568 veste
3279 4517 3454 4584 posita

228 4614 342 4674 ϐὡς
377 4610 644 4681 ἑξήσκητο
674 4607 804 4676 περὶ
831 4607 1024 4672 ταῦτα,
1052 4609 1268 4659 ἔπεισεν
1302 4601 1360 4658 εὖ
1396 4606 1645 4674 ποιήσειν
1665 4605 1791 4656 πολ-

225 4704 299 4754 λὰ
331 4692 792 4767 ἐπαγγειλάμενος
826 4697 985 4748 αὐτὸν
1015 4697 1109 4748 καὶ
1162 4697 1337 4762 γένος,
1372 4696 1421 4747 εί
1457 4694 1615 4764 ,βέλει
1646 4696 1790 4763 τρώ-

228 4810 347 4846 ests
407 4792 577 4859 λάθρα
607 4789 833 4859 βασιλέα
896 4786 1208 4857 δηλητηρὶῳ
1284 4787 1651 4857 κεχρισμένω,
1709 4781 1790 4849 οἷς

223 4881 464 4952 χρῆσθαι
510 4880 698 4933 εἴωθεν
727 4880 821 4930 ἐπὶ
853 4876 1036 4947 θηρία.
1076 4877 1314 4946 Παρῄνει
1340 4893 1398 4928 τε
1430 4876 1678 4945 θαρρεῖν,
1713 4876 1789 4938 ὡς

226 4976 407 5043 ῥᾷστα
459 4972 552 5023 καί
582 4972 679 5023 σὺν
700 4969 876 5021 οὐδενί
901 4969 1048 5035 πόνῳ
1081 4968 1141 5019 τὸ
1177 4967 1406 5036 πρᾶγμα
1434 4967 1786 5021 διανύσαντα.

228 5067 437 5116 Ἷικουε
464 5066 572 5132 γὰρ
619 5062 842 5132 βασιλέα
891 5058 1342 5129 Καντακουζηνὸν
1398 5059 1645 5112 εἰωθέναι
1686 5059 1787 5127 μά-

1891 4602 1959 4658 ab
1992 4602 2181 4656 aestivo
2206 4602 2387 4656 calore
2414 4616 2614 4671 corpus
2658 4601 3004 4671 refrigerare.
3041 4602 3092 4656 in
3124 4619 3233 4672 quo
3268 4616 3455 4672 posset

1890 4696 2175 4752 commode
2208 4694 2340 4763 peti.
2381 4693 2555 4761 Atque
2580 4693 2695 4745 haec
2732 4693 3094 4760 sagittarium,
3136 4709 3234 4747 nec
3269 4695 3451 4764 ipsum

1892 4786 1994 4841 loci
2048 4787 2318 4855 ignarum,
2365 4784 2616 4838 docebat.
2661 4781 2764 4847 Qui
2814 4796 3033 4837 carcere
3068 4782 3234 4837 levari
3288 4786 3452 4839 vehe-

1894 4886 2106 4931 menter
2134 4876 2383 4945 cupiens,
2415 4874 2920 4944 promissorumque
2948 4875 3318 4941 praestantiam
3352 4878 3449 4930 he-

1894 4970 2215 5023 nellciorum
2251 4972 2533 5035 reputans,
2579 4977 2801 5033 operam
2840 4962 3106 5016 condixit.
3137 4963 3449 5021 Ben-hmani

1895 5059 2193 5127 ingressus,
2226 5067 2387 5110 nocte
2415 5056 2700 5125 ingruente
2744 5052 3035 5107 ad‘locum
3083 5055 3312 5119 accedit,
3345 5058 3449 5111 im-

1452 5224 1666 5284 Jacobi
1700 5224 1962 5287 Pontani
1991 5232 2173 5286 noue.

307 5353 422 5421 (26)
448 5352 572 5408 Fuit
594 5349 698 5405 hoc
724 5348 850 5402 olim
879 5346 933 5399 in
977 5343 1481 5421 maiequihusdam
1507 5345 1781 5415 gentibus.

226 5414 492 5481 DeiMibis
524 5421 814 5488 Ethiopiar
844 5417 1057 5488 populis
1100 5414 1260 5467 Silius
1289 5415 1426 5467 libro
1457 5414 1523 5488 nt
1556 5432 1573 5471 :

711 5484 1299 5548 I——’—Vscelerataque
1327 5484 1492 5537 succis

374 5559 585 5629 Spicula
617 5560 864 5629 dirigere,
888 5565 946 5629 et
971 5556 1167 5623 ferrum
1192 5555 1453 5621 infamare
1482 5571 1695 5610 veneno.

298 5628 572 5701 Virgilius.
593 5628 893 5701 lx,/Enet'd
924 5640 943 5678 :

305 5695 627 5756 Valatorem
658 5700 907 5765 Amycum
939 5712 957 5749 :
991 5713 1090 5763 quo
1118 5713 1220 5747 non
1256 5695 1467 5762 felicior
1496 5696 1633 5748 alter

301 5772 502 5840 Ungere
532 5769 639 5823 tela
671 5782 851 5829 manu,
884 5767 1178 5832 ferrumque
1211 5781 1423 5817 armare
1452 5782 1666 5819 veneno.

546 5865 813 5924 PATROL.
872 5862 986 5923 Gn.
1032 5861 1235 5922 CLIII.

1893 5345 1959 5400 Et
1987 5346 2127 5400 Iibro’
2156 5361 2185 5397 χ
2214 5364 2227 5399 :

1966 5416 2270 5487 Tequoque
2302 5417 2651 5487 magnanima
2680 5417 2938 5477 viderunt,
2961 5413 3179 5474 Ismare.
3203 5418 3400 5482 gemes‘

1966 5484 2193 5556 Vulnera
2214 5484 2461 5556 dirigere,
2485 5498 2532 5540 et
2568 5489 2797 5539 calamos
2827 5500 3038 5537 armare
3061 5501 3269 5537 veneno.

1901 5555 2053 5609 Adde
2087 5555 2387 5620 Iloratiuin,
2419 5558 2521 5609 ode
2553 5557 2639 5609 22.
2671 5558 2762 5609 lib.
2798 5571 2813 5608 I
2843 5575 2856 5611 :

2074 5627 2188 5679 Non
2217 5637 2325 5695 eget
2364 5627 2539 5679 Mauri
2560 5627 2778 5693 jaculis,
2806 5644 2897 5679 nec
2925 5642 3073 5689 arcu,

2077 5696 2189 5748 Nec
2228 5697 2491 5748 renenatis
2520 5699 2736 5763 gravida
2767 5699 2971 5761 sagittis

2255 5764 2411 5819 Fusce
2436 5767 2705 5836 picurum.
2782 5824 2792 5833 ν

3088 5860 3162 5919 3'4
