  <div class='ocr_page' id='page_1' title='image "/cluster/home/n/w/nwhite01/storage/ocr_20150623/153/nnc1.0046981039/544.png"; bbox 0 0 4166 6436; ppageno 0'>
   <div class='ocr_carea' id='block_1_1' title="bbox 295 400 439 475">
    <p class='ocr_par' dir='ltr' id='par_1_1' title="bbox 295 400 439 475">
     <span class='ocr_line' id='line_1_1' title="bbox 295 400 439 475; baseline 0.014 -5"><span class='ocrx_word' id='word_1_1' title='bbox 295 400 439 475; x_wconf 78' lang='lat'><strong>1077</strong></span> 
     </span>
    </p>
   </div>
   <div class='ocr_carea' id='block_1_2' title="bbox 1428 402 2420 469">
    <p class='ocr_par' dir='ltr' id='par_1_2' title="bbox 1428 402 2420 469">
     <span class='ocr_line' id='line_1_2' title="bbox 1428 402 2420 469; baseline -0.003 0"><span class='ocrx_word' id='word_1_2' title='bbox 1428 402 1989 469; x_wconf 80' lang='lat' dir='ltr'><strong>HISTORIARUM</strong></span> <span class='ocrx_word' id='word_1_3' title='bbox 2030 403 2261 468; x_wconf 73' lang='lat' dir='ltr'><strong>LIBER</strong></span> <span class='ocrx_word' id='word_1_4' title='bbox 2307 408 2420 468; x_wconf 90' lang='lat' dir='ltr'><strong>Ill.</strong></span> 
     </span>
    </p>
   </div>
   <div class='ocr_carea' id='block_1_3' title="bbox 3408 404 3546 470">
    <p class='ocr_par' dir='ltr' id='par_1_3' title="bbox 3408 404 3546 470">
     <span class='ocr_line' id='line_1_3' title="bbox 3408 404 3546 470; baseline 0.007 -1"><span class='ocrx_word' id='word_1_5' title='bbox 3408 404 3546 470; x_wconf 73' lang='lat'><strong>1078</strong></span> 
     </span>
    </p>
   </div>
   <div class='ocr_carea' id='block_1_4' title="bbox 292 514 1868 594">
    <p class='ocr_par' dir='ltr' id='par_1_4' title="bbox 292 516 1866 594">
     <span class='ocr_line' id='line_1_4' title="bbox 292 516 1866 594; baseline -0.006 -17"><span class='ocrx_word' id='word_1_6' title='bbox 292 522 404 594; x_wconf 82' lang='grc' dir='ltr'><strong>γὰρ</strong></span> <span class='ocrx_word' id='word_1_7' title='bbox 434 518 705 589; x_wconf 78' lang='grc' dir='ltr'><strong>ἀπόληται</strong></span> <span class='ocrx_word' id='word_1_8' title='bbox 737 516 991 590; x_wconf 71' lang='grc' dir='ltr'>βασιλεὺς</span> <span class='ocrx_word' id='word_1_9' title='bbox 1016 516 1121 573; x_wconf 78' lang='grc' dir='ltr'>ὑπὸ</span> <span class='ocrx_word' id='word_1_10' title='bbox 1139 517 1251 572; x_wconf 83' lang='grc' dir='ltr'><strong>τῶν</strong></span> <span class='ocrx_word' id='word_1_11' title='bbox 1273 517 1553 588; x_wconf 84' lang='grc' dir='ltr'>πολεμίων</span> <span class='ocrx_word' id='word_1_12' title='bbox 1578 516 1866 587; x_wconf 61' lang='grc' dir='ltr'>περισχόν-</span> 
     </span>
    </p>
   </div>
   <div class='ocr_carea' id='block_1_5' title="bbox 1969 514 3541 594">
    <p class='ocr_par' dir='ltr' id='par_1_5' title="bbox 1969 514 3541 586">
     <span class='ocr_line' id='line_1_5' title="bbox 1969 514 3541 586; baseline 0.001 -20"><span class='ocrx_word' id='word_1_13' title='bbox 1969 529 2066 569; x_wconf 91' lang='lat' dir='ltr'><strong>vos</strong></span> <span class='ocrx_word' id='word_1_14' title='bbox 2093 515 2159 569; x_wconf 88' lang='lat' dir='ltr'><strong>ad</strong></span> <span class='ocrx_word' id='word_1_15' title='bbox 2192 526 2404 572; x_wconf 88' lang='lat' dir='ltr'><strong>tantum</strong></span> <span class='ocrx_word' id='word_1_16' title='bbox 2439 514 2745 586; x_wconf 89' lang='lat' dir='ltr'><strong>periculum</strong></span> <span class='ocrx_word' id='word_1_17' title='bbox 2782 514 3099 571; x_wconf 86' lang='lat' dir='ltr'><strong>adeundum</strong></span> <span class='ocrx_word' id='word_1_18' title='bbox 3132 515 3415 578; x_wconf 82' lang='lat' dir='ltr'><strong>adhortor,</strong></span> <span class='ocrx_word' id='word_1_19' title='bbox 3445 517 3541 569; x_wconf 81' lang='lat' dir='ltr'><strong>sed</strong></span> 
     </span>
    </p>
   </div>
   <div class='ocr_carea' id='block_1_6' title="bbox 291 604 1864 681">
    <p class='ocr_par' dir='ltr' id='par_1_6' title="bbox 291 604 1864 681">
     <span class='ocr_line' id='line_1_6' title="bbox 291 604 1864 681; baseline -0.007 -15"><span class='ocrx_word' id='word_1_20' title='bbox 291 628 423 672; x_wconf 86' lang='grc' dir='ltr'>των,</span> <span class='ocrx_word' id='word_1_21' title='bbox 445 610 706 680; x_wconf 76' lang='grc' dir='ltr'><strong>οὐδεμίαν</strong></span> <span class='ocrx_word' id='word_1_22' title='bbox 745 611 875 681; x_wconf 77' lang='grc' dir='ltr'>ἡμῖν</span> <span class='ocrx_word' id='word_1_23' title='bbox 927 609 1171 680; x_wconf 79' lang='grc' dir='ltr'><strong>ἀθυμίας</strong></span> <span class='ocrx_word' id='word_1_24' title='bbox 1223 610 1319 662; x_wconf 76' lang='grc' dir='ltr'><strong>καὶ</strong></span> <span class='ocrx_word' id='word_1_25' title='bbox 1342 609 1522 676; x_wconf 84' lang='grc' dir='ltr'><strong>λύπης</strong></span> <span class='ocrx_word' id='word_1_26' title='bbox 1552 604 1864 675; x_wconf 80' lang='grc' dir='ltr'>ὑπερϐολὴν</span> 
     </span>
    </p>
   </div>
   <div class='ocr_carea' id='block_1_7' title="bbox 292 698 1864 774">
    <p class='ocr_par' dir='ltr' id='par_1_7' title="bbox 292 698 1864 774">
     <span class='ocr_line' id='line_1_7' title="bbox 292 698 1864 774; baseline -0.005 -18"><span class='ocrx_word' id='word_1_27' title='bbox 292 702 528 771; x_wconf 73' lang='grc' dir='ltr'><strong>ἐλλείψει</strong></span> <span class='ocrx_word' id='word_1_28' title='bbox 556 703 694 774; x_wconf 80' lang='grc' dir='ltr'>πρὸς</span> <span class='ocrx_word' id='word_1_29' title='bbox 723 702 803 772; x_wconf 85' lang='grc' dir='ltr'>τῷ</span> <span class='ocrx_word' id='word_1_30' title='bbox 838 702 934 756; x_wconf 76' lang='grc' dir='ltr'>καὶ</span> <span class='ocrx_word' id='word_1_31' title='bbox 959 701 1152 765; x_wconf 81' lang='grc' dir='ltr'>κακῶς</span> <span class='ocrx_word' id='word_1_32' title='bbox 1181 700 1408 755; x_wconf 79' lang='grc' dir='ltr'><strong>ἀκούειν</strong></span> <span class='ocrx_word' id='word_1_33' title='bbox 1460 700 1567 752; x_wconf 84' lang='grc' dir='ltr'><strong>ύπδ</strong></span> <span class='ocrx_word' id='word_1_34' title='bbox 1618 698 1864 761; x_wconf 82' lang='grc' dir='ltr'>πάντων,</span> 
     </span>
    </p>
   </div>
   <div class='ocr_carea' id='block_1_8' title="bbox 288 793 1867 868">
    <p class='ocr_par' dir='ltr' id='par_1_8' title="bbox 288 793 1867 868">
     <span class='ocr_line' id='line_1_8' title="bbox 288 793 1867 868; baseline -0.003 -19"><span class='ocrx_word' id='word_1_35' title='bbox 288 798 373 849; x_wconf 74' lang='grc' dir='ltr'>ὅτι</span> <span class='ocrx_word' id='word_1_36' title='bbox 400 796 663 868; x_wconf 74' lang='grc' dir='ltr'>ἀνανδρίᾳ</span> <span class='ocrx_word' id='word_1_37' title='bbox 689 796 784 850; x_wconf 83' lang='grc' dir='ltr'>καὶ</span> <span class='ocrx_word' id='word_1_38' title='bbox 810 794 1056 866; x_wconf 78' lang='grc' dir='ltr'>μαλακίᾳ</span> <span class='ocrx_word' id='word_1_39' title='bbox 1080 798 1144 866; x_wconf 79' lang='grc' dir='ltr'>τῇ</span> <span class='ocrx_word' id='word_1_40' title='bbox 1172 796 1301 865; x_wconf 80' lang='grc' dir='ltr'>περὶ</span> <span class='ocrx_word' id='word_1_41' title='bbox 1323 796 1451 857; x_wconf 84' lang='grc' dir='ltr'>τοὺς</span> <span class='ocrx_word' id='word_1_42' title='bbox 1475 793 1672 856; x_wconf 84' lang='grc' dir='ltr'><strong>πόνους</strong></span> <span class='ocrx_word' id='word_1_43' title='bbox 1696 808 1867 846; x_wconf 86' lang='grc' dir='ltr'>κατα-</span> 
     </span>
    </p>
   </div>
   <div class='ocr_carea' id='block_1_9' title="bbox 290 889 1867 960">
    <p class='ocr_par' dir='ltr' id='par_1_9' title="bbox 290 889 1867 960">
     <span class='ocr_line' id='line_1_9' title="bbox 290 889 1867 960; baseline -0.003 -17"><span class='ocrx_word' id='word_1_44' title='bbox 290 890 617 959; x_wconf 81' lang='grc' dir='ltr'>προδέδοται</span> <span class='ocrx_word' id='word_1_45' title='bbox 645 892 758 950; x_wconf 81' lang='grc' dir='ltr'>τοῖς</span> <span class='ocrx_word' id='word_1_46' title='bbox 790 889 1075 959; x_wconf 81' lang='grc' dir='ltr'>πολεμίοις</span> <span class='ocrx_word' id='word_1_47' title='bbox 1113 889 1248 960; x_wconf 75' lang='grc' dir='ltr'>ἡμῖν</span> <span class='ocrx_word' id='word_1_48' title='bbox 1274 892 1300 943; x_wconf 85' lang='grc' dir='ltr'><em>ὀ</em></span> <span class='ocrx_word' id='word_1_49' title='bbox 1329 889 1506 957; x_wconf 81' lang='grc' dir='ltr'>φίλος.</span> <span class='ocrx_word' id='word_1_50' title='bbox 1546 889 1647 941; x_wconf 82' lang='grc' dir='ltr'>Ἀν</span> <span class='ocrx_word' id='word_1_51' title='bbox 1674 904 1734 939; x_wconf 88' lang='grc' dir='ltr'><strong>τε</strong></span> <span class='ocrx_word' id='word_1_52' title='bbox 1768 903 1867 939; x_wconf 87' lang='grc' dir='ltr'>πε-</span> 
     </span>
    </p>
   </div>
   <div class='ocr_carea' id='block_1_10' title="bbox 292 966 1866 1053">
    <p class='ocr_par' dir='ltr' id='par_1_10' title="bbox 292 966 1866 1053">
     <span class='ocr_line' id='line_1_10' title="bbox 292 966 1866 1053; baseline -0.001 -20"><span class='ocrx_word' id='word_1_53' title='bbox 292 983 576 1052; x_wconf 77' lang='grc' dir='ltr'>ριγένηται</span> <span class='ocrx_word' id='word_1_54' title='bbox 630 966 789 1053; x_wconf 73' lang='grc' dir='ltr'>ἡμῶν</span> <span class='ocrx_word' id='word_1_55' title='bbox 840 982 1032 1053; x_wconf 71' lang='grc' dir='ltr'>χωρὶς,</span> <span class='ocrx_word' id='word_1_56' title='bbox 1087 984 1149 1033; x_wconf 83' lang='grc' dir='ltr'>τὸ</span> <span class='ocrx_word' id='word_1_57' title='bbox 1203 981 1390 1050; x_wconf 81' lang='grc' dir='ltr'>μεῖζον</span> <span class='ocrx_word' id='word_1_58' title='bbox 1423 980 1521 1050; x_wconf 80' lang='grc' dir='ltr'><strong>τῆς</strong></span> <span class='ocrx_word' id='word_1_59' title='bbox 1552 980 1866 1049; x_wconf 81' lang='grc' dir='ltr'><strong>φιλοτιμίας</strong></span> 
     </span>
    </p>
   </div>
   <div class='ocr_carea' id='block_1_11' title="bbox 290 1070 1864 1144">
    <p class='ocr_par' dir='ltr' id='par_1_11' title="bbox 290 1070 1864 1144">
     <span class='ocr_line' id='line_1_11' title="bbox 290 1070 1864 1144; baseline -0.001 -17"><span class='ocrx_word' id='word_1_60' title='bbox 290 1072 687 1144; x_wconf 68' lang='grc' dir='ltr'>παρηρήμεθα.</span> <span class='ocrx_word' id='word_1_61' title='bbox 722 1073 795 1126; x_wconf 82' lang='grc' dir='ltr'>Τὸ</span> <span class='ocrx_word' id='word_1_62' title='bbox 832 1073 931 1143; x_wconf 83' lang='grc' dir='ltr'>μὲν</span> <span class='ocrx_word' id='word_1_63' title='bbox 980 1070 1073 1128; x_wconf 71' lang='grc' dir='ltr'>οὖν</span> <span class='ocrx_word' id='word_1_64' title='bbox 1106 1073 1245 1144; x_wconf 85' lang='grc' dir='ltr'>πρὸς</span> <span class='ocrx_word' id='word_1_65' title='bbox 1279 1074 1515 1144; x_wconf 73' lang='grc' dir='ltr'>ἀνέμους</span> <span class='ocrx_word' id='word_1_66' title='bbox 1546 1073 1864 1127; x_wconf 83' lang='grc' dir='ltr'>ἀντιπνέον-</span> 
     </span>
    </p>
   </div>
   <div class='ocr_carea' id='block_1_12' title="bbox 290 1165 1867 1237">
    <p class='ocr_par' dir='ltr' id='par_1_12' title="bbox 290 1165 1867 1237">
     <span class='ocr_line' id='line_1_12' title="bbox 290 1165 1867 1237; baseline 0 -19"><span class='ocrx_word' id='word_1_67' title='bbox 290 1182 409 1229; x_wconf 84' lang='grc' dir='ltr'>τας,</span> <span class='ocrx_word' id='word_1_68' title='bbox 443 1165 539 1218; x_wconf 78' lang='grc' dir='ltr'>καὶ</span> <span class='ocrx_word' id='word_1_69' title='bbox 565 1165 842 1220; x_wconf 77' lang='grc' dir='ltr'>θάλασσαν</span> <span class='ocrx_word' id='word_1_70' title='bbox 878 1166 1194 1230; x_wconf 79' lang='grc' dir='ltr'>ἐξοιδοῦσαν</span> <span class='ocrx_word' id='word_1_71' title='bbox 1226 1167 1322 1219; x_wconf 73' lang='grc' dir='ltr'>καὶ</span> <span class='ocrx_word' id='word_1_72' title='bbox 1360 1170 1698 1237; x_wconf 85' lang='grc' dir='ltr'>μαινομένην</span> <span class='ocrx_word' id='word_1_73' title='bbox 1728 1170 1867 1221; x_wconf 86' lang='grc' dir='ltr'>ἀπο-</span> 
     </span>
    </p>
   </div>
   <div class='ocr_carea' id='block_1_13' title="bbox 298 1256 1869 1328">
    <p class='ocr_par' dir='ltr' id='par_1_13' title="bbox 298 1256 1869 1328">
     <span class='ocr_line' id='line_1_13' title="bbox 298 1256 1869 1328; baseline -0.001 -20"><span class='ocrx_word' id='word_1_74' title='bbox 298 1258 589 1326; x_wconf 81' lang='grc' dir='ltr'>οιάχεσθαι,</span> <span class='ocrx_word' id='word_1_75' title='bbox 648 1257 1110 1328; x_wconf 83' lang='grc' dir='ltr'>μελαγχολώντων</span> <span class='ocrx_word' id='word_1_76' title='bbox 1172 1259 1359 1326; x_wconf 81' lang='grc' dir='ltr'>σαφῶς</span> <span class='ocrx_word' id='word_1_77' title='bbox 1386 1258 1480 1311; x_wconf 85' lang='grc' dir='ltr'><strong>καὶ</strong></span> <span class='ocrx_word' id='word_1_78' title='bbox 1507 1256 1869 1310; x_wconf 81' lang='grc' dir='ltr'>θανατώντων</span> 
     </span>
    </p>
   </div>
   <div class='ocr_carea' id='block_1_14' title="bbox 294 1348 1869 1419">
    <p class='ocr_par' dir='ltr' id='par_1_14' title="bbox 294 1348 1869 1419">
     <span class='ocr_line' id='line_1_14' title="bbox 294 1348 1869 1419; baseline 0 -20"><span class='ocrx_word' id='word_1_79' title='bbox 294 1349 385 1401; x_wconf 79' lang='grc' dir='ltr'><strong>ἐπ’</strong></span> <span class='ocrx_word' id='word_1_80' title='bbox 428 1348 657 1418; x_wconf 77' lang='grc' dir='ltr'>οὐδεμιᾷ</span> <span class='ocrx_word' id='word_1_81' title='bbox 717 1350 1023 1419; x_wconf 73' lang='grc' dir='ltr'>φιλοτιμίᾳ.</span> <span class='ocrx_word' id='word_1_82' title='bbox 1075 1349 1241 1403; x_wconf 85' lang='grc' dir='ltr'>Ὀθεν</span> <span class='ocrx_word' id='word_1_83' title='bbox 1276 1350 1397 1403; x_wconf 77' lang='grc' dir='ltr'>οὐδὲ</span> <span class='ocrx_word' id='word_1_84' title='bbox 1448 1350 1585 1419; x_wconf 81' lang='grc' dir='ltr'>πρὸς</span> <span class='ocrx_word' id='word_1_85' title='bbox 1612 1348 1869 1401; x_wconf 82' lang='grc' dir='ltr'>τοσοῦτον</span> 
     </span>
    </p>
   </div>
   <div class='ocr_carea' id='block_1_15' title="bbox 293 1437 1870 1510">
    <p class='ocr_par' dir='ltr' id='par_1_15' title="bbox 293 1437 1870 1510">
     <span class='ocr_line' id='line_1_15' title="bbox 293 1437 1870 1510; baseline 0 -20"><span class='ocrx_word' id='word_1_86' title='bbox 293 1437 540 1491; x_wconf 87' lang='grc' dir='ltr'>κίνδυνον</span> <span class='ocrx_word' id='word_1_87' title='bbox 567 1438 899 1492; x_wconf 79' lang='grc' dir='ltr'>ἀποδύεσθαι</span> <span class='ocrx_word' id='word_1_88' title='bbox 940 1440 1084 1510; x_wconf 78' lang='grc' dir='ltr'>ὑμᾶς</span> <span class='ocrx_word' id='word_1_89' title='bbox 1138 1440 1371 1505; x_wconf 78' lang='grc' dir='ltr'><strong>κελεύω,</strong></span> <span class='ocrx_word' id='word_1_90' title='bbox 1433 1440 1627 1508; x_wconf 73' lang='grc' dir='ltr'>ἑτέραν</span> <span class='ocrx_word' id='word_1_91' title='bbox 1672 1439 1729 1491; x_wconf 83' lang='grc' dir='ltr'><strong>δέ</strong></span> <span class='ocrx_word' id='word_1_92' title='bbox 1765 1439 1870 1505; x_wconf 73' lang='grc' dir='ltr'>ὑφε-</span> 
     </span>
    </p>
   </div>
   <div class='ocr_carea' id='block_1_16' title="bbox 294 1530 1869 1604">
    <p class='ocr_par' dir='ltr' id='par_1_16' title="bbox 294 1530 1869 1604">
     <span class='ocr_line' id='line_1_16' title="bbox 294 1530 1869 1604; baseline 0.001 -21"><span class='ocrx_word' id='word_1_93' title='bbox 294 1530 575 1600; x_wconf 73' lang='grc' dir='ltr'>ηγήσομαι</span> <span class='ocrx_word' id='word_1_94' title='bbox 607 1532 793 1597; x_wconf 81' lang='grc' dir='ltr'>αὐτὸς,</span> <span class='ocrx_word' id='word_1_95' title='bbox 824 1534 994 1588; x_wconf 77' lang='grc' dir='ltr'>πόνον,</span> <span class='ocrx_word' id='word_1_96' title='bbox 1014 1535 1110 1604; x_wconf 75' lang='grc' dir='ltr'>μὲν</span> <span class='ocrx_word' id='word_1_97' title='bbox 1132 1534 1312 1603; x_wconf 84' lang='grc' dir='ltr'>ὀλίγον</span> <span class='ocrx_word' id='word_1_98' title='bbox 1342 1533 1593 1603; x_wconf 78' lang='grc' dir='ltr'>ἔχουσαν,</span> <span class='ocrx_word' id='word_1_99' title='bbox 1617 1532 1869 1585; x_wconf 76' lang='grc' dir='ltr'>εὔκλειαν</span> 
     </span>
    </p>
   </div>
   <div class='ocr_carea' id='block_1_17' title="bbox 291 1623 1869 1695">
    <p class='ocr_par' dir='ltr' id='par_1_17' title="bbox 291 1623 1869 1695">
     <span class='ocr_line' id='line_1_17' title="bbox 291 1623 1869 1695; baseline 0 -19"><span class='ocrx_word' id='word_1_100' title='bbox 291 1623 350 1676; x_wconf 78' lang='grc' dir='ltr'>δὲ</span> <span class='ocrx_word' id='word_1_101' title='bbox 373 1624 464 1676; x_wconf 74' lang='grc' dir='ltr'><strong>καλ⁸</strong></span> <span class='ocrx_word' id='word_1_102' title='bbox 487 1624 731 1689; x_wconf 73' lang='grc' dir='ltr'>εὐδοξίαν</span> <span class='ocrx_word' id='word_1_103' title='bbox 760 1625 1091 1694; x_wconf 78' lang='grc' dir='ltr'>ἀκροτάτην.</span> <span class='ocrx_word' id='word_1_104' title='bbox 1113 1626 1298 1694; x_wconf 84' lang='grc' dir='ltr'>Τριῶν</span> <span class='ocrx_word' id='word_1_105' title='bbox 1326 1625 1433 1695; x_wconf 78' lang='grc' dir='ltr'><strong>γὰρ</strong></span> <span class='ocrx_word' id='word_1_106' title='bbox 1460 1624 1569 1677; x_wconf 87' lang='grc' dir='ltr'><strong>τῶν</strong></span> <span class='ocrx_word' id='word_1_107' title='bbox 1594 1624 1869 1693; x_wconf 78' lang='grc' dir='ltr'>μεγίστων</span> 
     </span>
    </p>
   </div>
   <div class='ocr_carea' id='block_1_18' title="bbox 287 1714 1870 1787">
    <p class='ocr_par' dir='ltr' id='par_1_18' title="bbox 287 1714 1870 1787">
     <span class='ocr_line' id='line_1_18' title="bbox 287 1714 1870 1787; baseline 0.001 -20"><span class='ocrx_word' id='word_1_108' title='bbox 287 1714 559 1784; x_wconf 79' lang='grc' dir='ltr'>δείγματα</span> <span class='ocrx_word' id='word_1_109' title='bbox 590 1718 724 1787; x_wconf 77' lang='grc' dir='ltr'>ἡμῖν</span> <span class='ocrx_word' id='word_1_110' title='bbox 776 1719 1083 1784; x_wconf 70' lang='grc' dir='ltr'>ἐξενεγκεῖν</span> <span class='ocrx_word' id='word_1_111' title='bbox 1119 1718 1358 1782; x_wconf 76' lang='grc' dir='ltr'><strong>ἐξέσται,</strong></span> <span class='ocrx_word' id='word_1_112' title='bbox 1400 1717 1624 1787; x_wconf 82' lang='grc' dir='ltr'>ἀνδρίας</span> <span class='ocrx_word' id='word_1_113' title='bbox 1679 1718 1773 1771; x_wconf 78' lang='grc' dir='ltr'><strong>καὶ</strong></span> <span class='ocrx_word' id='word_1_114' title='bbox 1794 1718 1870 1770; x_wconf 75' lang='grc' dir='ltr'>δι-</span> 
     </span>
    </p>
   </div>
   <div class='ocr_carea' id='block_1_19' title="bbox 290 1805 1868 1878">
    <p class='ocr_par' dir='ltr' id='par_1_19' title="bbox 290 1805 1868 1878">
     <span class='ocr_line' id='line_1_19' title="bbox 290 1805 1868 1878; baseline 0.004 -22"><span class='ocrx_word' id='word_1_115' title='bbox 290 1805 586 1875; x_wconf 82' lang='grc' dir='ltr'>καιοσύνης</span> <span class='ocrx_word' id='word_1_116' title='bbox 635 1806 731 1860; x_wconf 69' lang='grc' dir='ltr'>καὶ</span> <span class='ocrx_word' id='word_1_117' title='bbox 790 1809 1129 1878; x_wconf 85' lang='grc' dir='ltr'>φρονήσεως.</span> <span class='ocrx_word' id='word_1_118' title='bbox 1184 1808 1257 1861; x_wconf 84' lang='grc' dir='ltr'><strong>Τὸ</strong></span> <span class='ocrx_word' id='word_1_119' title='bbox 1315 1811 1414 1876; x_wconf 75' lang='grc' dir='ltr'>μὲν</span> <span class='ocrx_word' id='word_1_120' title='bbox 1465 1809 1573 1878; x_wconf 80' lang='grc' dir='ltr'>γὰρ</span> <span class='ocrx_word' id='word_1_121' title='bbox 1604 1809 1710 1862; x_wconf 78' lang='grc' dir='ltr'>ὑπὸ</span> <span class='ocrx_word' id='word_1_122' title='bbox 1759 1810 1868 1863; x_wconf 85' lang='grc' dir='ltr'><strong>τῶν</strong></span> 
     </span>
    </p>
   </div>
   <div class='ocr_carea' id='block_1_20' title="bbox 292 1898 1870 1974">
    <p class='ocr_par' dir='ltr' id='par_1_20' title="bbox 292 1898 1870 1974">
     <span class='ocr_line' id='line_1_20' title="bbox 292 1898 1870 1974; baseline 0.004 -25"><span class='ocrx_word' id='word_1_123' title='bbox 292 1898 515 1966; x_wconf 86' lang='grc' dir='ltr'>ἀνέμων</span> <span class='ocrx_word' id='word_1_124' title='bbox 544 1899 638 1952; x_wconf 81' lang='grc' dir='ltr'>καὶ</span> <span class='ocrx_word' id='word_1_125' title='bbox 670 1898 947 1970; x_wconf 78' lang='grc' dir='ltr'><strong>θαλάσσης</strong></span> <span class='ocrx_word' id='word_1_126' title='bbox 980 1901 1361 1968; x_wconf 74' lang='grc' dir='ltr'>κωλυομένους</span> <span class='ocrx_word' id='word_1_127' title='bbox 1396 1902 1590 1971; x_wconf 80' lang='grc' dir='ltr'>ἑτέραν</span> <span class='ocrx_word' id='word_1_128' title='bbox 1624 1905 1870 1974; x_wconf 80' lang='grc' dir='ltr'>ἐξευρεῖν</span> 
     </span>
    </p>
   </div>
   <div class='ocr_carea' id='block_1_21' title="bbox 290 1984 1874 2066">
    <p class='ocr_par' dir='ltr' id='par_1_21' title="bbox 290 1984 1874 2066">
     <span class='ocr_line' id='line_1_21' title="bbox 290 1984 1874 2066; baseline 0.004 -24"><span class='ocrx_word' id='word_1_129' title='bbox 290 1988 411 2042; x_wconf 78' lang='grc' dir='ltr'>ὁδὸν</span> <span class='ocrx_word' id='word_1_130' title='bbox 440 1989 510 2043; x_wconf 87' lang='grc' dir='ltr'><strong>δι’</strong></span> <span class='ocrx_word' id='word_1_131' title='bbox 543 1984 611 2061; x_wconf 82' lang='grc' dir='ltr'>ἦς</span> <span class='ocrx_word' id='word_1_132' title='bbox 640 1991 777 2059; x_wconf 78' lang='grc' dir='ltr'>ἡμῖν</span> <span class='ocrx_word' id='word_1_133' title='bbox 832 1992 1096 2062; x_wconf 80' lang='grc' dir='ltr'>ἀνυσθείη</span> <span class='ocrx_word' id='word_1_134' title='bbox 1155 1996 1218 2047; x_wconf 82' lang='grc' dir='ltr'>τὸ</span> <span class='ocrx_word' id='word_1_135' title='bbox 1250 1995 1636 2065; x_wconf 84' lang='grc' dir='ltr'>προκείμενον,</span> <span class='ocrx_word' id='word_1_136' title='bbox 1670 1997 1874 2066; x_wconf 84' lang='grc' dir='ltr'>φρονὴ-</span> 
     </span>
    </p>
   </div>
   <div class='ocr_carea' id='block_1_22' title="bbox 294 2084 1873 2158">
    <p class='ocr_par' dir='ltr' id='par_1_22' title="bbox 294 2084 1873 2158">
     <span class='ocr_line' id='line_1_22' title="bbox 294 2084 1873 2158; baseline 0.005 -21"><span class='ocrx_word' id='word_1_137' title='bbox 294 2100 435 2147; x_wconf 83' lang='grc' dir='ltr'>σεως</span> <span class='ocrx_word' id='word_1_138' title='bbox 458 2084 681 2150; x_wconf 83' lang='grc' dir='ltr'>δικαίως</span> <span class='ocrx_word' id='word_1_139' title='bbox 702 2085 767 2139; x_wconf 75' lang='grc' dir='ltr'>ἄν</span> <span class='ocrx_word' id='word_1_140' title='bbox 791 2105 873 2151; x_wconf 88' lang='grc' dir='ltr'><strong>τις</strong></span> <span class='ocrx_word' id='word_1_141' title='bbox 895 2087 1093 2158; x_wconf 82' lang='grc' dir='ltr'>τιθείη.</span> <span class='ocrx_word' id='word_1_142' title='bbox 1123 2090 1486 2158; x_wconf 79' lang='grc' dir='ltr'>Δικαιοσύνης</span> <span class='ocrx_word' id='word_1_143' title='bbox 1503 2091 1581 2155; x_wconf 83' lang='grc' dir='ltr'>δὲ,</span> <span class='ocrx_word' id='word_1_144' title='bbox 1612 2091 1671 2143; x_wconf 77' lang='grc' dir='ltr'>τὸ</span> <span class='ocrx_word' id='word_1_145' title='bbox 1694 2092 1873 2145; x_wconf 83' lang='grc' dir='ltr'>πάντα</span> 
     </span>
    </p>
   </div>
   <div class='ocr_carea' id='block_1_23' title="bbox 292 2179 1873 2255">
    <p class='ocr_par' dir='ltr' id='par_1_23' title="bbox 292 2179 1873 2255">
     <span class='ocr_line' id='line_1_23' title="bbox 292 2179 1873 2255; baseline -0.004 -23"><span class='ocrx_word' id='word_1_146' title='bbox 292 2179 557 2248; x_wconf 84' lang='grc' dir='ltr'>χρήματα</span> <span class='ocrx_word' id='word_1_147' title='bbox 600 2180 918 2248; x_wconf 78' lang='grc' dir='ltr'>ἡγήσασθαι</span> <span class='ocrx_word' id='word_1_148' title='bbox 958 2182 1189 2252; x_wconf 85' lang='grc' dir='ltr'>δεύτερα</span> <span class='ocrx_word' id='word_1_149' title='bbox 1227 2182 1325 2252; x_wconf 84' lang='grc' dir='ltr'>τῆς</span> <span class='ocrx_word' id='word_1_150' title='bbox 1378 2181 1473 2235; x_wconf 83' lang='grc' dir='ltr'>τοῦ</span> <span class='ocrx_word' id='word_1_151' title='bbox 1515 2184 1669 2251; x_wconf 82' lang='grc' dir='ltr'>φίλου</span> <span class='ocrx_word' id='word_1_152' title='bbox 1697 2200 1873 2255; x_wconf 80' lang='grc' dir='ltr'>σωτη.</span> 
     </span>
    </p>
   </div>
   <div class='ocr_carea' id='block_1_24' title="bbox 299 2270 1870 2346">
    <p class='ocr_par' dir='ltr' id='par_1_24' title="bbox 299 2270 1870 2346">
     <span class='ocr_line' id='line_1_24' title="bbox 299 2270 1870 2346; baseline 0.005 -27"><span class='ocrx_word' id='word_1_153' title='bbox 299 2270 442 2338; x_wconf 91' lang='grc' dir='ltr'>ρίας.</span> <span class='ocrx_word' id='word_1_154' title='bbox 489 2271 739 2341; x_wconf 79' lang='grc' dir='ltr'>’Δνδρίας</span> <span class='ocrx_word' id='word_1_155' title='bbox 790 2273 832 2324; x_wconf 87' lang='grc' dir='ltr'>δ’</span> <span class='ocrx_word' id='word_1_156' title='bbox 870 2272 974 2338; x_wconf 88' lang='grc' dir='ltr'>ὃτι,</span> <span class='ocrx_word' id='word_1_157' title='bbox 1022 2274 1083 2324; x_wconf 85' lang='grc' dir='ltr'>οὐ</span> <span class='ocrx_word' id='word_1_158' title='bbox 1138 2276 1201 2343; x_wconf 81' lang='grc' dir='ltr'>τῇ</span> <span class='ocrx_word' id='word_1_159' title='bbox 1257 2274 1384 2345; x_wconf 75' lang='grc' dir='ltr'>περὶ</span> <span class='ocrx_word' id='word_1_160' title='bbox 1427 2275 1527 2345; x_wconf 84' lang='grc' dir='ltr'>τὴν</span> <span class='ocrx_word' id='word_1_161' title='bbox 1557 2275 1870 2346; x_wconf 74' lang='grc' dir='ltr'>ὁδοιπορίαν</span> 
     </span>
    </p>
   </div>
   <div class='ocr_carea' id='block_1_25' title="bbox 294 2356 1870 2434">
    <p class='ocr_par' dir='ltr' id='par_1_25' title="bbox 294 2356 1870 2434">
     <span class='ocr_line' id='line_1_25' title="bbox 294 2356 1870 2434; baseline 0.006 -22"><span class='ocrx_word' id='word_1_162' title='bbox 294 2356 461 2412; x_wconf 74' lang='grc' dir='ltr'>οὖσαν</span> <span class='ocrx_word' id='word_1_163' title='bbox 504 2363 727 2431; x_wconf 81' lang='grc' dir='ltr'>μακρὰν</span> <span class='ocrx_word' id='word_1_164' title='bbox 783 2367 1147 2434; x_wconf 78' lang='grc' dir='ltr'>ταλαιπωρία,</span> <span class='ocrx_word' id='word_1_165' title='bbox 1213 2365 1329 2418; x_wconf 78' lang='grc' dir='ltr'>οὗθ’</span> <span class='ocrx_word' id='word_1_166' title='bbox 1383 2368 1465 2420; x_wconf 81' lang='grc' dir='ltr'>ὅτι</span> <span class='ocrx_word' id='word_1_167' title='bbox 1526 2367 1612 2421; x_wconf 78' lang='grc' dir='ltr'>διὰ</span> <span class='ocrx_word' id='word_1_168' title='bbox 1662 2369 1870 2422; x_wconf 83' lang='grc' dir='ltr'>πολλῶν</span> 
     </span>
    </p>
   </div>
   <div class='ocr_carea' id='block_1_26' title="bbox 295 2453 1873 2533">
    <p class='ocr_par' dir='ltr' id='par_1_26' title="bbox 295 2453 1873 2533">
     <span class='ocr_line' id='line_1_26' title="bbox 295 2453 1873 2533; baseline 0.01 -30"><span class='ocrx_word' id='word_1_169' title='bbox 295 2453 488 2516; x_wconf 88' lang='grc' dir='ltr'>ἐθνῶν,</span> <span class='ocrx_word' id='word_1_170' title='bbox 517 2455 565 2507; x_wconf 86' lang='grc' dir='ltr'>οἳ</span> <span class='ocrx_word' id='word_1_171' title='bbox 601 2456 888 2521; x_wconf 79' lang='grc' dir='ltr'>μέλλουσιν</span> <span class='ocrx_word' id='word_1_172' title='bbox 916 2460 1048 2529; x_wconf 81' lang='grc' dir='ltr'>ἡμῖν</span> <span class='ocrx_word' id='word_1_173' title='bbox 1082 2459 1401 2528; x_wconf 82' lang='grc' dir='ltr'>μαχεῖσθαι,</span> <span class='ocrx_word' id='word_1_174' title='bbox 1437 2463 1630 2516; x_wconf 50' lang='lat' dir='ltr'><strong>diti-vat</strong></span> <span class='ocrx_word' id='word_1_175' title='bbox 1656 2464 1873 2533; x_wconf 81' lang='grc' dir='ltr'>μέλλον-</span> 
     </span>
    </p>
   </div>
   <div class='ocr_carea' id='block_1_27' title="bbox 296 2549 1872 2621">
    <p class='ocr_par' dir='ltr' id='par_1_27' title="bbox 296 2549 1872 2621">
     <span class='ocr_line' id='line_1_27' title="bbox 296 2549 1872 2621; baseline 0.007 -24"><span class='ocrx_word' id='word_1_176' title='bbox 296 2563 408 2611; x_wconf 77' lang='grc' dir='ltr'>τες,</span> <span class='ocrx_word' id='word_1_177' title='bbox 448 2549 769 2617; x_wconf 64' lang='grc' dir='ltr'>ἀπέστημεν</span> <span class='ocrx_word' id='word_1_178' title='bbox 802 2550 894 2603; x_wconf 80' lang='grc' dir='ltr'>τοῦ</span> <span class='ocrx_word' id='word_1_179' title='bbox 926 2551 1137 2614; x_wconf 76' lang='grc' dir='ltr'>δέοντος</span> <span class='ocrx_word' id='word_1_180' title='bbox 1174 2555 1642 2621; x_wconf 74' lang='grc' dir='ltr'>καταπλαγέντες.</span> <span class='ocrx_word' id='word_1_181' title='bbox 1677 2556 1742 2607; x_wconf 86' lang='grc' dir='ltr'>Τί</span> <span class='ocrx_word' id='word_1_182' title='bbox 1778 2551 1872 2608; x_wconf 81' lang='grc' dir='ltr'>οὖν</span> 
     </span>
    </p>
   </div>
   <div class='ocr_carea' id='block_1_28' title="bbox 297 2641 1871 2717">
    <p class='ocr_par' dir='ltr' id='par_1_28' title="bbox 297 2641 1871 2717">
     <span class='ocr_line' id='line_1_28' title="bbox 297 2641 1871 2717; baseline 0.007 -26"><span class='ocrx_word' id='word_1_183' title='bbox 297 2642 448 2692; x_wconf 81' lang='grc' dir='ltr'>ἐστιν</span> <span class='ocrx_word' id='word_1_184' title='bbox 477 2641 505 2693; x_wconf 81' lang='grc' dir='ltr'><strong>ὅ</strong></span> <span class='ocrx_word' id='word_1_185' title='bbox 536 2642 699 2709; x_wconf 78' lang='grc' dir='ltr'>λέγως</span> <span class='ocrx_word' id='word_1_186' title='bbox 738 2642 827 2704; x_wconf 84' lang='grc' dir='ltr'><strong>Ὠς</strong></span> <span class='ocrx_word' id='word_1_187' title='bbox 862 2644 982 2695; x_wconf 76' lang='grc' dir='ltr'>ἐπεὶ</span> <span class='ocrx_word' id='word_1_188' title='bbox 1013 2646 1131 2708; x_wconf 82' lang='grc' dir='ltr'>ταῖς</span> <span class='ocrx_word' id='word_1_189' title='bbox 1164 2648 1354 2698; x_wconf 64' lang='grc' dir='ltr'>ναυσὶν</span> <span class='ocrx_word' id='word_1_190' title='bbox 1376 2647 1752 2717; x_wconf 61' lang='grc' dir='ltr'>ἀδυδιατοῦμεν</span> <span class='ocrx_word' id='word_1_191' title='bbox 1793 2651 1871 2713; x_wconf 87' lang='grc' dir='ltr'><strong>είς</strong></span> 
     </span>
    </p>
   </div>
   <div class='ocr_carea' id='block_1_29' title="bbox 295 2729 1872 2809">
    <p class='ocr_par' dir='ltr' id='par_1_29' title="bbox 295 2729 1872 2809">
     <span class='ocr_line' id='line_1_29' title="bbox 295 2729 1872 2809; baseline 0.005 -25"><span class='ocrx_word' id='word_1_192' title='bbox 295 2729 643 2784; x_wconf 75' lang='grc' dir='ltr'>Μακεδονίαν</span> <span class='ocrx_word' id='word_1_193' title='bbox 707 2731 990 2801; x_wconf 78' lang='grc' dir='ltr'>ἔρχεσθαι,</span> <span class='ocrx_word' id='word_1_194' title='bbox 1045 2736 1248 2797; x_wconf 81' lang='grc' dir='ltr'>ταύτας</span> <span class='ocrx_word' id='word_1_195' title='bbox 1285 2737 1385 2804; x_wconf 77' lang='grc' dir='ltr'>μὲν</span> <span class='ocrx_word' id='word_1_196' title='bbox 1439 2738 1513 2799; x_wconf 84' lang='grc' dir='ltr'>ὠς</span> <span class='ocrx_word' id='word_1_197' title='bbox 1564 2740 1872 2809; x_wconf 76' lang='grc' dir='ltr'>ἀχρήστους</span> 
     </span>
    </p>
   </div>
   <div class='ocr_carea' id='block_1_30' title="bbox 295 2822 1871 2897">
    <p class='ocr_par' dir='ltr' id='par_1_30' title="bbox 295 2822 1871 2897">
     <span class='ocr_line' id='line_1_30' title="bbox 295 2822 1871 2897; baseline 0.008 -26"><span class='ocrx_word' id='word_1_198' title='bbox 295 2822 547 2875; x_wconf 85' lang='grc' dir='ltr'>ἐνταυθοῖ</span> <span class='ocrx_word' id='word_1_199' title='bbox 581 2824 714 2892; x_wconf 79' lang='grc' dir='ltr'>πυρὶ</span> <span class='ocrx_word' id='word_1_200' title='bbox 768 2829 1203 2897; x_wconf 83' lang='grc' dir='ltr'>καταπιμπρᾷν·</span> <span class='ocrx_word' id='word_1_201' title='bbox 1266 2829 1464 2892; x_wconf 59' lang='grc' dir='ltr'>αὐτοῦς</span> <span class='ocrx_word' id='word_1_202' title='bbox 1525 2829 1582 2883; x_wconf 73' lang='grc' dir='ltr'>δὲ</span> <span class='ocrx_word' id='word_1_203' title='bbox 1630 2831 1698 2883; x_wconf 84' lang='grc' dir='ltr'>τὰ</span> <span class='ocrx_word' id='word_1_204' title='bbox 1727 2833 1871 2885; x_wconf 75' lang='grc' dir='ltr'>ὅπλα</span> 
     </span>
    </p>
   </div>
   <div class='ocr_carea' id='block_1_31' title="bbox 294 2906 1871 2985">
    <p class='ocr_par' dir='ltr' id='par_1_31' title="bbox 294 2906 1871 2985">
     <span class='ocr_line' id='line_1_31' title="bbox 294 2906 1871 2985; baseline 0.008 -25"><span class='ocrx_word' id='word_1_205' title='bbox 294 2906 523 2977; x_wconf 61' lang='grc' dir='ltr'>ἔχοντας</span> <span class='ocrx_word' id='word_1_206' title='bbox 547 2909 684 2961; x_wconf 80' lang='grc' dir='ltr'>ἰέναι</span> <span class='ocrx_word' id='word_1_207' title='bbox 718 2910 804 2963; x_wconf 65' lang='grc' dir='ltr'><strong>διὰ</strong></span> <span class='ocrx_word' id='word_1_208' title='bbox 837 2912 933 2979; x_wconf 83' lang='grc' dir='ltr'>τῆς</span> <span class='ocrx_word' id='word_1_209' title='bbox 972 2914 1205 2982; x_wconf 67' lang='grc' dir='ltr'>ἠπείρου</span> <span class='ocrx_word' id='word_1_210' title='bbox 1238 2916 1375 2983; x_wconf 57' lang='grc' dir='ltr'>πρὲς</span> <span class='ocrx_word' id='word_1_211' title='bbox 1412 2916 1661 2985; x_wconf 82' lang='grc' dir='ltr'>βασιλέα.</span> <span class='ocrx_word' id='word_1_212' title='bbox 1700 2919 1871 2973; x_wconf 72' lang='grc' dir='ltr'>Τοῦτο</span> 
     </span>
    </p>
   </div>
   <div class='ocr_carea' id='block_1_32' title="bbox 296 2997 1869 3081">
    <p class='ocr_par' dir='ltr' id='par_1_32' title="bbox 296 2997 1869 3081">
     <span class='ocr_line' id='line_1_32' title="bbox 296 2997 1869 3081; baseline 0.008 -31"><span class='ocrx_word' id='word_1_213' title='bbox 296 2998 403 3066; x_wconf 82' lang='grc' dir='ltr'><strong>γὰρ</strong></span> <span class='ocrx_word' id='word_1_214' title='bbox 437 2997 631 3067; x_wconf 72' lang='grc' dir='ltr'>ἐκείνῳ</span> <span class='ocrx_word' id='word_1_215' title='bbox 658 3016 718 3051; x_wconf 85' lang='grc' dir='ltr'><strong>τε</strong></span> <span class='ocrx_word' id='word_1_216' title='bbox 746 3003 993 3072; x_wconf 84' lang='grc' dir='ltr'>μεγάλην</span> <span class='ocrx_word' id='word_1_217' title='bbox 1017 3004 1156 3055; x_wconf 76' lang='grc' dir='ltr'>οἴσει</span> <span class='ocrx_word' id='word_1_218' title='bbox 1180 3006 1277 3075; x_wconf 79' lang='grc' dir='ltr'>τὴν</span> <span class='ocrx_word' id='word_1_219' title='bbox 1300 3006 1593 3073; x_wconf 63' lang='grc' dir='ltr'>ὠφέλειαν,</span> <span class='ocrx_word' id='word_1_220' title='bbox 1616 3011 1710 3063; x_wconf 83' lang='grc' dir='ltr'>καὶ</span> <span class='ocrx_word' id='word_1_221' title='bbox 1734 3013 1869 3081; x_wconf 77' lang='grc' dir='ltr'>ἡμῖν</span> 
     </span>
    </p>
   </div>
   <div class='ocr_carea' id='block_1_33' title="bbox 293 3090 1869 3171">
    <p class='ocr_par' dir='ltr' id='par_1_33' title="bbox 293 3090 1869 3171">
     <span class='ocr_line' id='line_1_33' title="bbox 293 3090 1869 3171; baseline 0.008 -28"><span class='ocrx_word' id='word_1_222' title='bbox 293 3091 395 3161; x_wconf 77' lang='grc' dir='ltr'>τὴν</span> <span class='ocrx_word' id='word_1_223' title='bbox 421 3090 670 3155; x_wconf 80' lang='grc' dir='ltr'>εὐδοξίαν</span> <span class='ocrx_word' id='word_1_224' title='bbox 689 3094 747 3144; x_wconf 89' lang='grc' dir='ltr'><strong>ού</strong></span> <span class='ocrx_word' id='word_1_225' title='bbox 769 3096 996 3163; x_wconf 78' lang='grc' dir='ltr'>μικράν.</span> <span class='ocrx_word' id='word_1_226' title='bbox 1026 3096 1098 3147; x_wconf 75' lang='grc' dir='ltr'><strong>Οὐ</strong></span> <span class='ocrx_word' id='word_1_227' title='bbox 1132 3097 1237 3167; x_wconf 80' lang='grc' dir='ltr'><strong>χρὴ</strong></span> <span class='ocrx_word' id='word_1_228' title='bbox 1263 3099 1318 3152; x_wconf 83' lang='grc' dir='ltr'>δὲ</span> <span class='ocrx_word' id='word_1_229' title='bbox 1340 3100 1406 3151; x_wconf 90' lang='grc' dir='ltr'><strong>τά</strong></span> <span class='ocrx_word' id='word_1_230' title='bbox 1426 3102 1483 3152; x_wconf 83' lang='grc' dir='ltr'>ὲν</span> <span class='ocrx_word' id='word_1_231' title='bbox 1513 3104 1661 3171; x_wconf 78' lang='grc' dir='ltr'>μέσῳ</span> <span class='ocrx_word' id='word_1_232' title='bbox 1687 3105 1869 3156; x_wconf 83' lang='grc' dir='ltr'>σκῶλα</span> 
     </span>
    </p>
   </div>
   <div class='ocr_carea' id='block_1_34' title="bbox 1967 608 3542 680">
    <p class='ocr_par' dir='ltr' id='par_1_34' title="bbox 1967 608 3542 680">
     <span class='ocr_line' id='line_1_34' title="bbox 1967 608 3542 680; baseline 0.003 -20"><span class='ocrx_word' id='word_1_233' title='bbox 1967 608 2129 661; x_wconf 83' lang='lat' dir='ltr'><strong>aliain</strong></span> <span class='ocrx_word' id='word_1_234' title='bbox 2164 608 2560 664; x_wconf 95' lang='lat' dir='ltr'><strong>demonstrabo</strong></span> <span class='ocrx_word' id='word_1_235' title='bbox 2591 611 2758 671; x_wconf 87' lang='lat' dir='ltr'><strong>viam,</strong></span> <span class='ocrx_word' id='word_1_236' title='bbox 2786 626 2908 680; x_wconf 56' lang='lat' dir='ltr'><strong>qua!</strong></span> <span class='ocrx_word' id='word_1_237' title='bbox 2954 623 3080 663; x_wconf 93' lang='lat' dir='ltr'><strong>eum</strong></span> <span class='ocrx_word' id='word_1_238' title='bbox 3132 623 3302 677; x_wconf 87' lang='lat' dir='ltr'><strong>parvo</strong></span> <span class='ocrx_word' id='word_1_239' title='bbox 3354 609 3542 663; x_wconf 84' lang='lat' dir='ltr'><strong>labore</strong></span> 
     </span>
    </p>
   </div>
   <div class='ocr_carea' id='block_1_35' title="bbox 1967 700 3601 769">
    <p class='ocr_par' dir='ltr' id='par_1_35' title="bbox 1967 700 3601 769">
     <span class='ocr_line' id='line_1_35' title="bbox 1967 700 3601 769; baseline -0.003 -15"><span class='ocrx_word' id='word_1_240' title='bbox 1967 714 2236 754; x_wconf 86' lang='lat' dir='ltr'><strong>summam</strong></span> <span class='ocrx_word' id='word_1_241' title='bbox 2302 700 2541 754; x_wconf 84' lang='lat' dir='ltr'><strong>nominis</strong></span> <span class='ocrx_word' id='word_1_242' title='bbox 2620 701 2993 755; x_wconf 73' lang='lat' dir='ltr'><strong>celebritatem</strong></span> <span class='ocrx_word' id='word_1_243' title='bbox 3082 700 3601 769; x_wconf 86' lang='lat' dir='ltr'><strong>splendoremque.</strong></span> 
     </span>
    </p>
   </div>
   <div class='ocr_carea' id='block_1_36' title="bbox 1967 789 3542 861">
    <p class='ocr_par' dir='ltr' id='par_1_36' title="bbox 1967 789 3542 861">
     <span class='ocr_line' id='line_1_36' title="bbox 1967 789 3542 861; baseline 0 -14"><span class='ocrx_word' id='word_1_244' title='bbox 1967 792 2238 847; x_wconf 72' lang='lat' dir='ltr'><strong>continet.</strong></span> <span class='ocrx_word' id='word_1_245' title='bbox 2290 789 2478 845; x_wconf 85' lang='lat' dir='ltr'><strong>Trium</strong></span> <span class='ocrx_word' id='word_1_246' title='bbox 2542 808 2780 861; x_wconf 86' lang='lat' dir='ltr'><strong>namque</strong></span> <span class='ocrx_word' id='word_1_247' title='bbox 2843 795 3110 847; x_wconf 87' lang='lat' dir='ltr'><strong>virtutum</strong></span> <span class='ocrx_word' id='word_1_248' title='bbox 3180 796 3542 847; x_wconf 84' lang='lat' dir='ltr'><strong>maximarum</strong></span> 
     </span>
    </p>
   </div>
   <div class='ocr_carea' id='block_1_37' title="bbox 1968 881 3545 955">
    <p class='ocr_par' dir='ltr' id='par_1_37' title="bbox 1968 881 3545 955">
     <span class='ocr_line' id='line_1_37' title="bbox 1968 881 3545 955; baseline -0.001 -18"><span class='ocrx_word' id='word_1_249' title='bbox 1968 881 2298 937; x_wconf 88' lang='lat' dir='ltr'><strong>documenta</strong></span> <span class='ocrx_word' id='word_1_250' title='bbox 2340 883 2496 937; x_wconf 89' lang='lat' dir='ltr'><strong>nobis</strong></span> <span class='ocrx_word' id='word_1_251' title='bbox 2538 883 2702 937; x_wconf 87' lang='lat' dir='ltr'><strong>edere</strong></span> <span class='ocrx_word' id='word_1_252' title='bbox 2747 884 2953 945; x_wconf 82' lang='lat' dir='ltr'><strong>licebit,</strong></span> <span class='ocrx_word' id='word_1_253' title='bbox 2985 885 3345 945; x_wconf 83' lang='lat' dir='ltr'><strong>fortitudinis,</strong></span> <span class='ocrx_word' id='word_1_254' title='bbox 3379 887 3545 955; x_wconf 85' lang='lat' dir='ltr'><strong>justi-</strong></span> 
     </span>
    </p>
   </div>
   <div class='ocr_carea' id='block_1_38' title="bbox 1970 977 3546 1046">
    <p class='ocr_par' dir='ltr' id='par_1_38' title="bbox 1970 977 3546 1046">
     <span class='ocr_line' id='line_1_38' title="bbox 1970 977 3546 1046; baseline 0.001 -16"><span class='ocrx_word' id='word_1_255' title='bbox 1970 977 2061 1032; x_wconf 69' lang='lat' dir='ltr'><strong>tiae</strong></span> <span class='ocrx_word' id='word_1_256' title='bbox 2115 987 2279 1046; x_wconf 87' lang='lat' dir='ltr'><strong>atque</strong></span> <span class='ocrx_word' id='word_1_257' title='bbox 2317 978 2640 1045; x_wconf 68' lang='lat' dir='ltr'><strong>prudentiae.</strong></span> <span class='ocrx_word' id='word_1_258' title='bbox 2676 978 2810 1031; x_wconf 86' lang='lat' dir='ltr'><strong>Nam</strong></span> <span class='ocrx_word' id='word_1_259' title='bbox 2845 995 2875 1032; x_wconf 86' lang='lat' dir='ltr'><strong>a</strong></span> <span class='ocrx_word' id='word_1_260' title='bbox 2910 981 3088 1033; x_wconf 88' lang='lat' dir='ltr'><strong>ventis</strong></span> <span class='ocrx_word' id='word_1_261' title='bbox 3114 990 3168 1033; x_wconf 90' lang='lat' dir='ltr'><strong>et</strong></span> <span class='ocrx_word' id='word_1_262' title='bbox 3200 982 3334 1034; x_wconf 87' lang='lat' dir='ltr'><strong>mari</strong></span> <span class='ocrx_word' id='word_1_263' title='bbox 3374 982 3546 1033; x_wconf 81' lang='lat' dir='ltr'><strong>inter-</strong></span> 
     </span>
    </p>
   </div>
   <div class='ocr_carea' id='block_1_39' title="bbox 1970 1068 3547 1139">
    <p class='ocr_par' dir='ltr' id='par_1_39' title="bbox 1970 1068 3547 1139">
     <span class='ocr_line' id='line_1_39' title="bbox 1970 1068 3547 1139; baseline -0.001 -16"><span class='ocrx_word' id='word_1_264' title='bbox 1970 1068 2155 1123; x_wconf 84' lang='lat' dir='ltr'><strong>clusos</strong></span> <span class='ocrx_word' id='word_1_265' title='bbox 2220 1069 2365 1122; x_wconf 82' lang='lat' dir='ltr'><strong>aliud</strong></span> <span class='ocrx_word' id='word_1_266' title='bbox 2411 1070 2514 1124; x_wconf 88' lang='lat' dir='ltr'><strong>iter</strong></span> <span class='ocrx_word' id='word_1_267' title='bbox 2562 1070 2860 1134; x_wconf 83' lang='lat' dir='ltr'><strong>invenisse,</strong></span> <span class='ocrx_word' id='word_1_268' title='bbox 2892 1085 3001 1139; x_wconf 88' lang='lat' dir='ltr'><strong>quo</strong></span> <span class='ocrx_word' id='word_1_269' title='bbox 3046 1070 3113 1123; x_wconf 90' lang='lat' dir='ltr'><strong>ad</strong></span> <span class='ocrx_word' id='word_1_270' title='bbox 3168 1071 3327 1124; x_wconf 80' lang='lat' dir='ltr'><strong>linem</strong></span> <span class='ocrx_word' id='word_1_271' title='bbox 3386 1071 3547 1125; x_wconf 71' lang='lat' dir='ltr'><strong>nobis</strong></span> 
     </span>
    </p>
   </div>
   <div class='ocr_carea' id='block_1_40' title="bbox 1972 1163 3545 1233">
    <p class='ocr_par' dir='ltr' id='par_1_40' title="bbox 1972 1163 3545 1233">
     <span class='ocr_line' id='line_1_40' title="bbox 1972 1163 3545 1233; baseline -0.001 -19"><span class='ocrx_word' id='word_1_272' title='bbox 1972 1163 2313 1231; x_wconf 89' lang='lat' dir='ltr'><strong>propositum</strong></span> <span class='ocrx_word' id='word_1_273' title='bbox 2364 1165 2768 1231; x_wconf 85' lang='lat' dir='ltr'><strong>perveniamus,</strong></span> <span class='ocrx_word' id='word_1_274' title='bbox 2811 1164 3117 1232; x_wconf 67' lang='lat' dir='ltr'><strong>Prudentia:</strong></span> <span class='ocrx_word' id='word_1_275' title='bbox 3161 1166 3372 1232; x_wconf 86' lang='lat' dir='ltr'><strong>Optimo</strong></span> <span class='ocrx_word' id='word_1_276' title='bbox 3421 1166 3545 1233; x_wconf 88' lang='lat' dir='ltr'><strong>jure</strong></span> 
     </span>
    </p>
   </div>
   <div class='ocr_carea' id='block_1_41' title="bbox 1971 1253 3548 1325">
    <p class='ocr_par' dir='ltr' id='par_1_41' title="bbox 1971 1253 3548 1325">
     <span class='ocr_line' id='line_1_41' title="bbox 1971 1253 3548 1325; baseline 0 -16"><span class='ocrx_word' id='word_1_277' title='bbox 1971 1253 2299 1309; x_wconf 88' lang='lat' dir='ltr'><strong>ascribatur.</strong></span> <span class='ocrx_word' id='word_1_278' title='bbox 2328 1254 2563 1308; x_wconf 70' lang='lat' dir='ltr'><strong>Justitia:</strong></span> <span class='ocrx_word' id='word_1_279' title='bbox 2595 1265 2801 1313; x_wconf 89' lang='lat' dir='ltr'><strong>autem.</strong></span> <span class='ocrx_word' id='word_1_280' title='bbox 2835 1272 2921 1309; x_wconf 86' lang='lat' dir='ltr'><strong>res</strong></span> <span class='ocrx_word' id='word_1_281' title='bbox 2976 1272 3169 1311; x_wconf 90' lang='lat' dir='ltr'><strong>omnes</strong></span> <span class='ocrx_word' id='word_1_282' title='bbox 3219 1272 3331 1325; x_wconf 75' lang='lat' dir='ltr'><strong>pra:</strong></span> <span class='ocrx_word' id='word_1_283' title='bbox 3367 1258 3548 1309; x_wconf 79' lang='lat' dir='ltr'><strong>salute</strong></span> 
     </span>
    </p>
   </div>
   <div class='ocr_carea' id='block_1_42' title="bbox 1972 1346 3549 1416">
    <p class='ocr_par' dir='ltr' id='par_1_42' title="bbox 1972 1346 3549 1416">
     <span class='ocr_line' id='line_1_42' title="bbox 1972 1346 3549 1416; baseline 0.001 -15"><span class='ocrx_word' id='word_1_284' title='bbox 1972 1348 2131 1401; x_wconf 82' lang='lat' dir='ltr'><strong>amici</strong></span> <span class='ocrx_word' id='word_1_285' title='bbox 2163 1348 2560 1414; x_wconf 84' lang='lat' dir='ltr'><strong>contempsisse</strong></span> <span class='ocrx_word' id='word_1_286' title='bbox 2589 1363 2604 1408; x_wconf 82' lang='lat'><strong>;</strong></span> <span class='ocrx_word' id='word_1_287' title='bbox 2643 1346 2973 1413; x_wconf 81' lang='lat' dir='ltr'><strong>fortitudini,</strong></span> <span class='ocrx_word' id='word_1_288' title='bbox 3007 1349 3152 1416; x_wconf 88' lang='lat' dir='ltr'><strong>quod</strong></span> <span class='ocrx_word' id='word_1_289' title='bbox 3188 1364 3286 1402; x_wconf 88' lang='lat' dir='ltr'><strong>nec</strong></span> <span class='ocrx_word' id='word_1_290' title='bbox 3332 1349 3549 1402; x_wconf 81' lang='lat' dir='ltr'><strong>itineris</strong></span> 
     </span>
    </p>
   </div>
   <div class='ocr_carea' id='block_1_43' title="bbox 1972 1424 3553 1510">
    <p class='ocr_par' dir='ltr' id='par_1_43' title="bbox 1972 1439 3553 1510">
     <span class='ocr_line' id='line_1_43' title="bbox 1972 1439 3553 1510; baseline -0.002 -14"><span class='ocrx_word' id='word_1_291' title='bbox 1972 1443 2114 1510; x_wconf 76' lang='lat' dir='ltr'><strong>longi</strong></span> <span class='ocrx_word' id='word_1_292' title='bbox 2164 1441 2416 1494; x_wconf 79' lang='lat' dir='ltr'><strong>molestia</strong></span> <span class='ocrx_word' id='word_1_293' title='bbox 2462 1456 2524 1493; x_wconf 87' lang='lat' dir='ltr'><strong>ac</strong></span> <span class='ocrx_word' id='word_1_294' title='bbox 2576 1439 2988 1509; x_wconf 65' lang='lat' dir='ltr'><strong>defatigatione,</strong></span> <span class='ocrx_word' id='word_1_295' title='bbox 3024 1456 3125 1494; x_wconf 86' lang='lat' dir='ltr'><strong>nec</strong></span> <span class='ocrx_word' id='word_1_296' title='bbox 3172 1444 3404 1495; x_wconf 89' lang='lat' dir='ltr'><strong>transitu</strong></span> <span class='ocrx_word' id='word_1_297' title='bbox 3453 1458 3553 1510; x_wconf 88' lang='lat' dir='ltr'><strong>per</strong></span> 
     </span>
    </p>
   </div>
   <div class='ocr_carea' id='block_1_44' title="bbox 1972 1531 3550 1602">
    <p class='ocr_par' dir='ltr' id='par_1_44' title="bbox 1972 1531 3550 1602">
     <span class='ocr_line' id='line_1_44' title="bbox 1972 1531 3550 1602; baseline -0.001 -15"><span class='ocrx_word' id='word_1_298' title='bbox 1972 1536 2172 1587; x_wconf 91' lang='lat' dir='ltr'><strong>multas</strong></span> <span class='ocrx_word' id='word_1_299' title='bbox 2217 1542 2426 1602; x_wconf 76' lang='lat' dir='ltr'><strong>gentes,</strong></span> <span class='ocrx_word' id='word_1_300' title='bbox 2456 1548 2577 1599; x_wconf 61' lang='lat' dir='ltr'><strong>quae</strong></span> <span class='ocrx_word' id='word_1_301' title='bbox 2616 1531 2777 1585; x_wconf 90' lang='lat' dir='ltr'><strong>nobis</strong></span> <span class='ocrx_word' id='word_1_302' title='bbox 2830 1546 2887 1584; x_wconf 85' lang='lat' dir='ltr'><strong>se</strong></span> <span class='ocrx_word' id='word_1_303' title='bbox 2951 1546 3287 1601; x_wconf 68' lang='lat' dir='ltr'><strong>Opposutura:</strong></span> <span class='ocrx_word' id='word_1_304' title='bbox 3339 1546 3550 1597; x_wconf 86' lang='lat' dir='ltr'><strong>essent,</strong></span> 
     </span>
    </p>
   </div>
   <div class='ocr_carea' id='block_1_45' title="bbox 1969 1620 3552 1698">
    <p class='ocr_par' dir='ltr' id='par_1_45' title="bbox 1969 1620 3552 1698">
     <span class='ocr_line' id='line_1_45' title="bbox 1969 1620 3552 1698; baseline -0.001 -21"><span class='ocrx_word' id='word_1_305' title='bbox 1969 1624 2205 1694; x_wconf 82' lang='lat' dir='ltr'><strong>perculsi</strong></span> <span class='ocrx_word' id='word_1_306' title='bbox 2242 1634 2403 1689; x_wconf 87' lang='lat' dir='ltr'><strong>atque</strong></span> <span class='ocrx_word' id='word_1_307' title='bbox 2434 1623 2793 1698; x_wconf 63' lang='lat' dir='ltr'><strong>consternati,</strong></span> <span class='ocrx_word' id='word_1_308' title='bbox 2833 1637 2858 1673; x_wconf 86' lang='lat' dir='ltr'><strong>a</strong></span> <span class='ocrx_word' id='word_1_309' title='bbox 2899 1632 3047 1674; x_wconf 88' lang='lat' dir='ltr'><strong>recto</strong></span> <span class='ocrx_word' id='word_1_310' title='bbox 3079 1622 3295 1674; x_wconf 85' lang='lat' dir='ltr'><strong>tramite</strong></span> <span class='ocrx_word' id='word_1_311' title='bbox 3344 1620 3552 1675; x_wconf 83' lang='lat' dir='ltr'><strong>oﬂieio-</strong></span> 
     </span>
    </p>
   </div>
   <div class='ocr_carea' id='block_1_46' title="bbox 1972 1710 3545 1781">
    <p class='ocr_par' dir='ltr' id='par_1_46' title="bbox 1972 1710 3545 1781">
     <span class='ocr_line' id='line_1_46' title="bbox 1972 1710 3545 1781; baseline -0.001 -16"><span class='ocrx_word' id='word_1_312' title='bbox 1972 1728 2078 1781; x_wconf 91' lang='lat' dir='ltr'><strong>que</strong></span> <span class='ocrx_word' id='word_1_313' title='bbox 2102 1711 2499 1764; x_wconf 67' lang='lat' dir='ltr'><strong>delleXerimus.</strong></span> <span class='ocrx_word' id='word_1_314' title='bbox 2531 1710 2670 1775; x_wconf 83' lang='lat' dir='ltr'><strong>Quid</strong></span> <span class='ocrx_word' id='word_1_315' title='bbox 2703 1711 2869 1779; x_wconf 77' lang='lat' dir='ltr'><strong>igitur</strong></span> <span class='ocrx_word' id='word_1_316' title='bbox 2901 1711 2996 1763; x_wconf 89' lang='lat' dir='ltr'><strong>tiln</strong></span> <span class='ocrx_word' id='word_1_317' title='bbox 3033 1713 3116 1763; x_wconf 86' lang='lat' dir='ltr'><strong>vis</strong></span> <span class='ocrx_word' id='word_1_318' title='bbox 3141 1714 3162 1762; x_wconf 89' lang='lat'><strong>‘?</strong></span> <span class='ocrx_word' id='word_1_319' title='bbox 3191 1713 3339 1765; x_wconf 80' lang='lat' dir='ltr'><strong>dicet</strong></span> <span class='ocrx_word' id='word_1_320' title='bbox 3388 1712 3545 1779; x_wconf 90' lang='lat' dir='ltr'><strong>quis-</strong></span> 
     </span>
    </p>
   </div>
   <div class='ocr_carea' id='block_1_47' title="bbox 1900 1803 3551 1908">
    <p class='ocr_par' dir='ltr' id='par_1_47' title="bbox 1900 1803 3551 1908">
     <span class='ocr_line' id='line_1_47' title="bbox 1900 1803 3551 1908; baseline -0.001 -49"><span class='ocrx_word' id='word_1_321' title='bbox 1900 1853 1942 1908; x_wconf 74' lang='grc' dir='ltr'><strong>Β</strong></span> <span class='ocrx_word' id='word_1_322' title='bbox 1974 1805 2145 1873; x_wconf 86' lang='lat' dir='ltr'><strong>piam.</strong></span> <span class='ocrx_word' id='word_1_323' title='bbox 2223 1804 2288 1859; x_wconf 89' lang='lat' dir='ltr'><strong>Ut</strong></span> <span class='ocrx_word' id='word_1_324' title='bbox 2336 1804 2595 1871; x_wconf 90' lang='lat' dir='ltr'><strong>quoniam</strong></span> <span class='ocrx_word' id='word_1_325' title='bbox 2648 1803 2699 1855; x_wconf 89' lang='lat' dir='ltr'><strong>in</strong></span> <span class='ocrx_word' id='word_1_326' title='bbox 2757 1818 2883 1855; x_wconf 88' lang='lat' dir='ltr'><strong>oras</strong></span> <span class='ocrx_word' id='word_1_327' title='bbox 2935 1803 3265 1857; x_wconf 67' lang='lat' dir='ltr'><strong>Macedoniae</strong></span> <span class='ocrx_word' id='word_1_328' title='bbox 3317 1805 3551 1858; x_wconf 76' lang='lat' dir='ltr'><strong>navibus</strong></span> 
     </span>
    </p>
   </div>
   <div class='ocr_carea' id='block_1_48' title="bbox 1975 1897 3552 1967">
    <p class='ocr_par' dir='ltr' id='par_1_48' title="bbox 1975 1897 3552 1967">
     <span class='ocr_line' id='line_1_48' title="bbox 1975 1897 3552 1967; baseline 0 -14"><span class='ocrx_word' id='word_1_329' title='bbox 1975 1897 2175 1953; x_wconf 80' lang='lat' dir='ltr'><strong>deferri</strong></span> <span class='ocrx_word' id='word_1_330' title='bbox 2210 1914 2317 1951; x_wconf 91' lang='lat' dir='ltr'><strong>nou</strong></span> <span class='ocrx_word' id='word_1_331' title='bbox 2372 1913 2683 1966; x_wconf 86' lang='lat' dir='ltr'><strong>possumus,</strong></span> <span class='ocrx_word' id='word_1_332' title='bbox 2733 1912 2827 1951; x_wconf 89' lang='lat' dir='ltr'><strong>eas</strong></span> <span class='ocrx_word' id='word_1_333' title='bbox 2880 1898 2968 1951; x_wconf 92' lang='lat' dir='ltr'><strong>hic</strong></span> <span class='ocrx_word' id='word_1_334' title='bbox 3014 1908 3272 1967; x_wconf 91' lang='lat' dir='ltr'><strong>tanquam</strong></span> <span class='ocrx_word' id='word_1_335' title='bbox 3326 1898 3552 1953; x_wconf 87' lang='lat' dir='ltr'><strong>inutiles</strong></span> 
     </span>
    </p>
   </div>
   <div class='ocr_carea' id='block_1_49' title="bbox 1974 1993 3549 2062">
    <p class='ocr_par' dir='ltr' id='par_1_49' title="bbox 1974 1993 3549 2062">
     <span class='ocr_line' id='line_1_49' title="bbox 1974 1993 3549 2062; baseline -0.003 -12"><span class='ocrx_word' id='word_1_336' title='bbox 1974 2008 2411 2056; x_wconf 80' lang='lat' dir='ltr'><strong>concrementus,</strong></span> <span class='ocrx_word' id='word_1_337' title='bbox 2450 1993 2550 2062; x_wconf 86' lang='lat' dir='ltr'><strong>ipsi</strong></span> <span class='ocrx_word' id='word_1_338' title='bbox 2584 2007 2708 2047; x_wconf 90' lang='lat' dir='ltr'><strong>eum</strong></span> <span class='ocrx_word' id='word_1_339' title='bbox 2742 1993 2911 2047; x_wconf 90' lang='lat' dir='ltr'><strong>armis</strong></span> <span class='ocrx_word' id='word_1_340' title='bbox 2946 2008 3044 2061; x_wconf 90' lang='lat' dir='ltr'><strong>per</strong></span> <span class='ocrx_word' id='word_1_341' title='bbox 3074 1994 3446 2048; x_wconf 90' lang='lat' dir='ltr'><strong>continentem</strong></span> <span class='ocrx_word' id='word_1_342' title='bbox 3485 1993 3549 2045; x_wconf 89' lang='lat' dir='ltr'><strong>ad</strong></span> 
     </span>
    </p>
   </div>
   <div class='ocr_carea' id='block_1_50' title="bbox 1975 2085 3553 2157">
    <p class='ocr_par' dir='ltr' id='par_1_50' title="bbox 1975 2085 3553 2157">
     <span class='ocr_line' id='line_1_50' title="bbox 1975 2085 3553 2157; baseline -0.002 -15"><span class='ocrx_word' id='word_1_343' title='bbox 1975 2088 2360 2157; x_wconf 87' lang='lat' dir='ltr'><strong>imperatorem</strong></span> <span class='ocrx_word' id='word_1_344' title='bbox 2412 2087 2751 2154; x_wconf 76' lang='lat' dir='ltr'><strong>gradiamur,</strong></span> <span class='ocrx_word' id='word_1_345' title='bbox 2787 2086 2933 2155; x_wconf 89' lang='lat' dir='ltr'><strong>quod</strong></span> <span class='ocrx_word' id='word_1_346' title='bbox 2966 2085 3042 2140; x_wconf 89' lang='lat' dir='ltr'><strong>illi</strong></span> <span class='ocrx_word' id='word_1_347' title='bbox 3097 2102 3361 2155; x_wconf 77' lang='lat' dir='ltr'><strong>perquam</strong></span> <span class='ocrx_word' id='word_1_348' title='bbox 3435 2086 3553 2140; x_wconf 85' lang='lat' dir='ltr'><strong>l&#39;ru-</strong></span> 
     </span>
    </p>
   </div>
   <div class='ocr_carea' id='block_1_51' title="bbox 1974 2179 3557 2251">
    <p class='ocr_par' dir='ltr' id='par_1_51' title="bbox 1974 2179 3557 2251">
     <span class='ocr_line' id='line_1_51' title="bbox 1974 2179 3557 2251; baseline 0 -16"><span class='ocrx_word' id='word_1_349' title='bbox 1974 2190 2249 2238; x_wconf 90' lang='lat' dir='ltr'><strong>ctuosum.</strong></span> <span class='ocrx_word' id='word_1_350' title='bbox 2284 2179 2442 2235; x_wconf 89' lang='lat' dir='ltr'><strong>nobis</strong></span> <span class='ocrx_word' id='word_1_351' title='bbox 2476 2195 2605 2235; x_wconf 88' lang='lat' dir='ltr'><strong>vero</strong></span> <span class='ocrx_word' id='word_1_352' title='bbox 2653 2181 2948 2251; x_wconf 77' lang='lat' dir='ltr'><strong>gloriosum</strong></span> <span class='ocrx_word' id='word_1_353' title='bbox 2991 2181 3274 2236; x_wconf 85' lang='lat' dir='ltr'><strong>acciderit.</strong></span> <span class='ocrx_word' id='word_1_354' title='bbox 3313 2181 3423 2237; x_wconf 79' lang='lat' dir='ltr'><strong>Nec</strong></span> <span class='ocrx_word' id='word_1_355' title='bbox 3455 2183 3557 2235; x_wconf 88' lang='lat' dir='ltr'><strong>im-</strong></span> 
     </span>
    </p>
   </div>
   <div class='ocr_carea' id='block_1_52' title="bbox 1974 2271 3556 2341">
    <p class='ocr_par' dir='ltr' id='par_1_52' title="bbox 1974 2271 3556 2341">
     <span class='ocr_line' id='line_1_52' title="bbox 1974 2271 3556 2341; baseline 0.002 -16"><span class='ocrx_word' id='word_1_356' title='bbox 1974 2271 2288 2341; x_wconf 80' lang='lat' dir='ltr'><strong>pedimenta</strong></span> <span class='ocrx_word' id='word_1_357' title='bbox 2344 2279 2400 2325; x_wconf 90' lang='lat' dir='ltr'><strong>et</strong></span> <span class='ocrx_word' id='word_1_358' title='bbox 2453 2271 2783 2325; x_wconf 82' lang='lat' dir='ltr'><strong>ollendieula</strong></span> <span class='ocrx_word' id='word_1_359' title='bbox 2846 2273 2897 2325; x_wconf 91' lang='lat' dir='ltr'><strong>in</strong></span> <span class='ocrx_word' id='word_1_360' title='bbox 2966 2273 3147 2327; x_wconf 71' lang='lat' dir='ltr'><strong>tuealio</strong></span> <span class='ocrx_word' id='word_1_361' title='bbox 3203 2274 3556 2328; x_wconf 65' lang='lat' dir='ltr'><strong>occurrentia.</strong></span> 
     </span>
    </p>
   </div>
   <div class='ocr_carea' id='block_1_53' title="bbox 1974 2363 3555 2434">
    <p class='ocr_par' dir='ltr' id='par_1_53' title="bbox 1974 2363 3555 2434">
     <span class='ocr_line' id='line_1_53' title="bbox 1974 2363 3555 2434; baseline 0 -19"><span class='ocrx_word' id='word_1_362' title='bbox 1974 2363 2397 2433; x_wconf 78' lang='lat' dir='ltr'><strong>perpendentes,</strong></span> <span class='ocrx_word' id='word_1_363' title='bbox 2441 2364 2509 2417; x_wconf 86' lang='lat' dir='ltr'><strong>ab</strong></span> <span class='ocrx_word' id='word_1_364' title='bbox 2570 2363 2674 2417; x_wconf 94' lang='lat' dir='ltr'><strong>hoc</strong></span> <span class='ocrx_word' id='word_1_365' title='bbox 2730 2363 2921 2419; x_wconf 91' lang='lat' dir='ltr'><strong>labore</strong></span> <span class='ocrx_word' id='word_1_366' title='bbox 2983 2365 3251 2419; x_wconf 67' lang='lat' dir='ltr'><strong>deterreri</strong></span> <span class='ocrx_word' id='word_1_367' title='bbox 3309 2375 3555 2434; x_wconf 84' lang='lat' dir='ltr'><strong>oportet;</strong></span> 
     </span>
    </p>
   </div>
   <div class='ocr_carea' id='block_1_54' title="bbox 1976 2456 3551 2526">
    <p class='ocr_par' dir='ltr' id='par_1_54' title="bbox 1976 2456 3551 2526">
     <span class='ocr_line' id='line_1_54' title="bbox 1976 2456 3551 2526; baseline 0.004 -19"><span class='ocrx_word' id='word_1_368' title='bbox 1976 2458 2099 2526; x_wconf 83' lang='lat' dir='ltr'><strong>quis</strong></span> <span class='ocrx_word' id='word_1_369' title='bbox 2148 2456 2293 2510; x_wconf 90' lang='lat' dir='ltr'><strong>enim</strong></span> <span class='ocrx_word' id='word_1_370' title='bbox 2330 2472 2566 2525; x_wconf 88' lang='lat' dir='ltr'><strong>unquam</strong></span> <span class='ocrx_word' id='word_1_371' title='bbox 2614 2457 2886 2511; x_wconf 79' lang='lat' dir='ltr'><strong>recubans</strong></span> <span class='ocrx_word' id='word_1_372' title='bbox 2916 2459 3166 2526; x_wconf 87' lang='lat' dir='ltr'><strong>supinus,</strong></span> <span class='ocrx_word' id='word_1_373' title='bbox 3194 2470 3248 2512; x_wconf 91' lang='lat' dir='ltr'><strong>et</strong></span> <span class='ocrx_word' id='word_1_374' title='bbox 3289 2469 3551 2521; x_wconf 82' lang='lat' dir='ltr'><strong>stertens.</strong></span> 
     </span>
    </p>
   </div>
   <div class='ocr_carea' id='block_1_55' title="bbox 1975 2550 3548 2618">
    <p class='ocr_par' dir='ltr' id='par_1_55' title="bbox 1975 2550 3548 2618">
     <span class='ocr_line' id='line_1_55' title="bbox 1975 2550 3548 2618; baseline 0.001 -15"><span class='ocrx_word' id='word_1_375' title='bbox 1975 2550 2041 2603; x_wconf 90' lang='lat' dir='ltr'><strong>de</strong></span> <span class='ocrx_word' id='word_1_376' title='bbox 2086 2550 2335 2604; x_wconf 87' lang='lat' dir='ltr'><strong>hostibus</strong></span> <span class='ocrx_word' id='word_1_377' title='bbox 2383 2558 2645 2618; x_wconf 70' lang='lat' dir='ltr'><strong>tropaeum</strong></span> <span class='ocrx_word' id='word_1_378' title='bbox 2710 2552 2924 2605; x_wconf 82' lang='lat' dir='ltr'><strong>erexit?</strong></span> <span class='ocrx_word' id='word_1_379' title='bbox 2956 2554 3047 2605; x_wconf 87' lang='lat' dir='ltr'><strong>sed</strong></span> <span class='ocrx_word' id='word_1_380' title='bbox 3122 2552 3243 2606; x_wconf 89' lang='lat' dir='ltr'><strong>linis</strong></span> <span class='ocrx_word' id='word_1_381' title='bbox 3302 2553 3548 2607; x_wconf 88' lang='lat' dir='ltr'><strong>laborum</strong></span> 
     </span>
    </p>
   </div>
   <div class='ocr_carea' id='block_1_56' title="bbox 1975 2640 3555 2712">
    <p class='ocr_par' dir='ltr' id='par_1_56' title="bbox 1975 2640 3555 2712">
     <span class='ocr_line' id='line_1_56' title="bbox 1975 2640 3555 2712; baseline 0.002 -18"><span class='ocrx_word' id='word_1_382' title='bbox 1975 2651 2101 2695; x_wconf 89' lang='lat' dir='ltr'><strong>ante</strong></span> <span class='ocrx_word' id='word_1_383' title='bbox 2135 2640 2324 2694; x_wconf 87' lang='lat' dir='ltr'><strong>oculos</strong></span> <span class='ocrx_word' id='word_1_384' title='bbox 2374 2640 2663 2696; x_wconf 87' lang='lat' dir='ltr'><strong>habendus</strong></span> <span class='ocrx_word' id='word_1_385' title='bbox 2689 2652 2792 2707; x_wconf 86' lang='lat' dir='ltr'><strong>est,</strong></span> <span class='ocrx_word' id='word_1_386' title='bbox 2828 2659 2989 2711; x_wconf 85' lang='lat' dir='ltr'><strong>quem</strong></span> <span class='ocrx_word' id='word_1_387' title='bbox 3043 2644 3312 2712; x_wconf 90' lang='lat' dir='ltr'><strong>plurimus</strong></span> <span class='ocrx_word' id='word_1_388' title='bbox 3341 2654 3395 2699; x_wconf 89' lang='lat' dir='ltr'><strong>et</strong></span> <span class='ocrx_word' id='word_1_389' title='bbox 3433 2647 3555 2699; x_wconf 63' lang='lat' dir='ltr'><strong>exi-</strong></span> 
     </span>
    </p>
   </div>
   <div class='ocr_carea' id='block_1_57' title="bbox 1974 2735 3551 2809">
    <p class='ocr_par' dir='ltr' id='par_1_57' title="bbox 1974 2735 3551 2809">
     <span class='ocr_line' id='line_1_57' title="bbox 1974 2735 3551 2809; baseline 0.004 -22"><span class='ocrx_word' id='word_1_390' title='bbox 1974 2735 2119 2787; x_wconf 87' lang='lat' dir='ltr'><strong>mins</strong></span> <span class='ocrx_word' id='word_1_391' title='bbox 2168 2735 2343 2788; x_wconf 88' lang='lat' dir='ltr'><strong>honos</strong></span> <span class='ocrx_word' id='word_1_392' title='bbox 2382 2735 2759 2791; x_wconf 82' lang='lat' dir='ltr'><strong>comitabitur.</strong></span> <span class='ocrx_word' id='word_1_393' title='bbox 2817 2736 2943 2791; x_wconf 71' lang='lat' dir='ltr'><strong>llaec</strong></span> <span class='ocrx_word' id='word_1_394' title='bbox 2968 2753 3069 2807; x_wconf 82' lang='lat' dir='ltr'><strong>ego</strong></span> <span class='ocrx_word' id='word_1_395' title='bbox 3103 2739 3248 2809; x_wconf 84' lang='lat' dir='ltr'><strong>justa</strong></span> <span class='ocrx_word' id='word_1_396' title='bbox 3297 2748 3352 2793; x_wconf 93' lang='lat' dir='ltr'><strong>et</strong></span> <span class='ocrx_word' id='word_1_397' title='bbox 3398 2741 3551 2793; x_wconf 84' lang='lat' dir='ltr'><strong>utilia</strong></span> 
     </span>
    </p>
   </div>
   <div class='ocr_carea' id='block_1_58' title="bbox 1974 2819 3555 2892">
    <p class='ocr_par' dir='ltr' id='par_1_58' title="bbox 1974 2819 3555 2892">
     <span class='ocr_line' id='line_1_58' title="bbox 1974 2819 3555 2892; baseline 0.003 -16"><span class='ocrx_word' id='word_1_398' title='bbox 1974 2822 2187 2886; x_wconf 80' lang='lat' dir='ltr'><strong>censui,</strong></span> <span class='ocrx_word' id='word_1_399' title='bbox 2216 2819 2469 2891; x_wconf 78' lang='lat' dir='ltr'><strong>factoque</strong></span> <span class='ocrx_word' id='word_1_400' title='bbox 2510 2824 2629 2892; x_wconf 90' lang='lat' dir='ltr'><strong>ipso</strong></span> <span class='ocrx_word' id='word_1_401' title='bbox 2657 2838 2747 2879; x_wconf 87' lang='lat' dir='ltr'><strong>me</strong></span> <span class='ocrx_word' id='word_1_402' title='bbox 2781 2824 2979 2879; x_wconf 89' lang='lat' dir='ltr'><strong>ducem</strong></span> <span class='ocrx_word' id='word_1_403' title='bbox 3034 2836 3090 2879; x_wconf 87' lang='lat' dir='ltr'><strong>et</strong></span> <span class='ocrx_word' id='word_1_404' title='bbox 3118 2842 3399 2880; x_wconf 79' lang='lat' dir='ltr'><strong>suasorem</strong></span> <span class='ocrx_word' id='word_1_405' title='bbox 3432 2828 3555 2881; x_wconf 89' lang='lat' dir='ltr'><strong>aliis</strong></span> 
     </span>
    </p>
   </div>
   <div class='ocr_carea' id='block_1_59' title="bbox 1972 2914 3556 2989">
    <p class='ocr_par' dir='ltr' id='par_1_59' title="bbox 1972 2914 3556 2989">
     <span class='ocr_line' id='line_1_59' title="bbox 1972 2914 3556 2989; baseline 0.001 -19"><span class='ocrx_word' id='word_1_406' title='bbox 1972 2914 2265 2970; x_wconf 74' lang='lat' dir='ltr'><strong>exhibebo.</strong></span> <span class='ocrx_word' id='word_1_407' title='bbox 2299 2914 2453 2980; x_wconf 84' lang='lat' dir='ltr'><strong>Quod</strong></span> <span class='ocrx_word' id='word_1_408' title='bbox 2505 2915 2548 2970; x_wconf 84' lang='lat' dir='ltr'><strong>si</strong></span> <span class='ocrx_word' id='word_1_409' title='bbox 2606 2916 2935 2985; x_wconf 86' lang='lat' dir='ltr'><strong>quibusdam</strong></span> <span class='ocrx_word' id='word_1_410' title='bbox 2975 2927 3216 2973; x_wconf 79' lang='lat' dir='ltr'><strong>vestrum</strong></span> <span class='ocrx_word' id='word_1_411' title='bbox 3279 2920 3556 2989; x_wconf 76' lang='lat' dir='ltr'><strong>magnitu-</strong></span> 
     </span>
    </p>
   </div>
   <div class='ocr_carea' id='block_1_60' title="bbox 1974 3006 3551 3077">
    <p class='ocr_par' dir='ltr' id='par_1_60' title="bbox 1974 3006 3551 3077">
     <span class='ocr_line' id='line_1_60' title="bbox 1974 3006 3551 3077; baseline 0.003 -18"><span class='ocrx_word' id='word_1_412' title='bbox 1974 3006 2159 3059; x_wconf 91' lang='lat' dir='ltr'><strong>dinem</strong></span> <span class='ocrx_word' id='word_1_413' title='bbox 2213 3006 2463 3060; x_wconf 84' lang='lat' dir='ltr'><strong>laborum</strong></span> <span class='ocrx_word' id='word_1_414' title='bbox 2539 3007 3019 3077; x_wconf 87' lang='lat' dir='ltr'><strong>periculorumque</strong></span> <span class='ocrx_word' id='word_1_415' title='bbox 3049 3009 3551 3072; x_wconf 80' lang='lat' dir='ltr'><strong>considerantibus.</strong></span> 
     </span>
    </p>
   </div>
   <div class='ocr_carea' id='block_1_61' title="bbox 1974 3099 3555 3171">
    <p class='ocr_par' dir='ltr' id='par_1_61' title="bbox 1974 3099 3555 3171">
     <span class='ocr_line' id='line_1_61' title="bbox 1974 3099 3555 3171; baseline 0.001 -17"><span class='ocrx_word' id='word_1_416' title='bbox 1974 3100 2197 3154; x_wconf 90' lang='lat' dir='ltr'><strong>minime</strong></span> <span class='ocrx_word' id='word_1_417' title='bbox 2226 3099 2366 3151; x_wconf 91' lang='lat' dir='ltr'><strong>istnc</strong></span> <span class='ocrx_word' id='word_1_418' title='bbox 2408 3099 2840 3169; x_wconf 65' lang='lat' dir='ltr'><strong>aggrediundum</strong></span> <span class='ocrx_word' id='word_1_419' title='bbox 2873 3100 3107 3164; x_wconf 89' lang='lat' dir='ltr'><strong>videtur,</strong></span> <span class='ocrx_word' id='word_1_420' title='bbox 3139 3117 3243 3170; x_wconf 78' lang='lat' dir='ltr'><strong>ego</strong></span> <span class='ocrx_word' id='word_1_421' title='bbox 3273 3118 3404 3156; x_wconf 89' lang='lat' dir='ltr'><strong>sane</strong></span> <span class='ocrx_word' id='word_1_422' title='bbox 3444 3103 3555 3171; x_wconf 84' lang='lat' dir='ltr'><strong>pri-</strong></span> 
     </span>
    </p>
   </div>
   <div class='ocr_carea' id='block_1_62' title="bbox 293 3185 1868 3264">
    <p class='ocr_par' dir='ltr' id='par_1_62' title="bbox 293 3185 1868 3264">
     <span class='ocr_line' id='line_1_62' title="bbox 293 3185 1868 3264; baseline 0.009 -29"><span class='ocrx_word' id='word_1_423' title='bbox 293 3187 389 3237; x_wconf 83' lang='grc' dir='ltr'>καὶ</span> <span class='ocrx_word' id='word_1_424' title='bbox 424 3185 837 3254; x_wconf 85' lang='grc' dir='ltr'>προσκόμματα</span> <span class='ocrx_word' id='word_1_425' title='bbox 867 3189 1252 3259; x_wconf 80' lang='grc' dir='ltr'>λογιζομένους</span> <span class='ocrx_word' id='word_1_426' title='bbox 1298 3193 1560 3247; x_wconf 82' lang='grc' dir='ltr'>ἀποκνεῖν</span> <span class='ocrx_word' id='word_1_427' title='bbox 1592 3199 1729 3264; x_wconf 81' lang='grc' dir='ltr'>πρὸς</span> <span class='ocrx_word' id='word_1_428' title='bbox 1780 3197 1868 3250; x_wconf 77' lang='grc' dir='ltr'>τὸν</span> 
     </span>
    </p>
   </div>
   <div class='ocr_carea' id='block_1_63' title="bbox 1969 3185 3553 3264">
    <p class='ocr_par' dir='ltr' id='par_1_63' title="bbox 1977 3191 3553 3261">
     <span class='ocr_line' id='line_1_63' title="bbox 1977 3191 3553 3261; baseline 0.001 -17"><span class='ocrx_word' id='word_1_429' title='bbox 1977 3207 2099 3244; x_wconf 85' lang='lat' dir='ltr'><strong>mus</strong></span> <span class='ocrx_word' id='word_1_430' title='bbox 2133 3192 2311 3244; x_wconf 88' lang='lat' dir='ltr'><strong>navim</strong></span> <span class='ocrx_word' id='word_1_431' title='bbox 2350 3191 2583 3245; x_wconf 80' lang='lat' dir='ltr'><strong>ﬂammis</strong></span> <span class='ocrx_word' id='word_1_432' title='bbox 2613 3207 2861 3255; x_wconf 80' lang='lat' dir='ltr'><strong>exuram,</strong></span> <span class='ocrx_word' id='word_1_433' title='bbox 2889 3201 2943 3245; x_wconf 92' lang='lat' dir='ltr'><strong>et</strong></span> <span class='ocrx_word' id='word_1_434' title='bbox 2978 3195 3214 3261; x_wconf 87' lang='lat' dir='ltr'><strong>arreptis</strong></span> <span class='ocrx_word' id='word_1_435' title='bbox 3246 3197 3415 3247; x_wconf 80' lang='lat' dir='ltr'><strong>armis</strong></span> <span class='ocrx_word' id='word_1_436' title='bbox 3449 3196 3553 3249; x_wconf 86' lang='lat' dir='ltr'><strong>iter</strong></span> 
     </span>
    </p>
   </div>
   <div class='ocr_carea' id='block_1_64' title="bbox 291 3274 1871 3360">
    <p class='ocr_par' dir='ltr' id='par_1_64' title="bbox 291 3274 1871 3360">
     <span class='ocr_line' id='line_1_64' title="bbox 291 3274 1871 3360; baseline 0.01 -34"><span class='ocrx_word' id='word_1_437' title='bbox 291 3274 483 3342; x_wconf 84' lang='grc' dir='ltr'>ἀγῶνα</span> <span class='ocrx_word' id='word_1_438' title='bbox 518 3293 531 3307; x_wconf 88' lang='grc'><strong>·</strong></span> <span class='ocrx_word' id='word_1_439' title='bbox 562 3278 737 3339; x_wconf 82' lang='grc' dir='ltr'>οὐδεὶς</span> <span class='ocrx_word' id='word_1_440' title='bbox 790 3280 900 3349; x_wconf 74' lang='grc' dir='ltr'>γάρ</span> <span class='ocrx_word' id='word_1_441' title='bbox 958 3298 1086 3334; x_wconf 87' lang='grc' dir='ltr'>ποτε</span> <span class='ocrx_word' id='word_1_442' title='bbox 1142 3284 1505 3353; x_wconf 83' lang='grc' dir='ltr'>ἀνακείμενος</span> <span class='ocrx_word' id='word_1_443' title='bbox 1537 3289 1629 3339; x_wconf 68' lang='grc' dir='ltr'><strong>καὶ</strong></span> <span class='ocrx_word' id='word_1_444' title='bbox 1658 3290 1871 3360; x_wconf 80' lang='grc' dir='ltr'>ῥέγχων</span> 
     </span>
    </p>
   </div>
   <div class='ocr_carea' id='block_1_65' title="bbox 289 3368 1872 3453">
    <p class='ocr_par' dir='ltr' id='par_1_65' title="bbox 289 3368 1872 3453">
     <span class='ocr_line' id='line_1_65' title="bbox 289 3368 1872 3453; baseline 0.011 -33"><span class='ocrx_word' id='word_1_445' title='bbox 289 3368 555 3437; x_wconf 82' lang='grc' dir='ltr'>τρόπαιον</span> <span class='ocrx_word' id='word_1_446' title='bbox 578 3369 810 3438; x_wconf 77' lang='grc' dir='ltr'>ιστησεν</span> <span class='ocrx_word' id='word_1_447' title='bbox 834 3373 942 3425; x_wconf 80' lang='grc' dir='ltr'>ἀπὸ</span> <span class='ocrx_word' id='word_1_448' title='bbox 969 3376 1075 3426; x_wconf 87' lang='grc' dir='ltr'><strong>τῶν</strong></span> <span class='ocrx_word' id='word_1_449' title='bbox 1105 3377 1382 3445; x_wconf 80' lang='grc' dir='ltr'>πολεμίων</span> <span class='ocrx_word' id='word_1_450' title='bbox 1404 3395 1418 3409; x_wconf 81' lang='lat'><strong><em>°</em></strong></span> <span class='ocrx_word' id='word_1_451' title='bbox 1464 3381 1602 3433; x_wconf 86' lang='grc' dir='ltr'><strong>ἀλλά</strong></span> <span class='ocrx_word' id='word_1_452' title='bbox 1632 3386 1767 3453; x_wconf 72' lang='grc' dir='ltr'>πρ⁵)ς</span> <span class='ocrx_word' id='word_1_453' title='bbox 1811 3386 1872 3437; x_wconf 83' lang='grc' dir='ltr'>τὸ</span> 
     </span>
    </p>
   </div>
   <div class='ocr_carea' id='block_1_66' title="bbox 291 3461 1872 3544">
    <p class='ocr_par' dir='ltr' id='par_1_66' title="bbox 291 3461 1872 3544">
     <span class='ocr_line' id='line_1_66' title="bbox 291 3461 1872 3544; baseline 0.011 -32"><span class='ocrx_word' id='word_1_454' title='bbox 291 3461 403 3513; x_wconf 90' lang='grc' dir='ltr'><strong>τῶν</strong></span> <span class='ocrx_word' id='word_1_455' title='bbox 434 3462 613 3514; x_wconf 83' lang='grc' dir='ltr'>πόνων</span> <span class='ocrx_word' id='word_1_456' title='bbox 640 3464 794 3527; x_wconf 81' lang='grc' dir='ltr'>τέλος</span> <span class='ocrx_word' id='word_1_457' title='bbox 834 3466 1065 3536; x_wconf 74' lang='grc' dir='ltr'>ἀφορᾷν,</span> <span class='ocrx_word' id='word_1_458' title='bbox 1122 3467 1199 3531; x_wconf 82' lang='grc' dir='ltr'>ὡς</span> <span class='ocrx_word' id='word_1_459' title='bbox 1234 3471 1437 3541; x_wconf 70' lang='grc' dir='ltr'>πολλὴν</span> <span class='ocrx_word' id='word_1_460' title='bbox 1485 3475 1619 3526; x_wconf 82' lang='grc' dir='ltr'>οίσει</span> <span class='ocrx_word' id='word_1_461' title='bbox 1655 3483 1743 3527; x_wconf 65' lang='grc' dir='ltr'>καὶ</span> <span class='ocrx_word' id='word_1_462' title='bbox 1780 3496 1872 3544; x_wconf 84' lang='grc' dir='ltr'>με·</span> 
     </span>
    </p>
   </div>
   <div class='ocr_carea' id='block_1_67' title="bbox 294 3550 1869 3632">
    <p class='ocr_par' dir='ltr' id='par_1_67' title="bbox 294 3550 1869 3632">
     <span class='ocr_line' id='line_1_67' title="bbox 294 3550 1869 3632; baseline 0.013 -31"><span class='ocrx_word' id='word_1_463' title='bbox 294 3552 472 3624; x_wconf 77' lang='grc' dir='ltr'>γάλην</span> <span class='ocrx_word' id='word_1_464' title='bbox 498 3554 598 3624; x_wconf 82' lang='grc' dir='ltr'>τὴν</span> <span class='ocrx_word' id='word_1_465' title='bbox 619 3556 951 3625; x_wconf 71' lang='grc' dir='ltr'>φιλοτιμίαν,</span> <span class='ocrx_word' id='word_1_466' title='bbox 987 3556 1167 3612; x_wconf 80' lang='grc' dir='ltr'>Ταῦτα</span> <span class='ocrx_word' id='word_1_467' title='bbox 1199 3562 1296 3629; x_wconf 81' lang='grc' dir='ltr'>μὲν</span> <span class='ocrx_word' id='word_1_468' title='bbox 1324 3559 1418 3615; x_wconf 74' lang='grc' dir='ltr'>οὖν</span> <span class='ocrx_word' id='word_1_469' title='bbox 1448 3550 1569 3632; x_wconf 62' lang='grc' dir='ltr'>ἐμοὶ</span> <span class='ocrx_word' id='word_1_470' title='bbox 1602 3567 1788 3620; x_wconf 86' lang='grc' dir='ltr'>δίκαιά</span> <span class='ocrx_word' id='word_1_471' title='bbox 1811 3588 1869 3621; x_wconf 79' lang='grc' dir='ltr'><strong>τε</strong></span> 
     </span>
    </p>
   </div>
   <div class='ocr_carea' id='block_1_68' title="bbox 292 3646 1872 3730">
    <p class='ocr_par' dir='ltr' id='par_1_68' title="bbox 292 3646 1872 3730">
     <span class='ocr_line' id='line_1_68' title="bbox 292 3646 1872 3730; baseline 0.01 -32"><span class='ocrx_word' id='word_1_472' title='bbox 292 3646 442 3712; x_wconf 71' lang='grc' dir='ltr'>ἔδοξε</span> <span class='ocrx_word' id='word_1_473' title='bbox 494 3649 587 3699; x_wconf 79' lang='grc' dir='ltr'>καὶ</span> <span class='ocrx_word' id='word_1_474' title='bbox 644 3650 994 3719; x_wconf 85' lang='grc' dir='ltr'>συμφέροντα</span> <span class='ocrx_word' id='word_1_475' title='bbox 1027 3652 1185 3719; x_wconf 82' lang='grc' dir='ltr'>ὁμοῦ.</span> <span class='ocrx_word' id='word_1_476' title='bbox 1221 3655 1330 3705; x_wconf 79' lang='grc' dir='ltr'><strong>Καὶ</strong></span> <span class='ocrx_word' id='word_1_477' title='bbox 1354 3657 1518 3719; x_wconf 85' lang='grc' dir='ltr'>αὑτός</span> <span class='ocrx_word' id='word_1_478' title='bbox 1567 3675 1623 3710; x_wconf 90' lang='grc' dir='ltr'><strong>τε</strong></span> <span class='ocrx_word' id='word_1_479' title='bbox 1656 3663 1783 3730; x_wconf 81' lang='grc' dir='ltr'>ποιή</span> <span class='ocrx_word' id='word_1_480' title='bbox 1827 3682 1872 3715; x_wconf 83' lang='grc' dir='ltr'><strong>ω</strong></span> 
     </span>
    </p>
   </div>
   <div class='ocr_carea' id='block_1_69' title="bbox 293 3737 1870 3815">
    <p class='ocr_par' dir='ltr' id='par_1_69' title="bbox 293 3737 1870 3815">
     <span class='ocr_line' id='line_1_69' title="bbox 293 3737 1870 3815; baseline 0.014 -27"><span class='ocrx_word' id='word_1_481' title='bbox 293 3737 533 3806; x_wconf 83' lang='grc' dir='ltr'>πρῶτος,</span> <span class='ocrx_word' id='word_1_482' title='bbox 584 3738 680 3791; x_wconf 79' lang='grc' dir='ltr'>καὶ</span> <span class='ocrx_word' id='word_1_483' title='bbox 712 3742 825 3801; x_wconf 85' lang='grc' dir='ltr'>τοῖς</span> <span class='ocrx_word' id='word_1_484' title='bbox 872 3741 1051 3805; x_wconf 73' lang='grc' dir='ltr'>ἄλλοις</span> <span class='ocrx_word' id='word_1_485' title='bbox 1102 3746 1514 3815; x_wconf 88' lang='grc' dir='ltr'>συμϐουλεύσω.</span> <span class='ocrx_word' id='word_1_486' title='bbox 1547 3752 1610 3806; x_wconf 81' lang='grc' dir='ltr'><strong>ΕΞ</strong></span> <span class='ocrx_word' id='word_1_487' title='bbox 1644 3753 1699 3805; x_wconf 78' lang='grc' dir='ltr'><em>δέ</em></span> <span class='ocrx_word' id='word_1_488' title='bbox 1729 3773 1870 3809; x_wconf 87' lang='grc' dir='ltr'>τισιν</span> 
     </span>
    </p>
   </div>
   <div class='ocr_carea' id='block_1_70' title="bbox 294 3828 1867 3913">
    <p class='ocr_par' dir='ltr' id='par_1_70' title="bbox 294 3828 1867 3913">
     <span class='ocr_line' id='line_1_70' title="bbox 294 3828 1867 3913; baseline 0.012 -34"><span class='ocrx_word' id='word_1_489' title='bbox 294 3828 477 3897; x_wconf 83' lang='grc' dir='ltr'>ὑμῶν,</span> <span class='ocrx_word' id='word_1_490' title='bbox 504 3828 642 3900; x_wconf 83' lang='grc' dir='ltr'>πρὸς</span> <span class='ocrx_word' id='word_1_491' title='bbox 668 3829 729 3882; x_wconf 80' lang='grc' dir='ltr'><strong>τὸ</strong></span> <span class='ocrx_word' id='word_1_492' title='bbox 751 3831 860 3882; x_wconf 84' lang='grc' dir='ltr'><strong>τῶν</strong></span> <span class='ocrx_word' id='word_1_493' title='bbox 879 3831 1057 3885; x_wconf 82' lang='grc' dir='ltr'>πόνων</span> <span class='ocrx_word' id='word_1_494' title='bbox 1080 3837 1173 3887; x_wconf 75' lang='grc' dir='ltr'>καὶ</span> <span class='ocrx_word' id='word_1_495' title='bbox 1204 3838 1315 3889; x_wconf 87' lang='grc' dir='ltr'><strong>τῶν</strong></span> <span class='ocrx_word' id='word_1_496' title='bbox 1335 3840 1598 3893; x_wconf 85' lang='grc' dir='ltr'>κινδύνων</span> <span class='ocrx_word' id='word_1_497' title='bbox 1622 3845 1867 3913; x_wconf 77' lang='grc' dir='ltr'>ἀφορῶσι</span> 
     </span>
    </p>
   </div>
   <div class='ocr_carea' id='block_1_71' title="bbox 293 3922 1868 4009">
    <p class='ocr_par' dir='ltr' id='par_1_71' title="bbox 293 3922 1868 4009">
     <span class='ocr_line' id='line_1_71' title="bbox 293 3922 1868 4009; baseline 0.013 -37"><span class='ocrx_word' id='word_1_498' title='bbox 293 3922 549 3989; x_wconf 82' lang='grc' dir='ltr'>μέγεθος,</span> <span class='ocrx_word' id='word_1_499' title='bbox 598 3924 661 3975; x_wconf 84' lang='grc' dir='ltr'>οὒ</span> <span class='ocrx_word' id='word_1_500' title='bbox 696 3926 934 3991; x_wconf 80' lang='grc' dir='ltr'>μάλιστα</span> <span class='ocrx_word' id='word_1_501' title='bbox 997 3928 1148 3981; x_wconf 85' lang='grc' dir='ltr'>δοκεῖ</span> <span class='ocrx_word' id='word_1_502' title='bbox 1192 3936 1453 3997; x_wconf 76' lang='grc' dir='ltr'>τοιούτοις</span> <span class='ocrx_word' id='word_1_503' title='bbox 1486 3938 1868 4009; x_wconf 74' lang='grc' dir='ltr'>ἐπιχειρητέον</span> 
     </span>
    </p>
   </div>
   <div class='ocr_carea' id='block_1_72' title="bbox 290 4010 1869 4099">
    <p class='ocr_par' dir='ltr' id='par_1_72' title="bbox 290 4010 1869 4099">
     <span class='ocr_line' id='line_1_72' title="bbox 290 4010 1869 4099; baseline 0.012 -31"><span class='ocrx_word' id='word_1_504' title='bbox 290 4010 455 4077; x_wconf 73' lang='grc' dir='ltr'>εἶναι,</span> <span class='ocrx_word' id='word_1_505' title='bbox 480 4016 596 4070; x_wconf 80' lang='grc' dir='ltr'>ἀλλ’</span> <span class='ocrx_word' id='word_1_506' title='bbox 616 4018 729 4085; x_wconf 86' lang='grc' dir='ltr'>ἐγὼ</span> <span class='ocrx_word' id='word_1_507' title='bbox 756 4020 972 4088; x_wconf 82' lang='grc' dir='ltr'>πρῶτος</span> <span class='ocrx_word' id='word_1_508' title='bbox 998 4025 1099 4090; x_wconf 81' lang='grc' dir='ltr'>τήν</span> <span class='ocrx_word' id='word_1_509' title='bbox 1121 4041 1177 4074; x_wconf 88' lang='grc' dir='ltr'><strong>τε</strong></span> <span class='ocrx_word' id='word_1_510' title='bbox 1203 4025 1336 4076; x_wconf 74' lang='grc' dir='ltr'>ναῦν</span> <span class='ocrx_word' id='word_1_511' title='bbox 1362 4028 1653 4099; x_wconf 80' lang='grc' dir='ltr'>ὲμπρήσω,</span> <span class='ocrx_word' id='word_1_512' title='bbox 1684 4034 1775 4085; x_wconf 71' lang='grc' dir='ltr'>καὶ</span> <span class='ocrx_word' id='word_1_513' title='bbox 1804 4036 1869 4087; x_wconf 75' lang='grc' dir='ltr'><strong>τὰ</strong></span> 
     </span>
    </p>
   </div>
   <div class='ocr_carea' id='block_1_73' title="bbox 291 4108 1869 4186">
    <p class='ocr_par' dir='ltr' id='par_1_73' title="bbox 291 4108 1869 4186">
     <span class='ocr_line' id='line_1_73' title="bbox 291 4108 1869 4186; baseline 0.012 -25"><span class='ocrx_word' id='word_1_514' title='bbox 291 4108 434 4161; x_wconf 73' lang='grc' dir='ltr'>ὅπλα</span> <span class='ocrx_word' id='word_1_515' title='bbox 457 4109 597 4179; x_wconf 75' lang='grc' dir='ltr'>ἔχων</span> <span class='ocrx_word' id='word_1_516' title='bbox 625 4111 947 4181; x_wconf 69' lang='grc' dir='ltr'>βαδιοῦμαιυ</span> <span class='ocrx_word' id='word_1_517' title='bbox 976 4117 1267 4185; x_wconf 74' lang='grc' dir='ltr'>συνέψεται</span> <span class='ocrx_word' id='word_1_518' title='bbox 1288 4119 1341 4169; x_wconf 84' lang='grc' dir='ltr'>δὲ</span> <span class='ocrx_word' id='word_1_519' title='bbox 1375 4125 1467 4175; x_wconf 78' lang='grc' dir='ltr'>καὶ</span> <span class='ocrx_word' id='word_1_520' title='bbox 1495 4125 1641 4186; x_wconf 84' lang='grc' dir='ltr'>ὅστις</span> <span class='ocrx_word' id='word_1_521' title='bbox 1696 4128 1869 4181; x_wconf 79' lang='grc' dir='ltr'>εἵλετο</span> 
     </span>
    </p>
   </div>
   <div class='ocr_carea' id='block_1_74' title="bbox 289 4202 1864 4288">
    <p class='ocr_par' dir='ltr' id='par_1_74' title="bbox 289 4202 1864 4288">
     <span class='ocr_line' id='line_1_74' title="bbox 289 4202 1864 4288; baseline 0.014 -37"><span class='ocrx_word' id='word_1_522' title='bbox 289 4202 414 4269; x_wconf 75' lang='grc' dir='ltr'>ἐμοὶ</span> <span class='ocrx_word' id='word_1_523' title='bbox 447 4204 905 4268; x_wconf 83' lang='grc' dir='ltr'>συγκινδυνεύειν.</span> <span class='ocrx_word' id='word_1_524' title='bbox 941 4207 1003 4259; x_wconf 82' lang='grc' dir='ltr'>Οί</span> <span class='ocrx_word' id='word_1_525' title='bbox 1029 4208 1083 4259; x_wconf 86' lang='grc' dir='ltr'>δὲ</span> <span class='ocrx_word' id='word_1_526' title='bbox 1113 4211 1311 4276; x_wconf 60' lang='grc' dir='ltr'>λοιπυὶ,</span> <span class='ocrx_word' id='word_1_527' title='bbox 1342 4213 1438 4277; x_wconf 71' lang='grc' dir='ltr'><strong>τὰς</strong></span> <span class='ocrx_word' id='word_1_528' title='bbox 1472 4216 1601 4279; x_wconf 80' lang='grc' dir='ltr'>ναῦς</span> <span class='ocrx_word' id='word_1_529' title='bbox 1625 4218 1864 4288; x_wconf 67' lang='grc' dir='ltr'>ἔχοντες,</span> 
     </span>
    </p>
   </div>
   <div class='ocr_carea' id='block_1_75' title="bbox 293 4295 1867 4370">
    <p class='ocr_par' dir='ltr' id='par_1_75' title="bbox 293 4295 1867 4370">
     <span class='ocr_line' id='line_1_75' title="bbox 293 4295 1867 4370; baseline 0.014 -26"><span class='ocrx_word' id='word_1_530' title='bbox 293 4295 322 4344; x_wconf 81' lang='grc' dir='ltr'>ὃ</span> <span class='ocrx_word' id='word_1_531' title='bbox 353 4310 403 4345; x_wconf 89' lang='grc' dir='ltr'><strong>τι</strong></span> <span class='ocrx_word' id='word_1_532' title='bbox 439 4295 592 4363; x_wconf 82' lang='grc' dir='ltr'>φίλον</span> <span class='ocrx_word' id='word_1_533' title='bbox 630 4296 761 4361; x_wconf 82' lang='grc' dir='ltr'>ὑμῖν</span> <span class='ocrx_word' id='word_1_534' title='bbox 794 4300 888 4349; x_wconf 71' lang='grc' dir='ltr'>καὶ</span> <span class='ocrx_word' id='word_1_535' title='bbox 939 4299 1215 4364; x_wconf 80' lang='grc' dir='ltr'>λυσιτελὲς</span> <span class='ocrx_word' id='word_1_536' title='bbox 1249 4306 1414 4370; x_wconf 69' lang='grc' dir='ltr'>δοκεῖ,</span> <span class='ocrx_word' id='word_1_537' title='bbox 1456 4312 1677 4363; x_wconf 80' lang='grc' dir='ltr'>ποιεῖτε.</span> <span class='ocrx_word' id='word_1_538' title='bbox 1710 4312 1867 4366; x_wconf 76' lang='grc' dir='ltr'>Οὕτω</span> 
     </span>
    </p>
   </div>
   <div class='ocr_carea' id='block_1_76' title="bbox 288 4386 1860 4472">
    <p class='ocr_par' dir='ltr' id='par_1_76' title="bbox 288 4386 1860 4472">
     <span class='ocr_line' id='line_1_76' title="bbox 288 4386 1860 4472; baseline 0.014 -37"><span class='ocrx_word' id='word_1_539' title='bbox 288 4386 428 4453; x_wconf 62' lang='grc' dir='ltr'>πρὸς</span> <span class='ocrx_word' id='word_1_540' title='bbox 459 4388 581 4447; x_wconf 71' lang='grc' dir='ltr'>τοὺς</span> <span class='ocrx_word' id='word_1_541' title='bbox 616 4388 675 4439; x_wconf 82' lang='grc' dir='ltr'>ὲν</span> <span class='ocrx_word' id='word_1_542' title='bbox 701 4390 844 4441; x_wconf 82' lang='grc' dir='ltr'>τέλει</span> <span class='ocrx_word' id='word_1_543' title='bbox 882 4391 992 4442; x_wconf 90' lang='grc' dir='ltr'><strong>τῶν</strong></span> <span class='ocrx_word' id='word_1_544' title='bbox 1024 4393 1251 4463; x_wconf 77' lang='grc' dir='ltr'>Περσῶν</span> <span class='ocrx_word' id='word_1_545' title='bbox 1297 4397 1501 4466; x_wconf 70' lang='grc' dir='ltr'>Ἀμοὺρ</span> <span class='ocrx_word' id='word_1_546' title='bbox 1530 4401 1860 4472; x_wconf 79' lang='grc' dir='ltr'>διαλεχθεὶς,</span> 
     </span>
    </p>
   </div>
   <div class='ocr_carea' id='block_1_77' title="bbox 289 4481 1940 4574">
    <p class='ocr_par' dir='ltr' id='par_1_77' title="bbox 289 4481 1940 4574">
     <span class='ocr_line' id='line_1_77' title="bbox 289 4481 1940 4574; baseline 0.015 -46"><span class='ocrx_word' id='word_1_547' title='bbox 289 4481 502 4540; x_wconf 67' lang='grc' dir='ltr'>πάντας</span> <span class='ocrx_word' id='word_1_548' title='bbox 541 4481 638 4547; x_wconf 81' lang='grc' dir='ltr'>μὲν</span> <span class='ocrx_word' id='word_1_549' title='bbox 667 4481 889 4533; x_wconf 77' lang='grc' dir='ltr'>ἔπεισεν</span> <span class='ocrx_word' id='word_1_550' title='bbox 932 4484 1007 4545; x_wconf 84' lang='grc' dir='ltr'>ὼς</span> <span class='ocrx_word' id='word_1_551' title='bbox 1032 4484 1218 4539; x_wconf 80' lang='grc' dir='ltr'>δίκαιὰ</span> <span class='ocrx_word' id='word_1_552' title='bbox 1262 4506 1318 4541; x_wconf 88' lang='grc' dir='ltr'><strong>τε</strong></span> <span class='ocrx_word' id='word_1_553' title='bbox 1347 4493 1483 4558; x_wconf 79' lang='grc' dir='ltr'>ὁμοῦ</span> <span class='ocrx_word' id='word_1_554' title='bbox 1518 4497 1615 4547; x_wconf 77' lang='grc' dir='ltr'>καὶ</span> <span class='ocrx_word' id='word_1_555' title='bbox 1646 4496 1861 4550; x_wconf 77' lang='grc' dir='ltr'>λυσιτε-</span> <span class='ocrx_word' id='word_1_556' title='bbox 1898 4520 1940 4574; x_wconf 77' lang='grc' dir='ltr'>ο</span> 
     </span>
    </p>
   </div>
   <div class='ocr_carea' id='block_1_78' title="bbox 290 4569 1864 4657">
    <p class='ocr_par' dir='ltr' id='par_1_78' title="bbox 290 4569 1864 4657">
     <span class='ocr_line' id='line_1_78' title="bbox 290 4569 1864 4657; baseline 0.016 -38"><span class='ocrx_word' id='word_1_557' title='bbox 290 4569 488 4622; x_wconf 84' lang='grc' dir='ltr'>λοῦντα</span> <span class='ocrx_word' id='word_1_558' title='bbox 545 4570 925 4638; x_wconf 82' lang='grc' dir='ltr'>συμϐουλεύει.</span> <span class='ocrx_word' id='word_1_559' title='bbox 992 4575 1211 4629; x_wconf 79' lang='grc' dir='ltr'>Εἴλοντο</span> <span class='ocrx_word' id='word_1_560' title='bbox 1258 4578 1312 4631; x_wconf 83' lang='grc' dir='ltr'>δὲ</span> <span class='ocrx_word' id='word_1_561' title='bbox 1373 4580 1636 4651; x_wconf 76' lang='grc' dir='ltr'>ἐξήκοντα</span> <span class='ocrx_word' id='word_1_562' title='bbox 1698 4590 1864 4657; x_wconf 79' lang='grc' dir='ltr'>μόνον’</span> 
     </span>
    </p>
   </div>
   <div class='ocr_carea' id='block_1_79' title="bbox 291 4661 1862 4744">
    <p class='ocr_par' dir='ltr' id='par_1_79' title="bbox 291 4661 1862 4744">
     <span class='ocr_line' id='line_1_79' title="bbox 291 4661 1862 4744; baseline 0.018 -35"><span class='ocrx_word' id='word_1_563' title='bbox 291 4661 554 4729; x_wconf 76' lang='grc' dir='ltr'>ναύαρχοι</span> <span class='ocrx_word' id='word_1_564' title='bbox 585 4664 1025 4728; x_wconf 82' lang='grc' dir='ltr'>συγκινδυνεύειν</span> <span class='ocrx_word' id='word_1_565' title='bbox 1062 4670 1199 4733; x_wconf 85' lang='grc' dir='ltr'><strong>μετά</strong></span> <span class='ocrx_word' id='word_1_566' title='bbox 1232 4672 1342 4721; x_wconf 83' lang='grc' dir='ltr'><strong>τῶν</strong></span> <span class='ocrx_word' id='word_1_567' title='bbox 1372 4674 1778 4744; x_wconf 81' lang='grc' dir='ltr'>πληρωμάτων.</span> <span class='ocrx_word' id='word_1_568' title='bbox 1803 4689 1862 4739; x_wconf 88' lang='grc' dir='ltr'>Οί</span> 
     </span>
    </p>
   </div>
   <div class='ocr_carea' id='block_1_80' title="bbox 288 4750 1865 4839">
    <p class='ocr_par' dir='ltr' id='par_1_80' title="bbox 288 4750 1865 4839">
     <span class='ocr_line' id='line_1_80' title="bbox 288 4750 1865 4839; baseline 0.017 -38"><span class='ocrx_word' id='word_1_569' title='bbox 288 4750 344 4801; x_wconf 76' lang='grc' dir='ltr'>δὲ</span> <span class='ocrx_word' id='word_1_570' title='bbox 376 4752 526 4803; x_wconf 77' lang='grc' dir='ltr'>ἄλλοι</span> <span class='ocrx_word' id='word_1_571' title='bbox 562 4754 922 4821; x_wconf 68' lang='grc' dir='ltr'>ἰσχυρίζοντο,</span> <span class='ocrx_word' id='word_1_572' title='bbox 956 4758 1029 4820; x_wconf 88' lang='grc' dir='ltr'>ώς</span> <span class='ocrx_word' id='word_1_573' title='bbox 1059 4759 1228 4830; x_wconf 81' lang='grc' dir='ltr'>ὀλίγῳ</span> <span class='ocrx_word' id='word_1_574' title='bbox 1260 4762 1489 4832; x_wconf 79' lang='grc' dir='ltr'>ὕστερον</span> <span class='ocrx_word' id='word_1_575' title='bbox 1521 4771 1722 4839; x_wconf 80' lang='grc' dir='ltr'>ούρίων</span> <span class='ocrx_word' id='word_1_576' title='bbox 1775 4794 1865 4828; x_wconf 72' lang='grc' dir='ltr'>τυο</span> 
     </span>
    </p>
   </div>
   <div class='ocr_carea' id='block_1_81' title="bbox 289 4844 1869 4932">
    <p class='ocr_par' dir='ltr' id='par_1_81' title="bbox 289 4844 1869 4932">
     <span class='ocr_line' id='line_1_81' title="bbox 289 4844 1869 4932; baseline 0.016 -40"><span class='ocrx_word' id='word_1_577' title='bbox 289 4844 482 4912; x_wconf 78' lang='grc' dir='ltr'>χόντες</span> <span class='ocrx_word' id='word_1_578' title='bbox 522 4845 630 4895; x_wconf 87' lang='grc' dir='ltr'><strong>τῶν</strong></span> <span class='ocrx_word' id='word_1_579' title='bbox 662 4846 883 4913; x_wconf 81' lang='grc' dir='ltr'>ἀνέμων</span> <span class='ocrx_word' id='word_1_580' title='bbox 912 4848 1225 4903; x_wconf 87' lang='grc' dir='ltr'>ἐλεύσονται</span> <span class='ocrx_word' id='word_1_581' title='bbox 1265 4857 1343 4915; x_wconf 77' lang='grc' dir='ltr'><strong>εἰς</strong></span> <span class='ocrx_word' id='word_1_582' title='bbox 1368 4856 1465 4925; x_wconf 82' lang='grc' dir='ltr'>τὴν</span> <span class='ocrx_word' id='word_1_583' title='bbox 1496 4860 1869 4932; x_wconf 69' lang='grc' dir='ltr'>Μακεδονίαν,</span> 
     </span>
    </p>
   </div>
   <div class='ocr_carea' id='block_1_82' title="bbox 290 4934 1866 5018">
    <p class='ocr_par' dir='ltr' id='par_1_82' title="bbox 290 4934 1866 5018">
     <span class='ocr_line' id='line_1_82' title="bbox 290 4934 1866 5018; baseline 0.013 -32"><span class='ocrx_word' id='word_1_584' title='bbox 290 4934 450 4997; x_wconf 82' lang='grc' dir='ltr'>αὖθις</span> <span class='ocrx_word' id='word_1_585' title='bbox 474 4937 550 5004; x_wconf 85' lang='grc' dir='ltr'>τῷ</span> <span class='ocrx_word' id='word_1_586' title='bbox 576 4939 834 5008; x_wconf 80' lang='grc' dir='ltr'>σατράπῃ</span> <span class='ocrx_word' id='word_1_587' title='bbox 870 4942 1241 5009; x_wconf 87' lang='grc' dir='ltr'>συνεσόμενοι.</span> <span class='ocrx_word' id='word_1_588' title='bbox 1291 4945 1447 4999; x_wconf 77' lang='grc' dir='ltr'>Οὕτω</span> <span class='ocrx_word' id='word_1_589' title='bbox 1485 4949 1584 5018; x_wconf 85' lang='grc' dir='ltr'>μὲν</span> <span class='ocrx_word' id='word_1_590' title='bbox 1614 4952 1707 5004; x_wconf 65' lang='grc' dir='ltr'><strong>οὗ)</strong></span> <span class='ocrx_word' id='word_1_591' title='bbox 1758 4956 1866 5007; x_wconf 72' lang='grc' dir='ltr'><strong>ἑδέ-</strong></span> 
     </span>
    </p>
   </div>
   <div class='ocr_carea' id='block_1_83' title="bbox 287 5028 1862 5116">
    <p class='ocr_par' dir='ltr' id='par_1_83' title="bbox 287 5028 1862 5116">
     <span class='ocr_line' id='line_1_83' title="bbox 287 5028 1862 5116; baseline 0.011 -37"><span class='ocrx_word' id='word_1_592' title='bbox 287 5028 450 5081; x_wconf 78' lang='grc' dir='ltr'>δοκτο</span> <span class='ocrx_word' id='word_1_593' title='bbox 487 5028 663 5097; x_wconf 81' lang='grc' dir='ltr'>κοινῇ,</span> <span class='ocrx_word' id='word_1_594' title='bbox 690 5032 786 5081; x_wconf 81' lang='grc' dir='ltr'>καὶ</span> <span class='ocrx_word' id='word_1_595' title='bbox 812 5032 873 5083; x_wconf 84' lang='grc' dir='ltr'>ὲκ</span> <span class='ocrx_word' id='word_1_596' title='bbox 899 5033 995 5100; x_wconf 78' lang='grc' dir='ltr'>τῆς</span> <span class='ocrx_word' id='word_1_597' title='bbox 1045 5034 1274 5101; x_wconf 79' lang='grc' dir='ltr'>Εὐϐοίας</span> <span class='ocrx_word' id='word_1_598' title='bbox 1323 5040 1404 5100; x_wconf 91' lang='grc' dir='ltr'><strong>είς</strong></span> <span class='ocrx_word' id='word_1_599' title='bbox 1462 5043 1563 5111; x_wconf 83' lang='grc' dir='ltr'>τὴν</span> <span class='ocrx_word' id='word_1_600' title='bbox 1600 5046 1862 5116; x_wconf 76' lang='grc' dir='ltr'>Λοκρίδος</span> 
     </span>
    </p>
   </div>
   <div class='ocr_carea' id='block_1_84' title="bbox 291 5121 1860 5202">
    <p class='ocr_par' dir='ltr' id='par_1_84' title="bbox 291 5121 1860 5202">
     <span class='ocr_line' id='line_1_84' title="bbox 291 5121 1860 5202; baseline 0.013 -31"><span class='ocrx_word' id='word_1_601' title='bbox 291 5121 558 5189; x_wconf 74' lang='grc' dir='ltr'>παράλιον</span> <span class='ocrx_word' id='word_1_602' title='bbox 588 5122 857 5184; x_wconf 79' lang='grc' dir='ltr'>ἐλθόντες,</span> <span class='ocrx_word' id='word_1_603' title='bbox 885 5126 932 5176; x_wconf 92' lang='grc' dir='ltr'><strong>οί</strong></span> <span class='ocrx_word' id='word_1_604' title='bbox 965 5124 1113 5178; x_wconf 82' lang='grc' dir='ltr'>ἄλλοι</span> <span class='ocrx_word' id='word_1_605' title='bbox 1173 5129 1272 5196; x_wconf 83' lang='grc' dir='ltr'>μὲν</span> <span class='ocrx_word' id='word_1_606' title='bbox 1328 5133 1605 5201; x_wconf 77' lang='grc' dir='ltr'>ἡσύχαζον</span> <span class='ocrx_word' id='word_1_607' title='bbox 1653 5138 1711 5188; x_wconf 81' lang='grc' dir='ltr'><strong>ἐν</strong></span> <span class='ocrx_word' id='word_1_608' title='bbox 1741 5144 1860 5202; x_wconf 80' lang='grc' dir='ltr'>ταῖς</span> 
     </span>
    </p>
   </div>
   <div class='ocr_carea' id='block_1_85' title="bbox 290 5213 1861 5296">
    <p class='ocr_par' dir='ltr' id='par_1_85' title="bbox 290 5213 1861 5296">
     <span class='ocr_line' id='line_1_85' title="bbox 290 5213 1861 5296; baseline 0.013 -35"><span class='ocrx_word' id='word_1_609' title='bbox 290 5216 502 5275; x_wconf 73' lang='grc' dir='ltr'>ναυσὶν,</span> <span class='ocrx_word' id='word_1_610' title='bbox 545 5213 749 5283; x_wconf 73' lang='grc' dir='ltr'>Ἀμοὺρ</span> <span class='ocrx_word' id='word_1_611' title='bbox 783 5215 840 5265; x_wconf 81' lang='grc' dir='ltr'>δὲ</span> <span class='ocrx_word' id='word_1_612' title='bbox 892 5219 983 5268; x_wconf 79' lang='grc' dir='ltr'>καὶ</span> <span class='ocrx_word' id='word_1_613' title='bbox 1039 5220 1088 5269; x_wconf 90' lang='grc' dir='ltr'><strong>οί</strong></span> <span class='ocrx_word' id='word_1_614' title='bbox 1149 5221 1414 5289; x_wconf 77' lang='grc' dir='ltr'>ἐξήκοντα</span> <span class='ocrx_word' id='word_1_615' title='bbox 1451 5227 1733 5296; x_wconf 85' lang='grc' dir='ltr'>ναύαρχοι,</span> <span class='ocrx_word' id='word_1_616' title='bbox 1770 5230 1861 5292; x_wconf 81' lang='grc' dir='ltr'>οὓς</span> 
     </span>
    </p>
   </div>
   <div class='ocr_carea' id='block_1_86' title="bbox 286 5302 1863 5386">
    <p class='ocr_par' dir='ltr' id='par_1_86' title="bbox 286 5302 1863 5386">
     <span class='ocr_line' id='line_1_86' title="bbox 286 5302 1863 5386; baseline 0.013 -32"><span class='ocrx_word' id='word_1_617' title='bbox 286 5302 399 5355; x_wconf 75' lang='grc' dir='ltr'>εδει</span> <span class='ocrx_word' id='word_1_618' title='bbox 435 5306 570 5373; x_wconf 80' lang='grc' dir='ltr'>πρὸς</span> <span class='ocrx_word' id='word_1_619' title='bbox 595 5306 654 5357; x_wconf 84' lang='grc' dir='ltr'>τὸ</span> <span class='ocrx_word' id='word_1_620' title='bbox 687 5307 947 5377; x_wconf 82' lang='grc' dir='ltr'>τόλμημα</span> <span class='ocrx_word' id='word_1_621' title='bbox 997 5311 1354 5380; x_wconf 83' lang='grc' dir='ltr'>συναίρεσθαι</span> <span class='ocrx_word' id='word_1_622' title='bbox 1390 5317 1604 5386; x_wconf 82' lang='grc' dir='ltr'>ἐκείνῳ,</span> <span class='ocrx_word' id='word_1_623' title='bbox 1633 5322 1863 5373; x_wconf 87' lang='grc' dir='ltr'>ἀνελκύ-</span> 
     </span>
    </p>
   </div>
   <div class='ocr_carea' id='block_1_87' title="bbox 290 5395 1861 5472">
    <p class='ocr_par' dir='ltr' id='par_1_87' title="bbox 290 5395 1861 5472">
     <span class='ocr_line' id='line_1_87' title="bbox 290 5395 1861 5472; baseline 0.011 -28"><span class='ocrx_word' id='word_1_624' title='bbox 290 5410 487 5456; x_wconf 89' lang='grc' dir='ltr'>σαντες</span> <span class='ocrx_word' id='word_1_625' title='bbox 543 5395 643 5459; x_wconf 84' lang='grc' dir='ltr'><strong>τάς</strong></span> <span class='ocrx_word' id='word_1_626' title='bbox 702 5398 852 5461; x_wconf 80' lang='grc' dir='ltr'>ναῦς,</span> <span class='ocrx_word' id='word_1_627' title='bbox 907 5402 1000 5453; x_wconf 84' lang='grc' dir='ltr'>καὶ</span> <span class='ocrx_word' id='word_1_628' title='bbox 1042 5402 1180 5454; x_wconf 79' lang='grc' dir='ltr'>ὅπλα</span> <span class='ocrx_word' id='word_1_629' title='bbox 1235 5419 1296 5454; x_wconf 88' lang='grc' dir='ltr'><strong>τε</strong></span> <span class='ocrx_word' id='word_1_630' title='bbox 1328 5405 1715 5472; x_wconf 72' lang='grc' dir='ltr'>ἀναλαϐόντες,</span> <span class='ocrx_word' id='word_1_631' title='bbox 1767 5411 1861 5463; x_wconf 79' lang='grc' dir='ltr'>καὶ</span> 
     </span>
    </p>
   </div>
   <div class='ocr_carea' id='block_1_88' title="bbox 286 5486 1857 5571">
    <p class='ocr_par' dir='ltr' id='par_1_88' title="bbox 286 5486 1857 5571">
     <span class='ocr_line' id='line_1_88' title="bbox 286 5486 1857 5571; baseline 0.009 -31"><span class='ocrx_word' id='word_1_632' title='bbox 286 5486 495 5557; x_wconf 76' lang='grc' dir='ltr'>ἄλευρα</span> <span class='ocrx_word' id='word_1_633' title='bbox 558 5489 943 5559; x_wconf 74' lang='grc' dir='ltr'>ἐπιφερόμενοι</span> <span class='ocrx_word' id='word_1_634' title='bbox 996 5488 1077 5556; x_wconf 69' lang='grc' dir='ltr'>οἷς</span> <span class='ocrx_word' id='word_1_635' title='bbox 1133 5495 1360 5564; x_wconf 80' lang='grc' dir='ltr'>ἔμελλον</span> <span class='ocrx_word' id='word_1_636' title='bbox 1390 5498 1857 5571; x_wconf 80' lang='grc' dir='ltr'>διατραφήσεσθαι</span> 
     </span>
    </p>
   </div>
   <div class='ocr_carea' id='block_1_89' title="bbox 287 5581 1857 5662">
    <p class='ocr_par' dir='ltr' id='par_1_89' title="bbox 287 5581 1857 5662">
     <span class='ocr_line' id='line_1_89' title="bbox 287 5581 1857 5662; baseline 0.01 -33"><span class='ocrx_word' id='word_1_637' title='bbox 287 5582 428 5646; x_wconf 66' lang='grc' dir='ltr'>πρὸς</span> <span class='ocrx_word' id='word_1_638' title='bbox 453 5583 549 5646; x_wconf 78' lang='grc' dir='ltr'>τὴν</span> <span class='ocrx_word' id='word_1_639' title='bbox 577 5581 693 5633; x_wconf 74' lang='grc' dir='ltr'>ὁδόν</span> <span class='ocrx_word' id='word_1_640' title='bbox 717 5599 729 5612; x_wconf 88' lang='grc'><strong>·</strong></span> <span class='ocrx_word' id='word_1_641' title='bbox 769 5587 860 5637; x_wconf 74' lang='grc' dir='ltr'>καὶ</span> <span class='ocrx_word' id='word_1_642' title='bbox 894 5586 1099 5657; x_wconf 68' lang='grc' dir='ltr'>Ἀμοὺρ</span> <span class='ocrx_word' id='word_1_643' title='bbox 1124 5590 1287 5651; x_wconf 73' lang='grc' dir='ltr'>αὐτὸς</span> <span class='ocrx_word' id='word_1_644' title='bbox 1304 5594 1417 5653; x_wconf 84' lang='grc' dir='ltr'>τοῖς</span> <span class='ocrx_word' id='word_1_645' title='bbox 1445 5592 1626 5655; x_wconf 78' lang='grc' dir='ltr'>ἄλλοις</span> <span class='ocrx_word' id='word_1_646' title='bbox 1655 5594 1857 5662; x_wconf 74' lang='grc' dir='ltr'>ὁμοίως</span> 
     </span>
    </p>
   </div>
   <div class='ocr_carea' id='block_1_90' title="bbox 1978 3284 3543 3354">
    <p class='ocr_par' dir='ltr' id='par_1_90' title="bbox 1978 3284 3543 3354">
     <span class='ocr_line' id='line_1_90' title="bbox 1978 3284 3543 3354; baseline 0.003 -16"><span class='ocrx_word' id='word_1_647' title='bbox 1978 3286 2229 3338; x_wconf 86' lang='lat' dir='ltr'><strong>invadam</strong></span> <span class='ocrx_word' id='word_1_648' title='bbox 2255 3304 2265 3345; x_wconf 87' lang='lat'>;</span> <span class='ocrx_word' id='word_1_649' title='bbox 2292 3295 2573 3353; x_wconf 78' lang='lat' dir='ltr'><strong>sequetur,</strong></span> <span class='ocrx_word' id='word_1_650' title='bbox 2601 3284 2759 3354; x_wconf 78' lang='lat'><strong>567</strong></span> <span class='ocrx_word' id='word_1_651' title='bbox 2805 3287 3121 3354; x_wconf 85' lang='lat' dir='ltr'><strong>quicunque</strong></span> <span class='ocrx_word' id='word_1_652' title='bbox 3164 3288 3428 3341; x_wconf 87' lang='lat' dir='ltr'><strong>adversus</strong></span> <span class='ocrx_word' id='word_1_653' title='bbox 3457 3304 3543 3342; x_wconf 41' lang='lat' dir='ltr'><strong>ea.</strong></span> 
     </span>
    </p>
   </div>
   <div class='ocr_carea' id='block_1_91' title="bbox 1977 3376 3548 3445">
    <p class='ocr_par' dir='ltr' id='par_1_91' title="bbox 1977 3376 3548 3445">
     <span class='ocr_line' id='line_1_91' title="bbox 1977 3376 3548 3445; baseline 0.001 -15"><span class='ocrx_word' id='word_1_654' title='bbox 1977 3392 2071 3430; x_wconf 85' lang='lat' dir='ltr'><strong>sus</strong></span> <span class='ocrx_word' id='word_1_655' title='bbox 2106 3377 2432 3445; x_wconf 82' lang='lat' dir='ltr'><strong>participare</strong></span> <span class='ocrx_word' id='word_1_656' title='bbox 2467 3391 2678 3429; x_wconf 80' lang='lat' dir='ltr'><strong>mecum</strong></span> <span class='ocrx_word' id='word_1_657' title='bbox 2721 3376 2957 3429; x_wconf 89' lang='lat' dir='ltr'><strong>voluerit</strong></span> <span class='ocrx_word' id='word_1_658' title='bbox 2987 3394 3001 3442; x_wconf 89' lang='lat'><strong>;</strong></span> <span class='ocrx_word' id='word_1_659' title='bbox 3042 3380 3223 3431; x_wconf 73' lang='lat' dir='ltr'><strong>czcteri</strong></span> <span class='ocrx_word' id='word_1_660' title='bbox 3255 3380 3423 3433; x_wconf 85' lang='lat' dir='ltr'><strong>salvis</strong></span> <span class='ocrx_word' id='word_1_661' title='bbox 3452 3395 3548 3432; x_wconf 83' lang='lat' dir='ltr'><strong>na-</strong></span> 
     </span>
    </p>
   </div>
   <div class='ocr_carea' id='block_1_92' title="bbox 1973 3468 3551 3537">
    <p class='ocr_par' dir='ltr' id='par_1_92' title="bbox 1973 3468 3551 3537">
     <span class='ocr_line' id='line_1_92' title="bbox 1973 3468 3551 3537; baseline 0.003 -17"><span class='ocrx_word' id='word_1_662' title='bbox 1973 3471 2135 3521; x_wconf 72' lang='lat' dir='ltr'><strong>vibus</strong></span> <span class='ocrx_word' id='word_1_663' title='bbox 2183 3469 2327 3534; x_wconf 80' lang='lat' dir='ltr'><strong>quod</strong></span> <span class='ocrx_word' id='word_1_664' title='bbox 2365 3468 2651 3535; x_wconf 77' lang='lat' dir='ltr'><strong>placuerit,</strong></span> <span class='ocrx_word' id='word_1_665' title='bbox 2684 3479 2737 3522; x_wconf 89' lang='lat' dir='ltr'><strong>et</strong></span> <span class='ocrx_word' id='word_1_666' title='bbox 2778 3486 2843 3523; x_wconf 83' lang='lat' dir='ltr'><strong>ex</strong></span> <span class='ocrx_word' id='word_1_667' title='bbox 2895 3485 2995 3522; x_wconf 88' lang='lat' dir='ltr'><strong>usu</strong></span> <span class='ocrx_word' id='word_1_668' title='bbox 3043 3470 3433 3537; x_wconf 71' lang='lat' dir='ltr'><strong>iudicaverint,</strong></span> <span class='ocrx_word' id='word_1_669' title='bbox 3470 3471 3551 3525; x_wconf 81' lang='lat' dir='ltr'><strong>fa-</strong></span> 
     </span>
    </p>
   </div>
   <div class='ocr_carea' id='block_1_93' title="bbox 1975 3562 3544 3631">
    <p class='ocr_par' dir='ltr' id='par_1_93' title="bbox 1975 3562 3544 3631">
     <span class='ocr_line' id='line_1_93' title="bbox 1975 3562 3544 3631; baseline 0.003 -17"><span class='ocrx_word' id='word_1_670' title='bbox 1975 3564 2109 3614; x_wconf 84' lang='lat' dir='ltr'><strong>ciant</strong></span> <span class='ocrx_word' id='word_1_671' title='bbox 2148 3565 2292 3615; x_wconf 68' lang='lat' dir='ltr'><strong>licet.</strong></span> <span class='ocrx_word' id='word_1_672' title='bbox 2344 3562 2433 3613; x_wconf 84' lang='lat' dir='ltr'><strong>Sic</strong></span> <span class='ocrx_word' id='word_1_673' title='bbox 2478 3562 2667 3615; x_wconf 78' lang='lat' dir='ltr'><strong>Persas</strong></span> <span class='ocrx_word' id='word_1_674' title='bbox 2718 3562 2991 3631; x_wconf 82' lang='lat' dir='ltr'><strong>primores</strong></span> <span class='ocrx_word' id='word_1_675' title='bbox 3026 3564 3225 3617; x_wconf 81' lang='lat' dir='ltr'><strong>all‘atus</strong></span> <span class='ocrx_word' id='word_1_676' title='bbox 3260 3564 3544 3625; x_wconf 83' lang='lat' dir='ltr'><strong>Atnurius.</strong></span> 
     </span>
    </p>
   </div>
   <div class='ocr_carea' id='block_1_94' title="bbox 1974 3652 3543 3721">
    <p class='ocr_par' dir='ltr' id='par_1_94' title="bbox 1974 3652 3543 3721">
     <span class='ocr_line' id='line_1_94' title="bbox 1974 3652 3543 3721; baseline 0.002 -15"><span class='ocrx_word' id='word_1_677' title='bbox 1974 3653 2132 3706; x_wconf 79' lang='lat' dir='ltr'><strong>ﬁdem</strong></span> <span class='ocrx_word' id='word_1_678' title='bbox 2167 3652 2295 3705; x_wconf 76' lang='lat' dir='ltr'><strong>fecit</strong></span> <span class='ocrx_word' id='word_1_679' title='bbox 2331 3668 2388 3704; x_wconf 85' lang='lat' dir='ltr'><strong>se</strong></span> <span class='ocrx_word' id='word_1_680' title='bbox 2427 3669 2642 3721; x_wconf 59' lang='lat' dir='ltr'><strong>arquttm</strong></span> <span class='ocrx_word' id='word_1_681' title='bbox 2696 3664 2753 3707; x_wconf 91' lang='lat' dir='ltr'><strong>et</strong></span> <span class='ocrx_word' id='word_1_682' title='bbox 2789 3653 2920 3707; x_wconf 82' lang='lat' dir='ltr'><strong>utile</strong></span> <span class='ocrx_word' id='word_1_683' title='bbox 2954 3655 3268 3708; x_wconf 89' lang='lat' dir='ltr'><strong>consulere.</strong></span> <span class='ocrx_word' id='word_1_684' title='bbox 3300 3657 3366 3709; x_wconf 80' lang='lat' dir='ltr'><strong>At</strong></span> <span class='ocrx_word' id='word_1_685' title='bbox 3397 3656 3543 3709; x_wconf 87' lang='lat' dir='ltr'><strong>enim</strong></span> 
     </span>
    </p>
   </div>
   <div class='ocr_carea' id='block_1_95' title="bbox 1971 3742 3543 3810">
    <p class='ocr_par' dir='ltr' id='par_1_95' title="bbox 1971 3742 3543 3810">
     <span class='ocr_line' id='line_1_95' title="bbox 1971 3742 3543 3810; baseline 0.002 -14"><span class='ocrx_word' id='word_1_686' title='bbox 1971 3760 2078 3796; x_wconf 89' lang='lat' dir='ltr'><strong>non</strong></span> <span class='ocrx_word' id='word_1_687' title='bbox 2116 3744 2238 3810; x_wconf 87' lang='lat' dir='ltr'><strong>plus</strong></span> <span class='ocrx_word' id='word_1_688' title='bbox 2264 3742 2539 3809; x_wconf 73' lang='lat' dir='ltr'><strong>sexaginta</strong></span> <span class='ocrx_word' id='word_1_689' title='bbox 2571 3743 2827 3795; x_wconf 85' lang='lat' dir='ltr'><strong>navarehi</strong></span> <span class='ocrx_word' id='word_1_690' title='bbox 2864 3759 2987 3797; x_wconf 90' lang='lat' dir='ltr'><strong>cum</strong></span> <span class='ocrx_word' id='word_1_691' title='bbox 3021 3745 3317 3800; x_wconf 83' lang='lat' dir='ltr'><strong>classiariis</strong></span> <span class='ocrx_word' id='word_1_692' title='bbox 3372 3750 3543 3799; x_wconf 84' lang='lat' dir='ltr'><strong>remi-</strong></span> 
     </span>
    </p>
   </div>
   <div class='ocr_carea' id='block_1_96' title="bbox 1972 3833 3546 3903">
    <p class='ocr_par' dir='ltr' id='par_1_96' title="bbox 1972 3833 3546 3903">
     <span class='ocr_line' id='line_1_96' title="bbox 1972 3833 3546 3903; baseline 0.003 -19"><span class='ocrx_word' id='word_1_693' title='bbox 1972 3833 2130 3903; x_wconf 75' lang='lat' dir='ltr'><strong>gibus</strong></span> <span class='ocrx_word' id='word_1_694' title='bbox 2166 3833 2239 3884; x_wconf 91' lang='lat' dir='ltr'><strong>illi</strong></span> <span class='ocrx_word' id='word_1_695' title='bbox 2290 3848 2347 3883; x_wconf 84' lang='lat' dir='ltr'><strong>se</strong></span> <span class='ocrx_word' id='word_1_696' title='bbox 2394 3834 2669 3886; x_wconf 84' lang='lat' dir='ltr'><strong>associare</strong></span> <span class='ocrx_word' id='word_1_697' title='bbox 2715 3833 3122 3901; x_wconf 86' lang='lat' dir='ltr'><strong>instituerunt;</strong></span> <span class='ocrx_word' id='word_1_698' title='bbox 3155 3836 3352 3903; x_wconf 84' lang='lat' dir='ltr'><strong>reliqui</strong></span> <span class='ocrx_word' id='word_1_699' title='bbox 3389 3837 3546 3891; x_wconf 87' lang='lat' dir='ltr'><strong>brevi</strong></span> 
     </span>
    </p>
   </div>
   <div class='ocr_carea' id='block_1_97' title="bbox 1972 3925 3549 3993">
    <p class='ocr_par' dir='ltr' id='par_1_97' title="bbox 1972 3925 3549 3993">
     <span class='ocr_line' id='line_1_97' title="bbox 1972 3925 3549 3993; baseline 0.003 -14"><span class='ocrx_word' id='word_1_700' title='bbox 1972 3927 2151 3991; x_wconf 83' lang='lat' dir='ltr'><strong>spatio</strong></span> <span class='ocrx_word' id='word_1_701' title='bbox 2195 3927 2283 3977; x_wconf 89' lang='lat' dir='ltr'><strong>ubi</strong></span> <span class='ocrx_word' id='word_1_702' title='bbox 2337 3934 2560 3977; x_wconf 86' lang='lat' dir='ltr'><strong>ventum</strong></span> <span class='ocrx_word' id='word_1_703' title='bbox 2597 3925 2894 3993; x_wconf 85' lang='lat' dir='ltr'><strong>propitium</strong></span> <span class='ocrx_word' id='word_1_704' title='bbox 2923 3936 3111 3981; x_wconf 87' lang='lat' dir='ltr'><strong>essent</strong></span> <span class='ocrx_word' id='word_1_705' title='bbox 3150 3929 3318 3991; x_wconf 90' lang='lat' dir='ltr'><strong>nacti,</strong></span> <span class='ocrx_word' id='word_1_706' title='bbox 3356 3930 3407 3982; x_wconf 92' lang='lat' dir='ltr'><strong>in</strong></span> <span class='ocrx_word' id='word_1_707' title='bbox 3438 3929 3549 3983; x_wconf 81' lang='lat' dir='ltr'><strong>Ma-</strong></span> 
     </span>
    </p>
   </div>
   <div class='ocr_carea' id='block_1_98' title="bbox 1971 4018 3546 4087">
    <p class='ocr_par' dir='ltr' id='par_1_98' title="bbox 1971 4018 3546 4087">
     <span class='ocr_line' id='line_1_98' title="bbox 1971 4018 3546 4087; baseline 0.002 -16"><span class='ocrx_word' id='word_1_708' title='bbox 1971 4018 2259 4071; x_wconf 85' lang='lat' dir='ltr'><strong>cedoniam</strong></span> <span class='ocrx_word' id='word_1_709' title='bbox 2300 4032 2519 4069; x_wconf 78' lang='lat' dir='ltr'><strong>rursum</strong></span> <span class='ocrx_word' id='word_1_710' title='bbox 2562 4018 2895 4082; x_wconf 88' lang='lat' dir='ltr'><strong>directuros,</strong></span> <span class='ocrx_word' id='word_1_711' title='bbox 2942 4034 3273 4087; x_wconf 84' lang='lat' dir='ltr'><strong>rursumque</strong></span> <span class='ocrx_word' id='word_1_712' title='bbox 3321 4035 3443 4073; x_wconf 93' lang='lat' dir='ltr'><strong>cum</strong></span> <span class='ocrx_word' id='word_1_713' title='bbox 3480 4037 3546 4075; x_wconf 86' lang='lat' dir='ltr'><strong>eo</strong></span> 
     </span>
    </p>
   </div>
   <div class='ocr_carea' id='block_1_99' title="bbox 1972 4108 3548 4176">
    <p class='ocr_par' dir='ltr' id='par_1_99' title="bbox 1972 4108 3548 4176">
     <span class='ocr_line' id='line_1_99' title="bbox 1972 4108 3548 4176; baseline 0.003 -16"><span class='ocrx_word' id='word_1_714' title='bbox 1972 4108 2185 4160; x_wconf 76' lang='lat' dir='ltr'><strong>funiros</strong></span> <span class='ocrx_word' id='word_1_715' title='bbox 2238 4119 2642 4161; x_wconf 62' lang='lat' dir='ltr'><strong>assist&#39;erarunt.</strong></span> <span class='ocrx_word' id='word_1_716' title='bbox 2681 4109 2973 4176; x_wconf 80' lang='lat' dir='ltr'><strong>Postquam</strong></span> <span class='ocrx_word' id='word_1_717' title='bbox 3026 4110 3171 4163; x_wconf 91' lang='lat' dir='ltr'><strong>inter</strong></span> <span class='ocrx_word' id='word_1_718' title='bbox 3220 4111 3345 4165; x_wconf 91' lang='lat' dir='ltr'><strong>illos</strong></span> <span class='ocrx_word' id='word_1_719' title='bbox 3398 4126 3548 4164; x_wconf 92' lang='lat' dir='ltr'><strong>com-</strong></span> 
     </span>
    </p>
   </div>
   <div class='ocr_carea' id='block_1_100' title="bbox 1972 4200 3545 4259">
    <p class='ocr_par' dir='ltr' id='par_1_100' title="bbox 1972 4200 3545 4259">
     <span class='ocr_line' id='line_1_100' title="bbox 1972 4200 3545 4259; baseline 0.003 -6"><span class='ocrx_word' id='word_1_720' title='bbox 1972 4200 2210 4254; x_wconf 85' lang='lat' dir='ltr'><strong>muniter</strong></span> <span class='ocrx_word' id='word_1_721' title='bbox 2254 4200 2324 4251; x_wconf 90' lang='lat' dir='ltr'><strong>ita</strong></span> <span class='ocrx_word' id='word_1_722' title='bbox 2360 4200 2639 4259; x_wconf 81' lang='lat' dir='ltr'><strong>convenit,</strong></span> <span class='ocrx_word' id='word_1_723' title='bbox 2673 4216 2738 4254; x_wconf 77' lang='lat' dir='ltr'><strong>ex</strong></span> <span class='ocrx_word' id='word_1_724' title='bbox 2792 4202 2998 4255; x_wconf 64' lang='lat' dir='ltr'><strong>Euboea</strong></span> <span class='ocrx_word' id='word_1_725' title='bbox 3047 4202 3111 4255; x_wconf 89' lang='lat' dir='ltr'><strong>ad</strong></span> <span class='ocrx_word' id='word_1_726' title='bbox 3172 4203 3419 4258; x_wconf 85' lang='lat' dir='ltr'><strong>Locridis</strong></span> <span class='ocrx_word' id='word_1_727' title='bbox 3459 4204 3545 4257; x_wconf 82' lang='lat' dir='ltr'><strong>lit-</strong></span> 
     </span>
    </p>
   </div>
   <div class='ocr_carea' id='block_1_101' title="bbox 1974 4291 3548 4362">
    <p class='ocr_par' dir='ltr' id='par_1_101' title="bbox 1974 4291 3548 4362">
     <span class='ocr_line' id='line_1_101' title="bbox 1974 4291 3548 4362; baseline 0.003 -17"><span class='ocrx_word' id='word_1_728' title='bbox 1974 4304 2089 4345; x_wconf 89' lang='lat' dir='ltr'><strong>tora</strong></span> <span class='ocrx_word' id='word_1_729' title='bbox 2133 4291 2321 4352; x_wconf 89' lang='lat' dir='ltr'><strong>delati,</strong></span> <span class='ocrx_word' id='word_1_730' title='bbox 2365 4291 2453 4343; x_wconf 86' lang='lat' dir='ltr'><strong>alii</strong></span> <span class='ocrx_word' id='word_1_731' title='bbox 2488 4292 2541 4345; x_wconf 90' lang='lat' dir='ltr'><strong>in</strong></span> <span class='ocrx_word' id='word_1_732' title='bbox 2594 4292 2827 4347; x_wconf 81' lang='lat' dir='ltr'><strong>navibus</strong></span> <span class='ocrx_word' id='word_1_733' title='bbox 2872 4306 3313 4362; x_wconf 81' lang='lat' dir='ltr'><strong>permanserunt,</strong></span> <span class='ocrx_word' id='word_1_734' title='bbox 3378 4296 3548 4349; x_wconf 81' lang='lat' dir='ltr'><strong>Amu-</strong></span> 
     </span>
    </p>
   </div>
   <div class='ocr_carea' id='block_1_102' title="bbox 1970 4383 3544 4455">
    <p class='ocr_par' dir='ltr' id='par_1_102' title="bbox 1970 4383 3544 4455">
     <span class='ocr_line' id='line_1_102' title="bbox 1970 4383 3544 4455; baseline 0.004 -19"><span class='ocrx_word' id='word_1_735' title='bbox 1970 4384 2087 4436; x_wconf 89' lang='lat' dir='ltr'><strong>rius</strong></span> <span class='ocrx_word' id='word_1_736' title='bbox 2115 4391 2322 4440; x_wconf 88' lang='lat' dir='ltr'><strong>autem,</strong></span> <span class='ocrx_word' id='word_1_737' title='bbox 2357 4391 2412 4435; x_wconf 90' lang='lat' dir='ltr'><strong>et</strong></span> <span class='ocrx_word' id='word_1_738' title='bbox 2443 4383 2721 4451; x_wconf 80' lang='lat' dir='ltr'><strong>sexaginta</strong></span> <span class='ocrx_word' id='word_1_739' title='bbox 2749 4384 3031 4447; x_wconf 80' lang='lat' dir='ltr'><strong>navarelii,</strong></span> <span class='ocrx_word' id='word_1_740' title='bbox 3067 4401 3205 4455; x_wconf 87' lang='lat' dir='ltr'><strong>quos</strong></span> <span class='ocrx_word' id='word_1_741' title='bbox 3238 4389 3370 4440; x_wconf 68' lang='lat' dir='ltr'><strong>tanti</strong></span> <span class='ocrx_word' id='word_1_742' title='bbox 3413 4388 3544 4442; x_wconf 82' lang='lat' dir='ltr'><strong>faei-</strong></span> 
     </span>
    </p>
   </div>
   <div class='ocr_carea' id='block_1_103' title="bbox 1970 4473 3545 4545">
    <p class='ocr_par' dir='ltr' id='par_1_103' title="bbox 1970 4473 3545 4545">
     <span class='ocr_line' id='line_1_103' title="bbox 1970 4473 3545 4545; baseline 0.003 -18"><span class='ocrx_word' id='word_1_743' title='bbox 1970 4475 2123 4527; x_wconf 85' lang='lat' dir='ltr'><strong>noris</strong></span> <span class='ocrx_word' id='word_1_744' title='bbox 2158 4486 2441 4527; x_wconf 81' lang='lat' dir='ltr'><strong>consortes</strong></span> <span class='ocrx_word' id='word_1_745' title='bbox 2484 4473 2559 4526; x_wconf 91' lang='lat' dir='ltr'><strong>illi</strong></span> <span class='ocrx_word' id='word_1_746' title='bbox 2604 4490 2723 4529; x_wconf 84' lang='lat' dir='ltr'><strong>esse</strong></span> <span class='ocrx_word' id='word_1_747' title='bbox 2757 4476 3071 4545; x_wconf 87' lang='lat' dir='ltr'><strong>oportebat,</strong></span> <span class='ocrx_word' id='word_1_748' title='bbox 3103 4477 3391 4534; x_wconf 85' lang='lat' dir='ltr'><strong>subductis</strong></span> <span class='ocrx_word' id='word_1_749' title='bbox 3442 4496 3545 4533; x_wconf 87' lang='lat' dir='ltr'><strong>na—</strong></span> 
     </span>
    </p>
   </div>
   <div class='ocr_carea' id='block_1_104' title="bbox 1969 4560 3540 4637">
    <p class='ocr_par' dir='ltr' id='par_1_104' title="bbox 1969 4560 3540 4637">
     <span class='ocr_line' id='line_1_104' title="bbox 1969 4560 3540 4637; baseline 0.003 -18"><span class='ocrx_word' id='word_1_750' title='bbox 1969 4560 2128 4635; x_wconf 58' lang='lat' dir='ltr'><strong>vigiis</strong></span> <span class='ocrx_word' id='word_1_751' title='bbox 2168 4577 2224 4619; x_wconf 89' lang='lat' dir='ltr'><strong>et</strong></span> <span class='ocrx_word' id='word_1_752' title='bbox 2250 4566 2419 4619; x_wconf 86' lang='lat' dir='ltr'><strong>armis</strong></span> <span class='ocrx_word' id='word_1_753' title='bbox 2464 4567 2778 4635; x_wconf 88' lang='lat' dir='ltr'><strong>assumptis,</strong></span> <span class='ocrx_word' id='word_1_754' title='bbox 2816 4576 3238 4637; x_wconf 87' lang='lat' dir='ltr'><strong>commeatuque</strong></span> <span class='ocrx_word' id='word_1_755' title='bbox 3293 4572 3346 4623; x_wconf 91' lang='lat' dir='ltr'><strong>in</strong></span> <span class='ocrx_word' id='word_1_756' title='bbox 3399 4571 3540 4624; x_wconf 88' lang='lat' dir='ltr'><strong>viam</strong></span> 
     </span>
    </p>
   </div>
   <div class='ocr_carea' id='block_1_105' title="bbox 1966 4658 3542 4728">
    <p class='ocr_par' dir='ltr' id='par_1_105' title="bbox 1966 4658 3542 4728">
     <span class='ocr_line' id='line_1_105' title="bbox 1966 4658 3542 4728; baseline 0.003 -16"><span class='ocrx_word' id='word_1_757' title='bbox 1966 4660 2312 4727; x_wconf 90' lang='lat' dir='ltr'><strong>deprompto,</strong></span> <span class='ocrx_word' id='word_1_758' title='bbox 2376 4658 2526 4726; x_wconf 73' lang='lat' dir='ltr'><strong>juxta</strong></span> <span class='ocrx_word' id='word_1_759' title='bbox 2594 4660 2746 4713; x_wconf 89' lang='lat' dir='ltr'><strong>littus</strong></span> <span class='ocrx_word' id='word_1_760' title='bbox 2805 4670 3223 4728; x_wconf 88' lang='lat' dir='ltr'><strong>pernoctarunt,</strong></span> <span class='ocrx_word' id='word_1_761' title='bbox 3270 4671 3329 4716; x_wconf 90' lang='lat' dir='ltr'><strong>ut</strong></span> <span class='ocrx_word' id='word_1_762' title='bbox 3382 4678 3542 4717; x_wconf 86' lang='lat' dir='ltr'><strong>mane</strong></span> 
     </span>
    </p>
   </div>
   <div class='ocr_carea' id='block_1_106' title="bbox 1965 4752 3541 4824">
    <p class='ocr_par' dir='ltr' id='par_1_106' title="bbox 1965 4752 3541 4824">
     <span class='ocr_line' id='line_1_106' title="bbox 1965 4752 3541 4824; baseline 0.004 -18"><span class='ocrx_word' id='word_1_763' title='bbox 1965 4754 2173 4806; x_wconf 75' lang='lat' dir='ltr'><strong>exustis</strong></span> <span class='ocrx_word' id='word_1_764' title='bbox 2222 4753 2329 4805; x_wconf 87' lang='lat' dir='ltr'><strong>illis</strong></span> <span class='ocrx_word' id='word_1_765' title='bbox 2390 4752 2704 4807; x_wconf 77' lang='lat' dir='ltr'><strong>Berrhmam</strong></span> <span class='ocrx_word' id='word_1_766' title='bbox 2764 4754 2868 4807; x_wconf 88' lang='lat' dir='ltr'><strong>iter</strong></span> <span class='ocrx_word' id='word_1_767' title='bbox 2934 4767 3310 4824; x_wconf 87' lang='lat' dir='ltr'><strong>capesserent.</strong></span> <span class='ocrx_word' id='word_1_768' title='bbox 3370 4758 3541 4813; x_wconf 86' lang='lat' dir='ltr'><strong>Nocte</strong></span> 
     </span>
    </p>
   </div>
   <div class='ocr_carea' id='block_1_107' title="bbox 1968 4844 3535 4913">
    <p class='ocr_par' dir='ltr' id='par_1_107' title="bbox 1968 4844 3535 4913">
     <span class='ocr_line' id='line_1_107' title="bbox 1968 4844 3535 4913; baseline 0.006 -19"><span class='ocrx_word' id='word_1_769' title='bbox 1968 4859 2130 4912; x_wconf 86' lang='lat' dir='ltr'><strong>porro</strong></span> <span class='ocrx_word' id='word_1_770' title='bbox 2179 4844 2288 4907; x_wconf 87' lang='lat' dir='ltr'><strong>illa,</strong></span> <span class='ocrx_word' id='word_1_771' title='bbox 2322 4859 2444 4896; x_wconf 92' lang='lat' dir='ltr'><strong>cum</strong></span> <span class='ocrx_word' id='word_1_772' title='bbox 2488 4844 2632 4896; x_wconf 84' lang='lat' dir='ltr'><strong>venti</strong></span> <span class='ocrx_word' id='word_1_773' title='bbox 2682 4845 2958 4899; x_wconf 87' lang='lat' dir='ltr'><strong>luctantes</strong></span> <span class='ocrx_word' id='word_1_774' title='bbox 3006 4848 3332 4913; x_wconf 85' lang='lat' dir='ltr'><strong>cessissent,</strong></span> <span class='ocrx_word' id='word_1_775' title='bbox 3363 4860 3419 4903; x_wconf 89' lang='lat' dir='ltr'><strong>et</strong></span> <span class='ocrx_word' id='word_1_776' title='bbox 3454 4865 3535 4903; x_wconf 89' lang='lat' dir='ltr'><strong>se-</strong></span> 
     </span>
    </p>
   </div>
   <div class='ocr_carea' id='block_1_108' title="bbox 1965 4934 3540 5005">
    <p class='ocr_par' dir='ltr' id='par_1_108' title="bbox 1965 4934 3540 5005">
     <span class='ocr_line' id='line_1_108' title="bbox 1965 4934 3540 5005; baseline 0.003 -15"><span class='ocrx_word' id='word_1_777' title='bbox 1965 4935 2130 4990; x_wconf 90' lang='lat' dir='ltr'><strong>cundi</strong></span> <span class='ocrx_word' id='word_1_778' title='bbox 2160 4934 2454 5002; x_wconf 88' lang='lat' dir='ltr'><strong>spirarent,</strong></span> <span class='ocrx_word' id='word_1_779' title='bbox 2481 4934 2734 4989; x_wconf 85' lang='lat' dir='ltr'><strong>deductis</strong></span> <span class='ocrx_word' id='word_1_780' title='bbox 2770 4935 2972 4997; x_wconf 90' lang='lat' dir='ltr'><strong>denuo,</strong></span> <span class='ocrx_word' id='word_1_781' title='bbox 3000 4954 3136 5005; x_wconf 90' lang='lat' dir='ltr'><strong>quas</strong></span> <span class='ocrx_word' id='word_1_782' title='bbox 3164 4941 3540 4995; x_wconf 76' lang='lat' dir='ltr'><strong>subduxerunt</strong></span> 
     </span>
    </p>
   </div>
   <div class='ocr_carea' id='block_1_109' title="bbox 1966 5024 3537 5099">
    <p class='ocr_par' dir='ltr' id='par_1_109' title="bbox 1966 5024 3537 5099">
     <span class='ocr_line' id='line_1_109' title="bbox 1966 5024 3537 5099; baseline 0.004 -20"><span class='ocrx_word' id='word_1_783' title='bbox 1966 5026 2220 5090; x_wconf 84' lang='lat' dir='ltr'><strong>navibus,</strong></span> <span class='ocrx_word' id='word_1_784' title='bbox 2246 5036 2300 5077; x_wconf 90' lang='lat' dir='ltr'><strong>et</strong></span> <span class='ocrx_word' id='word_1_785' title='bbox 2320 5024 2551 5078; x_wconf 85' lang='lat' dir='ltr'><strong>sublatis</strong></span> <span class='ocrx_word' id='word_1_786' title='bbox 2568 5026 2721 5088; x_wconf 85' lang='lat' dir='ltr'><strong>velis,</strong></span> <span class='ocrx_word' id='word_1_787' title='bbox 2747 5041 2938 5081; x_wconf 90' lang='lat' dir='ltr'><strong>omnes</strong></span> <span class='ocrx_word' id='word_1_788' title='bbox 2963 5030 3124 5081; x_wconf 88' lang='lat' dir='ltr'><strong>simul</strong></span> <span class='ocrx_word' id='word_1_789' title='bbox 3145 5031 3233 5083; x_wconf 90' lang='lat' dir='ltr'><strong>die</strong></span> <span class='ocrx_word' id='word_1_790' title='bbox 3264 5034 3537 5099; x_wconf 83' lang='lat' dir='ltr'><strong>sequenti,</strong></span> 
     </span>
    </p>
   </div>
   <div class='ocr_carea' id='block_1_110' title="bbox 1967 5118 3533 5191">
    <p class='ocr_par' dir='ltr' id='par_1_110' title="bbox 1967 5118 3533 5191">
     <span class='ocr_line' id='line_1_110' title="bbox 1967 5118 3533 5191; baseline 0.005 -24"><span class='ocrx_word' id='word_1_791' title='bbox 1967 5127 2184 5186; x_wconf 84' lang='lat' dir='ltr'><strong>portum</strong></span> <span class='ocrx_word' id='word_1_792' title='bbox 2243 5132 2350 5169; x_wconf 91' lang='lat' dir='ltr'><strong>non</strong></span> <span class='ocrx_word' id='word_1_793' title='bbox 2388 5118 2577 5185; x_wconf 91' lang='lat' dir='ltr'><strong>procul</strong></span> <span class='ocrx_word' id='word_1_794' title='bbox 2609 5118 2999 5173; x_wconf 81' lang='lat' dir='ltr'><strong>Thessalonica</strong></span> <span class='ocrx_word' id='word_1_795' title='bbox 3047 5120 3270 5190; x_wconf 87' lang='lat' dir='ltr'><strong>Clopam</strong></span> <span class='ocrx_word' id='word_1_796' title='bbox 3300 5124 3533 5191; x_wconf 72' lang='lat' dir='ltr'><strong>appella-</strong></span> 
     </span>
    </p>
   </div>
   <div class='ocr_carea' id='block_1_111' title="bbox 1968 5208 3536 5279">
    <p class='ocr_par' dir='ltr' id='par_1_111' title="bbox 1968 5208 3536 5279">
     <span class='ocr_line' id='line_1_111' title="bbox 1968 5208 3536 5279; baseline 0.003 -20"><span class='ocrx_word' id='word_1_797' title='bbox 1968 5216 2107 5273; x_wconf 84' lang='lat' dir='ltr'><strong>tum,</strong></span> <span class='ocrx_word' id='word_1_798' title='bbox 2186 5215 2501 5268; x_wconf 89' lang='lat' dir='ltr'><strong>tenuerunt,</strong></span> <span class='ocrx_word' id='word_1_799' title='bbox 2554 5208 2750 5276; x_wconf 87' lang='lat' dir='ltr'><strong>partim</strong></span> <span class='ocrx_word' id='word_1_800' title='bbox 2810 5208 2957 5275; x_wconf 87' lang='lat' dir='ltr'><strong>quod</strong></span> <span class='ocrx_word' id='word_1_801' title='bbox 3017 5225 3270 5279; x_wconf 78' lang='lat' dir='ltr'><strong>magnum</strong></span> <span class='ocrx_word' id='word_1_802' title='bbox 3343 5212 3536 5267; x_wconf 91' lang='lat' dir='ltr'><strong>ducem</strong></span> 
     </span>
    </p>
   </div>
   <div class='ocr_carea' id='block_1_112' title="bbox 1969 5302 3537 5374">
    <p class='ocr_par' dir='ltr' id='par_1_112' title="bbox 1969 5302 3537 5374">
     <span class='ocr_line' id='line_1_112' title="bbox 1969 5302 3537 5374; baseline 0.002 -17"><span class='ocrx_word' id='word_1_803' title='bbox 1969 5303 2373 5357; x_wconf 73' lang='lat' dir='ltr'><strong>Thessalonica:</strong></span> <span class='ocrx_word' id='word_1_804' title='bbox 2398 5304 2595 5372; x_wconf 72' lang='lat' dir='ltr'><strong>degere</strong></span> <span class='ocrx_word' id='word_1_805' title='bbox 2618 5302 3043 5365; x_wconf 87' lang='lat' dir='ltr'><strong>arbitrarentur,</strong></span> <span class='ocrx_word' id='word_1_806' title='bbox 3077 5306 3387 5374; x_wconf 84' lang='lat' dir='ltr'><strong>vellentque</strong></span> <span class='ocrx_word' id='word_1_807' title='bbox 3412 5324 3537 5361; x_wconf 91' lang='lat' dir='ltr'><strong>cum</strong></span> 
     </span>
    </p>
   </div>
   <div class='ocr_carea' id='block_1_113' title="bbox 1967 5393 3538 5465">
    <p class='ocr_par' dir='ltr' id='par_1_113' title="bbox 1967 5393 3538 5465">
     <span class='ocr_line' id='line_1_113' title="bbox 1967 5393 3538 5465; baseline 0.002 -17"><span class='ocrx_word' id='word_1_808' title='bbox 1967 5409 2056 5457; x_wconf 88' lang='lat' dir='ltr'><strong>eo,</strong></span> <span class='ocrx_word' id='word_1_809' title='bbox 2114 5393 2157 5447; x_wconf 91' lang='lat' dir='ltr'><strong>si</strong></span> <span class='ocrx_word' id='word_1_810' title='bbox 2217 5401 2462 5462; x_wconf 84' lang='lat' dir='ltr'><strong>possent,</strong></span> <span class='ocrx_word' id='word_1_811' title='bbox 2511 5394 2702 5447; x_wconf 89' lang='lat' dir='ltr'><strong>navale</strong></span> <span class='ocrx_word' id='word_1_812' title='bbox 2748 5395 2994 5461; x_wconf 68' lang='lat' dir='ltr'><strong>praelium</strong></span> <span class='ocrx_word' id='word_1_813' title='bbox 3040 5396 3292 5459; x_wconf 84' lang='lat' dir='ltr'><strong>miscere,</strong></span> <span class='ocrx_word' id='word_1_814' title='bbox 3339 5401 3538 5465; x_wconf 69' lang='lat' dir='ltr'><strong>partim</strong></span> 
     </span>
    </p>
   </div>
   <div class='ocr_carea' id='block_1_114' title="bbox 1969 5486 3541 5556">
    <p class='ocr_par' dir='ltr' id='par_1_114' title="bbox 1969 5486 3541 5556">
     <span class='ocr_line' id='line_1_114' title="bbox 1969 5486 3541 5556; baseline 0.001 -17"><span class='ocrx_word' id='word_1_815' title='bbox 1969 5486 2114 5556; x_wconf 91' lang='lat' dir='ltr'><strong>quod</strong></span> <span class='ocrx_word' id='word_1_816' title='bbox 2161 5490 2391 5539; x_wconf 88' lang='lat' dir='ltr'><strong>adversa</strong></span> <span class='ocrx_word' id='word_1_817' title='bbox 2442 5504 2535 5539; x_wconf 82' lang='lat' dir='ltr'><strong>ora</strong></span> <span class='ocrx_word' id='word_1_818' title='bbox 2582 5487 2796 5539; x_wconf 70' lang='lat' dir='ltr'><strong>Betim:</strong></span> <span class='ocrx_word' id='word_1_819' title='bbox 2843 5487 3183 5554; x_wconf 88' lang='lat' dir='ltr'><strong>importuosa</strong></span> <span class='ocrx_word' id='word_1_820' title='bbox 3228 5497 3391 5550; x_wconf 79' lang='lat' dir='ltr'><strong>esset,</strong></span> <span class='ocrx_word' id='word_1_821' title='bbox 3424 5500 3541 5541; x_wconf 73' lang='lat' dir='ltr'><strong>tau-</strong></span> 
     </span>
    </p>
   </div>
   <div class='ocr_carea' id='block_1_115' title="bbox 1970 5576 3428 5646">
    <p class='ocr_par' dir='ltr' id='par_1_115' title="bbox 1970 5576 3428 5646">
     <span class='ocr_line' id='line_1_115' title="bbox 1970 5576 3428 5646; baseline -0.001 -16"><span class='ocrx_word' id='word_1_822' title='bbox 1970 5587 2193 5646; x_wconf 83' lang='lat' dir='ltr'><strong>tantque</strong></span> <span class='ocrx_word' id='word_1_823' title='bbox 2234 5577 2469 5630; x_wconf 87' lang='lat' dir='ltr'><strong>classem</strong></span> <span class='ocrx_word' id='word_1_824' title='bbox 2497 5576 2689 5628; x_wconf 88' lang='lat' dir='ltr'><strong>eodem</strong></span> <span class='ocrx_word' id='word_1_825' title='bbox 2723 5578 2842 5628; x_wconf 77' lang='lat' dir='ltr'><strong>loco</strong></span> <span class='ocrx_word' id='word_1_826' title='bbox 2878 5576 3133 5643; x_wconf 81' lang='lat' dir='ltr'><strong>nequiret</strong></span> <span class='ocrx_word' id='word_1_827' title='bbox 3165 5576 3428 5644; x_wconf 86' lang='lat' dir='ltr'><strong>recipere.</strong></span> 
     </span>
    </p>
   </div>
   <div class='ocr_carea' id='block_1_116' title="bbox 288 5676 3545 5764">
    <p class='ocr_par' dir='ltr' id='par_1_116' title="bbox 288 5676 3545 5764">
     <span class='ocr_line' id='line_1_116' title="bbox 288 5676 3545 5764; baseline 0.008 -38"><span class='ocrx_word' id='word_1_828' title='bbox 288 5677 479 5737; x_wconf 78' lang='grc' dir='ltr'>πᾶσιν,</span> <span class='ocrx_word' id='word_1_829' title='bbox 508 5676 799 5743; x_wconf 73' lang='grc' dir='ltr'>ηὐλίσαντο</span> <span class='ocrx_word' id='word_1_830' title='bbox 827 5680 992 5733; x_wconf 81' lang='grc' dir='ltr'>αὑτοῦ</span> <span class='ocrx_word' id='word_1_831' title='bbox 1033 5683 1130 5750; x_wconf 78' lang='grc' dir='ltr'>τὴν</span> <span class='ocrx_word' id='word_1_832' title='bbox 1162 5684 1333 5736; x_wconf 79' lang='grc' dir='ltr'>νύκτα</span> <span class='ocrx_word' id='word_1_833' title='bbox 1400 5686 1554 5753; x_wconf 81' lang='grc' dir='ltr'>παρᾶ</span> <span class='ocrx_word' id='word_1_834' title='bbox 1592 5688 1685 5738; x_wconf 69' lang='grc' dir='ltr'><strong>τὸν</strong></span> <span class='ocrx_word' id='word_1_835' title='bbox 1744 5689 2029 5756; x_wconf 74' lang='grc' dir='ltr'>αίγιαλὸνο</span> <span class='ocrx_word' id='word_1_836' title='bbox 2092 5690 2167 5753; x_wconf 88' lang='grc' dir='ltr'>ὼς</span> <span class='ocrx_word' id='word_1_837' title='bbox 2224 5691 2341 5759; x_wconf 74' lang='grc' dir='ltr'>ἅμα</span> <span class='ocrx_word' id='word_1_838' title='bbox 2399 5689 2471 5740; x_wconf 82' lang='grc' dir='ltr'><strong>’ἐω</strong></span> <span class='ocrx_word' id='word_1_839' title='bbox 2497 5688 2596 5749; x_wconf 78' lang='grc' dir='ltr'><strong>τὰς</strong></span> <span class='ocrx_word' id='word_1_840' title='bbox 2645 5688 2775 5751; x_wconf 77' lang='grc' dir='ltr'><strong>ναῦς</strong></span> <span class='ocrx_word' id='word_1_841' title='bbox 2826 5690 3231 5758; x_wconf 78' lang='grc' dir='ltr'>ἐμπρήσαντες,</span> <span class='ocrx_word' id='word_1_842' title='bbox 3301 5693 3398 5757; x_wconf 74' lang='grc' dir='ltr'>τῆς</span> <span class='ocrx_word' id='word_1_843' title='bbox 3462 5691 3545 5764; x_wconf 65' lang='grc' dir='ltr'><strong>εἷς</strong></span> 
     </span>
    </p>
   </div>
   <div class='ocr_carea' id='block_1_117' title="bbox 282 5766 3537 5855">
    <p class='ocr_par' dir='ltr' id='par_1_117' title="bbox 282 5766 3537 5855">
     <span class='ocr_line' id='line_1_117' title="bbox 282 5766 3537 5855; baseline 0.005 -34"><span class='ocrx_word' id='word_1_844' title='bbox 282 5770 552 5835; x_wconf 74' lang='grc' dir='ltr'>Βέῥροιαν</span> <span class='ocrx_word' id='word_1_845' title='bbox 587 5766 817 5835; x_wconf 76' lang='grc' dir='ltr'>ἔχωνται</span> <span class='ocrx_word' id='word_1_846' title='bbox 854 5771 1146 5841; x_wconf 74' lang='grc' dir='ltr'>φερούσης·</span> <span class='ocrx_word' id='word_1_847' title='bbox 1183 5773 1293 5843; x_wconf 78' lang='grc' dir='ltr'><strong>Τῆς</strong></span> <span class='ocrx_word' id='word_1_848' title='bbox 1359 5779 1552 5839; x_wconf 81' lang='grc' dir='ltr'><strong>νυκτὸς</strong></span> <span class='ocrx_word' id='word_1_849' title='bbox 1591 5778 1648 5830; x_wconf 82' lang='grc' dir='ltr'>δὲ</span> <span class='ocrx_word' id='word_1_850' title='bbox 1678 5782 1893 5850; x_wconf 81' lang='grc' dir='ltr'>ἐκείνης</span> <span class='ocrx_word' id='word_1_851' title='bbox 1930 5785 2039 5836; x_wconf 87' lang='grc' dir='ltr'><strong>τῶν</strong></span> <span class='ocrx_word' id='word_1_852' title='bbox 2105 5784 2366 5836; x_wconf 78' lang='grc' dir='ltr'>ἐναντίων</span> <span class='ocrx_word' id='word_1_853' title='bbox 2426 5783 2754 5853; x_wconf 81' lang='grc' dir='ltr'>πνευμάτων</span> <span class='ocrx_word' id='word_1_854' title='bbox 2807 5785 3189 5850; x_wconf 76' lang='grc' dir='ltr'>παυσαμένων,</span> <span class='ocrx_word' id='word_1_855' title='bbox 3241 5784 3440 5855; x_wconf 74' lang='grc' dir='ltr'>ούρίων</span> <span class='ocrx_word' id='word_1_856' title='bbox 3480 5787 3537 5838; x_wconf 76' lang='grc' dir='ltr'><strong>δέ</strong></span> 
     </span>
    </p>
   </div>
   <div class='ocr_carea' id='block_1_118' title="bbox 286 5864 3031 5951">
    <p class='ocr_par' dir='ltr' id='par_1_118' title="bbox 286 5864 3031 5951">
     <span class='ocr_line' id='line_1_118' title="bbox 286 5864 3031 5951; baseline 0.005 -35"><span class='ocrx_word' id='word_1_857' title='bbox 286 5865 756 5930; x_wconf 56' lang='grc' dir='ltr'>ἐπιπλευσάντων,</span> <span class='ocrx_word' id='word_1_858' title='bbox 794 5864 887 5930; x_wconf 71' lang='grc' dir='ltr'><strong>τὰς</strong></span> <span class='ocrx_word' id='word_1_859' title='bbox 919 5864 1841 5945; x_wconf 44' lang='grc' dir='ltr'>ἀνειλγυσμὲνας.καθελκύσανῖες,</span> <span class='ocrx_word' id='word_1_860' title='bbox 1892 5881 1981 5932; x_wconf 66' lang='grc' dir='ltr'>καὶ</span> <span class='ocrx_word' id='word_1_861' title='bbox 2014 5881 2125 5951; x_wconf 71' lang='grc' dir='ltr'><strong>ἅμα</strong></span> <span class='ocrx_word' id='word_1_862' title='bbox 2197 5882 2393 5943; x_wconf 65' lang='grc' dir='ltr'>πάσαις</span> <span class='ocrx_word' id='word_1_863' title='bbox 2448 5881 2679 5947; x_wconf 57' lang='lat' dir='ltr'><strong>ipa-xu;</strong></span> <span class='ocrx_word' id='word_1_864' title='bbox 2736 5880 2901 5943; x_wconf 58' lang='grc' dir='ltr'>ἱστία,</span> <span class='ocrx_word' id='word_1_865' title='bbox 2957 5883 3031 5940; x_wconf 69' lang='grc' dir='ltr'><strong>είς</strong></span> 
     </span>
    </p>
   </div>
   <div class='ocr_carea' id='block_1_119' title="bbox 3102 5881 3536 5951">
    <p class='ocr_par' dir='ltr' id='par_1_119' title="bbox 3102 5881 3536 5951">
     <span class='ocr_line' id='line_1_119' title="bbox 3102 5881 3536 5951; baseline 0 -20"><span class='ocrx_word' id='word_1_866' title='bbox 3102 5881 3198 5947; x_wconf 70' lang='grc' dir='ltr'>τὴν</span> <span class='ocrx_word' id='word_1_867' title='bbox 3242 5884 3536 5951; x_wconf 64' lang='grc' dir='ltr'>ὑστεραίαν</span> 
     </span>
    </p>
   </div>
  </div>
