  <div class='ocr_page' id='page_1' title='image "/cluster/home/n/w/nwhite01/storage/ocr_20150623/153/nnc1.0046981039/547.png"; bbox 0 0 4166 6436; ppageno 0'>
   <div class='ocr_carea' id='block_1_1' title="bbox 661 405 799 470">
    <p class='ocr_par' dir='ltr' id='par_1_1' title="bbox 661 405 799 470">
     <span class='ocr_line' id='line_1_1' title="bbox 661 405 799 470; baseline -0.022 0"><span class='ocrx_word' id='word_1_1' title='bbox 661 405 799 470; x_wconf 60' lang='grc' dir='ltr'>ιοθι</span> 
     </span>
    </p>
   </div>
   <div class='ocr_carea' id='block_1_2' title="bbox 1845 397 2741 463">
    <p class='ocr_par' dir='ltr' id='par_1_2' title="bbox 1845 397 2741 463">
     <span class='ocr_line' id='line_1_2' title="bbox 1845 397 2741 463; baseline -0.007 0"><span class='ocrx_word' id='word_1_2' title='bbox 1845 399 2167 463; x_wconf 76' lang='lat' dir='ltr'><strong>JOANNIS</strong></span> <span class='ocrx_word' id='word_1_3' title='bbox 2209 397 2741 460; x_wconf 76' lang='lat' dir='ltr'><strong>CANTACUZENI</strong></span> 
     </span>
    </p>
   </div>
   <div class='ocr_carea' id='block_1_3' title="bbox 3785 385 3928 453">
    <p class='ocr_par' dir='ltr' id='par_1_3' title="bbox 3785 385 3928 453">
     <span class='ocr_line' id='line_1_3' title="bbox 3785 385 3928 453; baseline -0.035 0"><span class='ocrx_word' id='word_1_4' title='bbox 3785 385 3928 453; x_wconf 65' lang='lat' dir='ltr'><strong>338i.</strong></span> 
     </span>
    </p>
   </div>
   <div class='ocr_carea' id='block_1_4' title="bbox 661 499 2255 578">
    <p class='ocr_par' dir='ltr' id='par_1_4' title="bbox 661 511 2241 578">
     <span class='ocr_line' id='line_1_4' title="bbox 661 511 2241 578; baseline -0.001 -13"><span class='ocrx_word' id='word_1_5' title='bbox 661 513 879 566; x_wconf 82' lang='lat' dir='ltr'><strong>Brulam</strong></span> <span class='ocrx_word' id='word_1_6' title='bbox 913 527 943 568; x_wconf 92' lang='lat' dir='ltr'><strong>e</strong></span> <span class='ocrx_word' id='word_1_7' title='bbox 973 513 1247 570; x_wconf 78' lang='lat' dir='ltr'><strong>ministris</strong></span> <span class='ocrx_word' id='word_1_8' title='bbox 1277 513 1614 578; x_wconf 77' lang='lat' dir='ltr'><strong>domesticis,</strong></span> <span class='ocrx_word' id='word_1_9' title='bbox 1648 523 1702 568; x_wconf 93' lang='lat' dir='ltr'><strong>et</strong></span> <span class='ocrx_word' id='word_1_10' title='bbox 1733 511 2013 567; x_wconf 85' lang='lat' dir='ltr'><strong>Salatinen</strong></span> <span class='ocrx_word' id='word_1_11' title='bbox 2043 527 2073 565; x_wconf 94' lang='lat' dir='ltr'><strong>e</strong></span> <span class='ocrx_word' id='word_1_12' title='bbox 2106 511 2241 565; x_wconf 79' lang='lat' dir='ltr'><strong>Pcr-</strong></span> 
     </span>
    </p>
   </div>
   <div class='ocr_carea' id='block_1_5' title="bbox 2359 499 3930 578">
    <p class='ocr_par' dir='ltr' id='par_1_5' title="bbox 2359 499 3930 577">
     <span class='ocr_line' id='line_1_5' title="bbox 2359 499 3930 577; baseline -0.006 -15"><span class='ocrx_word' id='word_1_13' title='bbox 2359 508 2704 577; x_wconf 65' lang='grc' dir='ltr'><strong>ἐπολιόρκουν</strong></span> <span class='ocrx_word' id='word_1_14' title='bbox 2734 501 3456 573; x_wconf 71' lang='grc' dir='ltr'>ἐπιστρατοπεδευσᾶμενοι.</span> <span class='ocrx_word' id='word_1_15' title='bbox 3504 499 3829 571; x_wconf 80' lang='grc' dir='ltr'>Ἀϐδηρίται</span> <span class='ocrx_word' id='word_1_16' title='bbox 3877 500 3930 552; x_wconf 65' lang='grc' dir='ltr'>δὲ</span> 
     </span>
    </p>
   </div>
   <div class='ocr_carea' id='block_1_6' title="bbox 661 603 2235 675">
    <p class='ocr_par' dir='ltr' id='par_1_6' title="bbox 661 603 2235 675">
     <span class='ocr_line' id='line_1_6' title="bbox 661 603 2235 675; baseline 0.001 -19"><span class='ocrx_word' id='word_1_17' title='bbox 661 604 740 656; x_wconf 71' lang='lat' dir='ltr'><strong>sis</strong></span> <span class='ocrx_word' id='word_1_18' title='bbox 764 603 1082 672; x_wconf 74' lang='lat' dir='ltr'><strong>Byzantium</strong></span> <span class='ocrx_word' id='word_1_19' title='bbox 1115 606 1182 659; x_wconf 84' lang='lat' dir='ltr'><strong>ad</strong></span> <span class='ocrx_word' id='word_1_20' title='bbox 1217 607 1616 673; x_wconf 82' lang='lat' dir='ltr'><strong>imperatrieem</strong></span> <span class='ocrx_word' id='word_1_21' title='bbox 1663 606 1729 660; x_wconf 88' lang='lat' dir='ltr'><strong>de</strong></span> <span class='ocrx_word' id='word_1_22' title='bbox 1779 621 1910 675; x_wconf 82' lang='lat' dir='ltr'><strong>pace</strong></span> <span class='ocrx_word' id='word_1_23' title='bbox 1944 607 2102 674; x_wconf 79' lang='lat' dir='ltr'><strong>legat.</strong></span> <span class='ocrx_word' id='word_1_24' title='bbox 2159 607 2235 658; x_wconf 79' lang='lat' dir='ltr'><strong>Ac</strong></span> 
     </span>
    </p>
   </div>
   <div class='ocr_carea' id='block_1_7' title="bbox 663 695 2236 763">
    <p class='ocr_par' dir='ltr' id='par_1_7' title="bbox 663 695 2236 763">
     <span class='ocr_line' id='line_1_7' title="bbox 663 695 2236 763; baseline 0.003 -18"><span class='ocrx_word' id='word_1_25' title='bbox 663 695 900 761; x_wconf 69' lang='lat' dir='ltr'><strong>primum</strong></span> <span class='ocrx_word' id='word_1_26' title='bbox 939 697 1161 762; x_wconf 87' lang='lat' dir='ltr'><strong>quidem</strong></span> <span class='ocrx_word' id='word_1_27' title='bbox 1204 698 1371 749; x_wconf 87' lang='lat' dir='ltr'><strong>Deum</strong></span> <span class='ocrx_word' id='word_1_28' title='bbox 1408 705 1663 763; x_wconf 87' lang='lat' dir='ltr'><strong>testatur,</strong></span> <span class='ocrx_word' id='word_1_29' title='bbox 1701 715 1756 752; x_wconf 92' lang='lat' dir='ltr'><strong>se</strong></span> <span class='ocrx_word' id='word_1_30' title='bbox 1810 715 1916 752; x_wconf 90' lang='lat' dir='ltr'><strong>non</strong></span> <span class='ocrx_word' id='word_1_31' title='bbox 1951 699 2126 752; x_wconf 81' lang='lat' dir='ltr'><strong>Solum</strong></span> <span class='ocrx_word' id='word_1_32' title='bbox 2160 697 2236 750; x_wconf 89' lang='lat' dir='ltr'><strong>illi</strong></span> 
     </span>
    </p>
   </div>
   <div class='ocr_carea' id='block_1_8' title="bbox 665 788 2238 856">
    <p class='ocr_par' dir='ltr' id='par_1_8' title="bbox 665 788 2238 856">
     <span class='ocr_line' id='line_1_8' title="bbox 665 788 2238 856; baseline 0.004 -20"><span class='ocrx_word' id='word_1_33' title='bbox 665 796 757 837; x_wconf 86' lang='lat' dir='ltr'><strong>aut</strong></span> <span class='ocrx_word' id='word_1_34' title='bbox 791 788 902 841; x_wconf 74' lang='lat' dir='ltr'><strong>lilia</strong></span> <span class='ocrx_word' id='word_1_35' title='bbox 940 789 1253 856; x_wconf 79' lang='lat' dir='ltr'><strong>imperatori</strong></span> <span class='ocrx_word' id='word_1_36' title='bbox 1290 806 1396 844; x_wconf 92' lang='lat' dir='ltr'><strong>non</strong></span> <span class='ocrx_word' id='word_1_37' title='bbox 1432 791 1746 844; x_wconf 75' lang='lat' dir='ltr'><strong>insidiatum</strong></span> <span class='ocrx_word' id='word_1_38' title='bbox 1778 808 1858 853; x_wconf 87' lang='lat' dir='ltr'><strong>re,</strong></span> <span class='ocrx_word' id='word_1_39' title='bbox 1887 793 1980 845; x_wconf 82' lang='lat' dir='ltr'><strong>sed</strong></span> <span class='ocrx_word' id='word_1_40' title='bbox 2013 807 2113 845; x_wconf 88' lang='lat' dir='ltr'><strong>nec</strong></span> <span class='ocrx_word' id='word_1_41' title='bbox 2141 805 2238 843; x_wconf 89' lang='lat' dir='ltr'><strong>co-</strong></span> 
     </span>
    </p>
   </div>
   <div class='ocr_carea' id='block_1_9' title="bbox 667 877 2241 950">
    <p class='ocr_par' dir='ltr' id='par_1_9' title="bbox 667 877 2241 950">
     <span class='ocr_line' id='line_1_9' title="bbox 667 877 2241 950; baseline 0.008 -28"><span class='ocrx_word' id='word_1_42' title='bbox 667 877 932 942; x_wconf 72' lang='lat' dir='ltr'><strong>gitatione</strong></span> <span class='ocrx_word' id='word_1_43' title='bbox 967 886 1124 930; x_wconf 79' lang='lat' dir='ltr'><strong>tenus</strong></span> <span class='ocrx_word' id='word_1_44' title='bbox 1172 879 1224 931; x_wconf 90' lang='lat' dir='ltr'><strong>in</strong></span> <span class='ocrx_word' id='word_1_45' title='bbox 1260 897 1385 934; x_wconf 85' lang='lat' dir='ltr'><strong>eum</strong></span> <span class='ocrx_word' id='word_1_46' title='bbox 1416 883 1628 935; x_wconf 72' lang='lat' dir='ltr'><strong>collata:</strong></span> <span class='ocrx_word' id='word_1_47' title='bbox 1655 883 1890 950; x_wconf 84' lang='lat' dir='ltr'><strong>alicujus</strong></span> <span class='ocrx_word' id='word_1_48' title='bbox 1917 881 2241 935; x_wconf 79' lang='lat' dir='ltr'><strong>oﬂensionis</strong></span> 
     </span>
    </p>
   </div>
   <div class='ocr_carea' id='block_1_10' title="bbox 669 966 2245 1043">
    <p class='ocr_par' dir='ltr' id='par_1_10' title="bbox 669 966 2245 1043">
     <span class='ocr_line' id='line_1_10' title="bbox 669 966 2245 1043; baseline 0.009 -28"><span class='ocrx_word' id='word_1_49' title='bbox 669 966 773 1016; x_wconf 72' lang='lat' dir='ltr'><strong>sibi</strong></span> <span class='ocrx_word' id='word_1_50' title='bbox 825 982 946 1018; x_wconf 78' lang='lat' dir='ltr'><strong>esse</strong></span> <span class='ocrx_word' id='word_1_51' title='bbox 996 970 1301 1030; x_wconf 65' lang='lat' dir='ltr'><strong>conscium,</strong></span> <span class='ocrx_word' id='word_1_52' title='bbox 1336 989 1524 1026; x_wconf 83' lang='lat' dir='ltr'><strong>verum</strong></span> <span class='ocrx_word' id='word_1_53' title='bbox 1564 975 1731 1043; x_wconf 84' lang='lat' dir='ltr'><strong>ipsam</strong></span> <span class='ocrx_word' id='word_1_54' title='bbox 1765 991 1791 1026; x_wconf 73' lang='grc' dir='ltr'>τι</span> <span class='ocrx_word' id='word_1_55' title='bbox 1825 975 2245 1029; x_wconf 84' lang='lat' dir='ltr'><strong>calumniatori-</strong></span> 
     </span>
    </p>
   </div>
   <div class='ocr_carea' id='block_1_11' title="bbox 671 1058 2240 1143">
    <p class='ocr_par' dir='ltr' id='par_1_11' title="bbox 671 1058 2240 1143">
     <span class='ocr_line' id='line_1_11' title="bbox 671 1058 2240 1143; baseline 0.008 -34"><span class='ocrx_word' id='word_1_56' title='bbox 671 1058 795 1112; x_wconf 86' lang='lat' dir='ltr'><strong>bus.</strong></span> <span class='ocrx_word' id='word_1_57' title='bbox 851 1059 944 1126; x_wconf 90' lang='lat' dir='ltr'><strong>qui</strong></span> <span class='ocrx_word' id='word_1_58' title='bbox 995 1077 1172 1130; x_wconf 71' lang='lat' dir='ltr'><strong>neque</strong></span> <span class='ocrx_word' id='word_1_59' title='bbox 1224 1064 1444 1127; x_wconf 79' lang='lat' dir='ltr'><strong>facere,</strong></span> <span class='ocrx_word' id='word_1_60' title='bbox 1492 1081 1669 1134; x_wconf 87' lang='lat' dir='ltr'><strong>neque</strong></span> <span class='ocrx_word' id='word_1_61' title='bbox 1725 1065 1912 1143; x_wconf 68' lang='lat' dir='ltr'><strong>dicere</strong></span> <span class='ocrx_word' id='word_1_62' title='bbox 1939 1067 2240 1136; x_wconf 71' lang='lat' dir='ltr'><strong>quidquam</strong></span> 
     </span>
    </p>
   </div>
   <div class='ocr_carea' id='block_1_12' title="bbox 676 1152 2242 1221">
    <p class='ocr_par' dir='ltr' id='par_1_12' title="bbox 676 1152 2242 1221">
     <span class='ocr_line' id='line_1_12' title="bbox 676 1152 2242 1221; baseline 0.008 -21"><span class='ocrx_word' id='word_1_63' title='bbox 676 1152 912 1215; x_wconf 66' lang='lat' dir='ltr'><strong>[rubum</strong></span> <span class='ocrx_word' id='word_1_64' title='bbox 966 1167 1029 1206; x_wconf 84' lang='lat' dir='ltr'><strong>ac</strong></span> <span class='ocrx_word' id='word_1_65' title='bbox 1085 1156 1358 1208; x_wconf 80' lang='lat' dir='ltr'><strong>sincerum</strong></span> <span class='ocrx_word' id='word_1_66' title='bbox 1410 1158 1739 1210; x_wconf 57' lang='lat' dir='ltr'><strong>statuissent</strong></span> <span class='ocrx_word' id='word_1_67' title='bbox 1790 1160 2242 1221; x_wconf 75' lang='lat' dir='ltr'><strong>circumventam,</strong></span> 
     </span>
    </p>
   </div>
   <div class='ocr_carea' id='block_1_13' title="bbox 671 1239 2246 1314">
    <p class='ocr_par' dir='ltr' id='par_1_13' title="bbox 671 1239 2246 1314">
     <span class='ocr_line' id='line_1_13' title="bbox 671 1239 2246 1314; baseline 0.008 -26"><span class='ocrx_word' id='word_1_68' title='bbox 671 1239 774 1290; x_wconf 80' lang='lat' dir='ltr'><strong>hoc</strong></span> <span class='ocrx_word' id='word_1_69' title='bbox 804 1240 963 1292; x_wconf 89' lang='lat' dir='ltr'><strong>civile</strong></span> <span class='ocrx_word' id='word_1_70' title='bbox 1001 1240 1201 1293; x_wconf 65' lang='lat' dir='ltr'><strong>bellum</strong></span> <span class='ocrx_word' id='word_1_71' title='bbox 1239 1245 1587 1308; x_wconf 71' lang='lat' dir='ltr'><strong>excitavisse,</strong></span> <span class='ocrx_word' id='word_1_72' title='bbox 1623 1245 1768 1314; x_wconf 87' lang='lat' dir='ltr'><strong>qttod</strong></span> <span class='ocrx_word' id='word_1_73' title='bbox 1810 1246 2078 1300; x_wconf 82' lang='lat' dir='ltr'><strong>hactenus</strong></span> <span class='ocrx_word' id='word_1_74' title='bbox 2109 1248 2246 1300; x_wconf 86' lang='lat' dir='ltr'><strong>ntul-</strong></span> 
     </span>
    </p>
   </div>
   <div class='ocr_carea' id='block_1_14' title="bbox 673 1333 2244 1406">
    <p class='ocr_par' dir='ltr' id='par_1_14' title="bbox 673 1333 2244 1406">
     <span class='ocr_line' id='line_1_14' title="bbox 673 1333 2244 1406; baseline 0.009 -26"><span class='ocrx_word' id='word_1_75' title='bbox 673 1339 754 1380; x_wconf 78' lang='lat' dir='ltr'><strong>tas</strong></span> <span class='ocrx_word' id='word_1_76' title='bbox 805 1339 859 1381; x_wconf 86' lang='lat' dir='ltr'><strong>et</strong></span> <span class='ocrx_word' id='word_1_77' title='bbox 915 1346 1086 1384; x_wconf 65' lang='lat' dir='ltr'><strong>stevas</strong></span> <span class='ocrx_word' id='word_1_78' title='bbox 1141 1333 1328 1388; x_wconf 84' lang='lat' dir='ltr'><strong>clades</strong></span> <span class='ocrx_word' id='word_1_79' title='bbox 1357 1335 1618 1390; x_wconf 82' lang='lat' dir='ltr'><strong>Romanis</strong></span> <span class='ocrx_word' id='word_1_80' title='bbox 1669 1337 1993 1406; x_wconf 77' lang='lat' dir='ltr'><strong>peperisset,</strong></span> <span class='ocrx_word' id='word_1_81' title='bbox 2033 1350 2088 1393; x_wconf 89' lang='lat' dir='ltr'><strong>et</strong></span> <span class='ocrx_word' id='word_1_82' title='bbox 2138 1341 2244 1394; x_wconf 83' lang='lat' dir='ltr'><strong>nisi</strong></span> 
     </span>
    </p>
   </div>
   <div class='ocr_carea' id='block_1_15' title="bbox 673 1420 2242 1500">
    <p class='ocr_par' dir='ltr' id='par_1_15' title="bbox 673 1420 2242 1500">
     <span class='ocr_line' id='line_1_15' title="bbox 673 1420 2242 1500; baseline 0.011 -30"><span class='ocrx_word' id='word_1_83' title='bbox 673 1420 743 1473; x_wconf 86' lang='lat' dir='ltr'><strong>tiu</strong></span> <span class='ocrx_word' id='word_1_84' title='bbox 773 1432 942 1482; x_wconf 84' lang='lat' dir='ltr'><strong>retur,</strong></span> <span class='ocrx_word' id='word_1_85' title='bbox 981 1425 1236 1479; x_wconf 66' lang='lat' dir='ltr'><strong>sreviores</strong></span> <span class='ocrx_word' id='word_1_86' title='bbox 1282 1429 1585 1494; x_wconf 86' lang='lat' dir='ltr'><strong>pariturum</strong></span> <span class='ocrx_word' id='word_1_87' title='bbox 1619 1440 1784 1484; x_wconf 90' lang='lat' dir='ltr'><strong>esset.</strong></span> <span class='ocrx_word' id='word_1_88' title='bbox 1819 1430 1885 1484; x_wconf 86' lang='lat' dir='ltr'><strong>Et</strong></span> <span class='ocrx_word' id='word_1_89' title='bbox 1917 1446 1977 1484; x_wconf 91' lang='lat' dir='ltr'><strong>se</strong></span> <span class='ocrx_word' id='word_1_90' title='bbox 2019 1433 2242 1500; x_wconf 87' lang='lat' dir='ltr'><strong>quidem</strong></span> 
     </span>
    </p>
   </div>
   <div class='ocr_carea' id='block_1_16' title="bbox 654 1495 2249 1596">
    <p class='ocr_par' dir='ltr' id='par_1_16' title="bbox 654 1495 2249 1596">
     <span class='ocr_line' id='line_1_16' title="bbox 654 1495 2249 1596; baseline 0.011 -34"><span class='ocrx_word' id='word_1_91' title='bbox 654 1495 839 1578; x_wconf 87' lang='lat' dir='ltr'><strong>hujus</strong></span> <span class='ocrx_word' id='word_1_92' title='bbox 865 1514 988 1566; x_wconf 89' lang='lat' dir='ltr'><strong>belli</strong></span> <span class='ocrx_word' id='word_1_93' title='bbox 1015 1530 1176 1569; x_wconf 88' lang='lat' dir='ltr'><strong>causa</strong></span> <span class='ocrx_word' id='word_1_94' title='bbox 1208 1518 1466 1585; x_wconf 75' lang='lat' dir='ltr'><strong>gravibus</strong></span> <span class='ocrx_word' id='word_1_95' title='bbox 1498 1519 1816 1575; x_wconf 66' lang='lat' dir='ltr'><strong>infortuniis</strong></span> <span class='ocrx_word' id='word_1_96' title='bbox 1850 1537 2120 1590; x_wconf 78' lang='lat' dir='ltr'><strong>pressum,</strong></span> <span class='ocrx_word' id='word_1_97' title='bbox 2155 1542 2249 1596; x_wconf 87' lang='lat' dir='ltr'><strong>pe-</strong></span> 
     </span>
    </p>
   </div>
   <div class='ocr_carea' id='block_1_17' title="bbox 675 1606 2248 1683">
    <p class='ocr_par' dir='ltr' id='par_1_17' title="bbox 675 1606 2248 1683">
     <span class='ocr_line' id='line_1_17' title="bbox 675 1606 2248 1683; baseline 0.011 -29"><span class='ocrx_word' id='word_1_98' title='bbox 675 1606 978 1672; x_wconf 84' lang='lat' dir='ltr'><strong>r&#39;eulisqne</strong></span> <span class='ocrx_word' id='word_1_99' title='bbox 1060 1607 1418 1662; x_wconf 88' lang='lat' dir='ltr'><strong>horribilibus</strong></span> <span class='ocrx_word' id='word_1_100' title='bbox 1447 1620 1502 1663; x_wconf 86' lang='lat' dir='ltr'><strong>et</strong></span> <span class='ocrx_word' id='word_1_101' title='bbox 1561 1623 1790 1666; x_wconf 90' lang='lat' dir='ltr'><strong>mortem</strong></span> <span class='ocrx_word' id='word_1_102' title='bbox 1841 1613 2013 1683; x_wconf 85' lang='lat' dir='ltr'><strong>ipsam</strong></span> <span class='ocrx_word' id='word_1_103' title='bbox 2070 1616 2248 1671; x_wconf 86' lang='lat' dir='ltr'><strong>inten-</strong></span> 
     </span>
    </p>
   </div>
   <div class='ocr_carea' id='block_1_18' title="bbox 677 1695 2246 1764">
    <p class='ocr_par' dir='ltr' id='par_1_18' title="bbox 677 1695 2246 1764">
     <span class='ocr_line' id='line_1_18' title="bbox 677 1695 2246 1764; baseline 0.011 -18"><span class='ocrx_word' id='word_1_104' title='bbox 677 1695 918 1748; x_wconf 77' lang='lat' dir='ltr'><strong>tantihus</strong></span> <span class='ocrx_word' id='word_1_105' title='bbox 967 1697 1207 1752; x_wconf 88' lang='lat' dir='ltr'><strong>cinctum</strong></span> <span class='ocrx_word' id='word_1_106' title='bbox 1259 1701 1451 1764; x_wconf 73' lang='lat' dir='ltr'><strong>fuisse,</strong></span> <span class='ocrx_word' id='word_1_107' title='bbox 1515 1716 1895 1760; x_wconf 88' lang='lat' dir='ltr'><strong>vermntamcn</strong></span> <span class='ocrx_word' id='word_1_108' title='bbox 1946 1708 2059 1762; x_wconf 88' lang='lat' dir='ltr'><strong>Deo</strong></span> <span class='ocrx_word' id='word_1_109' title='bbox 2111 1711 2246 1763; x_wconf 89' lang='lat' dir='ltr'><strong>bene</strong></span> 
     </span>
    </p>
   </div>
   <div class='ocr_carea' id='block_1_19' title="bbox 677 1784 2246 1870">
    <p class='ocr_par' dir='ltr' id='par_1_19' title="bbox 677 1784 2246 1870">
     <span class='ocr_line' id='line_1_19' title="bbox 677 1784 2246 1870; baseline 0.015 -37"><span class='ocrx_word' id='word_1_110' title='bbox 677 1784 893 1838; x_wconf 77' lang='lat' dir='ltr'><strong>favente</strong></span> <span class='ocrx_word' id='word_1_111' title='bbox 941 1798 995 1840; x_wconf 88' lang='lat' dir='ltr'><strong>et</strong></span> <span class='ocrx_word' id='word_1_112' title='bbox 1047 1789 1135 1843; x_wconf 91' lang='lat' dir='ltr'><strong>illa</strong></span> <span class='ocrx_word' id='word_1_113' title='bbox 1171 1791 1469 1859; x_wconf 82' lang='lat' dir='ltr'><strong>depulisse,</strong></span> <span class='ocrx_word' id='word_1_114' title='bbox 1509 1805 1563 1848; x_wconf 92' lang='lat' dir='ltr'><strong>et</strong></span> <span class='ocrx_word' id='word_1_115' title='bbox 1595 1813 1740 1850; x_wconf 92' lang='lat' dir='ltr'><strong>nunc</strong></span> <span class='ocrx_word' id='word_1_116' title='bbox 1771 1798 1961 1852; x_wconf 87' lang='lat' dir='ltr'><strong>eodem</strong></span> <span class='ocrx_word' id='word_1_117' title='bbox 1997 1801 2132 1856; x_wconf 88' lang='lat' dir='ltr'><strong>bene</strong></span> <span class='ocrx_word' id='word_1_118' title='bbox 2161 1804 2246 1870; x_wconf 85' lang='lat' dir='ltr'><strong>ju-</strong></span> 
     </span>
    </p>
   </div>
   <div class='ocr_carea' id='block_1_20' title="bbox 2343 590 3934 668">
    <p class='ocr_par' dir='ltr' id='par_1_20' title="bbox 2343 590 3934 668">
     <span class='ocr_line' id='line_1_20' title="bbox 2343 590 3934 668; baseline -0.006 -19"><span class='ocrx_word' id='word_1_119' title='bbox 2343 598 2654 668; x_wconf 76' lang='grc' dir='ltr'>προσῆλθον</span> <span class='ocrx_word' id='word_1_120' title='bbox 2677 597 2889 661; x_wconf 77' lang='grc' dir='ltr'>ἑκοντὶ,</span> <span class='ocrx_word' id='word_1_121' title='bbox 2915 593 3203 663; x_wconf 81' lang='grc' dir='ltr'><strong>δεσμώτην</strong></span> <span class='ocrx_word' id='word_1_122' title='bbox 3227 593 3529 661; x_wconf 75' lang='grc' dir='ltr'><strong>ἀγαγόντες</strong></span> <span class='ocrx_word' id='word_1_123' title='bbox 3550 592 3645 644; x_wconf 67' lang='grc' dir='ltr'>καὶ</span> <span class='ocrx_word' id='word_1_124' title='bbox 3670 590 3934 656; x_wconf 83' lang='grc' dir='ltr'>Γουδέλην</span> 
     </span>
    </p>
   </div>
   <div class='ocr_carea' id='block_1_21' title="bbox 2339 681 3934 757">
    <p class='ocr_par' dir='ltr' id='par_1_21' title="bbox 2339 681 3934 757">
     <span class='ocr_line' id='line_1_21' title="bbox 2339 681 3934 757; baseline -0.016 -5"><span class='ocrx_word' id='word_1_125' title='bbox 2339 688 2431 738; x_wconf 60' lang='grc' dir='ltr'><strong>τδν</strong></span> <span class='ocrx_word' id='word_1_126' title='bbox 2459 688 2558 757; x_wconf 80' lang='grc' dir='ltr'><strong>τῆς</strong></span> <span class='ocrx_word' id='word_1_127' title='bbox 2589 686 2866 756; x_wconf 66' lang='grc' dir='ltr'>βασιλίδος</span> <span class='ocrx_word' id='word_1_128' title='bbox 2905 685 3110 752; x_wconf 83' lang='grc' dir='ltr'>Ἀννης</span> <span class='ocrx_word' id='word_1_129' title='bbox 3133 685 3399 751; x_wconf 74' lang='grc' dir='ltr'><strong>οἰνοχόον,</strong></span> <span class='ocrx_word' id='word_1_130' title='bbox 3420 682 3480 734; x_wconf 88' lang='grc' dir='ltr'>ὃν</span> <span class='ocrx_word' id='word_1_131' title='bbox 3508 682 3601 733; x_wconf 79' lang='grc' dir='ltr'>ἐπὶ</span> <span class='ocrx_word' id='word_1_132' title='bbox 3626 682 3723 749; x_wconf 80' lang='grc' dir='ltr'>τῆς</span> <span class='ocrx_word' id='word_1_133' title='bbox 3756 681 3934 749; x_wconf 76' lang='grc' dir='ltr'>ἀρχῆς</span> 
     </span>
    </p>
   </div>
   <div class='ocr_carea' id='block_1_22' title="bbox 2342 771 3936 845">
    <p class='ocr_par' dir='ltr' id='par_1_22' title="bbox 2342 771 3936 845">
     <span class='ocr_line' id='line_1_22' title="bbox 2342 771 3936 845; baseline -0.001 -18"><span class='ocrx_word' id='word_1_134' title='bbox 2342 777 2524 828; x_wconf 78' lang='grc' dir='ltr'>αὐτῶν</span> <span class='ocrx_word' id='word_1_135' title='bbox 2556 777 2892 845; x_wconf 76' lang='grc' dir='ltr'><strong>κατέστησεν</strong></span> <span class='ocrx_word' id='word_1_136' title='bbox 2914 777 2942 827; x_wconf 89' lang='grc' dir='ltr'><strong>ό</strong></span> <span class='ocrx_word' id='word_1_137' title='bbox 2982 775 3159 842; x_wconf 78' lang='grc' dir='ltr'>μέγας</span> <span class='ocrx_word' id='word_1_138' title='bbox 3193 771 3319 837; x_wconf 82' lang='grc' dir='ltr'>δοὺξ</span> <span class='ocrx_word' id='word_1_139' title='bbox 3354 772 3495 841; x_wconf 83' lang='grc' dir='ltr'><strong>μετά</strong></span> <span class='ocrx_word' id='word_1_140' title='bbox 3528 774 3631 839; x_wconf 82' lang='grc' dir='ltr'>τὴν</span> <span class='ocrx_word' id='word_1_141' title='bbox 3665 771 3936 838; x_wconf 73' lang='grc' dir='ltr'>βασιλέως</span> 
     </span>
    </p>
   </div>
   <div class='ocr_carea' id='block_1_23' title="bbox 2343 863 3929 938">
    <p class='ocr_par' dir='ltr' id='par_1_23' title="bbox 2343 863 3929 938">
     <span class='ocr_line' id='line_1_23' title="bbox 2343 863 3929 938; baseline -0.004 -18"><span class='ocrx_word' id='word_1_142' title='bbox 2343 871 2423 924; x_wconf 68' lang='grc' dir='ltr'><strong>εἰς</strong></span> <span class='ocrx_word' id='word_1_143' title='bbox 2475 867 2780 938; x_wconf 72' lang='grc' dir='ltr'>Τριϐαλοὺς</span> <span class='ocrx_word' id='word_1_144' title='bbox 2829 868 3132 936; x_wconf 74' lang='grc' dir='ltr'><strong>ὑπερορίαν</strong></span> <span class='ocrx_word' id='word_1_145' title='bbox 3195 864 3749 936; x_wconf 66' lang='grc' dir='ltr'><strong>προσκεχωρηκότων</strong></span> <span class='ocrx_word' id='word_1_146' title='bbox 3797 863 3929 916; x_wconf 77' lang='grc' dir='ltr'>δέει.</span> 
     </span>
    </p>
   </div>
   <div class='ocr_carea' id='block_1_24' title="bbox 2356 938 3937 1027">
    <p class='ocr_par' dir='ltr' id='par_1_24' title="bbox 2356 938 3937 1027">
     <span class='ocr_line' id='line_1_24' title="bbox 2356 938 3937 1027; baseline -0.004 -16"><span class='ocrx_word' id='word_1_147' title='bbox 2356 938 2687 1021; x_wconf 76' lang='grc' dir='ltr'><strong>Ἐπαινέσας</strong></span> <span class='ocrx_word' id='word_1_148' title='bbox 2739 959 2797 1011; x_wconf 78' lang='grc' dir='ltr'><strong>δέ</strong></span> <span class='ocrx_word' id='word_1_149' title='bbox 2833 959 3034 1020; x_wconf 64' lang='grc' dir='ltr'>αὐτοῦς</span> <span class='ocrx_word' id='word_1_150' title='bbox 3084 960 3112 1010; x_wconf 87' lang='grc' dir='ltr'><strong>ό</strong></span> <span class='ocrx_word' id='word_1_151' title='bbox 3143 956 3423 1027; x_wconf 80' lang='grc' dir='ltr'>βασιλεὺς,</span> <span class='ocrx_word' id='word_1_152' title='bbox 3454 959 3550 1009; x_wconf 75' lang='grc' dir='ltr'><strong>καὶ</strong></span> <span class='ocrx_word' id='word_1_153' title='bbox 3577 955 3737 1007; x_wconf 76' lang='grc' dir='ltr'>τοῦτό</span> <span class='ocrx_word' id='word_1_154' title='bbox 3765 972 3825 1006; x_wconf 88' lang='grc' dir='ltr'><strong>τε</strong></span> <span class='ocrx_word' id='word_1_155' title='bbox 3859 953 3937 1020; x_wconf 82' lang='grc' dir='ltr'>τῷ</span> 
     </span>
    </p>
   </div>
   <div class='ocr_carea' id='block_1_25' title="bbox 2345 1049 3936 1120">
    <p class='ocr_par' dir='ltr' id='par_1_25' title="bbox 2345 1049 3936 1120">
     <span class='ocr_line' id='line_1_25' title="bbox 2345 1049 3936 1120; baseline -0.005 -16"><span class='ocrx_word' id='word_1_156' title='bbox 2345 1051 2524 1120; x_wconf 79' lang='grc' dir='ltr'>καιρῷ</span> <span class='ocrx_word' id='word_1_157' title='bbox 2546 1053 2896 1119; x_wconf 72' lang='grc' dir='ltr'>προσήκοντα</span> <span class='ocrx_word' id='word_1_158' title='bbox 2929 1049 3295 1120; x_wconf 69' lang='grc' dir='ltr'><strong>πεποιηκέναι</strong></span> <span class='ocrx_word' id='word_1_159' title='bbox 3331 1049 3407 1119; x_wconf 82' lang='grc' dir='ltr'>μὴ</span> <span class='ocrx_word' id='word_1_160' title='bbox 3439 1049 3936 1118; x_wconf 76' lang='grc' dir='ltr'>φιλονεικήσαντας</span> 
     </span>
    </p>
   </div>
   <div class='ocr_carea' id='block_1_26' title="bbox 2347 1139 3934 1212">
    <p class='ocr_par' dir='ltr' id='par_1_26' title="bbox 2347 1139 3934 1212">
     <span class='ocr_line' id='line_1_26' title="bbox 2347 1139 3934 1212; baseline -0.003 -19"><span class='ocrx_word' id='word_1_161' title='bbox 2347 1145 2645 1210; x_wconf 68' lang='grc' dir='ltr'><strong>ἐπιχειρεῖν</strong></span> <span class='ocrx_word' id='word_1_162' title='bbox 2698 1144 2810 1203; x_wconf 62' lang='grc' dir='ltr'>τοῖς</span> <span class='ocrx_word' id='word_1_163' title='bbox 2839 1143 2979 1212; x_wconf 78' lang='grc' dir='ltr'>ὑπὲρ</span> <span class='ocrx_word' id='word_1_164' title='bbox 3027 1143 3284 1210; x_wconf 83' lang='grc' dir='ltr'>δύναμιν,</span> <span class='ocrx_word' id='word_1_165' title='bbox 3320 1143 3414 1193; x_wconf 80' lang='grc' dir='ltr'>καὶ</span> <span class='ocrx_word' id='word_1_166' title='bbox 3439 1140 3536 1194; x_wconf 80' lang='grc' dir='ltr'>τοῦ</span> <span class='ocrx_word' id='word_1_167' title='bbox 3572 1139 3730 1202; x_wconf 72' lang='grc' dir='ltr'>αὖθις</span> <span class='ocrx_word' id='word_1_168' title='bbox 3762 1142 3934 1191; x_wconf 86' lang='grc' dir='ltr'>ἐπαν-</span> 
     </span>
    </p>
   </div>
   <div class='ocr_carea' id='block_1_27' title="bbox 2346 1231 3933 1304">
    <p class='ocr_par' dir='ltr' id='par_1_27' title="bbox 2346 1231 3933 1304">
     <span class='ocr_line' id='line_1_27' title="bbox 2346 1231 3933 1304; baseline -0.002 -21"><span class='ocrx_word' id='word_1_169' title='bbox 2346 1234 2536 1300; x_wconf 78' lang='grc' dir='ltr'>ήκοντι</span> <span class='ocrx_word' id='word_1_170' title='bbox 2571 1234 3094 1302; x_wconf 68' lang='grc' dir='ltr'>προσκεχωρηκέναι</span> <span class='ocrx_word' id='word_1_171' title='bbox 3133 1233 3511 1304; x_wconf 78' lang='grc' dir='ltr'>μελλήσαντας</span> <span class='ocrx_word' id='word_1_172' title='bbox 3563 1231 3753 1302; x_wconf 75' lang='grc' dir='ltr'>μηδὲν,</span> <span class='ocrx_word' id='word_1_173' title='bbox 3784 1231 3933 1282; x_wconf 81' lang='grc' dir='ltr'>ἐκεί-</span> 
     </span>
    </p>
   </div>
   <div class='ocr_carea' id='block_1_28' title="bbox 2348 1323 3930 1395">
    <p class='ocr_par' dir='ltr' id='par_1_28' title="bbox 2348 1323 3930 1395">
     <span class='ocr_line' id='line_1_28' title="bbox 2348 1323 3930 1395; baseline -0.003 -18"><span class='ocrx_word' id='word_1_174' title='bbox 2348 1343 2460 1386; x_wconf 86' lang='grc' dir='ltr'>νοις</span> <span class='ocrx_word' id='word_1_175' title='bbox 2523 1325 2622 1393; x_wconf 78' lang='grc' dir='ltr'>μὲν</span> <span class='ocrx_word' id='word_1_176' title='bbox 2681 1325 2926 1395; x_wconf 78' lang='grc' dir='ltr'>ἄρχοντα</span> <span class='ocrx_word' id='word_1_177' title='bbox 2975 1327 3308 1394; x_wconf 76' lang='grc' dir='ltr'>ἐπιστήσας,</span> <span class='ocrx_word' id='word_1_178' title='bbox 3359 1323 3541 1378; x_wconf 74' lang='grc' dir='ltr'>οἴκαδε</span> <span class='ocrx_word' id='word_1_179' title='bbox 3605 1323 3930 1390; x_wconf 75' lang='grc' dir='ltr'>ἀπέπεμπε.</span> 
     </span>
    </p>
   </div>
   <div class='ocr_carea' id='block_1_29' title="bbox 2350 1413 3935 1484">
    <p class='ocr_par' dir='ltr' id='par_1_29' title="bbox 2350 1413 3935 1484">
     <span class='ocr_line' id='line_1_29' title="bbox 2350 1413 3935 1484; baseline -0.002 -17"><span class='ocrx_word' id='word_1_180' title='bbox 2350 1415 2583 1484; x_wconf 82' lang='grc' dir='ltr'>Γουδέλῃ</span> <span class='ocrx_word' id='word_1_181' title='bbox 2646 1415 2702 1467; x_wconf 80' lang='grc' dir='ltr'>δὲ</span> <span class='ocrx_word' id='word_1_182' title='bbox 2745 1417 2815 1467; x_wconf 81' lang='grc' dir='ltr'>τά</span> <span class='ocrx_word' id='word_1_183' title='bbox 2865 1431 2924 1466; x_wconf 86' lang='grc' dir='ltr'><strong>τε</strong></span> <span class='ocrx_word' id='word_1_184' title='bbox 2973 1414 3083 1467; x_wconf 82' lang='grc' dir='ltr'>ίδια</span> <span class='ocrx_word' id='word_1_185' title='bbox 3112 1415 3379 1477; x_wconf 83' lang='grc' dir='ltr'>κελεύσας</span> <span class='ocrx_word' id='word_1_186' title='bbox 3439 1413 3798 1481; x_wconf 83' lang='grc' dir='ltr'>ἀποδοθῆναι,</span> <span class='ocrx_word' id='word_1_187' title='bbox 3842 1416 3935 1466; x_wconf 72' lang='grc' dir='ltr'>καὶ</span> 
     </span>
    </p>
   </div>
   <div class='ocr_carea' id='block_1_30' title="bbox 2348 1505 3935 1578">
    <p class='ocr_par' dir='ltr' id='par_1_30' title="bbox 2348 1505 3935 1578">
     <span class='ocr_line' id='line_1_30' title="bbox 2348 1505 3935 1578; baseline -0.003 -18"><span class='ocrx_word' id='word_1_188' title='bbox 2348 1509 2561 1560; x_wconf 78' lang='grc' dir='ltr'>οἴκοθεν</span> <span class='ocrx_word' id='word_1_189' title='bbox 2593 1507 2766 1561; x_wconf 90' lang='grc' dir='ltr'>πλείω</span> <span class='ocrx_word' id='word_1_190' title='bbox 2791 1506 3112 1578; x_wconf 81' lang='grc' dir='ltr'>παρασχὼν,</span> <span class='ocrx_word' id='word_1_191' title='bbox 3152 1508 3348 1560; x_wconf 74' lang='grc' dir='ltr'>ἔπειτα</span> <span class='ocrx_word' id='word_1_192' title='bbox 3401 1508 3498 1562; x_wconf 74' lang='grc' dir='ltr'>καὶ</span> <span class='ocrx_word' id='word_1_193' title='bbox 3540 1505 3805 1561; x_wconf 82' lang='grc' dir='ltr'>Ἰάκωϐον</span> <span class='ocrx_word' id='word_1_194' title='bbox 3843 1506 3935 1557; x_wconf 73' lang='grc' dir='ltr'><strong>τον</strong></span> 
     </span>
    </p>
   </div>
   <div class='ocr_carea' id='block_1_31' title="bbox 2351 1594 3935 1669">
    <p class='ocr_par' dir='ltr' id='par_1_31' title="bbox 2351 1594 3935 1669">
     <span class='ocr_line' id='line_1_31' title="bbox 2351 1594 3935 1669; baseline -0.003 -19"><span class='ocrx_word' id='word_1_195' title='bbox 2351 1599 2595 1669; x_wconf 79' lang='grc' dir='ltr'>Βρουλᾶν</span> <span class='ocrx_word' id='word_1_196' title='bbox 2621 1599 2751 1652; x_wconf 70' lang='grc' dir='ltr'>ὅντα</span> <span class='ocrx_word' id='word_1_197' title='bbox 2780 1599 2845 1650; x_wconf 90' lang='grc' dir='ltr'>ἐκ</span> <span class='ocrx_word' id='word_1_198' title='bbox 2870 1600 2976 1652; x_wconf 74' lang='grc' dir='ltr'>τῶν</span> <span class='ocrx_word' id='word_1_199' title='bbox 3001 1599 3253 1662; x_wconf 81' lang='grc' dir='ltr'>οίκετῶν,</span> <span class='ocrx_word' id='word_1_200' title='bbox 3288 1597 3386 1650; x_wconf 76' lang='grc' dir='ltr'><strong>καὶ</strong></span> <span class='ocrx_word' id='word_1_201' title='bbox 3408 1597 3709 1665; x_wconf 82' lang='grc' dir='ltr'>Σαλατίνην</span> <span class='ocrx_word' id='word_1_202' title='bbox 3738 1597 3805 1657; x_wconf 80' lang='grc' dir='ltr'>ἐκ</span> <span class='ocrx_word' id='word_1_203' title='bbox 3824 1594 3935 1646; x_wconf 77' lang='grc' dir='ltr'><strong>τῶν</strong></span> 
     </span>
    </p>
   </div>
   <div class='ocr_carea' id='block_1_32' title="bbox 2353 1688 3935 1761">
    <p class='ocr_par' dir='ltr' id='par_1_32' title="bbox 2353 1688 3935 1761">
     <span class='ocr_line' id='line_1_32' title="bbox 2353 1688 3935 1761; baseline -0.004 -17"><span class='ocrx_word' id='word_1_204' title='bbox 2353 1691 2581 1761; x_wconf 80' lang='grc' dir='ltr'>Περσῶν</span> <span class='ocrx_word' id='word_1_205' title='bbox 2619 1691 2716 1743; x_wconf 74' lang='grc' dir='ltr'>ἕνα</span> <span class='ocrx_word' id='word_1_206' title='bbox 2773 1689 2892 1760; x_wconf 76' lang='grc' dir='ltr'>ἅμα</span> <span class='ocrx_word' id='word_1_207' title='bbox 2952 1690 3149 1760; x_wconf 80' lang='grc' dir='ltr'>ἐκείνῳ</span> <span class='ocrx_word' id='word_1_208' title='bbox 3191 1689 3507 1759; x_wconf 76' lang='grc' dir='ltr'>ἐξέπεμπεν</span> <span class='ocrx_word' id='word_1_209' title='bbox 3529 1691 3607 1752; x_wconf 83' lang='grc' dir='ltr'><strong>είς</strong></span> <span class='ocrx_word' id='word_1_210' title='bbox 3637 1688 3935 1744; x_wconf 75' lang='grc' dir='ltr'>Βυζάντιον</span> 
     </span>
    </p>
   </div>
   <div class='ocr_carea' id='block_1_33' title="bbox 2352 1776 3935 1852">
    <p class='ocr_par' dir='ltr' id='par_1_33' title="bbox 2352 1776 3935 1852">
     <span class='ocr_line' id='line_1_33' title="bbox 2352 1776 3935 1852; baseline -0.003 -20"><span class='ocrx_word' id='word_1_211' title='bbox 2352 1783 2493 1848; x_wconf 65' lang='grc' dir='ltr'>πρὸς</span> <span class='ocrx_word' id='word_1_212' title='bbox 2550 1783 2800 1850; x_wconf 74' lang='grc' dir='ltr'>βασιλίδα</span> <span class='ocrx_word' id='word_1_213' title='bbox 2849 1781 3134 1852; x_wconf 83' lang='grc' dir='ltr'>πρέσϐεις.</span> <span class='ocrx_word' id='word_1_214' title='bbox 3203 1783 3267 1834; x_wconf 82' lang='grc' dir='ltr'><em>Ἥ</em></span> <span class='ocrx_word' id='word_1_215' title='bbox 3305 1782 3569 1850; x_wconf 49' lang='lat' dir='ltr'><strong>noscas-.51</strong></span> <span class='ocrx_word' id='word_1_216' title='bbox 3602 1781 3660 1832; x_wconf 82' lang='grc' dir='ltr'>δὲ</span> <span class='ocrx_word' id='word_1_217' title='bbox 3705 1776 3775 1849; x_wconf 82' lang='grc' dir='ltr'>ἧν</span> <span class='ocrx_word' id='word_1_218' title='bbox 3808 1781 3935 1846; x_wconf 70' lang='grc' dir='ltr'>περὶ</span> 
     </span>
    </p>
   </div>
   <div class='ocr_carea' id='block_1_34' title="bbox 679 1868 2255 1962">
    <p class='ocr_par' dir='ltr' id='par_1_34' title="bbox 679 1881 2247 1962">
     <span class='ocr_line' id='line_1_34' title="bbox 679 1881 2247 1962; baseline 0.014 -38"><span class='ocrx_word' id='word_1_219' title='bbox 679 1887 861 1936; x_wconf 74' lang='lat' dir='ltr'><strong>vante,</strong></span> <span class='ocrx_word' id='word_1_220' title='bbox 896 1881 1231 1945; x_wconf 81' lang='lat' dir='ltr'><strong>postliminio</strong></span> <span class='ocrx_word' id='word_1_221' title='bbox 1274 1887 1494 1939; x_wconf 89' lang='lat' dir='ltr'><strong>reverti.</strong></span> <span class='ocrx_word' id='word_1_222' title='bbox 1526 1887 1664 1940; x_wconf 89' lang='lat' dir='ltr'><strong>Cum</strong></span> <span class='ocrx_word' id='word_1_223' title='bbox 1700 1901 1884 1943; x_wconf 87' lang='lat' dir='ltr'><strong>autem</strong></span> <span class='ocrx_word' id='word_1_224' title='bbox 1927 1895 2247 1962; x_wconf 78' lang='lat' dir='ltr'><strong>perspiciat,</strong></span> 
     </span>
    </p>
   </div>
   <div class='ocr_carea' id='block_1_35' title="bbox 2359 1868 3934 1962">
    <p class='ocr_par' dir='ltr' id='par_1_35' title="bbox 2359 1871 3934 1942">
     <span class='ocr_line' id='line_1_35' title="bbox 2359 1871 3934 1942; baseline -0.001 -19"><span class='ocrx_word' id='word_1_225' title='bbox 2359 1873 2602 1942; x_wconf 82' lang='grc' dir='ltr'>εἰρήνης.</span> <span class='ocrx_word' id='word_1_226' title='bbox 2659 1874 2770 1924; x_wconf 77' lang='grc' dir='ltr'><strong>Καὶ</strong></span> <span class='ocrx_word' id='word_1_227' title='bbox 2806 1874 3002 1942; x_wconf 80' lang='grc' dir='ltr'>πρῶτα</span> <span class='ocrx_word' id='word_1_228' title='bbox 3052 1872 3151 1941; x_wconf 81' lang='grc' dir='ltr'>μὲν</span> <span class='ocrx_word' id='word_1_229' title='bbox 3207 1873 3550 1942; x_wconf 71' lang='grc' dir='ltr'>ἐμαρτύρετο</span> <span class='ocrx_word' id='word_1_230' title='bbox 3580 1871 3736 1933; x_wconf 77' lang='grc' dir='ltr'>Θεὸν,</span> <span class='ocrx_word' id='word_1_231' title='bbox 3767 1872 3844 1934; x_wconf 80' lang='grc' dir='ltr'><strong>ὡς</strong></span> <span class='ocrx_word' id='word_1_232' title='bbox 3874 1873 3934 1922; x_wconf 73' lang='grc' dir='ltr'><strong>οὗ</strong></span> 
     </span>
    </p>
   </div>
   <div class='ocr_carea' id='block_1_36' title="bbox 672 1969 2249 2045">
    <p class='ocr_par' dir='ltr' id='par_1_36' title="bbox 672 1969 2249 2045">
     <span class='ocr_line' id='line_1_36' title="bbox 672 1969 2249 2045; baseline 0.018 -33"><span class='ocrx_word' id='word_1_233' title='bbox 672 1981 797 2032; x_wconf 70' lang='grc' dir='ltr'>ηιιςιι</span> <span class='ocrx_word' id='word_1_234' title='bbox 838 1969 976 2019; x_wconf 73' lang='lat' dir='ltr'><strong>mala</strong></span> <span class='ocrx_word' id='word_1_235' title='bbox 1027 1987 1088 2022; x_wconf 72' lang='grc' dir='ltr'><strong>ιιι</strong></span> <span class='ocrx_word' id='word_1_236' title='bbox 1134 1972 1276 2024; x_wconf 88' lang='lat' dir='ltr'><strong>bello</strong></span> <span class='ocrx_word' id='word_1_237' title='bbox 1317 1975 1453 2027; x_wconf 82' lang='lat' dir='ltr'><strong>istm:</strong></span> <span class='ocrx_word' id='word_1_238' title='bbox 1487 1989 1807 2032; x_wconf 86' lang='lat' dir='ltr'><strong>emanatura</strong></span> <span class='ocrx_word' id='word_1_239' title='bbox 1853 1983 1986 2045; x_wconf 86' lang='lat' dir='ltr'><strong>sint,</strong></span> <span class='ocrx_word' id='word_1_240' title='bbox 2030 1986 2249 2040; x_wconf 87' lang='lat' dir='ltr'><strong>modum</strong></span> 
     </span>
    </p>
   </div>
   <div class='ocr_carea' id='block_1_37' title="bbox 680 2058 2253 2148">
    <p class='ocr_par' dir='ltr' id='par_1_37' title="bbox 680 2058 2253 2148">
     <span class='ocr_line' id='line_1_37' title="bbox 680 2058 2253 2148; baseline 0.017 -41"><span class='ocrx_word' id='word_1_241' title='bbox 680 2058 889 2110; x_wconf 75' lang='lat' dir='ltr'><strong>niillum</strong></span> <span class='ocrx_word' id='word_1_242' title='bbox 917 2061 1191 2124; x_wconf 83' lang='lat' dir='ltr'><strong>habitura,</strong></span> <span class='ocrx_word' id='word_1_243' title='bbox 1226 2076 1278 2118; x_wconf 84' lang='lat' dir='ltr'><strong>et</strong></span> <span class='ocrx_word' id='word_1_244' title='bbox 1329 2069 1563 2121; x_wconf 69' lang='lat' dir='ltr'><strong>vicissim</strong></span> <span class='ocrx_word' id='word_1_245' title='bbox 1599 2071 1735 2124; x_wconf 87' lang='lat' dir='ltr'><strong>bona</strong></span> <span class='ocrx_word' id='word_1_246' title='bbox 1757 2075 1996 2143; x_wconf 76' lang='lat' dir='ltr'><strong>ingentia</strong></span> <span class='ocrx_word' id='word_1_247' title='bbox 2024 2093 2087 2131; x_wconf 85' lang='lat' dir='ltr'><strong>ex</strong></span> <span class='ocrx_word' id='word_1_248' title='bbox 2121 2094 2253 2148; x_wconf 87' lang='lat' dir='ltr'><strong>pace</strong></span> 
     </span>
    </p>
   </div>
   <div class='ocr_carea' id='block_1_38' title="bbox 675 2149 2256 2223">
    <p class='ocr_par' dir='ltr' id='par_1_38' title="bbox 675 2149 2256 2223">
     <span class='ocr_line' id='line_1_38' title="bbox 675 2149 2256 2223; baseline 0.018 -28"><span class='ocrx_word' id='word_1_249' title='bbox 675 2149 890 2200; x_wconf 72' lang='lat' dir='ltr'><strong>nritttrn</strong></span> <span class='ocrx_word' id='word_1_250' title='bbox 938 2167 1168 2219; x_wconf 75' lang='lat' dir='ltr'><strong>qna-que</strong></span> <span class='ocrx_word' id='word_1_251' title='bbox 1196 2171 1390 2221; x_wconf 68' lang='lat' dir='ltr'><strong>a-g&#39;azn</strong></span> <span class='ocrx_word' id='word_1_252' title='bbox 1410 2174 1471 2210; x_wconf 86' lang='lat' dir='ltr'><strong>ac</strong></span> <span class='ocrx_word' id='word_1_253' title='bbox 1497 2162 1768 2215; x_wconf 80' lang='lat' dir='ltr'><strong>labantem</strong></span> <span class='ocrx_word' id='word_1_254' title='bbox 1794 2166 2091 2222; x_wconf 82' lang='lat' dir='ltr'><strong>Romanam</strong></span> <span class='ocrx_word' id='word_1_255' title='bbox 2116 2187 2256 2223; x_wconf 83' lang='lat' dir='ltr'><strong>rent-</strong></span> 
     </span>
    </p>
   </div>
   <div class='ocr_carea' id='block_1_39' title="bbox 676 2236 2255 2321">
    <p class='ocr_par' dir='ltr' id='par_1_39' title="bbox 676 2236 2255 2321">
     <span class='ocr_line' id='line_1_39' title="bbox 676 2236 2255 2321; baseline 0.023 -41"><span class='ocrx_word' id='word_1_256' title='bbox 676 2249 712 2301; x_wconf 69' lang='grc' dir='ltr'>ιο</span> <span class='ocrx_word' id='word_1_257' title='bbox 739 2236 809 2285; x_wconf 77' lang='lat' dir='ltr'><strong>:le</strong></span> <span class='ocrx_word' id='word_1_258' title='bbox 835 2253 952 2288; x_wconf 81' lang='lat' dir='ltr'><strong>eam</strong></span> <span class='ocrx_word' id='word_1_259' title='bbox 985 2252 1292 2296; x_wconf 74' lang='lat' dir='ltr'><strong>stt~tentare</strong></span> <span class='ocrx_word' id='word_1_260' title='bbox 1355 2263 1414 2297; x_wconf 84' lang='lat' dir='ltr'><strong>:tt&#39;</strong></span> <span class='ocrx_word' id='word_1_261' title='bbox 1455 2264 1699 2303; x_wconf 72' lang='lat' dir='ltr'><strong>recreare</strong></span> <span class='ocrx_word' id='word_1_262' title='bbox 1736 2261 1966 2321; x_wconf 81' lang='lat' dir='ltr'><strong>possint,</strong></span> <span class='ocrx_word' id='word_1_263' title='bbox 2005 2260 2144 2313; x_wconf 83' lang='lat' dir='ltr'><strong>hanc</strong></span> <span class='ocrx_word' id='word_1_264' title='bbox 2180 2263 2255 2316; x_wconf 86' lang='lat' dir='ltr'><strong>le-</strong></span> 
     </span>
    </p>
   </div>
   <div class='ocr_carea' id='block_1_40' title="bbox 679 2329 2254 2421">
    <p class='ocr_par' dir='ltr' id='par_1_40' title="bbox 679 2329 2254 2421">
     <span class='ocr_line' id='line_1_40' title="bbox 679 2329 2254 2421; baseline 0.023 -48"><span class='ocrx_word' id='word_1_265' title='bbox 679 2329 953 2392; x_wconf 72' lang='lat' dir='ltr'><strong>gationem</strong></span> <span class='ocrx_word' id='word_1_266' title='bbox 997 2332 1063 2380; x_wconf 88' lang='lat' dir='ltr'><strong>de</strong></span> <span class='ocrx_word' id='word_1_267' title='bbox 1112 2348 1242 2398; x_wconf 85' lang='lat' dir='ltr'><strong>pace</strong></span> <span class='ocrx_word' id='word_1_268' title='bbox 1297 2338 1516 2391; x_wconf 56' lang='lat' dir='ltr'><strong>mitti-re</strong></span> <span class='ocrx_word' id='word_1_269' title='bbox 1554 2343 1818 2410; x_wconf 85' lang='lat' dir='ltr'><strong>voluisse,</strong></span> <span class='ocrx_word' id='word_1_270' title='bbox 1851 2364 2150 2421; x_wconf 74' lang='lat' dir='ltr'><strong>rogareque</strong></span> <span class='ocrx_word' id='word_1_271' title='bbox 2185 2370 2254 2410; x_wconf 87' lang='lat' dir='ltr'><strong>ne</strong></span> 
     </span>
    </p>
   </div>
   <div class='ocr_carea' id='block_1_41' title="bbox 671 2427 2257 2511">
    <p class='ocr_par' dir='ltr' id='par_1_41' title="bbox 671 2427 2257 2511">
     <span class='ocr_line' id='line_1_41' title="bbox 671 2427 2257 2511; baseline 0.024 -46"><span class='ocrx_word' id='word_1_272' title='bbox 671 2431 799 2468; x_wconf 72' lang='lat' dir='ltr'><strong>eam</strong></span> <span class='ocrx_word' id='word_1_273' title='bbox 823 2432 1042 2486; x_wconf 86' lang='lat' dir='ltr'><strong>propter</strong></span> <span class='ocrx_word' id='word_1_274' title='bbox 1073 2427 1457 2481; x_wconf 88' lang='lat' dir='ltr'><strong>nonnullorum</strong></span> <span class='ocrx_word' id='word_1_275' title='bbox 1479 2435 1866 2502; x_wconf 82' lang='lat' dir='ltr'><strong>malignitatem</strong></span> <span class='ocrx_word' id='word_1_276' title='bbox 1887 2453 2048 2511; x_wconf 87' lang='lat' dir='ltr'><strong>atque</strong></span> <span class='ocrx_word' id='word_1_277' title='bbox 2077 2449 2257 2502; x_wconf 89' lang='lat' dir='ltr'><strong>stulti-</strong></span> 
     </span>
    </p>
   </div>
   <div class='ocr_carea' id='block_1_42' title="bbox 679 2509 2251 2607">
    <p class='ocr_par' dir='ltr' id='par_1_42' title="bbox 679 2509 2251 2607">
     <span class='ocr_line' id='line_1_42' title="bbox 679 2509 2251 2607; baseline 0.022 -47"><span class='ocrx_word' id='word_1_278' title='bbox 679 2509 836 2570; x_wconf 70' lang='lat' dir='ltr'><strong>tiun,</strong></span> <span class='ocrx_word' id='word_1_279' title='bbox 893 2513 1179 2577; x_wconf 85' lang='lat' dir='ltr'><strong>imperium</strong></span> <span class='ocrx_word' id='word_1_280' title='bbox 1231 2519 1537 2576; x_wconf 81' lang='lat' dir='ltr'><strong>Romanum</strong></span> <span class='ocrx_word' id='word_1_281' title='bbox 1580 2539 1918 2585; x_wconf 75' lang='lat' dir='ltr'><strong>evertentetn</strong></span> <span class='ocrx_word' id='word_1_282' title='bbox 1967 2536 2251 2607; x_wconf 81' lang='lat' dir='ltr'><strong>despiciat.</strong></span> 
     </span>
    </p>
   </div>
   <div class='ocr_carea' id='block_1_43' title="bbox 683 2600 2254 2691">
    <p class='ocr_par' dir='ltr' id='par_1_43' title="bbox 683 2600 2254 2691">
     <span class='ocr_line' id='line_1_43' title="bbox 683 2600 2254 2691; baseline 0.024 -39"><span class='ocrx_word' id='word_1_283' title='bbox 683 2600 820 2653; x_wconf 64' lang='lat' dir='ltr'><strong>Nam</strong></span> <span class='ocrx_word' id='word_1_284' title='bbox 847 2615 902 2656; x_wconf 91' lang='lat' dir='ltr'><strong>et</strong></span> <span class='ocrx_word' id='word_1_285' title='bbox 933 2621 960 2656; x_wconf 87' lang='lat' dir='ltr'><strong>a</strong></span> <span class='ocrx_word' id='word_1_286' title='bbox 991 2609 1260 2677; x_wconf 79' lang='lat' dir='ltr'><strong>principio</strong></span> <span class='ocrx_word' id='word_1_287' title='bbox 1289 2627 1459 2682; x_wconf 88' lang='lat' dir='ltr'><strong>usque</strong></span> <span class='ocrx_word' id='word_1_288' title='bbox 1483 2617 1548 2669; x_wconf 90' lang='lat' dir='ltr'><strong>ad</strong></span> <span class='ocrx_word' id='word_1_289' title='bbox 1581 2619 1735 2674; x_wconf 90' lang='lat' dir='ltr'><strong>illum</strong></span> <span class='ocrx_word' id='word_1_290' title='bbox 1764 2626 1905 2680; x_wconf 86' lang='lat' dir='ltr'><strong>diem</strong></span> <span class='ocrx_word' id='word_1_291' title='bbox 1935 2631 2101 2685; x_wconf 87' lang='lat' dir='ltr'><strong>multa</strong></span> <span class='ocrx_word' id='word_1_292' title='bbox 2133 2635 2254 2691; x_wconf 87' lang='lat' dir='ltr'><strong>dira</strong></span> 
     </span>
    </p>
   </div>
   <div class='ocr_carea' id='block_1_44' title="bbox 681 2698 2258 2784">
    <p class='ocr_par' dir='ltr' id='par_1_44' title="bbox 681 2698 2258 2784">
     <span class='ocr_line' id='line_1_44' title="bbox 681 2698 2258 2784; baseline 0.025 -42"><span class='ocrx_word' id='word_1_293' title='bbox 681 2702 741 2742; x_wconf 80' lang='lat' dir='ltr'><strong>et</strong></span> <span class='ocrx_word' id='word_1_294' title='bbox 783 2698 980 2746; x_wconf 71' lang='lat' dir='ltr'><strong>acerba</strong></span> <span class='ocrx_word' id='word_1_295' title='bbox 1025 2701 1296 2766; x_wconf 83' lang='lat' dir='ltr'><strong>evenisse,</strong></span> <span class='ocrx_word' id='word_1_296' title='bbox 1332 2715 1611 2777; x_wconf 87' lang='lat' dir='ltr'><strong>totamque</strong></span> <span class='ocrx_word' id='word_1_297' title='bbox 1664 2718 1941 2784; x_wconf 82' lang='lat' dir='ltr'><strong>regionem</strong></span> <span class='ocrx_word' id='word_1_298' title='bbox 2005 2731 2058 2775; x_wconf 93' lang='lat' dir='ltr'><strong>ct</strong></span> <span class='ocrx_word' id='word_1_299' title='bbox 2094 2725 2258 2783; x_wconf 72' lang='lat' dir='ltr'><strong>urbes</strong></span> 
     </span>
    </p>
   </div>
   <div class='ocr_carea' id='block_1_45' title="bbox 681 2783 2257 2880">
    <p class='ocr_par' dir='ltr' id='par_1_45' title="bbox 681 2783 2257 2880">
     <span class='ocr_line' id='line_1_45' title="bbox 681 2783 2257 2880; baseline 0.025 -48"><span class='ocrx_word' id='word_1_300' title='bbox 681 2783 908 2837; x_wconf 74' lang='lat' dir='ltr'><strong>alternis</strong></span> <span class='ocrx_word' id='word_1_301' title='bbox 940 2789 1189 2854; x_wconf 70' lang='lat' dir='ltr'><strong>obsidiis,</strong></span> <span class='ocrx_word' id='word_1_302' title='bbox 1247 2794 1703 2864; x_wconf 85' lang='lat' dir='ltr'><strong>impressionibus</strong></span> <span class='ocrx_word' id='word_1_303' title='bbox 1748 2823 1810 2860; x_wconf 90' lang='lat' dir='ltr'><strong>ac</strong></span> <span class='ocrx_word' id='word_1_304' title='bbox 1875 2811 2257 2880; x_wconf 75' lang='lat' dir='ltr'><strong>depopulatio-</strong></span> 
     </span>
    </p>
   </div>
   <div class='ocr_carea' id='block_1_46' title="bbox 684 2875 2259 2962">
    <p class='ocr_par' dir='ltr' id='par_1_46' title="bbox 684 2875 2259 2962">
     <span class='ocr_line' id='line_1_46' title="bbox 684 2875 2259 2962; baseline 0.023 -36"><span class='ocrx_word' id='word_1_305' title='bbox 684 2875 847 2928; x_wconf 82' lang='lat' dir='ltr'><strong>nibus</strong></span> <span class='ocrx_word' id='word_1_306' title='bbox 878 2878 1161 2936; x_wconf 83' lang='lat' dir='ltr'><strong>alllietatas</strong></span> <span class='ocrx_word' id='word_1_307' title='bbox 1185 2899 1328 2952; x_wconf 90' lang='lat' dir='ltr'><strong>esse,</strong></span> <span class='ocrx_word' id='word_1_308' title='bbox 1368 2899 1606 2946; x_wconf 83' lang='lat' dir='ltr'><strong>attamen</strong></span> <span class='ocrx_word' id='word_1_309' title='bbox 1641 2901 1912 2953; x_wconf 84' lang='lat' dir='ltr'><strong>censenda</strong></span> <span class='ocrx_word' id='word_1_310' title='bbox 1943 2905 2111 2959; x_wconf 90' lang='lat' dir='ltr'><strong>videri</strong></span> <span class='ocrx_word' id='word_1_311' title='bbox 2147 2925 2259 2962; x_wconf 83' lang='lat' dir='ltr'><strong>nte-</strong></span> 
     </span>
    </p>
   </div>
   <div class='ocr_carea' id='block_1_47' title="bbox 683 2966 2260 3054">
    <p class='ocr_par' dir='ltr' id='par_1_47' title="bbox 683 2966 2260 3054">
     <span class='ocr_line' id='line_1_47' title="bbox 683 2966 2260 3054; baseline 0.025 -39"><span class='ocrx_word' id='word_1_312' title='bbox 683 2966 887 3020; x_wconf 84' lang='lat' dir='ltr'><strong>dioeria</strong></span> <span class='ocrx_word' id='word_1_313' title='bbox 925 2976 1143 3040; x_wconf 89' lang='lat' dir='ltr'><strong>(utpote</strong></span> <span class='ocrx_word' id='word_1_314' title='bbox 1191 2977 1450 3032; x_wconf 82' lang='lat' dir='ltr'><strong>Romanis</strong></span> <span class='ocrx_word' id='word_1_315' title='bbox 1492 2983 1544 3035; x_wconf 90' lang='lat' dir='ltr'><strong>in</strong></span> <span class='ocrx_word' id='word_1_316' title='bbox 1594 2987 1872 3044; x_wconf 82' lang='lat' dir='ltr'><strong>Romanos</strong></span> <span class='ocrx_word' id='word_1_317' title='bbox 1921 2995 2260 3054; x_wconf 75' lang='lat' dir='ltr'><strong>incurrenti-</strong></span> 
     </span>
    </p>
   </div>
   <div class='ocr_carea' id='block_1_48' title="bbox 687 3060 2259 3148">
    <p class='ocr_par' dir='ltr' id='par_1_48' title="bbox 687 3060 2259 3148">
     <span class='ocr_line' id='line_1_48' title="bbox 687 3060 2259 3148; baseline 0.024 -36"><span class='ocrx_word' id='word_1_318' title='bbox 687 3060 811 3125; x_wconf 81' lang='lat' dir='ltr'><strong>bus,</strong></span> <span class='ocrx_word' id='word_1_319' title='bbox 847 3076 900 3117; x_wconf 87' lang='lat' dir='ltr'><strong>et</strong></span> <span class='ocrx_word' id='word_1_320' title='bbox 928 3066 1220 3135; x_wconf 79' lang='lat' dir='ltr'><strong>aliquando</strong></span> <span class='ocrx_word' id='word_1_321' title='bbox 1270 3076 1489 3130; x_wconf 71' lang='lat' dir='ltr'><strong>miseris</strong></span> <span class='ocrx_word' id='word_1_322' title='bbox 1536 3082 1967 3141; x_wconf 85' lang='lat' dir='ltr'><strong>misericordiam</strong></span> <span class='ocrx_word' id='word_1_323' title='bbox 2017 3093 2259 3148; x_wconf 90' lang='lat' dir='ltr'><strong>tribuen-</strong></span> 
     </span>
    </p>
   </div>
   <div class='ocr_carea' id='block_1_49' title="bbox 688 3156 2254 3237">
    <p class='ocr_par' dir='ltr' id='par_1_49' title="bbox 688 3156 2254 3237">
     <span class='ocr_line' id='line_1_49' title="bbox 688 3156 2254 3237; baseline 0.02 -31"><span class='ocrx_word' id='word_1_324' title='bbox 688 3156 871 3225; x_wconf 90' lang='lat' dir='ltr'><strong>tibus)</strong></span> <span class='ocrx_word' id='word_1_325' title='bbox 907 3175 1016 3226; x_wconf 81' lang='lat' dir='ltr'><strong>pra-</strong></span> <span class='ocrx_word' id='word_1_326' title='bbox 1048 3163 1154 3216; x_wconf 91' lang='lat' dir='ltr'><strong>illis</strong></span> <span class='ocrx_word' id='word_1_327' title='bbox 1187 3182 1307 3233; x_wconf 73' lang='lat' dir='ltr'><strong>qua:</strong></span> <span class='ocrx_word' id='word_1_328' title='bbox 1353 3176 1501 3222; x_wconf 90' lang='lat' dir='ltr'><strong>tanto</strong></span> <span class='ocrx_word' id='word_1_329' title='bbox 1536 3173 1760 3227; x_wconf 89' lang='lat' dir='ltr'><strong>tetriora</strong></span> <span class='ocrx_word' id='word_1_330' title='bbox 1820 3186 1872 3230; x_wconf 91' lang='lat' dir='ltr'><strong>et</strong></span> <span class='ocrx_word' id='word_1_331' title='bbox 1905 3181 2254 3237; x_wconf 86' lang='lat' dir='ltr'><strong>horribiliora</strong></span> 
     </span>
    </p>
   </div>
   <div class='ocr_carea' id='block_1_50' title="bbox 686 3258 2252 3338">
    <p class='ocr_par' dir='ltr' id='par_1_50' title="bbox 686 3258 2252 3338">
     <span class='ocr_line' id='line_1_50' title="bbox 686 3258 2252 3338; baseline 0.02 -41"><span class='ocrx_word' id='word_1_332' title='bbox 686 3258 869 3309; x_wconf 88' lang='lat' dir='ltr'><strong>erunt,</strong></span> <span class='ocrx_word' id='word_1_333' title='bbox 913 3261 970 3302; x_wconf 93' lang='lat' dir='ltr'><strong>ut</strong></span> <span class='ocrx_word' id='word_1_334' title='bbox 1009 3263 1230 3321; x_wconf 83' lang='lat' dir='ltr'><strong>propter</strong></span> <span class='ocrx_word' id='word_1_335' title='bbox 1281 3273 1470 3312; x_wconf 85' lang='lat' dir='ltr'><strong>eorum</strong></span> <span class='ocrx_word' id='word_1_336' title='bbox 1508 3261 1927 3320; x_wconf 76' lang='lat' dir='ltr'><strong>immensitatem</strong></span> <span class='ocrx_word' id='word_1_337' title='bbox 1980 3275 2252 3338; x_wconf 73' lang='lat' dir='ltr'><strong>przeterila</strong></span> 
     </span>
    </p>
   </div>
   <div class='ocr_carea' id='block_1_51' title="bbox 685 3342 2254 3422">
    <p class='ocr_par' dir='ltr' id='par_1_51' title="bbox 685 3342 2254 3422">
     <span class='ocr_line' id='line_1_51' title="bbox 685 3342 2254 3422; baseline 0.02 -31"><span class='ocrx_word' id='word_1_338' title='bbox 685 3354 813 3392; x_wconf 87' lang='lat' dir='ltr'><strong>eum</strong></span> <span class='ocrx_word' id='word_1_339' title='bbox 869 3342 1000 3410; x_wconf 71' lang='lat' dir='ltr'><strong>ipsis</strong></span> <span class='ocrx_word' id='word_1_340' title='bbox 1049 3361 1363 3416; x_wconf 85' lang='lat' dir='ltr'><strong>comparata</strong></span> <span class='ocrx_word' id='word_1_341' title='bbox 1429 3353 1707 3410; x_wconf 81' lang='lat' dir='ltr'><strong>felicitatis</strong></span> <span class='ocrx_word' id='word_1_342' title='bbox 1756 3375 1951 3415; x_wconf 91' lang='lat' dir='ltr'><strong>nomen</strong></span> <span class='ocrx_word' id='word_1_343' title='bbox 2004 3365 2254 3422; x_wconf 83' lang='lat' dir='ltr'><strong>obtinere</strong></span> 
     </span>
    </p>
   </div>
   <div class='ocr_carea' id='block_1_52' title="bbox 691 3433 2258 3522">
    <p class='ocr_par' dir='ltr' id='par_1_52' title="bbox 691 3433 2258 3522">
     <span class='ocr_line' id='line_1_52' title="bbox 691 3433 2258 3522; baseline 0.022 -44"><span class='ocrx_word' id='word_1_344' title='bbox 691 3441 917 3496; x_wconf 76' lang='lat' dir='ltr'><strong>queant.</strong></span> <span class='ocrx_word' id='word_1_345' title='bbox 947 3433 1213 3491; x_wconf 87' lang='lat' dir='ltr'><strong>Barbaros</strong></span> <span class='ocrx_word' id='word_1_346' title='bbox 1241 3443 1384 3496; x_wconf 91' lang='lat' dir='ltr'><strong>enim</strong></span> <span class='ocrx_word' id='word_1_347' title='bbox 1422 3444 1634 3510; x_wconf 84' lang='lat' dir='ltr'><strong>Persas,</strong></span> <span class='ocrx_word' id='word_1_348' title='bbox 1670 3458 1726 3501; x_wconf 89' lang='lat' dir='ltr'><strong>ut</strong></span> <span class='ocrx_word' id='word_1_349' title='bbox 1755 3454 1932 3505; x_wconf 73' lang='lat' dir='ltr'><strong>socios</strong></span> <span class='ocrx_word' id='word_1_350' title='bbox 1958 3442 2258 3522; x_wconf 87' lang='lat' dir='ltr'><strong>suos,eon-</strong></span> 
     </span>
    </p>
   </div>
   <div class='ocr_carea' id='block_1_53' title="bbox 697 3521 2262 3620">
    <p class='ocr_par' dir='ltr' id='par_1_53' title="bbox 697 3521 2262 3620">
     <span class='ocr_line' id='line_1_53' title="bbox 697 3521 2262 3620; baseline 0.022 -51"><span class='ocrx_word' id='word_1_351' title='bbox 697 3531 778 3572; x_wconf 90' lang='lat' dir='ltr'><strong>tra</strong></span> <span class='ocrx_word' id='word_1_352' title='bbox 819 3521 1092 3580; x_wconf 86' lang='lat' dir='ltr'><strong>Romanos</strong></span> <span class='ocrx_word' id='word_1_353' title='bbox 1123 3544 1244 3585; x_wconf 90' lang='lat' dir='ltr'><strong>esse</strong></span> <span class='ocrx_word' id='word_1_354' title='bbox 1275 3536 1639 3602; x_wconf 72' lang='lat' dir='ltr'><strong>pra-liaturos,</strong></span> <span class='ocrx_word' id='word_1_355' title='bbox 1669 3542 1868 3609; x_wconf 89' lang='lat' dir='ltr'><strong>quibus</strong></span> <span class='ocrx_word' id='word_1_356' title='bbox 1898 3521 2148 3602; x_wconf 86' lang='lat' dir='ltr'><strong>homines</strong></span> <span class='ocrx_word' id='word_1_357' title='bbox 2175 3551 2262 3620; x_wconf 86' lang='lat' dir='ltr'><strong>ju-</strong></span> 
     </span>
    </p>
   </div>
   <div class='ocr_carea' id='block_1_54' title="bbox 695 3611 2262 3703">
    <p class='ocr_par' dir='ltr' id='par_1_54' title="bbox 695 3611 2262 3703">
     <span class='ocr_line' id='line_1_54' title="bbox 695 3611 2262 3703; baseline 0.023 -43"><span class='ocrx_word' id='word_1_358' title='bbox 695 3611 879 3676; x_wconf 74' lang='lat' dir='ltr'><strong>gulare</strong></span> <span class='ocrx_word' id='word_1_359' title='bbox 908 3615 1088 3682; x_wconf 89' lang='lat' dir='ltr'><strong>ludus,</strong></span> <span class='ocrx_word' id='word_1_360' title='bbox 1123 3631 1175 3674; x_wconf 90' lang='lat' dir='ltr'><strong>et</strong></span> <span class='ocrx_word' id='word_1_361' title='bbox 1217 3634 1402 3692; x_wconf 82' lang='lat' dir='ltr'><strong>captos</strong></span> <span class='ocrx_word' id='word_1_362' title='bbox 1429 3627 1705 3684; x_wconf 83' lang='lat' dir='ltr'><strong>abducere</strong></span> <span class='ocrx_word' id='word_1_363' title='bbox 1737 3644 1904 3703; x_wconf 89' lang='lat' dir='ltr'><strong>atque</strong></span> <span class='ocrx_word' id='word_1_364' title='bbox 1940 3636 1993 3690; x_wconf 91' lang='lat' dir='ltr'><strong>in</strong></span> <span class='ocrx_word' id='word_1_365' title='bbox 2025 3611 2262 3695; x_wconf 47' lang='lat' dir='ltr'><strong>servi-tu-</strong></span> 
     </span>
    </p>
   </div>
   <div class='ocr_carea' id='block_1_55' title="bbox 700 3705 2264 3786">
    <p class='ocr_par' dir='ltr' id='par_1_55' title="bbox 700 3705 2264 3786">
     <span class='ocr_line' id='line_1_55' title="bbox 700 3705 2264 3786; baseline 0.025 -38"><span class='ocrx_word' id='word_1_366' title='bbox 700 3707 808 3751; x_wconf 73' lang='lat' dir='ltr'><strong>tum</strong></span> <span class='ocrx_word' id='word_1_367' title='bbox 844 3705 1078 3760; x_wconf 78' lang='lat' dir='ltr'><strong>vendere</strong></span> <span class='ocrx_word' id='word_1_368' title='bbox 1115 3713 1312 3777; x_wconf 89' lang='lat' dir='ltr'><strong>quovis</strong></span> <span class='ocrx_word' id='word_1_369' title='bbox 1361 3715 1514 3770; x_wconf 90' lang='lat' dir='ltr'><strong>lucro</strong></span> <span class='ocrx_word' id='word_1_370' title='bbox 1553 3718 1808 3774; x_wconf 88' lang='lat' dir='ltr'><strong>dulcius:</strong></span> <span class='ocrx_word' id='word_1_371' title='bbox 1841 3740 1942 3780; x_wconf 90' lang='lat' dir='ltr'><strong>nec</strong></span> <span class='ocrx_word' id='word_1_372' title='bbox 1977 3727 2031 3782; x_wconf 93' lang='lat' dir='ltr'><strong>in</strong></span> <span class='ocrx_word' id='word_1_373' title='bbox 2067 3745 2264 3786; x_wconf 66' lang='lat' dir='ltr'><strong>aerum-</strong></span> 
     </span>
    </p>
   </div>
   <div class='ocr_carea' id='block_1_56' title="bbox 700 3797 2264 3877">
    <p class='ocr_par' dir='ltr' id='par_1_56' title="bbox 700 3797 2264 3877">
     <span class='ocr_line' id='line_1_56' title="bbox 700 3797 2264 3877; baseline 0.023 -35"><span class='ocrx_word' id='word_1_374' title='bbox 700 3804 866 3845; x_wconf 85' lang='lat' dir='ltr'><strong>nosos</strong></span> <span class='ocrx_word' id='word_1_375' title='bbox 899 3797 1042 3850; x_wconf 92' lang='lat' dir='ltr'><strong>nllus</strong></span> <span class='ocrx_word' id='word_1_376' title='bbox 1069 3799 1423 3858; x_wconf 88' lang='lat' dir='ltr'><strong>humanitatis</strong></span> <span class='ocrx_word' id='word_1_377' title='bbox 1451 3823 1665 3875; x_wconf 91' lang='lat' dir='ltr'><strong>sensus,</strong></span> <span class='ocrx_word' id='word_1_378' title='bbox 1706 3813 1881 3871; x_wconf 82' lang='lat' dir='ltr'><strong>ullave</strong></span> <span class='ocrx_word' id='word_1_379' title='bbox 1909 3823 2264 3877; x_wconf 82' lang='lat' dir='ltr'><strong>commisera-</strong></span> 
     </span>
    </p>
   </div>
   <div class='ocr_carea' id='block_1_57' title="bbox 699 3883 2263 3975">
    <p class='ocr_par' dir='ltr' id='par_1_57' title="bbox 699 3883 2263 3975">
     <span class='ocr_line' id='line_1_57' title="bbox 699 3883 2263 3975; baseline 0.026 -44"><span class='ocrx_word' id='word_1_380' title='bbox 699 3883 800 3940; x_wconf 68' lang='lat' dir='ltr'><strong>tisi.</strong></span> <span class='ocrx_word' id='word_1_381' title='bbox 835 3897 1027 3942; x_wconf 89' lang='lat' dir='ltr'><strong>natura</strong></span> <span class='ocrx_word' id='word_1_382' title='bbox 1059 3892 1314 3948; x_wconf 88' lang='lat' dir='ltr'><strong>nimirum</strong></span> <span class='ocrx_word' id='word_1_383' title='bbox 1349 3898 1618 3966; x_wconf 87' lang='lat' dir='ltr'><strong>hostibus,</strong></span> <span class='ocrx_word' id='word_1_384' title='bbox 1653 3916 1877 3975; x_wconf 88' lang='lat' dir='ltr'><strong>propter</strong></span> <span class='ocrx_word' id='word_1_385' title='bbox 1906 3925 2174 3968; x_wconf 89' lang='lat' dir='ltr'><strong>summam</strong></span> <span class='ocrx_word' id='word_1_386' title='bbox 2209 3917 2263 3972; x_wconf 91' lang='lat' dir='ltr'><strong>in</strong></span> 
     </span>
    </p>
   </div>
   <div class='ocr_carea' id='block_1_58' title="bbox 700 3973 2265 4073">
    <p class='ocr_par' dir='ltr' id='par_1_58' title="bbox 700 3973 2265 4073">
     <span class='ocr_line' id='line_1_58' title="bbox 700 3973 2265 4073; baseline 0.026 -51"><span class='ocrx_word' id='word_1_387' title='bbox 700 3973 888 4026; x_wconf 83' lang='lat' dir='ltr'><strong>divino</strong></span> <span class='ocrx_word' id='word_1_388' title='bbox 925 3982 1148 4036; x_wconf 89' lang='lat' dir='ltr'><strong>numine</strong></span> <span class='ocrx_word' id='word_1_389' title='bbox 1175 3987 1405 4043; x_wconf 76' lang='lat' dir='ltr'><strong>colendo</strong></span> <span class='ocrx_word' id='word_1_390' title='bbox 1431 3973 1872 4064; x_wconf 72' lang='lat' dir='ltr'><strong>discrepantiam.</strong></span> <span class='ocrx_word' id='word_1_391' title='bbox 1911 4002 2089 4073; x_wconf 72' lang='lat' dir='ltr'><strong>Atque</strong></span> <span class='ocrx_word' id='word_1_392' title='bbox 2120 4007 2265 4062; x_wconf 82' lang='lat' dir='ltr'><strong>illius</strong></span> 
     </span>
    </p>
   </div>
   <div class='ocr_carea' id='block_1_59' title="bbox 701 4067 2267 4167">
    <p class='ocr_par' dir='ltr' id='par_1_59' title="bbox 701 4067 2267 4167">
     <span class='ocr_line' id='line_1_59' title="bbox 701 4067 2267 4167; baseline 0.026 -55"><span class='ocrx_word' id='word_1_393' title='bbox 701 4067 828 4118; x_wconf 72' lang='lat' dir='ltr'><strong>mali</strong></span> <span class='ocrx_word' id='word_1_394' title='bbox 864 4084 968 4121; x_wconf 87' lang='lat' dir='ltr'><strong>non</strong></span> <span class='ocrx_word' id='word_1_395' title='bbox 1000 4087 1079 4132; x_wconf 83' lang='lat' dir='ltr'><strong>se,</strong></span> <span class='ocrx_word' id='word_1_396' title='bbox 1111 4090 1296 4130; x_wconf 84' lang='lat' dir='ltr'><strong>verum</strong></span> <span class='ocrx_word' id='word_1_397' title='bbox 1329 4083 1467 4134; x_wconf 88' lang='lat' dir='ltr'><strong>sacri</strong></span> <span class='ocrx_word' id='word_1_398' title='bbox 1504 4085 1744 4142; x_wconf 88' lang='lat' dir='ltr'><strong>cubiculi</strong></span> <span class='ocrx_word' id='word_1_399' title='bbox 1773 4091 2090 4158; x_wconf 70' lang='lat' dir='ltr'><strong>praefectum</strong></span> <span class='ocrx_word' id='word_1_400' title='bbox 2122 4097 2267 4167; x_wconf 79' lang='lat' dir='ltr'><strong>Apo-</strong></span> 
     </span>
    </p>
   </div>
   <div class='ocr_carea' id='block_1_60' title="bbox 699 4159 2267 4246">
    <p class='ocr_par' dir='ltr' id='par_1_60' title="bbox 699 4159 2267 4246">
     <span class='ocr_line' id='line_1_60' title="bbox 699 4159 2267 4246; baseline 0.024 -40"><span class='ocrx_word' id='word_1_401' title='bbox 699 4159 970 4213; x_wconf 73' lang='lat' dir='ltr'><strong>(‘allcilllnl</strong></span> <span class='ocrx_word' id='word_1_402' title='bbox 1007 4175 1288 4221; x_wconf 88' lang='lat' dir='ltr'><strong>auctorem</strong></span> <span class='ocrx_word' id='word_1_403' title='bbox 1330 4174 1626 4239; x_wconf 80' lang='lat' dir='ltr'><strong>exstitisse,</strong></span> <span class='ocrx_word' id='word_1_404' title='bbox 1671 4180 1764 4246; x_wconf 93' lang='lat' dir='ltr'><strong>qui</strong></span> <span class='ocrx_word' id='word_1_405' title='bbox 1803 4182 2120 4240; x_wconf 79' lang='lat' dir='ltr'><strong>Bcrrhteam</strong></span> <span class='ocrx_word' id='word_1_406' title='bbox 2167 4159 2267 4242; x_wconf 72' lang='lat' dir='ltr'><strong>ad-</strong></span> 
     </span>
    </p>
   </div>
   <div class='ocr_carea' id='block_1_61' title="bbox 701 4254 2267 4342">
    <p class='ocr_par' dir='ltr' id='par_1_61' title="bbox 701 4254 2267 4342">
     <span class='ocr_line' id='line_1_61' title="bbox 701 4254 2267 4342; baseline 0.027 -48"><span class='ocrx_word' id='word_1_407' title='bbox 701 4262 892 4303; x_wconf 74' lang='lat' dir='ltr'><strong>versus</strong></span> <span class='ocrx_word' id='word_1_408' title='bbox 947 4254 1099 4310; x_wconf 90' lang='lat' dir='ltr'><strong>illum</strong></span> <span class='ocrx_word' id='word_1_409' title='bbox 1133 4257 1406 4317; x_wconf 86' lang='lat' dir='ltr'><strong>Romanos</strong></span> <span class='ocrx_word' id='word_1_410' title='bbox 1453 4268 1655 4322; x_wconf 87' lang='lat' dir='ltr'><strong>multos</strong></span> <span class='ocrx_word' id='word_1_411' title='bbox 1686 4269 1841 4342; x_wconf 77' lang='lat'><strong>5&#39;71</strong></span> <span class='ocrx_word' id='word_1_412' title='bbox 1899 4291 1961 4330; x_wconf 90' lang='lat' dir='ltr'><strong>ac</strong></span> <span class='ocrx_word' id='word_1_413' title='bbox 2013 4287 2267 4338; x_wconf 83' lang='lat' dir='ltr'><strong>strenuos</strong></span> 
     </span>
    </p>
   </div>
   <div class='ocr_carea' id='block_1_62' title="bbox 702 4340 2265 4428">
    <p class='ocr_par' dir='ltr' id='par_1_62' title="bbox 702 4340 2265 4428">
     <span class='ocr_line' id='line_1_62' title="bbox 702 4340 2265 4428; baseline 0.026 -40"><span class='ocrx_word' id='word_1_414' title='bbox 702 4340 930 4395; x_wconf 62' lang='lat' dir='ltr'><strong>dm&#39;ttre</strong></span> <span class='ocrx_word' id='word_1_415' title='bbox 967 4360 1072 4400; x_wconf 89' lang='lat' dir='ltr'><strong>non</strong></span> <span class='ocrx_word' id='word_1_416' title='bbox 1121 4351 1254 4405; x_wconf 87' lang='lat' dir='ltr'><strong>satis</strong></span> <span class='ocrx_word' id='word_1_417' title='bbox 1299 4356 1686 4426; x_wconf 72' lang='lat' dir='ltr'><strong>existimasset,</strong></span> <span class='ocrx_word' id='word_1_418' title='bbox 1722 4365 1827 4418; x_wconf 70' lang='grc' dir='ltr'><strong>ιιίκὶ</strong></span> <span class='ocrx_word' id='word_1_419' title='bbox 1861 4376 1916 4420; x_wconf 90' lang='lat' dir='ltr'><strong>et</strong></span> <span class='ocrx_word' id='word_1_420' title='bbox 1949 4368 2143 4426; x_wconf 84' lang='lat' dir='ltr'><strong>Persas</strong></span> <span class='ocrx_word' id='word_1_421' title='bbox 2171 4375 2265 4428; x_wconf 83' lang='lat' dir='ltr'><strong>ad-</strong></span> 
     </span>
    </p>
   </div>
   <div class='ocr_carea' id='block_1_63' title="bbox 691 4431 2266 4528">
    <p class='ocr_par' dir='ltr' id='par_1_63' title="bbox 691 4431 2266 4528">
     <span class='ocr_line' id='line_1_63' title="bbox 691 4431 2266 4528; baseline 0.026 -53"><span class='ocrx_word' id='word_1_422' title='bbox 691 4431 936 4496; x_wconf 70' lang='lat' dir='ltr'><strong>jet&#39;issct,</strong></span> <span class='ocrx_word' id='word_1_423' title='bbox 970 4437 1061 4505; x_wconf 89' lang='lat' dir='ltr'><strong>qui</strong></span> <span class='ocrx_word' id='word_1_424' title='bbox 1107 4439 1222 4494; x_wconf 86' lang='lat' dir='ltr'><strong>loca</strong></span> <span class='ocrx_word' id='word_1_425' title='bbox 1272 4444 1357 4498; x_wconf 90' lang='lat' dir='ltr'><strong>illa</strong></span> <span class='ocrx_word' id='word_1_426' title='bbox 1404 4447 1705 4505; x_wconf 86' lang='lat' dir='ltr'><strong>latrociniis</strong></span> <span class='ocrx_word' id='word_1_427' title='bbox 1737 4455 2130 4528; x_wconf 79' lang='lat' dir='ltr'><strong>implevissent,</strong></span> <span class='ocrx_word' id='word_1_428' title='bbox 2167 4464 2266 4518; x_wconf 60' lang='lat' dir='ltr'><strong>ob-</strong></span> 
     </span>
    </p>
   </div>
   <div class='ocr_carea' id='block_1_64' title="bbox 2357 1962 3936 2034">
    <p class='ocr_par' dir='ltr' id='par_1_64' title="bbox 2357 1962 3936 2034">
     <span class='ocr_line' id='line_1_64' title="bbox 2357 1962 3936 2034; baseline -0.001 -19"><span class='ocrx_word' id='word_1_429' title='bbox 2357 1967 2516 2032; x_wconf 88' lang='grc' dir='ltr'>μόνον</span> <span class='ocrx_word' id='word_1_430' title='bbox 2545 1964 2684 2033; x_wconf 80' lang='grc' dir='ltr'>αὐτῇ</span> <span class='ocrx_word' id='word_1_431' title='bbox 2742 1963 2844 2017; x_wconf 83' lang='grc' dir='ltr'>οὐκ</span> <span class='ocrx_word' id='word_1_432' title='bbox 2897 1964 3334 2017; x_wconf 87' lang='grc' dir='ltr'>ἐπιϐουλεύσειεν</span> <span class='ocrx_word' id='word_1_433' title='bbox 3360 1963 3507 2034; x_wconf 83' lang='grc' dir='ltr'>ἔργῳ</span> <span class='ocrx_word' id='word_1_434' title='bbox 3537 1965 3568 2032; x_wconf 83' lang='grc' dir='ltr'>ἢ</span> <span class='ocrx_word' id='word_1_435' title='bbox 3612 1963 3830 2032; x_wconf 81' lang='grc' dir='ltr'>βασιλεῐ</span> <span class='ocrx_word' id='word_1_436' title='bbox 3856 1962 3936 2030; x_wconf 80' lang='grc' dir='ltr'>τῷ</span> 
     </span>
    </p>
   </div>
   <div class='ocr_carea' id='block_1_65' title="bbox 2355 2055 3936 2126">
    <p class='ocr_par' dir='ltr' id='par_1_65' title="bbox 2355 2055 3936 2126">
     <span class='ocr_line' id='line_1_65' title="bbox 2355 2055 3936 2126; baseline -0.004 -17"><span class='ocrx_word' id='word_1_437' title='bbox 2355 2057 2476 2126; x_wconf 77' lang='grc' dir='ltr'>υἱῷ,</span> <span class='ocrx_word' id='word_1_438' title='bbox 2509 2056 2624 2110; x_wconf 85' lang='grc' dir='ltr'>ἀλλ’</span> <span class='ocrx_word' id='word_1_439' title='bbox 2646 2056 2767 2108; x_wconf 66' lang='grc' dir='ltr'>οὐδὲ</span> <span class='ocrx_word' id='word_1_440' title='bbox 2797 2057 2960 2125; x_wconf 80' lang='grc' dir='ltr'>μέχρι</span> <span class='ocrx_word' id='word_1_441' title='bbox 2991 2055 3272 2126; x_wconf 82' lang='grc' dir='ltr'>λογισμῶν</span> <span class='ocrx_word' id='word_1_442' title='bbox 3317 2055 3467 2124; x_wconf 82' lang='grc' dir='ltr'><strong>αύτῷ</strong></span> <span class='ocrx_word' id='word_1_443' title='bbox 3501 2072 3556 2107; x_wconf 91' lang='grc' dir='ltr'><strong>τι</strong></span> <span class='ocrx_word' id='word_1_444' title='bbox 3597 2059 3728 2123; x_wconf 82' lang='grc' dir='ltr'>περὶ</span> <span class='ocrx_word' id='word_1_445' title='bbox 3759 2055 3936 2122; x_wconf 75' lang='grc' dir='ltr'>αὐτὴν</span> 
     </span>
    </p>
   </div>
   <div class='ocr_carea' id='block_1_66' title="bbox 2356 2146 3936 2220">
    <p class='ocr_par' dir='ltr' id='par_1_66' title="bbox 2356 2146 3936 2220">
     <span class='ocr_line' id='line_1_66' title="bbox 2356 2146 3936 2220; baseline -0.004 -17"><span class='ocrx_word' id='word_1_446' title='bbox 2356 2147 2828 2220; x_wconf 80' lang='grc' dir='ltr'>προσκεκρουκότι</span> <span class='ocrx_word' id='word_1_447' title='bbox 2858 2147 3154 2216; x_wconf 81' lang='grc' dir='ltr'>συνειδείη,</span> <span class='ocrx_word' id='word_1_448' title='bbox 3212 2147 3397 2217; x_wconf 77' lang='grc' dir='ltr'>Αὐτὴν</span> <span class='ocrx_word' id='word_1_449' title='bbox 3420 2147 3477 2198; x_wconf 87' lang='grc' dir='ltr'>δὲ</span> <span class='ocrx_word' id='word_1_450' title='bbox 3527 2146 3630 2198; x_wconf 77' lang='grc' dir='ltr'>ὑπὸ</span> <span class='ocrx_word' id='word_1_451' title='bbox 3660 2161 3936 2212; x_wconf 63' lang='grc' dir='ltr'>συκοφαν-</span> 
     </span>
    </p>
   </div>
   <div class='ocr_carea' id='block_1_67' title="bbox 2353 2238 3935 2312">
    <p class='ocr_par' dir='ltr' id='par_1_67' title="bbox 2353 2238 3935 2312">
     <span class='ocr_line' id='line_1_67' title="bbox 2353 2238 3935 2312; baseline -0.004 -18"><span class='ocrx_word' id='word_1_452' title='bbox 2353 2243 2462 2294; x_wconf 83' lang='grc' dir='ltr'>τῶν</span> <span class='ocrx_word' id='word_1_453' title='bbox 2509 2243 2834 2312; x_wconf 64' lang='grc' dir='ltr'>ἀνθρώπων,</span> <span class='ocrx_word' id='word_1_454' title='bbox 2873 2243 2969 2292; x_wconf 80' lang='grc' dir='ltr'><strong>καὶ</strong></span> <span class='ocrx_word' id='word_1_455' title='bbox 3025 2242 3149 2293; x_wconf 80' lang='grc' dir='ltr'>οὐδὲ</span> <span class='ocrx_word' id='word_1_456' title='bbox 3207 2241 3380 2308; x_wconf 78' lang='grc' dir='ltr'>ὑγιὲς,</span> <span class='ocrx_word' id='word_1_457' title='bbox 3409 2241 3532 2293; x_wconf 69' lang='grc' dir='ltr'>οὔτε</span> <span class='ocrx_word' id='word_1_458' title='bbox 3571 2240 3773 2300; x_wconf 85' lang='grc' dir='ltr'>ποιεῖν,</span> <span class='ocrx_word' id='word_1_459' title='bbox 3811 2238 3935 2290; x_wconf 77' lang='grc' dir='ltr'>οὗτε</span> 
     </span>
    </p>
   </div>
   <div class='ocr_carea' id='block_1_68' title="bbox 2355 2332 3934 2404">
    <p class='ocr_par' dir='ltr' id='par_1_68' title="bbox 2355 2332 3934 2404">
     <span class='ocr_line' id='line_1_68' title="bbox 2355 2332 3934 2404; baseline -0.003 -19"><span class='ocrx_word' id='word_1_460' title='bbox 2355 2335 2536 2402; x_wconf 88' lang='grc' dir='ltr'>λέγειν</span> <span class='ocrx_word' id='word_1_461' title='bbox 2563 2334 3018 2404; x_wconf 82' lang='grc' dir='ltr'>μεμελετηκότων</span> <span class='ocrx_word' id='word_1_462' title='bbox 3049 2334 3430 2402; x_wconf 83' lang='grc' dir='ltr'>παραχθείσαν</span> <span class='ocrx_word' id='word_1_463' title='bbox 3461 2335 3668 2402; x_wconf 76' lang='grc' dir='ltr'>ἔφασκε</span> <span class='ocrx_word' id='word_1_464' title='bbox 3703 2332 3794 2382; x_wconf 77' lang='grc' dir='ltr'>τὸν</span> <span class='ocrx_word' id='word_1_465' title='bbox 3831 2335 3934 2398; x_wconf 79' lang='grc' dir='ltr'>ἐμ-</span> 
     </span>
    </p>
   </div>
   <div class='ocr_carea' id='block_1_69' title="bbox 2356 2424 3936 2494">
    <p class='ocr_par' dir='ltr' id='par_1_69' title="bbox 2356 2424 3936 2494">
     <span class='ocr_line' id='line_1_69' title="bbox 2356 2424 3936 2494; baseline -0.004 -15"><span class='ocrx_word' id='word_1_466' title='bbox 2356 2427 2546 2494; x_wconf 80' lang='grc' dir='ltr'>φύλιον</span> <span class='ocrx_word' id='word_1_467' title='bbox 2583 2427 2795 2478; x_wconf 72' lang='grc' dir='ltr'>τουτονὶ</span> <span class='ocrx_word' id='word_1_468' title='bbox 2848 2426 3087 2494; x_wconf 75' lang='grc' dir='ltr'>πόλεμον</span> <span class='ocrx_word' id='word_1_469' title='bbox 3139 2426 3514 2494; x_wconf 74' lang='grc' dir='ltr'><strong>κεκινηκέναι,</strong></span> <span class='ocrx_word' id='word_1_470' title='bbox 3576 2425 3632 2483; x_wconf 82' lang='grc' dir='ltr'>ὃς</span> <span class='ocrx_word' id='word_1_471' title='bbox 3672 2426 3807 2491; x_wconf 73' lang='grc' dir='ltr'>ἄχρι</span> <span class='ocrx_word' id='word_1_472' title='bbox 3841 2424 3936 2474; x_wconf 70' lang='grc' dir='ltr'>νῦν</span> 
     </span>
    </p>
   </div>
   <div class='ocr_carea' id='block_1_70' title="bbox 2357 2515 3936 2585">
    <p class='ocr_par' dir='ltr' id='par_1_70' title="bbox 2357 2515 3936 2585">
     <span class='ocr_line' id='line_1_70' title="bbox 2357 2515 3936 2585; baseline -0.004 -15"><span class='ocrx_word' id='word_1_473' title='bbox 2357 2519 2569 2570; x_wconf 81' lang='grc' dir='ltr'>πολλῶν</span> <span class='ocrx_word' id='word_1_474' title='bbox 2617 2535 2675 2569; x_wconf 90' lang='grc' dir='ltr'><strong>τε</strong></span> <span class='ocrx_word' id='word_1_475' title='bbox 2707 2519 2800 2569; x_wconf 76' lang='grc' dir='ltr'>καὶ</span> <span class='ocrx_word' id='word_1_476' title='bbox 2833 2518 3088 2585; x_wconf 80' lang='grc' dir='ltr'>μεγάλων</span> <span class='ocrx_word' id='word_1_477' title='bbox 3145 2517 3321 2577; x_wconf 77' lang='grc' dir='ltr'>αἴτιος</span> <span class='ocrx_word' id='word_1_478' title='bbox 3364 2515 3665 2581; x_wconf 81' lang='grc' dir='ltr'>Ῥωμαίοις</span> <span class='ocrx_word' id='word_1_479' title='bbox 3698 2521 3936 2576; x_wconf 72' lang='grc' dir='ltr'>κατέστη</span> 
     </span>
    </p>
   </div>
   <div class='ocr_carea' id='block_1_71' title="bbox 2358 2605 3936 2680">
    <p class='ocr_par' dir='ltr' id='par_1_71' title="bbox 2358 2605 3936 2680">
     <span class='ocr_line' id='line_1_71' title="bbox 2358 2605 3936 2680; baseline -0.005 -18"><span class='ocrx_word' id='word_1_480' title='bbox 2358 2609 2676 2680; x_wconf 72' lang='grc' dir='ltr'>συμφορῶν,</span> <span class='ocrx_word' id='word_1_481' title='bbox 2704 2611 2798 2661; x_wconf 72' lang='grc' dir='ltr'>καὶ</span> <span class='ocrx_word' id='word_1_482' title='bbox 2825 2608 2903 2660; x_wconf 78' lang='grc' dir='ltr'><strong>ἐτι</strong></span> <span class='ocrx_word' id='word_1_483' title='bbox 2929 2609 3196 2676; x_wconf 74' lang='grc' dir='ltr'>μειζόνων</span> <span class='ocrx_word' id='word_1_484' title='bbox 3225 2608 3406 2659; x_wconf 75' lang='grc' dir='ltr'>ἔσεται</span> <span class='ocrx_word' id='word_1_485' title='bbox 3435 2608 3501 2659; x_wconf 78' lang='grc' dir='ltr'><strong>ἀν</strong></span> <span class='ocrx_word' id='word_1_486' title='bbox 3530 2608 3606 2675; x_wconf 84' lang='grc' dir='ltr'>μὴ</span> <span class='ocrx_word' id='word_1_487' title='bbox 3627 2605 3936 2673; x_wconf 76' lang='grc' dir='ltr'>καταλυθῇ.</span> 
     </span>
    </p>
   </div>
   <div class='ocr_carea' id='block_1_72' title="bbox 2358 2695 3942 2768">
    <p class='ocr_par' dir='ltr' id='par_1_72' title="bbox 2358 2695 3942 2768">
     <span class='ocr_line' id='line_1_72' title="bbox 2358 2695 3942 2768; baseline -0.004 -16"><span class='ocrx_word' id='word_1_488' title='bbox 2358 2701 2472 2753; x_wconf 79' lang='grc' dir='ltr'><strong>Καὶ</strong></span> <span class='ocrx_word' id='word_1_489' title='bbox 2524 2699 2687 2751; x_wconf 70' lang='grc' dir='ltr'>αὑτὸν</span> <span class='ocrx_word' id='word_1_490' title='bbox 2720 2699 2774 2750; x_wconf 84' lang='grc' dir='ltr'>δὲ</span> <span class='ocrx_word' id='word_1_491' title='bbox 2817 2699 3083 2767; x_wconf 81' lang='grc' dir='ltr'>μεγάλαις</span> <span class='ocrx_word' id='word_1_492' title='bbox 3119 2699 3218 2766; x_wconf 77' lang='grc' dir='ltr'>μὲν</span> <span class='ocrx_word' id='word_1_493' title='bbox 3259 2695 3566 2768; x_wconf 76' lang='grc' dir='ltr'>χρήσασθαι</span> <span class='ocrx_word' id='word_1_494' title='bbox 3619 2701 3942 2764; x_wconf 81' lang='grc' dir='ltr'>συμιροραῐς</span> 
     </span>
    </p>
   </div>
   <div class='ocr_carea' id='block_1_73' title="bbox 2356 2791 3941 2860">
    <p class='ocr_par' dir='ltr' id='par_1_73' title="bbox 2356 2791 3941 2860">
     <span class='ocr_line' id='line_1_73' title="bbox 2356 2791 3941 2860; baseline -0.003 -16"><span class='ocrx_word' id='word_1_495' title='bbox 2356 2791 2445 2844; x_wconf 66' lang='grc' dir='ltr'><strong>διὰ</strong></span> <span class='ocrx_word' id='word_1_496' title='bbox 2477 2793 2566 2844; x_wconf 70' lang='grc' dir='ltr'><strong>τὸν</strong></span> <span class='ocrx_word' id='word_1_497' title='bbox 2606 2792 2866 2860; x_wconf 79' lang='grc' dir='ltr'>πόλεμον,</span> <span class='ocrx_word' id='word_1_498' title='bbox 2928 2793 3023 2845; x_wconf 71' lang='lat' dir='ltr'><strong>atat</strong></span> <span class='ocrx_word' id='word_1_499' title='bbox 3057 2791 3326 2853; x_wconf 74' lang='grc' dir='ltr'>κινδύνοις</span> <span class='ocrx_word' id='word_1_500' title='bbox 3379 2791 3633 2860; x_wconf 84' lang='grc' dir='ltr'>φοϐεροῖς</span> <span class='ocrx_word' id='word_1_501' title='bbox 3680 2806 3941 2860; x_wconf 80' lang='grc' dir='ltr'>περισχε-</span> 
     </span>
    </p>
   </div>
   <div class='ocr_carea' id='block_1_74' title="bbox 2358 2881 3942 2951">
    <p class='ocr_par' dir='ltr' id='par_1_74' title="bbox 2358 2881 3942 2951">
     <span class='ocr_line' id='line_1_74' title="bbox 2358 2881 3942 2951; baseline -0.001 -17"><span class='ocrx_word' id='word_1_502' title='bbox 2358 2883 2518 2950; x_wconf 80' lang='grc' dir='ltr'>θῆναι</span> <span class='ocrx_word' id='word_1_503' title='bbox 2563 2881 2796 2935; x_wconf 74' lang='grc' dir='ltr'>θάνατον</span> <span class='ocrx_word' id='word_1_504' title='bbox 2847 2881 3154 2936; x_wconf 73' lang='grc' dir='ltr'>ἀπειλοῦσι.</span> <span class='ocrx_word' id='word_1_505' title='bbox 3224 2883 3332 2935; x_wconf 82' lang='grc' dir='ltr'><strong>Τοῦ</strong></span> <span class='ocrx_word' id='word_1_506' title='bbox 3373 2883 3506 2935; x_wconf 86' lang='grc' dir='ltr'><strong>Θεοῦ</strong></span> <span class='ocrx_word' id='word_1_507' title='bbox 3548 2883 3604 2934; x_wconf 78' lang='grc' dir='ltr'>δὲ</span> <span class='ocrx_word' id='word_1_508' title='bbox 3629 2884 3783 2951; x_wconf 83' lang='grc' dir='ltr'>ὅμως</span> <span class='ocrx_word' id='word_1_509' title='bbox 3811 2882 3942 2933; x_wconf 83' lang='grc' dir='ltr'>ἵλεω</span> 
     </span>
    </p>
   </div>
   <div class='ocr_carea' id='block_1_75' title="bbox 2356 2972 3942 3042">
    <p class='ocr_par' dir='ltr' id='par_1_75' title="bbox 2356 2972 3942 3042">
     <span class='ocr_line' id='line_1_75' title="bbox 2356 2972 3942 3042; baseline -0.002 -18"><span class='ocrx_word' id='word_1_510' title='bbox 2356 2972 2608 3042; x_wconf 84' lang='grc' dir='ltr'><strong>τυχόντα,</strong></span> <span class='ocrx_word' id='word_1_511' title='bbox 2642 2973 2752 3024; x_wconf 85' lang='grc' dir='ltr'><strong>τῶν</strong></span> <span class='ocrx_word' id='word_1_512' title='bbox 2787 2973 3048 3025; x_wconf 77' lang='grc' dir='ltr'>κινδύνων</span> <span class='ocrx_word' id='word_1_513' title='bbox 3078 2990 3138 3025; x_wconf 85' lang='grc' dir='ltr'><strong>τε</strong></span> <span class='ocrx_word' id='word_1_514' title='bbox 3175 2974 3397 3026; x_wconf 83' lang='grc' dir='ltr'>ἐκείνων</span> <span class='ocrx_word' id='word_1_515' title='bbox 3427 2972 3811 3042; x_wconf 69' lang='grc' dir='ltr'>ἀπηλλάχθαι,</span> <span class='ocrx_word' id='word_1_516' title='bbox 3838 2976 3942 3024; x_wconf 85' lang='grc' dir='ltr'>καὶ</span> 
     </span>
    </p>
   </div>
   <div class='ocr_carea' id='block_1_76' title="bbox 2359 3065 3944 3135">
    <p class='ocr_par' dir='ltr' id='par_1_76' title="bbox 2359 3065 3944 3135">
     <span class='ocr_line' id='line_1_76' title="bbox 2359 3065 3944 3135; baseline -0.001 -19"><span class='ocrx_word' id='word_1_517' title='bbox 2359 3065 2455 3116; x_wconf 70' lang='grc' dir='ltr'><strong>νῦν</strong></span> <span class='ocrx_word' id='word_1_518' title='bbox 2487 3065 2788 3134; x_wconf 70' lang='grc' dir='ltr'>ἐπανήκειν</span> <span class='ocrx_word' id='word_1_519' title='bbox 2819 3065 2940 3128; x_wconf 78' lang='grc' dir='ltr'>τοῦ,</span> <span class='ocrx_word' id='word_1_520' title='bbox 2977 3065 3298 3132; x_wconf 79' lang='grc' dir='ltr'>Κρείττονος</span> <span class='ocrx_word' id='word_1_521' title='bbox 3331 3067 3749 3135; x_wconf 87' lang='grc' dir='ltr'>συναιρομένου.</span> <span class='ocrx_word' id='word_1_522' title='bbox 3811 3065 3944 3116; x_wconf 80' lang='grc' dir='ltr'>Συν-</span> 
     </span>
    </p>
   </div>
   <div class='ocr_carea' id='block_1_77' title="bbox 2359 3157 3944 3226">
    <p class='ocr_par' dir='ltr' id='par_1_77' title="bbox 2359 3157 3944 3226">
     <span class='ocr_line' id='line_1_77' title="bbox 2359 3157 3944 3226; baseline 0 -18"><span class='ocrx_word' id='word_1_523' title='bbox 2359 3157 2571 3224; x_wconf 83' lang='grc' dir='ltr'>ορῶντσ.</span> <span class='ocrx_word' id='word_1_524' title='bbox 2593 3157 2649 3209; x_wconf 76' lang='grc' dir='ltr'>δὲ</span> <span class='ocrx_word' id='word_1_525' title='bbox 2677 3157 2751 3218; x_wconf 84' lang='grc' dir='ltr'><strong>ὡς</strong></span> <span class='ocrx_word' id='word_1_526' title='bbox 2775 3157 2845 3210; x_wconf 85' lang='grc' dir='ltr'>τά</span> <span class='ocrx_word' id='word_1_527' title='bbox 2873 3173 2934 3209; x_wconf 87' lang='grc' dir='ltr'><strong>τε</strong></span> <span class='ocrx_word' id='word_1_528' title='bbox 2966 3158 3238 3226; x_wconf 83' lang='grc' dir='ltr'>μέλλοντα</span> <span class='ocrx_word' id='word_1_529' title='bbox 3290 3158 3439 3210; x_wconf 81' lang='grc' dir='ltr'>κακὰ</span> <span class='ocrx_word' id='word_1_530' title='bbox 3461 3161 3526 3210; x_wconf 77' lang='grc' dir='ltr'><strong>ἐκ</strong></span> <span class='ocrx_word' id='word_1_531' title='bbox 3560 3160 3655 3210; x_wconf 75' lang='grc' dir='ltr'>τοῦ</span> <span class='ocrx_word' id='word_1_532' title='bbox 3696 3157 3944 3226; x_wconf 83' lang='grc' dir='ltr'>πολέμου</span> 
     </span>
    </p>
   </div>
   <div class='ocr_carea' id='block_1_78' title="bbox 2359 3249 3942 3320">
    <p class='ocr_par' dir='ltr' id='par_1_78' title="bbox 2359 3249 3942 3320">
     <span class='ocr_line' id='line_1_78' title="bbox 2359 3249 3942 3320; baseline 0 -19"><span class='ocrx_word' id='word_1_533' title='bbox 2359 3251 2538 3302; x_wconf 83' lang='grc' dir='ltr'>πᾶσαν</span> <span class='ocrx_word' id='word_1_534' title='bbox 2557 3249 2927 3318; x_wconf 81' lang='grc' dir='ltr'>ὑπερϐήσεται</span> <span class='ocrx_word' id='word_1_535' title='bbox 2957 3250 3284 3320; x_wconf 78' lang='grc' dir='ltr'>ὑπερϐολὴν,</span> <span class='ocrx_word' id='word_1_536' title='bbox 3298 3250 3394 3304; x_wconf 81' lang='grc' dir='ltr'>καὶ</span> <span class='ocrx_word' id='word_1_537' title='bbox 3417 3251 3488 3304; x_wconf 85' lang='grc' dir='ltr'><strong>τά</strong></span> <span class='ocrx_word' id='word_1_538' title='bbox 3507 3252 3571 3303; x_wconf 87' lang='grc' dir='ltr'><strong>ἐκ</strong></span> <span class='ocrx_word' id='word_1_539' title='bbox 3592 3252 3692 3318; x_wconf 84' lang='grc' dir='ltr'>τῆς</span> <span class='ocrx_word' id='word_1_540' title='bbox 3713 3253 3942 3319; x_wconf 75' lang='grc' dir='ltr'>εἰρήνης</span> 
     </span>
    </p>
   </div>
   <div class='ocr_carea' id='block_1_79' title="bbox 2354 3343 3945 3414">
    <p class='ocr_par' dir='ltr' id='par_1_79' title="bbox 2354 3343 3945 3414">
     <span class='ocr_line' id='line_1_79' title="bbox 2354 3343 3945 3414; baseline -0.004 -18"><span class='ocrx_word' id='word_1_541' title='bbox 2354 3343 2535 3409; x_wconf 79' lang='grc' dir='ltr'>ἀγαθά</span> <span class='ocrx_word' id='word_1_542' title='bbox 2555 3345 2756 3412; x_wconf 79' lang='grc' dir='ltr'>ὁμοίως</span> <span class='ocrx_word' id='word_1_543' title='bbox 2779 3344 2989 3413; x_wconf 77' lang='grc' dir='ltr'>μεγάλα</span> <span class='ocrx_word' id='word_1_544' title='bbox 3013 3361 3071 3396; x_wconf 89' lang='grc' dir='ltr'><strong>τε</strong></span> <span class='ocrx_word' id='word_1_545' title='bbox 3097 3346 3192 3398; x_wconf 73' lang='grc' dir='ltr'>καὶ</span> <span class='ocrx_word' id='word_1_546' title='bbox 3222 3345 3496 3414; x_wconf 81' lang='grc' dir='ltr'>δυνάμενα</span> <span class='ocrx_word' id='word_1_547' title='bbox 3521 3343 3622 3414; x_wconf 76' lang='grc' dir='ltr'>τὴν</span> <span class='ocrx_word' id='word_1_548' title='bbox 3651 3344 3945 3411; x_wconf 74' lang='grc' dir='ltr'>Ῥωμαίων</span> 
     </span>
    </p>
   </div>
   <div class='ocr_carea' id='block_1_80' title="bbox 2361 3436 3947 3508">
    <p class='ocr_par' dir='ltr' id='par_1_80' title="bbox 2361 3436 3947 3508">
     <span class='ocr_line' id='line_1_80' title="bbox 2361 3436 3947 3508; baseline -0.001 -22"><span class='ocrx_word' id='word_1_549' title='bbox 2361 3437 2461 3504; x_wconf 83' lang='grc' dir='ltr'>ήγε</span> <span class='ocrx_word' id='word_1_550' title='bbox 2472 3438 2662 3504; x_wconf 85' lang='grc' dir='ltr'>μονίαν</span> <span class='ocrx_word' id='word_1_551' title='bbox 2692 3436 3106 3490; x_wconf 79' lang='grc' dir='ltr'>κινδυνεύουσαν</span> <span class='ocrx_word' id='word_1_552' title='bbox 3135 3438 3499 3501; x_wconf 80' lang='grc' dir='ltr'>ἀνακτᾶσθαι,</span> <span class='ocrx_word' id='word_1_553' title='bbox 3521 3439 3623 3506; x_wconf 75' lang='grc' dir='ltr'>τὴν</span> <span class='ocrx_word' id='word_1_554' title='bbox 3644 3438 3947 3508; x_wconf 79' lang='grc' dir='ltr'>πρεσϐείαν</span> 
     </span>
    </p>
   </div>
   <div class='ocr_carea' id='block_1_81' title="bbox 2358 3525 3944 3596">
    <p class='ocr_par' dir='ltr' id='par_1_81' title="bbox 2358 3525 3944 3596">
     <span class='ocr_line' id='line_1_81' title="bbox 2358 3525 3944 3596; baseline -0.001 -20"><span class='ocrx_word' id='word_1_555' title='bbox 2358 3525 2693 3594; x_wconf 77' lang='grc' dir='ltr'>πεποιῆσθαι</span> <span class='ocrx_word' id='word_1_556' title='bbox 2713 3525 2810 3594; x_wconf 78' lang='grc' dir='ltr'>τὴν</span> <span class='ocrx_word' id='word_1_557' title='bbox 2833 3543 2900 3578; x_wconf 88' lang='grc' dir='ltr'><strong>πε</strong></span> <span class='ocrx_word' id='word_1_558' title='bbox 2913 3528 2964 3593; x_wconf 69' lang='lat' dir='ltr'><strong>pi</strong></span> <span class='ocrx_word' id='word_1_559' title='bbox 2990 3527 3088 3596; x_wconf 76' lang='grc' dir='ltr'>τῆς</span> <span class='ocrx_word' id='word_1_560' title='bbox 3113 3527 3335 3596; x_wconf 79' lang='grc' dir='ltr'>εἰρήνης</span> <span class='ocrx_word' id='word_1_561' title='bbox 3358 3527 3582 3595; x_wconf 86' lang='grc' dir='ltr'>ταύτην,</span> <span class='ocrx_word' id='word_1_562' title='bbox 3607 3529 3704 3578; x_wconf 75' lang='grc' dir='ltr'><strong>καὶ</strong></span> <span class='ocrx_word' id='word_1_563' title='bbox 3729 3525 3944 3576; x_wconf 80' lang='grc' dir='ltr'>δεῖσθαι</span> 
     </span>
    </p>
   </div>
   <div class='ocr_carea' id='block_1_82' title="bbox 2360 3615 3947 3688">
    <p class='ocr_par' dir='ltr' id='par_1_82' title="bbox 2360 3615 3947 3688">
     <span class='ocr_line' id='line_1_82' title="bbox 2360 3615 3947 3688; baseline -0.004 -18"><span class='ocrx_word' id='word_1_564' title='bbox 2360 3618 2529 3682; x_wconf 77' lang='grc' dir='ltr'>αὐτῆς</span> <span class='ocrx_word' id='word_1_565' title='bbox 2585 3618 2660 3687; x_wconf 83' lang='grc' dir='ltr'>μὴ</span> <span class='ocrx_word' id='word_1_566' title='bbox 2704 3623 2963 3688; x_wconf 71' lang='grc' dir='ltr'>περιορᾷν</span> <span class='ocrx_word' id='word_1_567' title='bbox 2995 3620 3084 3670; x_wconf 66' lang='grc' dir='ltr'>διὰ</span> <span class='ocrx_word' id='word_1_568' title='bbox 3141 3620 3240 3687; x_wconf 87' lang='grc' dir='ltr'>τήν</span> <span class='ocrx_word' id='word_1_569' title='bbox 3281 3635 3449 3670; x_wconf 88' lang='grc' dir='ltr'>τινων</span> <span class='ocrx_word' id='word_1_570' title='bbox 3508 3615 3816 3686; x_wconf 72' lang='grc' dir='ltr'>μοχθηρίαν</span> <span class='ocrx_word' id='word_1_571' title='bbox 3851 3620 3947 3667; x_wconf 69' lang='grc' dir='ltr'>καὶ</span> 
     </span>
    </p>
   </div>
   <div class='ocr_carea' id='block_1_83' title="bbox 2361 3710 3945 3780">
    <p class='ocr_par' dir='ltr' id='par_1_83' title="bbox 2361 3710 3945 3780">
     <span class='ocr_line' id='line_1_83' title="bbox 2361 3710 3945 3780; baseline -0.003 -16"><span class='ocrx_word' id='word_1_572' title='bbox 2361 3711 2758 3780; x_wconf 79' lang='grc' dir='ltr'>ἀγνωμοσύνην</span> <span class='ocrx_word' id='word_1_573' title='bbox 2786 3714 2882 3780; x_wconf 74' lang='grc' dir='ltr'>τὴν</span> <span class='ocrx_word' id='word_1_574' title='bbox 2929 3713 3218 3779; x_wconf 81' lang='grc' dir='ltr'>Ῥωμαίων</span> <span class='ocrx_word' id='word_1_575' title='bbox 3276 3710 3574 3780; x_wconf 78' lang='grc' dir='ltr'>ἠγεμονίαν</span> <span class='ocrx_word' id='word_1_576' title='bbox 3625 3710 3945 3778; x_wconf 80' lang='grc' dir='ltr'>διαφθειρο-</span> 
     </span>
    </p>
   </div>
   <div class='ocr_carea' id='block_1_84' title="bbox 2365 3800 3948 3873">
    <p class='ocr_par' dir='ltr' id='par_1_84' title="bbox 2365 3800 3948 3873">
     <span class='ocr_line' id='line_1_84' title="bbox 2365 3800 3948 3873; baseline -0.002 -18"><span class='ocrx_word' id='word_1_577' title='bbox 2365 3803 2554 3873; x_wconf 82' lang='grc' dir='ltr'>μένην.</span> <span class='ocrx_word' id='word_1_578' title='bbox 2606 3805 2712 3856; x_wconf 78' lang='grc' dir='ltr'><strong>Καὶ</strong></span> <span class='ocrx_word' id='word_1_579' title='bbox 2759 3803 2992 3873; x_wconf 72' lang='grc' dir='ltr'>ἐξαρχῆς</span> <span class='ocrx_word' id='word_1_580' title='bbox 3024 3816 3131 3870; x_wconf 78' lang='grc' dir='ltr'><strong>γαρ</strong></span> <span class='ocrx_word' id='word_1_581' title='bbox 3162 3805 3285 3872; x_wconf 83' lang='grc' dir='ltr'>ἀχρι</span> <span class='ocrx_word' id='word_1_582' title='bbox 3318 3804 3413 3857; x_wconf 85' lang='grc' dir='ltr'>νῦν</span> <span class='ocrx_word' id='word_1_583' title='bbox 3464 3801 3636 3854; x_wconf 83' lang='grc' dir='ltr'>πολλά</span> <span class='ocrx_word' id='word_1_584' title='bbox 3662 3800 3948 3868; x_wconf 75' lang='grc' dir='ltr'>συμϐεϐη-</span> 
     </span>
    </p>
   </div>
   <div class='ocr_carea' id='block_1_85' title="bbox 2364 3893 3943 3965">
    <p class='ocr_par' dir='ltr' id='par_1_85' title="bbox 2364 3893 3943 3965">
     <span class='ocr_line' id='line_1_85' title="bbox 2364 3893 3943 3965; baseline -0.003 -19"><span class='ocrx_word' id='word_1_585' title='bbox 2364 3895 2518 3946; x_wconf 82' lang='grc' dir='ltr'>κέναι</span> <span class='ocrx_word' id='word_1_586' title='bbox 2539 3895 2606 3946; x_wconf 67' lang='lat' dir='ltr'><strong>ti</strong></span> <span class='ocrx_word' id='word_1_587' title='bbox 2634 3895 2784 3948; x_wconf 77' lang='grc' dir='ltr'>δεινὰ</span> <span class='ocrx_word' id='word_1_588' title='bbox 2814 3897 2909 3946; x_wconf 72' lang='grc' dir='ltr'>καὶ</span> <span class='ocrx_word' id='word_1_589' title='bbox 2959 3897 3195 3964; x_wconf 76' lang='grc' dir='ltr'>χαλεπὰ,</span> <span class='ocrx_word' id='word_1_590' title='bbox 3229 3895 3327 3946; x_wconf 74' lang='grc' dir='ltr'>καὶ</span> <span class='ocrx_word' id='word_1_591' title='bbox 3356 3896 3456 3965; x_wconf 84' lang='grc' dir='ltr'>τὴν</span> <span class='ocrx_word' id='word_1_592' title='bbox 3481 3893 3666 3963; x_wconf 85' lang='grc' dir='ltr'>χώραν</span> <span class='ocrx_word' id='word_1_593' title='bbox 3697 3893 3943 3955; x_wconf 76' lang='grc' dir='ltr'>ἃπασαν,</span> 
     </span>
    </p>
   </div>
   <div class='ocr_carea' id='block_1_86' title="bbox 2367 3985 3949 4056">
    <p class='ocr_par' dir='ltr' id='par_1_86' title="bbox 2367 3985 3949 4056">
     <span class='ocr_line' id='line_1_86' title="bbox 2367 3985 3949 4056; baseline -0.001 -18"><span class='ocrx_word' id='word_1_594' title='bbox 2367 3986 2461 4038; x_wconf 78' lang='grc' dir='ltr'>καὶ</span> <span class='ocrx_word' id='word_1_595' title='bbox 2484 3988 2580 4048; x_wconf 83' lang='grc' dir='ltr'>τὰς</span> <span class='ocrx_word' id='word_1_596' title='bbox 2607 3988 2790 4048; x_wconf 87' lang='grc' dir='ltr'>πόλεις</span> <span class='ocrx_word' id='word_1_597' title='bbox 2819 3988 3148 4056; x_wconf 73' lang='grc' dir='ltr'>διεφθάρθαι</span> <span class='ocrx_word' id='word_1_598' title='bbox 3169 3987 3259 4040; x_wconf 86' lang='grc' dir='ltr'><strong>ὑπ’</strong></span> <span class='ocrx_word' id='word_1_599' title='bbox 3272 3986 3523 4056; x_wconf 72' lang='grc' dir='ltr'>ἀλλήλων</span> <span class='ocrx_word' id='word_1_600' title='bbox 3547 3985 3949 4053; x_wconf 78' lang='grc' dir='ltr'>πολιορκουμέ·</span> 
     </span>
    </p>
   </div>
   <div class='ocr_carea' id='block_1_87' title="bbox 2367 4079 3944 4148">
    <p class='ocr_par' dir='ltr' id='par_1_87' title="bbox 2367 4079 3944 4148">
     <span class='ocr_line' id='line_1_87' title="bbox 2367 4079 3944 4148; baseline -0.003 -17"><span class='ocrx_word' id='word_1_601' title='bbox 2367 4095 2465 4140; x_wconf 82' lang='grc' dir='ltr'><strong>νας</strong></span> <span class='ocrx_word' id='word_1_602' title='bbox 2492 4081 2586 4132; x_wconf 81' lang='grc' dir='ltr'>καὶ</span> <span class='ocrx_word' id='word_1_603' title='bbox 2617 4080 3074 4148; x_wconf 80' lang='grc' dir='ltr'>διαφθειρομένας</span> <span class='ocrx_word' id='word_1_604' title='bbox 3105 4082 3428 4148; x_wconf 77' lang='grc' dir='ltr'>ἐπιδρομαῖς</span> <span class='ocrx_word' id='word_1_605' title='bbox 3457 4081 3555 4131; x_wconf 79' lang='grc' dir='ltr'>καὶ</span> <span class='ocrx_word' id='word_1_606' title='bbox 3599 4079 3944 4144; x_wconf 86' lang='grc' dir='ltr'>λεηλασίαις,</span> 
     </span>
    </p>
   </div>
   <div class='ocr_carea' id='block_1_88' title="bbox 2371 4151 3943 4240">
    <p class='ocr_par' dir='ltr' id='par_1_88' title="bbox 2371 4151 3943 4240">
     <span class='ocr_line' id='line_1_88' title="bbox 2371 4151 3943 4240; baseline -0.002 -18"><span class='ocrx_word' id='word_1_607' title='bbox 2371 4173 2569 4239; x_wconf 78' lang='grc' dir='ltr'>μέτρια</span> <span class='ocrx_word' id='word_1_608' title='bbox 2597 4171 2655 4224; x_wconf 83' lang='grc' dir='ltr'>δὲ</span> <span class='ocrx_word' id='word_1_609' title='bbox 2686 4173 2836 4239; x_wconf 83' lang='grc' dir='ltr'>ὅμως</span> <span class='ocrx_word' id='word_1_610' title='bbox 2862 4151 3002 4224; x_wconf 79' lang='grc' dir='ltr'>εἶναι</span> <span class='ocrx_word' id='word_1_611' title='bbox 3059 4167 3148 4225; x_wconf 78' lang='grc' dir='ltr'><strong>οἷα</strong></span> <span class='ocrx_word' id='word_1_612' title='bbox 3198 4171 3264 4240; x_wconf 80' lang='grc' dir='ltr'>δὴ</span> <span class='ocrx_word' id='word_1_613' title='bbox 3310 4169 3600 4238; x_wconf 84' lang='grc' dir='ltr'>Ῥωμαίων</span> <span class='ocrx_word' id='word_1_614' title='bbox 3647 4169 3943 4237; x_wconf 82' lang='grc' dir='ltr'>Ῥωμαίοις</span> 
     </span>
    </p>
   </div>
   <div class='ocr_carea' id='block_1_89' title="bbox 2366 4257 3944 4326">
    <p class='ocr_par' dir='ltr' id='par_1_89' title="bbox 2366 4257 3944 4326">
     <span class='ocr_line' id='line_1_89' title="bbox 2366 4257 3944 4326; baseline -0.001 -16"><span class='ocrx_word' id='word_1_615' title='bbox 2366 4260 2646 4322; x_wconf 87' lang='grc' dir='ltr'>ἐπιόντων,</span> <span class='ocrx_word' id='word_1_616' title='bbox 2677 4267 2769 4312; x_wconf 78' lang='grc' dir='ltr'>καὶ</span> <span class='ocrx_word' id='word_1_617' title='bbox 2790 4257 2973 4313; x_wconf 81' lang='grc' dir='ltr'>οἶκτόν</span> <span class='ocrx_word' id='word_1_618' title='bbox 3010 4261 3130 4312; x_wconf 73' lang='grc' dir='ltr'>τινὰ</span> <span class='ocrx_word' id='word_1_619' title='bbox 3158 4277 3286 4312; x_wconf 85' lang='grc' dir='ltr'>ποτε</span> <span class='ocrx_word' id='word_1_620' title='bbox 3316 4262 3412 4311; x_wconf 75' lang='grc' dir='ltr'>καὶ</span> <span class='ocrx_word' id='word_1_621' title='bbox 3454 4261 3565 4312; x_wconf 85' lang='grc' dir='ltr'>τῶν</span> <span class='ocrx_word' id='word_1_622' title='bbox 3597 4259 3944 4326; x_wconf 67' lang='grc' dir='ltr'>ἀτυχούντων</span> 
     </span>
    </p>
   </div>
   <div class='ocr_carea' id='block_1_90' title="bbox 2367 4348 3940 4419">
    <p class='ocr_par' dir='ltr' id='par_1_90' title="bbox 2367 4348 3940 4419">
     <span class='ocr_line' id='line_1_90' title="bbox 2367 4348 3940 4419; baseline -0.003 -18"><span class='ocrx_word' id='word_1_623' title='bbox 2367 4349 2774 4419; x_wconf 84' lang='grc' dir='ltr'>λαμϐανόντων.</span> <span class='ocrx_word' id='word_1_624' title='bbox 2807 4351 2889 4402; x_wconf 80' lang='grc' dir='ltr'><strong>Τὰ</strong></span> <span class='ocrx_word' id='word_1_625' title='bbox 2917 4350 3342 4418; x_wconf 83' lang='grc' dir='ltr'>προσδοκώμενα</span> <span class='ocrx_word' id='word_1_626' title='bbox 3373 4349 3429 4401; x_wconf 70' lang='grc' dir='ltr'>δι</span> <span class='ocrx_word' id='word_1_627' title='bbox 3455 4348 3695 4416; x_wconf 77' lang='grc' dir='ltr'>τοσούτῳ</span> <span class='ocrx_word' id='word_1_628' title='bbox 3716 4353 3809 4398; x_wconf 76' lang='grc' dir='ltr'>καὶ</span> <span class='ocrx_word' id='word_1_629' title='bbox 3832 4348 3940 4399; x_wconf 84' lang='grc' dir='ltr'>δει-</span> 
     </span>
    </p>
   </div>
   <div class='ocr_carea' id='block_1_91' title="bbox 2369 4439 3946 4511">
    <p class='ocr_par' dir='ltr' id='par_1_91' title="bbox 2369 4439 3946 4511">
     <span class='ocr_line' id='line_1_91' title="bbox 2369 4439 3946 4511; baseline -0.003 -18"><span class='ocrx_word' id='word_1_630' title='bbox 2369 4442 2560 4511; x_wconf 83' lang='grc' dir='ltr'>νότερα</span> <span class='ocrx_word' id='word_1_631' title='bbox 2616 4441 2711 4494; x_wconf 80' lang='grc' dir='ltr'>καὶ</span> <span class='ocrx_word' id='word_1_632' title='bbox 2763 4439 3136 4511; x_wconf 82' lang='grc' dir='ltr'>φοϐερώτερα,</span> <span class='ocrx_word' id='word_1_633' title='bbox 3174 4441 3248 4502; x_wconf 86' lang='grc' dir='ltr'>ὼς</span> <span class='ocrx_word' id='word_1_634' title='bbox 3297 4441 3368 4490; x_wconf 63' lang='grc' dir='ltr'><strong>τε</strong></span> <span class='ocrx_word' id='word_1_635' title='bbox 3427 4439 3775 4509; x_wconf 84' lang='grc' dir='ltr'>παρελθόντα</span> <span class='ocrx_word' id='word_1_636' title='bbox 3809 4441 3946 4508; x_wconf 63' lang='grc' dir='ltr'>πρὶς</span> 
     </span>
    </p>
   </div>
   <div class='ocr_carea' id='block_1_92' title="bbox 700 4524 2255 4624">
    <p class='ocr_par' dir='ltr' id='par_1_92' title="bbox 700 4524 2255 4624">
     <span class='ocr_line' id='line_1_92' title="bbox 700 4524 2255 4624; baseline 0.026 -52"><span class='ocrx_word' id='word_1_637' title='bbox 700 4524 749 4574; x_wconf 80' lang='grc' dir='ltr'><strong>ιί</strong></span> <span class='ocrx_word' id='word_1_638' title='bbox 778 4543 816 4577; x_wconf 73' lang='grc' dir='ltr'><strong>ιε</strong></span> <span class='ocrx_word' id='word_1_639' title='bbox 848 4529 1041 4593; x_wconf 87' lang='lat' dir='ltr'><strong>partim</strong></span> <span class='ocrx_word' id='word_1_640' title='bbox 1083 4535 1440 4600; x_wconf 88' lang='lat' dir='ltr'><strong>trueidantes,</strong></span> <span class='ocrx_word' id='word_1_641' title='bbox 1479 4546 1674 4608; x_wconf 88' lang='lat' dir='ltr'><strong>partim</strong></span> <span class='ocrx_word' id='word_1_642' title='bbox 1711 4548 1959 4616; x_wconf 85' lang='lat' dir='ltr'><strong>captivos</strong></span> <span class='ocrx_word' id='word_1_643' title='bbox 1985 4555 2255 4624; x_wconf 85' lang='lat' dir='ltr'><strong>abripien-</strong></span> 
     </span>
    </p>
   </div>
   <div class='ocr_carea' id='block_1_93' title="bbox 2359 4524 3944 4624">
    <p class='ocr_par' dir='ltr' id='par_1_93' title="bbox 2365 4531 3944 4603">
     <span class='ocr_line' id='line_1_93' title="bbox 2365 4531 3944 4603; baseline -0.003 -18"><span class='ocrx_word' id='word_1_644' title='bbox 2365 4533 2504 4586; x_wconf 68' lang='grc' dir='ltr'>αὐτὰ</span> <span class='ocrx_word' id='word_1_645' title='bbox 2535 4532 3021 4603; x_wconf 86' lang='grc' dir='ltr'>παραϐαλλόμενα,</span> <span class='ocrx_word' id='word_1_646' title='bbox 3055 4532 3316 4600; x_wconf 73' lang='grc' dir='ltr'>εὐτυχίας</span> <span class='ocrx_word' id='word_1_647' title='bbox 3339 4531 3506 4584; x_wconf 84' lang='grc' dir='ltr'>τόπον</span> <span class='ocrx_word' id='word_1_648' title='bbox 3543 4532 3776 4598; x_wconf 73' lang='grc' dir='ltr'>ἐπέχειν</span> <span class='ocrx_word' id='word_1_649' title='bbox 3810 4534 3944 4598; x_wconf 77' lang='grc' dir='ltr'>πρ“;ς</span> 
     </span>
    </p>
   </div>
   <div class='ocr_carea' id='block_1_94' title="bbox 700 4627 2265 4713">
    <p class='ocr_par' dir='ltr' id='par_1_94' title="bbox 700 4627 2265 4713">
     <span class='ocr_line' id='line_1_94' title="bbox 700 4627 2265 4713; baseline 0.024 -46"><span class='ocrx_word' id='word_1_650' title='bbox 700 4627 801 4674; x_wconf 71' lang='grc' dir='ltr'>ιρις.</span> <span class='ocrx_word' id='word_1_651' title='bbox 861 4632 914 4672; x_wconf 79' lang='lat' dir='ltr'><strong>et</strong></span> <span class='ocrx_word' id='word_1_652' title='bbox 972 4639 1162 4680; x_wconf 84' lang='lat' dir='ltr'><strong>omnes</strong></span> <span class='ocrx_word' id='word_1_653' title='bbox 1212 4631 1362 4684; x_wconf 85' lang='lat' dir='ltr'><strong>vicos</strong></span> <span class='ocrx_word' id='word_1_654' title='bbox 1414 4633 1467 4686; x_wconf 90' lang='lat' dir='ltr'><strong>in</strong></span> <span class='ocrx_word' id='word_1_655' title='bbox 1529 4637 1746 4692; x_wconf 89' lang='lat' dir='ltr'><strong>eineres</strong></span> <span class='ocrx_word' id='word_1_656' title='bbox 1807 4643 2137 4713; x_wconf 85' lang='lat' dir='ltr'><strong>redigentes.</strong></span> <span class='ocrx_word' id='word_1_657' title='bbox 2186 4648 2265 4704; x_wconf 85' lang='lat' dir='ltr'><strong>Eo</strong></span> 
     </span>
    </p>
   </div>
   <div class='ocr_carea' id='block_1_95' title="bbox 700 4712 2264 4808">
    <p class='ocr_par' dir='ltr' id='par_1_95' title="bbox 700 4712 2264 4808">
     <span class='ocr_line' id='line_1_95' title="bbox 700 4712 2264 4808; baseline 0.021 -47"><span class='ocrx_word' id='word_1_658' title='bbox 700 4712 959 4776; x_wconf 62' lang='lat' dir='ltr'><strong>magistro</strong></span> <span class='ocrx_word' id='word_1_659' title='bbox 1007 4731 1064 4770; x_wconf 90' lang='lat' dir='ltr'><strong>se</strong></span> <span class='ocrx_word' id='word_1_660' title='bbox 1122 4721 1227 4775; x_wconf 84' lang='lat' dir='ltr'><strong>tale</strong></span> <span class='ocrx_word' id='word_1_661' title='bbox 1281 4725 1560 4794; x_wconf 88' lang='lat' dir='ltr'><strong>quidpiam</strong></span> <span class='ocrx_word' id='word_1_662' title='bbox 1603 4732 1862 4800; x_wconf 73' lang='lat' dir='ltr'><strong>experiri,</strong></span> <span class='ocrx_word' id='word_1_663' title='bbox 1894 4712 1997 4790; x_wconf 88' lang='lat' dir='ltr'><strong>nec</strong></span> <span class='ocrx_word' id='word_1_664' title='bbox 2048 4739 2264 4808; x_wconf 85' lang='lat' dir='ltr'><strong>culpam</strong></span> 
     </span>
    </p>
   </div>
   <div class='ocr_carea' id='block_1_96' title="bbox 698 4811 2264 4886">
    <p class='ocr_par' dir='ltr' id='par_1_96' title="bbox 698 4811 2264 4886">
     <span class='ocr_line' id='line_1_96' title="bbox 698 4811 2264 4886; baseline 0.022 -34"><span class='ocrx_word' id='word_1_665' title='bbox 698 4811 1048 4870; x_wconf 73' lang='lat' dir='ltr'><strong>eun-mereri,</strong></span> <span class='ocrx_word' id='word_1_666' title='bbox 1101 4812 1146 4865; x_wconf 91' lang='lat' dir='ltr'><strong>si</strong></span> <span class='ocrx_word' id='word_1_667' title='bbox 1207 4829 1333 4866; x_wconf 89' lang='lat' dir='ltr'><strong>eum</strong></span> <span class='ocrx_word' id='word_1_668' title='bbox 1385 4816 1640 4875; x_wconf 86' lang='lat' dir='ltr'><strong>Barbaris</strong></span> <span class='ocrx_word' id='word_1_669' title='bbox 1691 4833 1746 4876; x_wconf 89' lang='lat' dir='ltr'><strong>et</strong></span> <span class='ocrx_word' id='word_1_670' title='bbox 1788 4825 2051 4882; x_wconf 81' lang='lat' dir='ltr'><strong>Romanis</strong></span> <span class='ocrx_word' id='word_1_671' title='bbox 2100 4831 2264 4886; x_wconf 84' lang='lat' dir='ltr'><strong>simul</strong></span> 
     </span>
    </p>
   </div>
   <div class='ocr_carea' id='block_1_97' title="bbox 701 4898 2268 4984">
    <p class='ocr_par' dir='ltr' id='par_1_97' title="bbox 701 4898 2268 4984">
     <span class='ocr_line' id='line_1_97' title="bbox 701 4898 2268 4984; baseline 0.021 -38"><span class='ocrx_word' id='word_1_672' title='bbox 701 4898 954 4953; x_wconf 66' lang='lat' dir='ltr'><strong>resistere</strong></span> <span class='ocrx_word' id='word_1_673' title='bbox 986 4917 1094 4956; x_wconf 91' lang='lat' dir='ltr'><strong>non</strong></span> <span class='ocrx_word' id='word_1_674' title='bbox 1134 4907 1324 4973; x_wconf 82' lang='lat' dir='ltr'><strong>possit,</strong></span> <span class='ocrx_word' id='word_1_675' title='bbox 1359 4911 1570 4966; x_wconf 85' lang='lat' dir='ltr'><strong>similes</strong></span> <span class='ocrx_word' id='word_1_676' title='bbox 1600 4924 1655 4966; x_wconf 92' lang='lat' dir='ltr'><strong>et</strong></span> <span class='ocrx_word' id='word_1_677' title='bbox 1688 4932 1804 4984; x_wconf 79' lang='lat' dir='ltr'><strong>ipse</strong></span> <span class='ocrx_word' id='word_1_678' title='bbox 1844 4919 2025 4973; x_wconf 90' lang='lat' dir='ltr'><strong>socios</strong></span> <span class='ocrx_word' id='word_1_679' title='bbox 2057 4924 2268 4978; x_wconf 80' lang='lat' dir='ltr'><strong>ascive-</strong></span> 
     </span>
    </p>
   </div>
   <div class='ocr_carea' id='block_1_98' title="bbox 701 4989 2266 5075">
    <p class='ocr_par' dir='ltr' id='par_1_98' title="bbox 701 4989 2266 5075">
     <span class='ocr_line' id='line_1_98' title="bbox 701 4989 2266 5075; baseline 0.02 -39"><span class='ocrx_word' id='word_1_680' title='bbox 701 4991 788 5038; x_wconf 81' lang='lat' dir='ltr'><strong>rit.</strong></span> <span class='ocrx_word' id='word_1_681' title='bbox 810 4989 937 5053; x_wconf 79' lang='lat' dir='ltr'><strong>Quze</strong></span> <span class='ocrx_word' id='word_1_682' title='bbox 960 4994 1217 5060; x_wconf 89' lang='lat' dir='ltr'><strong>quoniam</strong></span> <span class='ocrx_word' id='word_1_683' title='bbox 1250 5009 1307 5052; x_wconf 88' lang='lat' dir='ltr'><strong>et</strong></span> <span class='ocrx_word' id='word_1_684' title='bbox 1337 4999 1448 5068; x_wconf 90' lang='lat' dir='ltr'><strong>ipsa</strong></span> <span class='ocrx_word' id='word_1_685' title='bbox 1476 5004 1741 5075; x_wconf 75' lang='lat' dir='ltr'><strong>intelligat</strong></span> <span class='ocrx_word' id='word_1_686' title='bbox 1767 5024 1928 5075; x_wconf 91' lang='lat' dir='ltr'><strong>quam</strong></span> <span class='ocrx_word' id='word_1_687' title='bbox 1984 5013 2190 5066; x_wconf 91' lang='lat' dir='ltr'><strong>atrocia</strong></span> <span class='ocrx_word' id='word_1_688' title='bbox 2209 5022 2266 5067; x_wconf 87' lang='lat' dir='ltr'><strong>et</strong></span> 
     </span>
    </p>
   </div>
   <div class='ocr_carea' id='block_1_99' title="bbox 701 5075 2265 5161">
    <p class='ocr_par' dir='ltr' id='par_1_99' title="bbox 701 5075 2265 5161">
     <span class='ocr_line' id='line_1_99' title="bbox 701 5075 2265 5161; baseline 0.019 -34"><span class='ocrx_word' id='word_1_689' title='bbox 701 5075 935 5144; x_wconf 74' lang='lat' dir='ltr'><strong>imperio</strong></span> <span class='ocrx_word' id='word_1_690' title='bbox 951 5083 1227 5149; x_wconf 77' lang='lat' dir='ltr'><strong>pestifera,</strong></span> <span class='ocrx_word' id='word_1_691' title='bbox 1251 5102 1524 5159; x_wconf 84' lang='lat' dir='ltr'><strong>quantque</strong></span> <span class='ocrx_word' id='word_1_692' title='bbox 1544 5109 1761 5161; x_wconf 84' lang='lat' dir='ltr'><strong>gravem</strong></span> <span class='ocrx_word' id='word_1_693' title='bbox 1782 5097 2186 5155; x_wconf 88' lang='lat' dir='ltr'><strong>damnationem</strong></span> <span class='ocrx_word' id='word_1_694' title='bbox 2213 5102 2265 5158; x_wconf 86' lang='lat' dir='ltr'><strong>ei</strong></span> 
     </span>
    </p>
   </div>
   <div class='ocr_carea' id='block_1_100' title="bbox 699 5172 2266 5262">
    <p class='ocr_par' dir='ltr' id='par_1_100' title="bbox 699 5172 2266 5262">
     <span class='ocr_line' id='line_1_100' title="bbox 699 5172 2266 5262; baseline 0.02 -46"><span class='ocrx_word' id='word_1_695' title='bbox 699 5172 841 5235; x_wconf 81' lang='lat' dir='ltr'><strong>apud</strong></span> <span class='ocrx_word' id='word_1_696' title='bbox 869 5175 1112 5228; x_wconf 76' lang='lat' dir='ltr'><strong>futurum</strong></span> <span class='ocrx_word' id='word_1_697' title='bbox 1137 5177 1375 5236; x_wconf 87' lang='lat' dir='ltr'><strong>tribunal</strong></span> <span class='ocrx_word' id='word_1_698' title='bbox 1402 5182 1532 5236; x_wconf 77' lang='lat' dir='ltr'><strong>illud</strong></span> <span class='ocrx_word' id='word_1_699' title='bbox 1565 5186 1794 5242; x_wconf 89' lang='lat' dir='ltr'><strong>allatura</strong></span> <span class='ocrx_word' id='word_1_700' title='bbox 1824 5189 1954 5251; x_wconf 89' lang='lat' dir='ltr'><strong>sint,</strong></span> <span class='ocrx_word' id='word_1_701' title='bbox 1987 5193 2032 5245; x_wconf 89' lang='lat' dir='ltr'><strong>si</strong></span> <span class='ocrx_word' id='word_1_702' title='bbox 2069 5207 2266 5262; x_wconf 89' lang='lat' dir='ltr'><strong>nempe</strong></span> 
     </span>
    </p>
   </div>
   <div class='ocr_carea' id='block_1_101' title="bbox 701 5270 2267 5347">
    <p class='ocr_par' dir='ltr' id='par_1_101' title="bbox 701 5270 2267 5347">
     <span class='ocr_line' id='line_1_101' title="bbox 701 5270 2267 5347; baseline 0.019 -38"><span class='ocrx_word' id='word_1_703' title='bbox 701 5272 925 5328; x_wconf 84' lang='lat' dir='ltr'><strong>propter</strong></span> <span class='ocrx_word' id='word_1_704' title='bbox 961 5270 1391 5337; x_wconf 87' lang='lat' dir='ltr'><strong>contentionem,</strong></span> <span class='ocrx_word' id='word_1_705' title='bbox 1427 5276 1697 5346; x_wconf 80' lang='lat' dir='ltr'><strong>falsasque</strong></span> <span class='ocrx_word' id='word_1_706' title='bbox 1730 5281 2054 5347; x_wconf 83' lang='lat' dir='ltr'><strong>calumnias,</strong></span> <span class='ocrx_word' id='word_1_707' title='bbox 2088 5293 2143 5337; x_wconf 88' lang='lat' dir='ltr'><strong>et</strong></span> <span class='ocrx_word' id='word_1_708' title='bbox 2171 5287 2267 5339; x_wconf 81' lang='lat' dir='ltr'><strong>ob—</strong></span> 
     </span>
    </p>
   </div>
   <div class='ocr_carea' id='block_1_102' title="bbox 704 5357 2268 5442">
    <p class='ocr_par' dir='ltr' id='par_1_102' title="bbox 704 5357 2268 5442">
     <span class='ocr_line' id='line_1_102' title="bbox 704 5357 2268 5442; baseline 0.019 -41"><span class='ocrx_word' id='word_1_709' title='bbox 704 5357 1056 5413; x_wconf 48' lang='lat' dir='ltr'><strong>ts&#39;eetationes</strong></span> <span class='ocrx_word' id='word_1_710' title='bbox 1093 5360 1534 5421; x_wconf 82' lang='lat' dir='ltr'><strong>Christianorum</strong></span> <span class='ocrx_word' id='word_1_711' title='bbox 1581 5374 1901 5442; x_wconf 80' lang='lat' dir='ltr'><strong>sanguinem</strong></span> <span class='ocrx_word' id='word_1_712' title='bbox 1943 5391 1972 5427; x_wconf 89' lang='lat' dir='ltr'><strong>a</strong></span> <span class='ocrx_word' id='word_1_713' title='bbox 2006 5376 2268 5432; x_wconf 80' lang='lat' dir='ltr'><strong>Barbaris</strong></span> 
     </span>
    </p>
   </div>
   <div class='ocr_carea' id='block_1_103' title="bbox 701 5443 2268 5534">
    <p class='ocr_par' dir='ltr' id='par_1_103' title="bbox 701 5443 2268 5534">
     <span class='ocr_line' id='line_1_103' title="bbox 701 5443 2268 5534; baseline 0.019 -38"><span class='ocrx_word' id='word_1_714' title='bbox 701 5443 908 5498; x_wconf 84' lang='lat' dir='ltr'><strong>cﬂ&#39;undi</strong></span> <span class='ocrx_word' id='word_1_715' title='bbox 958 5451 1194 5515; x_wconf 76' lang='lat' dir='ltr'><strong>patiatur</strong></span> <span class='ocrx_word' id='word_1_716' title='bbox 1219 5494 1234 5518; x_wconf 91' lang='lat'><strong>,</strong></span> <span class='ocrx_word' id='word_1_717' title='bbox 1267 5456 1333 5509; x_wconf 90' lang='lat' dir='ltr'><strong>ad</strong></span> <span class='ocrx_word' id='word_1_718' title='bbox 1377 5473 1561 5526; x_wconf 85' lang='lat' dir='ltr'><strong>pacem</strong></span> <span class='ocrx_word' id='word_1_719' title='bbox 1607 5461 1805 5517; x_wconf 77' lang='lat' dir='ltr'><strong>inﬂecti</strong></span> <span class='ocrx_word' id='word_1_720' title='bbox 1835 5463 2055 5528; x_wconf 83' lang='lat' dir='ltr'><strong>debere,</strong></span> <span class='ocrx_word' id='word_1_721' title='bbox 2088 5467 2268 5534; x_wconf 86' lang='lat' dir='ltr'><strong>prius-</strong></span> 
     </span>
    </p>
   </div>
   <div class='ocr_carea' id='block_1_104' title="bbox 703 5543 2262 5624">
    <p class='ocr_par' dir='ltr' id='par_1_104' title="bbox 703 5543 2262 5624">
     <span class='ocr_line' id='line_1_104' title="bbox 703 5543 2262 5624; baseline 0.016 -38"><span class='ocrx_word' id='word_1_722' title='bbox 703 5549 866 5602; x_wconf 89' lang='lat' dir='ltr'><strong>quam</strong></span> <span class='ocrx_word' id='word_1_723' title='bbox 897 5543 1170 5607; x_wconf 83' lang='lat' dir='ltr'><strong>pernicies</strong></span> <span class='ocrx_word' id='word_1_724' title='bbox 1203 5547 1270 5600; x_wconf 88' lang='lat' dir='ltr'><strong>ab</strong></span> <span class='ocrx_word' id='word_1_725' title='bbox 1297 5549 1403 5605; x_wconf 87' lang='lat' dir='ltr'><strong>illis</strong></span> <span class='ocrx_word' id='word_1_726' title='bbox 1431 5554 1759 5622; x_wconf 89' lang='lat' dir='ltr'><strong>importetur</strong></span> <span class='ocrx_word' id='word_1_727' title='bbox 1833 5560 2098 5624; x_wconf 87' lang='lat' dir='ltr'><strong>tantisper</strong></span> <span class='ocrx_word' id='word_1_728' title='bbox 2118 5558 2262 5611; x_wconf 89' lang='lat' dir='ltr'><strong>enim</strong></span> 
     </span>
    </p>
   </div>
   <div class='ocr_carea' id='block_1_105' title="bbox 705 5627 2265 5714">
    <p class='ocr_par' dir='ltr' id='par_1_105' title="bbox 705 5627 2265 5714">
     <span class='ocr_line' id='line_1_105' title="bbox 705 5627 2265 5714; baseline 0.012 -34"><span class='ocrx_word' id='word_1_729' title='bbox 705 5627 838 5680; x_wconf 85' lang='lat' dir='ltr'><strong>nuili</strong></span> <span class='ocrx_word' id='word_1_730' title='bbox 869 5629 1117 5687; x_wconf 86' lang='lat' dir='ltr'><strong>Romano</strong></span> <span class='ocrx_word' id='word_1_731' title='bbox 1145 5635 1392 5694; x_wconf 89' lang='lat' dir='ltr'><strong>illaturos</strong></span> <span class='ocrx_word' id='word_1_732' title='bbox 1416 5642 1692 5712; x_wconf 79' lang='lat' dir='ltr'><strong>injurtam,</strong></span> <span class='ocrx_word' id='word_1_733' title='bbox 1727 5645 1856 5698; x_wconf 89' lang='lat' dir='ltr'><strong>dum</strong></span> <span class='ocrx_word' id='word_1_734' title='bbox 1889 5646 2046 5714; x_wconf 82' lang='lat' dir='ltr'><strong>legati</strong></span> <span class='ocrx_word' id='word_1_735' title='bbox 2082 5662 2265 5700; x_wconf 85' lang='lat' dir='ltr'><strong>rever-</strong></span> 
     </span>
    </p>
   </div>
   <div class='ocr_carea' id='block_1_106' title="bbox 707 5721 2261 5802">
    <p class='ocr_par' dir='ltr' id='par_1_106' title="bbox 707 5721 2261 5802">
     <span class='ocr_line' id='line_1_106' title="bbox 707 5721 2261 5802; baseline 0.015 -36"><span class='ocrx_word' id='word_1_736' title='bbox 707 5723 912 5772; x_wconf 82' lang='lat' dir='ltr'><strong>tantur.</strong></span> <span class='ocrx_word' id='word_1_737' title='bbox 967 5721 1022 5775; x_wconf 84' lang='lat' dir='ltr'><strong>in</strong></span> <span class='ocrx_word' id='word_1_738' title='bbox 1082 5739 1219 5792; x_wconf 90' lang='lat' dir='ltr'><strong>quas</strong></span> <span class='ocrx_word' id='word_1_739' title='bbox 1276 5743 1442 5796; x_wconf 86' lang='lat' dir='ltr'><strong>porro</strong></span> <span class='ocrx_word' id='word_1_740' title='bbox 1495 5734 1838 5787; x_wconf 72' lang='lat' dir='ltr'><strong>conditiones</strong></span> <span class='ocrx_word' id='word_1_741' title='bbox 1892 5750 2077 5802; x_wconf 79' lang='lat' dir='ltr'><strong>pacem</strong></span> <span class='ocrx_word' id='word_1_742' title='bbox 2147 5736 2261 5790; x_wconf 78' lang='lat' dir='ltr'><strong>fieri</strong></span> 
     </span>
    </p>
   </div>
   <div class='ocr_carea' id='block_1_107' title="bbox 707 5821 2262 5896">
    <p class='ocr_par' dir='ltr' id='par_1_107' title="bbox 707 5821 2262 5896">
     <span class='ocr_line' id='line_1_107' title="bbox 707 5821 2262 5896; baseline 0.005 -18"><span class='ocrx_word' id='word_1_743' title='bbox 707 5821 981 5878; x_wconf 69' lang='grc' dir='ltr'>θιιοτιοει,</span> <span class='ocrx_word' id='word_1_744' title='bbox 1018 5830 1124 5869; x_wconf 91' lang='lat' dir='ltr'><strong>non</strong></span> <span class='ocrx_word' id='word_1_745' title='bbox 1172 5834 1290 5874; x_wconf 82' lang='lat' dir='ltr'><strong>esse</strong></span> <span class='ocrx_word' id='word_1_746' title='bbox 1341 5825 1622 5890; x_wconf 66' lang='lat' dir='ltr'><strong>praesentis</strong></span> <span class='ocrx_word' id='word_1_747' title='bbox 1675 5829 1931 5896; x_wconf 69' lang='lat' dir='ltr'><strong>temporis</strong></span> <span class='ocrx_word' id='word_1_748' title='bbox 1969 5827 2210 5883; x_wconf 85' lang='lat' dir='ltr'><strong>indicare</strong></span> <span class='ocrx_word' id='word_1_749' title='bbox 2250 5847 2262 5886; x_wconf 89' lang='lat'><strong>:</strong></span> 
     </span>
    </p>
   </div>
   <div class='ocr_carea' id='block_1_108' title="bbox 2369 4621 3946 4695">
    <p class='ocr_par' dir='ltr' id='par_1_108' title="bbox 2369 4621 3946 4695">
     <span class='ocr_line' id='line_1_108' title="bbox 2369 4621 3946 4695; baseline -0.001 -18"><span class='ocrx_word' id='word_1_750' title='bbox 2369 4625 2679 4694; x_wconf 80' lang='grc' dir='ltr'>ἀκροτάτην</span> <span class='ocrx_word' id='word_1_751' title='bbox 2729 4625 3135 4693; x_wconf 81' lang='grc' dir='ltr'>κακοπραγίαν.</span> <span class='ocrx_word' id='word_1_752' title='bbox 3197 4622 3473 4695; x_wconf 74' lang='grc' dir='ltr'>Βαρϐαροι</span> <span class='ocrx_word' id='word_1_753' title='bbox 3527 4625 3637 4693; x_wconf 89' lang='grc' dir='ltr'><strong>γάρ</strong></span> <span class='ocrx_word' id='word_1_754' title='bbox 3668 4624 3773 4693; x_wconf 70' lang='grc' dir='ltr'>ήδη</span> <span class='ocrx_word' id='word_1_755' title='bbox 3806 4621 3946 4675; x_wconf 83' lang='grc' dir='ltr'>εἶναι</span> 
     </span>
    </p>
   </div>
   <div class='ocr_carea' id='block_1_109' title="bbox 2370 4715 3943 4786">
    <p class='ocr_par' dir='ltr' id='par_1_109' title="bbox 2370 4715 3943 4786">
     <span class='ocr_line' id='line_1_109' title="bbox 2370 4715 3943 4786; baseline -0.001 -16"><span class='ocrx_word' id='word_1_756' title='bbox 2370 4719 2576 4786; x_wconf 80' lang='grc' dir='ltr'>Πέρσαι</span> <span class='ocrx_word' id='word_1_757' title='bbox 2602 4717 2652 4768; x_wconf 82' lang='lat' dir='ltr'><strong>oi.</strong></span> <span class='ocrx_word' id='word_1_758' title='bbox 2681 4717 2773 4768; x_wconf 79' lang='grc' dir='ltr'><strong>τὸν</strong></span> <span class='ocrx_word' id='word_1_759' title='bbox 2807 4715 2943 4784; x_wconf 81' lang='grc' dir='ltr'>πρὸς</span> <span class='ocrx_word' id='word_1_760' title='bbox 2995 4716 3309 4785; x_wconf 79' lang='grc' dir='ltr'>Ῥωμαίους</span> <span class='ocrx_word' id='word_1_761' title='bbox 3342 4717 3817 4784; x_wconf 81' lang='grc' dir='ltr'>ἐπιτετραμμένοι</span> <span class='ocrx_word' id='word_1_762' title='bbox 3851 4717 3943 4768; x_wconf 73' lang='grc' dir='ltr'>πό-</span> 
     </span>
    </p>
   </div>
   <div class='ocr_carea' id='block_1_110' title="bbox 2368 4801 3946 4878">
    <p class='ocr_par' dir='ltr' id='par_1_110' title="bbox 2368 4801 3946 4878">
     <span class='ocr_line' id='line_1_110' title="bbox 2368 4801 3946 4878; baseline -0.001 -19"><span class='ocrx_word' id='word_1_763' title='bbox 2368 4808 2533 4877; x_wconf 87' lang='grc' dir='ltr'>λεμον</span> <span class='ocrx_word' id='word_1_764' title='bbox 2553 4808 2790 4876; x_wconf 80' lang='grc' dir='ltr'>κάκείνῳ</span> <span class='ocrx_word' id='word_1_765' title='bbox 2826 4809 3311 4878; x_wconf 83' lang='grc' dir='ltr'>συμμαχήσαντες,</span> <span class='ocrx_word' id='word_1_766' title='bbox 3337 4801 3419 4868; x_wconf 75' lang='grc' dir='ltr'>οἷς</span> <span class='ocrx_word' id='word_1_767' title='bbox 3449 4807 3507 4859; x_wconf 75' lang='grc' dir='ltr'><strong>το</strong></span> <span class='ocrx_word' id='word_1_768' title='bbox 3530 4803 3786 4874; x_wconf 68' lang='grc' dir='ltr'>φονεύειν</span> <span class='ocrx_word' id='word_1_769' title='bbox 3819 4825 3946 4877; x_wconf 76' lang='grc' dir='ltr'>τρυο</span> 
     </span>
    </p>
   </div>
   <div class='ocr_carea' id='block_1_111' title="bbox 2369 4898 3946 4968">
    <p class='ocr_par' dir='ltr' id='par_1_111' title="bbox 2369 4898 3946 4968">
     <span class='ocr_line' id='line_1_111' title="bbox 2369 4898 3946 4968; baseline -0.006 -14"><span class='ocrx_word' id='word_1_770' title='bbox 2369 4898 2466 4967; x_wconf 77' lang='grc' dir='ltr'><strong>φὴ,</strong></span> <span class='ocrx_word' id='word_1_771' title='bbox 2501 4901 2594 4950; x_wconf 85' lang='grc' dir='ltr'>καὶ</span> <span class='ocrx_word' id='word_1_772' title='bbox 2629 4899 2691 4950; x_wconf 76' lang='grc' dir='ltr'>τὸ</span> <span class='ocrx_word' id='word_1_773' title='bbox 2739 4898 3290 4968; x_wconf 71' lang='grc' dir='ltr'>ἐξανδραποδίζεσθαι</span> <span class='ocrx_word' id='word_1_774' title='bbox 3341 4899 3439 4950; x_wconf 70' lang='grc' dir='ltr'>καὶ</span> <span class='ocrx_word' id='word_1_775' title='bbox 3460 4898 3819 4952; x_wconf 87' lang='grc' dir='ltr'>ἀποδίδοσθαι</span> <span class='ocrx_word' id='word_1_776' title='bbox 3853 4901 3946 4951; x_wconf 68' lang='grc' dir='ltr'>ἐπὶ</span> 
     </span>
    </p>
   </div>
   <div class='ocr_carea' id='block_1_112' title="bbox 2368 4987 3945 5061">
    <p class='ocr_par' dir='ltr' id='par_1_112' title="bbox 2368 4987 3945 5061">
     <span class='ocr_line' id='line_1_112' title="bbox 2368 4987 3945 5061; baseline 0.001 -19"><span class='ocrx_word' id='word_1_777' title='bbox 2368 4990 2580 5060; x_wconf 80' lang='grc' dir='ltr'>δουλείᾳ</span> <span class='ocrx_word' id='word_1_778' title='bbox 2627 4992 2854 5059; x_wconf 75' lang='grc' dir='ltr'>κέρδους</span> <span class='ocrx_word' id='word_1_779' title='bbox 2886 4991 3035 5061; x_wconf 75' lang='grc' dir='ltr'>ἥδιον</span> <span class='ocrx_word' id='word_1_780' title='bbox 3090 4991 3317 5053; x_wconf 81' lang='grc' dir='ltr'>παντὸς,</span> <span class='ocrx_word' id='word_1_781' title='bbox 3356 4991 3454 5044; x_wconf 76' lang='grc' dir='ltr'><strong>καὶ</strong></span> <span class='ocrx_word' id='word_1_782' title='bbox 3477 4987 3657 5048; x_wconf 70' lang='grc' dir='ltr'>οἶκτος</span> <span class='ocrx_word' id='word_1_783' title='bbox 3687 4994 3813 5044; x_wconf 74' lang='grc' dir='ltr'>οὐδὲ</span> <span class='ocrx_word' id='word_1_784' title='bbox 3844 4988 3945 5055; x_wconf 71' lang='grc' dir='ltr'>εἷς,</span> 
     </span>
    </p>
   </div>
   <div class='ocr_carea' id='block_1_113' title="bbox 2368 5081 3949 5156">
    <p class='ocr_par' dir='ltr' id='par_1_113' title="bbox 2368 5081 3949 5156">
     <span class='ocr_line' id='line_1_113' title="bbox 2368 5081 3949 5156; baseline 0.003 -22"><span class='ocrx_word' id='word_1_785' title='bbox 2368 5083 2488 5134; x_wconf 78' lang='grc' dir='ltr'>οὐδὲ</span> <span class='ocrx_word' id='word_1_786' title='bbox 2531 5083 2675 5145; x_wconf 70' lang='grc' dir='ltr'>ἔλεος</span> <span class='ocrx_word' id='word_1_787' title='bbox 2699 5083 2808 5136; x_wconf 79' lang='grc' dir='ltr'><strong>τῶν</strong></span> <span class='ocrx_word' id='word_1_788' title='bbox 2845 5083 3210 5152; x_wconf 79' lang='grc' dir='ltr'>ἀτυχούντων,</span> <span class='ocrx_word' id='word_1_789' title='bbox 3259 5081 3349 5136; x_wconf 78' lang='grc' dir='ltr'>οἷα</span> <span class='ocrx_word' id='word_1_790' title='bbox 3380 5087 3444 5155; x_wconf 85' lang='grc' dir='ltr'>δὴ</span> <span class='ocrx_word' id='word_1_791' title='bbox 3477 5085 3636 5151; x_wconf 80' lang='grc' dir='ltr'>φύσει</span> <span class='ocrx_word' id='word_1_792' title='bbox 3666 5087 3949 5156; x_wconf 81' lang='grc' dir='ltr'>πολεμίων</span> 
     </span>
    </p>
   </div>
   <div class='ocr_carea' id='block_1_114' title="bbox 2369 5174 3944 5248">
    <p class='ocr_par' dir='ltr' id='par_1_114' title="bbox 2369 5174 3944 5248">
     <span class='ocr_line' id='line_1_114' title="bbox 2369 5174 3944 5248; baseline 0.003 -21"><span class='ocrx_word' id='word_1_793' title='bbox 2369 5175 2538 5227; x_wconf 72' lang='grc' dir='ltr'>ὄντων</span> <span class='ocrx_word' id='word_1_794' title='bbox 2562 5175 2650 5228; x_wconf 76' lang='grc' dir='ltr'><strong>δια</strong></span> <span class='ocrx_word' id='word_1_795' title='bbox 2677 5176 2776 5244; x_wconf 79' lang='grc' dir='ltr'>τὴν</span> <span class='ocrx_word' id='word_1_796' title='bbox 2804 5179 2929 5243; x_wconf 76' lang='grc' dir='ltr'>περὶ</span> <span class='ocrx_word' id='word_1_797' title='bbox 2951 5176 3012 5227; x_wconf 81' lang='grc' dir='ltr'>τὸ</span> <span class='ocrx_word' id='word_1_798' title='bbox 3045 5174 3208 5237; x_wconf 79' lang='grc' dir='ltr'>σέϐας</span> <span class='ocrx_word' id='word_1_799' title='bbox 3232 5177 3543 5246; x_wconf 82' lang='grc' dir='ltr'>ἀκροτάτην</span> <span class='ocrx_word' id='word_1_800' title='bbox 3563 5181 3944 5248; x_wconf 75' lang='grc' dir='ltr'>ἐναντιότητα.</span> 
     </span>
    </p>
   </div>
   <div class='ocr_carea' id='block_1_115' title="bbox 2372 5266 3947 5340">
    <p class='ocr_par' dir='ltr' id='par_1_115' title="bbox 2372 5266 3947 5340">
     <span class='ocr_line' id='line_1_115' title="bbox 2372 5266 3947 5340; baseline 0.001 -21"><span class='ocrx_word' id='word_1_801' title='bbox 2372 5269 2484 5320; x_wconf 78' lang='grc' dir='ltr'><strong>Καὶ</strong></span> <span class='ocrx_word' id='word_1_802' title='bbox 2530 5268 2720 5320; x_wconf 84' lang='grc' dir='ltr'>τούτου</span> <span class='ocrx_word' id='word_1_803' title='bbox 2779 5267 2933 5334; x_wconf 78' lang='grc' dir='ltr'>ιλεγε</span> <span class='ocrx_word' id='word_1_804' title='bbox 2961 5269 3059 5320; x_wconf 83' lang='grc' dir='ltr'>τοῦ</span> <span class='ocrx_word' id='word_1_805' title='bbox 3119 5268 3291 5320; x_wconf 80' lang='grc' dir='ltr'>κα.κοῦ</span> <span class='ocrx_word' id='word_1_806' title='bbox 3367 5269 3468 5321; x_wconf 74' lang='grc' dir='ltr'><strong>οὐκ</strong></span> <span class='ocrx_word' id='word_1_807' title='bbox 3502 5269 3713 5321; x_wconf 84' lang='grc' dir='ltr'>ἐκεῖνον</span> <span class='ocrx_word' id='word_1_808' title='bbox 3743 5266 3947 5340; x_wconf 76' lang='grc' dir='ltr'>ἧρχθαι</span> 
     </span>
    </p>
   </div>
   <div class='ocr_carea' id='block_1_116' title="bbox 2372 5357 3946 5432">
    <p class='ocr_par' dir='ltr' id='par_1_116' title="bbox 2372 5357 3946 5432">
     <span class='ocr_line' id='line_1_116' title="bbox 2372 5357 3946 5432; baseline 0.001 -20"><span class='ocrx_word' id='word_1_809' title='bbox 2372 5361 2613 5427; x_wconf 86' lang='grc' dir='ltr'>πρῶτον,</span> <span class='ocrx_word' id='word_1_810' title='bbox 2646 5359 2761 5413; x_wconf 88' lang='grc' dir='ltr'>ἀλλ’</span> <span class='ocrx_word' id='word_1_811' title='bbox 2814 5359 3154 5428; x_wconf 81' lang='grc' dir='ltr'>Ἀπόκαυχον</span> <span class='ocrx_word' id='word_1_812' title='bbox 3179 5357 3271 5411; x_wconf 77' lang='grc' dir='ltr'><strong>τὸν</strong></span> <span class='ocrx_word' id='word_1_813' title='bbox 3297 5361 3819 5432; x_wconf 85' lang='grc' dir='ltr'>παρακοιμώμενον.</span> <span class='ocrx_word' id='word_1_814' title='bbox 3852 5365 3946 5424; x_wconf 88' lang='grc' dir='ltr'>Ὃς</span> 
     </span>
    </p>
   </div>
   <div class='ocr_carea' id='block_1_117' title="bbox 2372 5452 3945 5525">
    <p class='ocr_par' dir='ltr' id='par_1_117' title="bbox 2372 5452 3945 5525">
     <span class='ocr_line' id='line_1_117' title="bbox 2372 5452 3945 5525; baseline -0.001 -19"><span class='ocrx_word' id='word_1_815' title='bbox 2372 5455 2520 5522; x_wconf 80' lang='grc' dir='ltr'><strong>αὺτῷ</strong></span> <span class='ocrx_word' id='word_1_816' title='bbox 2555 5455 2634 5516; x_wconf 86' lang='grc' dir='ltr'><strong>είς</strong></span> <span class='ocrx_word' id='word_1_817' title='bbox 2670 5454 2934 5525; x_wconf 72' lang='grc' dir='ltr'>Βὲρῤοιαν</span> <span class='ocrx_word' id='word_1_818' title='bbox 2967 5452 3429 5524; x_wconf 82' lang='grc' dir='ltr'>ἐπιστρατεύσας,</span> <span class='ocrx_word' id='word_1_819' title='bbox 3484 5453 3581 5506; x_wconf 73' lang='grc' dir='ltr'>καὶ</span> <span class='ocrx_word' id='word_1_820' title='bbox 3612 5452 3819 5520; x_wconf 75' lang='grc' dir='ltr'>πολλὴν</span> <span class='ocrx_word' id='word_1_821' title='bbox 3852 5453 3945 5504; x_wconf 82' lang='grc' dir='ltr'>καὶ</span> 
     </span>
    </p>
   </div>
   <div class='ocr_carea' id='block_1_118' title="bbox 2372 5543 3944 5617">
    <p class='ocr_par' dir='ltr' id='par_1_118' title="bbox 2372 5543 3944 5617">
     <span class='ocr_line' id='line_1_118' title="bbox 2372 5543 3944 5617; baseline -0.001 -19"><span class='ocrx_word' id='word_1_822' title='bbox 2372 5547 2584 5617; x_wconf 84' lang='grc' dir='ltr'>ἀγαθὴν</span> <span class='ocrx_word' id='word_1_823' title='bbox 2636 5548 2787 5616; x_wconf 71' lang='grc' dir='ltr'>ἄγων</span> <span class='ocrx_word' id='word_1_824' title='bbox 2844 5547 3108 5617; x_wconf 71' lang='grc' dir='ltr'>στρατιὰν</span> <span class='ocrx_word' id='word_1_825' title='bbox 3151 5545 3466 5614; x_wconf 84' lang='grc' dir='ltr'>Ῥωμαίων,</span> <span class='ocrx_word' id='word_1_826' title='bbox 3523 5544 3626 5596; x_wconf 86' lang='grc' dir='ltr'><strong>οὐκ</strong></span> <span class='ocrx_word' id='word_1_827' title='bbox 3653 5543 3944 5612; x_wconf 72' lang='grc' dir='ltr'>ἀγαπητὸν</span> 
     </span>
    </p>
   </div>
   <div class='ocr_carea' id='block_1_119' title="bbox 2371 5635 3942 5708">
    <p class='ocr_par' dir='ltr' id='par_1_119' title="bbox 2371 5635 3942 5708">
     <span class='ocr_line' id='line_1_119' title="bbox 2371 5635 3942 5708; baseline -0.003 -18"><span class='ocrx_word' id='word_1_828' title='bbox 2371 5637 2547 5708; x_wconf 75' lang='grc' dir='ltr'>ᾠήθη,</span> <span class='ocrx_word' id='word_1_829' title='bbox 2572 5640 2620 5692; x_wconf 82' lang='grc' dir='ltr'><strong>εί</strong></span> <span class='ocrx_word' id='word_1_830' title='bbox 2651 5638 2726 5708; x_wconf 83' lang='grc' dir='ltr'>μὴ</span> <span class='ocrx_word' id='word_1_831' title='bbox 2753 5636 2852 5691; x_wconf 75' lang='grc' dir='ltr'>καὶ</span> <span class='ocrx_word' id='word_1_832' title='bbox 2883 5638 3098 5706; x_wconf 78' lang='grc' dir='ltr'>Πέρσας</span> <span class='ocrx_word' id='word_1_833' title='bbox 3128 5637 3421 5706; x_wconf 78' lang='grc' dir='ltr'>ἐπαγάγοι,</span> <span class='ocrx_word' id='word_1_834' title='bbox 3447 5635 3497 5688; x_wconf 82' lang='grc' dir='ltr'>οἳ</span> <span class='ocrx_word' id='word_1_835' title='bbox 3525 5635 3696 5688; x_wconf 75' lang='grc' dir='ltr'>πολλὰ</span> <span class='ocrx_word' id='word_1_836' title='bbox 3726 5636 3942 5688; x_wconf 78' lang='grc' dir='ltr'>ἐκάκω-</span> 
     </span>
    </p>
   </div>
   <div class='ocr_carea' id='block_1_120' title="bbox 2376 5728 3938 5802">
    <p class='ocr_par' dir='ltr' id='par_1_120' title="bbox 2376 5728 3938 5802">
     <span class='ocr_line' id='line_1_120' title="bbox 2376 5728 3938 5802; baseline -0.003 -18"><span class='ocrx_word' id='word_1_837' title='bbox 2376 5748 2475 5784; x_wconf 91' lang='grc' dir='ltr'><strong>σαν</strong></span> <span class='ocrx_word' id='word_1_838' title='bbox 2496 5733 2595 5802; x_wconf 78' lang='grc' dir='ltr'>τὴν</span> <span class='ocrx_word' id='word_1_839' title='bbox 2623 5733 2806 5802; x_wconf 87' lang='grc' dir='ltr'>χώραν</span> <span class='ocrx_word' id='word_1_840' title='bbox 2835 5733 3072 5801; x_wconf 73' lang='grc' dir='ltr'>ἐκείνην,</span> <span class='ocrx_word' id='word_1_841' title='bbox 3100 5731 3408 5792; x_wconf 77' lang='grc' dir='ltr'>κτείνοντες</span> <span class='ocrx_word' id='word_1_842' title='bbox 3436 5729 3533 5782; x_wconf 72' lang='grc' dir='ltr'>καὶ</span> <span class='ocrx_word' id='word_1_843' title='bbox 3553 5728 3938 5798; x_wconf 77' lang='grc' dir='ltr'>ἐξανδραποδι-</span> 
     </span>
    </p>
   </div>
   <div class='ocr_carea' id='block_1_121' title="bbox 2375 5819 3938 5895">
    <p class='ocr_par' dir='ltr' id='par_1_121' title="bbox 2375 5819 3938 5895">
     <span class='ocr_line' id='line_1_121' title="bbox 2375 5819 3938 5895; baseline -0.003 -18"><span class='ocrx_word' id='word_1_844' title='bbox 2375 5826 2591 5894; x_wconf 69' lang='grc' dir='ltr'>ζόμενοι</span> <span class='ocrx_word' id='word_1_845' title='bbox 2623 5827 2759 5888; x_wconf 67' lang='grc' dir='ltr'>τοὺς</span> <span class='ocrx_word' id='word_1_846' title='bbox 2781 5825 3209 5895; x_wconf 64' lang='grc' dir='ltr'>προστυχόντας,</span> <span class='ocrx_word' id='word_1_847' title='bbox 3244 5824 3338 5876; x_wconf 73' lang='grc' dir='ltr'>καὶ</span> <span class='ocrx_word' id='word_1_848' title='bbox 3363 5821 3536 5892; x_wconf 72' lang='grc' dir='ltr'>πυρὸς</span> <span class='ocrx_word' id='word_1_849' title='bbox 3568 5821 3732 5890; x_wconf 73' lang='grc' dir='ltr'>ἔργον</span> <span class='ocrx_word' id='word_1_850' title='bbox 3762 5819 3938 5880; x_wconf 50' lang='lat' dir='ltr'><strong>mica;</strong></span> 
     </span>
    </p>
   </div>
  </div>
