4166 6436
643 434 788 498 H35

1841 429 2163 492 JUANNIS
2207 414 2733 495 (:AN'I‘ACUZENI

3815 449 3908 512 136

712 558 759 602 et
791 563 1000 617 penam
1035 543 1467 600 condonaudum.
1503 543 1636 617 Item
1669 543 1732 596 de
1760 545 1809 617 vi
1838 543 2394 617 excommunicationis
2426 543 2654 617 disserit.
2686 547 2964 608 Cant-fudit
2995 566 3081 604 eos
3120 552 3385 605 mulorum
3416 554 3654 607 omnium
3692 571 3912 610 causam

719 612 998 684 eaititiise,
1031 626 1078 671 et
1108 617 1382 685 imperium
1417 616 1640 678 anibirc,
1673 616 1918 684 pacisque
1948 628 2208 667 summum
2228 612 2547 667 desiderium
2579 617 2749 670 denuo
2773 620 3058 690 signiﬁcat.

715 737 932 793 Auditis
997 737 1299 804 legatorum
1359 734 1538 789 verbis
1559 775 1574 799 ,
1603 731 1970 803 perlectisque
2003 731 2218 795 litteris,

2405 733 2665 797 Βασιλεὺς
2701 735 2758 788 δὲ
2806 736 2928 790 ἐπεὶ
2985 738 3092 790 τῶν
3144 756 3202 791 τε
3257 739 3435 807 λόγων
3489 744 3680 814 ἧκονε,
3710 745 3809 797 καὶ
3847 748 3915 800 τα

643 831 710 885 ad
738 844 912 900 rugas
953 827 1064 882 ilhc
1097 827 1307 896 positas
1338 827 1395 880 in
1437 828 1606 880 risum
1635 825 1850 880 solutus
1899 823 2218 893 imperator,

645 933 757 975 tum
780 921 998 990 quidem
1028 935 1124 975 eos
1182 921 1246 973 ad
1283 934 1482 989 corpus
1532 918 1676 982 cibo,
1713 932 1776 972 ac
1809 932 2004 972 somno
2053 915 2106 969 in
2138 914 2222 968 di-

645 1018 887 1069 versorio
929 1013 1286 1068 reliciendum
1323 1011 1567 1065 dimittit.
1604 1009 1699 1064 Die
1727 1009 1903 1064 altero
1934 1006 2168 1062 cencilio
2189 1019 2221 1058 e

643 1107 1009 1177 prasentibus
1035 1106 1148 1159 suis
1173 1111 1388 1164 coacto,
1419 1101 1629 1172 legatos
1677 1101 1846 1155 etiam
1880 1099 2135 1160 advocat,
2158 1112 2222 1150 ac

643 1201 963 1270 priusquam
995 1199 1076 1253 eis
1136 1196 1456 1265 respondet,
1501 1209 1723 1249 causam
1761 1208 1942 1256 suam,
1975 1192 2042 1246 ad
2072 1206 2220 1261 qua:-

640 1291 874 1344 siiouem
917 1288 986 1342 de
1019 1302 1082 1342 ea
1116 1285 1485 1340 exerteudam
1539 1286 1596 1337 in
1656 1282 1898 1337 medium
1941 1281 2216 1351 proponit.

643 1381 940 1451 lnquiritur
993 1381 1046 1433 in
1105 1391 1223 1433 aeta
1274 1380 1393 1449 ejus
1447 1392 1664 1439 omnia,
1718 1384 1841 1444 post
1921 1371 2218 1428 Andronici

643 1473 990 1543 imperatoris
1020 1473 1228 1526 obitum
1265 1490 1277 1524 :
1313 1479 1368 1525 et
1430 1471 1619 1538 legatis
1655 1469 1985 1534 ostenditur,
2026 1467 2216 1538 prole,

637 1567 804 1635 juste,
843 1573 891 1618 et
946 1579 1066 1616 cum
1121 1578 1333 1617 summa
1398 1573 1512 1615 tum
1562 1560 1797 1614 ﬁliorum
1849 1560 2216 1629 imperatoris,

644 1667 756 1710 tum
845 1656 1225 1708 Romanorum
1288 1653 1532 1706 omnium
1596 1652 1835 1706 utilitate
1901 1651 2218 1719 reipublicae

645 1749 947 1819 praefuisse.
1007 1747 1171 1802 Jubet
1211 1748 1342 1802 item
1401 1762 1496 1801 eos
1529 1746 1800 1816 intrepide
1849 1744 2115 1815 proferre,
2172 1742 2218 1796 si

641 1843 773 1911 qu-d
804 1842 1073 1897 haberent
1105 1840 1534 1911 reprehendere,
1570 1849 1629 1893 ut
1673 1839 1941 1893 rationem
1971 1837 2217 1892 omnium

645 1935 979 1988 redditurus.
1017 1933 1127 1987 Illis
1162 1933 1412 2002 qu:edain
1471 1933 1670 1986 horum
1717 1937 1777 1984 ut
1811 1930 2016 2006 iniusta
2050 1944 2216 1984 accu-

641 2027 910 2090 santibus,
946 2025 1012 2078 ad
1049 2025 1260 2095 singula
1301 2025 1617 2095 respondet.
1643 2023 1697 2076 In
1733 2023 1836 2077 ista
1871 2024 2084 2078 actione
2121 2035 2215 2075 sex

2331 823 2639 892 γράμματα
2666 827 2902 895 ἀνέγνω,
2938 831 3073 897 πρὸς
3105 833 3232 894 τοὺς
3285 836 3781 904 ἐγγεγραμμένους
3813 837 3914 907 λή-
3995 845 3998 852 ’

2331 931 2457 984 ρους
2479 915 2782 987 διαχυθεὶς,
2811 917 2907 971 νῦν
2966 920 3065 990 μὲν
3095 923 3298 976 ἀπέλυε
3329 923 3458 986 τοὺς
3484 925 3750 994 πρέσϐεις
3774 929 3913 980 ἀνα-

2328 1008 2542 1078 παύλης
2572 1009 2718 1072 τινὸς
2773 1013 2959 1081 τυχεῖν
2994 1013 3079 1081 ἐφ’
3117 1008 3185 1084 ἦς
3219 1015 3524 1081 ἐξενίζοντο
3563 1019 3740 1076 οἰκίας
3763 1036 3777 1048 ·
3833 1022 3911 1081 εἰς

2329 1099 2426 1168 τὴν
2464 1101 2758 1171 ὑστεραίαν
2789 1103 2844 1156 δὲ
2874 1104 3173 1172 ἐκκλησίαν
3199 1107 3263 1160 ἐκ
3291 1108 3400 1161 τῶν
3432 1110 3720 1181 παρόντων
3753 1128 3911 1180 ποιη-

2329 1191 2588 1258 σάμενος,
2631 1195 2986 1261 μετεκαλεῖτο
3011 1196 3104 1249 καὶ
3139 1198 3264 1259 τοὺς
3305 1197 3592 1268 πρέσὸεις.
3638 1201 3749 1254 Καὶ
3782 1208 3910 1271 πρὶν

2327 1282 2624 1350 ἀπολογίαν
2654 1285 2776 1338 τινὰ
2801 1287 2928 1354 περὶ
2961 1279 3038 1339 ὧν
3069 1289 3407 1356 ἐπρέσϐευον
3443 1294 3804 1361 ποιήσασθαι,
3845 1297 3914 1346 τα

2328 1369 2452 1422 κατ’
2484 1371 2646 1424 αὑτὸν
2673 1374 2748 1432 εἰς
2784 1373 2948 1441 μέσον
2988 1374 3272 1443 προυτίθει
3305 1378 3555 1448 ἐρευνᾷν.
3589 1379 3698 1431 Καὶ
3728 1380 3914 1431 πάντα

2329 1463 2620 1547 ἐξητάζετο
2663 1465 2802 1530 μετὰ
2853 1466 2954 1538 τὴν
3010 1465 3280 1534 βασιλέως
3337 1469 3623 1540 τελευτὴν,
3674 1472 3764 1537 ἐφ’
3831 1465 3912 1531 οἷς

2327 1555 2684 1610 ἀπεδείκνυεν
2735 1557 2920 1615 αὐτὸν,
2956 1559 3046 1611 ἐπὶ
3099 1559 3209 1612 τῶν
3271 1561 3553 1632 -τρέσὸεων
3605 1563 3782 1632 ὀρθῶς
3822 1568 3915 1616 καὶ

2328 1647 2576 1713 δικαίως,
2610 1651 2706 1703 καὶ
2740 1653 2850 1713 τοῖς
2880 1668 2936 1704 τε
2965 1651 3230 1720 βασιλέως
3263 1659 3438 1718 παισὶ,
3478 1661 3570 1708 καί
3593 1660 3703 1718 τοῖς
3727 1657 3913 1720 ἄγοος

2330 1739 2501 1793 ἆπασι
2573 1741 2850 1810 Ρωμαίοις
2896 1744 3135 1813 μάλιστα
3163 1744 3457 1809 λυσιτελῶς
3489 1749 3910 1816 πεπολιτευμέ-

2326 1848 2436 1885 νον.
2479 1833 2733 1886 Ἕκέλευέ
2788 1851 2845 1886 τε
2882 1835 3132 1898 καὶτοὺς
3174 1837 3438 1907 πρέσϐεις
3479 1839 3650 1902 ἁδεῶ.⁸
3698 1839 3912 1906 λέγειν,

2327 1925 2379 1976 εί
2399 1941 2454 1977 τι
2496 1925 2672 1995 ἔχοιεν
2706 1930 3060 1996 κατηγορεῖν,
3093 1929 3166 1990 ὡς
3195 1930 3354 1998 λόγον
3383 1931 3522 2002 ὑπὲρ
3545 1937 3654 1986 παν
3667 1951 3767 1986 των
3798 1950 3916 1984 ποι-

2327 2017 2620 2087 ησόμενος.
2658 2020 2768 2072 Καὶ
2803 2020 2890 2072 ἐπ’
2926 2020 3092 2082 ἐνίοις
3145 2021 3540 2090 ἀντιλεγόντων
3593 2025 3686 2076 καὶ
3744 2026 3916 2092 ἐγκα-

640 2119 903 2188 deineeps
947 2118 1067 2173 dies
1119 2094 1337 2172 contriti
1394 2094 1562 2183 sunt;
1629 2116 1991 2186 pluribusque
2051 2129 2216 2185 argu-

2325 2107 2588 2172 λούντων,
2619 2106 2654 2161 ἃ.
2685 2108 2940 2178 ἐνόμιζον
2964 2109 3196 2176 ἀδικεῖν,
3232 2111 3374 2182 ὑπὲρ
3409 2114 3627 2167 πάντων
3673 2118 3915 2168 ςπο.;ῖτο

642 2211 844 2265 mentis
902 2221 958 2265 et
1023 2211 1446 2278 probationibus
1495 2210 1932 2264 demonstratum
1986 2207 2219 2275 injurias

642 2302 1031 2369 imperatorem
1113 2301 1393 2370 accepisse
1453 2299 1614 2370 longe
1671 2298 2106 2369 indignissimas,
2163 2305 2220 2351 et

641 2407 896 2463 magnum
930 2391 1150 2457 ducem,
1179 2391 1427 2462 aliosque
1481 2393 1609 2447 belli
1645 2402 1859 2448 salores
1915 2408 2026 2448 non
2057 2408 2221 2464 syco-

640 2485 875 2556 phantas
909 2485 1107 2550 solum,
1142 2493 1197 2539 et
1250 2483 1304 2538 in
1355 2500 1482 2539 eum
1519 2486 1878 2541 vehementer
1948 2487 2216 2559 ingratos,

639 2591 698 2632 et
727 2586 991 2647 quantum
1023 2577 1129 2630 dici
1155 2591 1264 2630 non
1286 2585 1466 2646 potest
1486 2577 1787 2633 sceleratos
1811 2597 1825 2646 ;
1859 2580 1954 2634 sed
1983 2580 2218 2636 caedium

639 2687 879 2741 quoque,
927 2680 980 2725 et
1025 2670 1330 2731 servitutis,
1360 2681 1416 2725 et
1465 2685 1838 2726 aerumnarum
1884 2673 2216 2744 ingentium,

642 2781 761 2833 quze
790 2765 911 2818 belli
947 2772 1194 2832 tempore
1223 2762 1501 2817 Romanos
1529 2765 1857 2828 obruerunt,
1897 2765 2218 2835 primariam

641 2872 863 2910 causam
915 2855 1217 2910 exstitisse.
1252 2856 1380 2910 l’ost
1429 2855 1574 2910 diem
1638 2864 1855 2910 sextum
1889 2857 2082 2928 legalis
2135 2872 2222 2913 re-

642 2962 903 3018 sponsum
943 2947 1076 3000 dare
1129 2947 1445 3014 instituens,
1479 2948 1550 3001 ita
1615 2962 1775 3002 orsus
1809 2958 1914 3004 est.
1940 2949 2099 3006 Nulla
2131 2967 2220 3007 res

641 3050 697 3094 et
739 3035 940 3094 urbem.
964 3039 1210 3108 populari
1250 3049 1494 3094 utentem
1546 3050 1841 3111 potestate,
1880 3055 1935 3097 et
1965 3059 2218 3114 regnum,

642 3147 738 3186 seu
776 3131 1149 3185 monarcbiam
1184 3131 1235 3184 in
1274 3132 1476 3202 primis
1498 3141 1606 3186 tam
1631 3131 1790 3188 facile
1820 3135 2220 3204 evertit,quam

641 3240 672 3278 a
700 3223 1084 3293 prudentibus,
1107 3233 1163 3278 et
1194 3233 1504 3293 opportune
1525 3225 1942 3282 consulentibus
1964 3229 2216 3284 solitudo.

646 3317 860 3371 Etenim
890 3317 936 3370 si
961 3316 1160 3370 talibus
1198 3325 1292 3369 aut
1325 3317 1538 3372 civibus
1569 3317 1786 3384 civitas,
1823 3330 1917 3374 aut
1944 3321 2220 3390 praefectis

2326 2196 2499 2265 λόγον.
2554 2198 2730 2252 Τοῦτο
2773 2201 2873 2270 μὲν
2918 2196 3013 2255 οὖν
3064 2204 3144 2265 είς
3207 2203 3379 2275 ἕκτην
3429 2206 3624 2274 ἐφεξῆς
3692 2208 3914 2277 ἡμέραν

2323 2289 2581 2359 ἐτελεῖτο,
2611 2291 2706 2345 καὶ
2734 2291 2822 2346 διὰ
2847 2293 3060 2347 πολλῶν
3095 2294 3202 2348 τῶν
3231 2298 3452 2362 ἀποδείξ
3471 2317 3563 2351 ων
3596 2301 3667 2351 τὰ
3697 2300 3912 2368 ἔσχατα

2323 2382 2652 2453 ἠδικημένος
2671 2385 3034 2439 ἀπεδείκνυτο
3053 2387 3081 2438 ὁ
3102 2387 3380 2457 βασιλεύς.
3400 2391 3535 2455 Δοὺξ
3564 2391 3622 2443 δὲ
3645 2393 3672 2443 ὁ
3704 2394 3908 2459 μέγας,

2324 2475 2419 2526 καὶ
2466 2477 2514 2527 οξ
2546 2475 2698 2529 ἄλλοι
2732 2479 2780 2531 ot
2811 2477 2904 2530 τὸν
2961 2477 3201 2550 πόλεμον
3250 2484 3607 2552 κεκινηκότες
3640 2483 3701 2535 ού
3745 2501 3910 2537 συκο-

2326 2567 2525 2649 φάνται
2561 2568 2720 2639 μόνον
2753 2571 2848 2624 καὶ
2873 2573 3193 2642 ἀγνώμονες
3223 2575 3407 2638 δεινῶς
3433 2577 3567 2648 περὶ
3598 2578 3785 2641 αὑτὸν,
3817 2579 3914 2630 καὶ

2329 2649 2632 2732 μοχθηρίας
2680 2663 2990 2736 ὑπερϐολὴν
3021 2667 3390 2732 ἐλλελοιπότες
3434 2670 3718 2740 οὐδεμίαν,
3771 2673 3914 2730 ἀλλὰ

2326 2757 2420 2808 καὶ
2451 2756 2562 2809 τῶν
2604 2758 2780 2823 φόνων
2833 2758 2929 2812 καὶ
2980 2759 3086 2813 τῶν
3123 2761 3599 2831 ἀνδραποδισμῶι,
3655 2767 3751 2818 καὶ
3800 2768 3914 2818 τῶν

2329 2848 2584 2916 μεγάλων
2643 2850 2963 2919 συμφορῶν,
3003 2853 3060 2905 αἳ
3127 2852 3444 2923 Ῥωμαίους
3503 2855 3913 2924 κατέσχοιεπὶ

2324 2937 2434 2991 τῶν
2465 2939 2673 3010 χρόνων
2703 2941 2798 2993 τοῦ
2853 2942 3093 3011 πολέμου
3131 2945 3370 3014 μάλιστα
3399 2945 3715 3000 αἰτιώτατοι
3742 2966 3877 3016 γεγε
3899 2981 3913 2992 -

2329 3031 2574 3100 νημένοι.
2617 3034 2772 3087 Μετὰ
2829 3034 2887 3088 δὲ
2919 3036 3016 3106 τὴν
3074 3038 3240 3106 ἕκτην
3304 3039 3439 3109 πρὸς
3467 3041 3568 3110 τὴν
3603 3043 3913 3110 ἀπολογίαν

2325 3127 2625 3179 καθίστατο
2655 3127 2754 3195 τὴν
2778 3130 2908 3197 περὶ
2931 3131 3028 3199 τῆς
3063 3132 3379 3202 πρεσϐείας,
3413 3136 3504 3186 καὶ
3547 3132 3670 3188 είπε
3701 3139 3909 3191 tedae-

2325 3219 2493 3272 Ούδέν
2525 3218 2669 3273 οὕτω
2701 3222 2793 3274 καὶ
2823 3222 2981 3275 πόλιν
3037 3223 3565 3297 δημοκρατουμένην
3599 3230 3696 3282 καὶ
3754 3231 3916 3300 βασι-

2325 3310 2476 3362 λείαν
2550 3312 2772 3380 μάλιστ’
2827 3314 2893 3367 ἂν
2956 3315 3154 3386 ῥᾳδίως
3211 3320 3507 3372 καταλύειν
3552 3320 3793 3386 δύναιτο,
3832 3325 3916 3386 ὡς

649 3424 872 3478 regnum
899 3408 1280 3473 abundaverit,
1318 3408 1569 3478 quamvis
1600 3425 1727 3465 casu
1775 3413 2009 3482 quodam
2037 3413 2217 3467 oll'en-

2328 3405 2536 3473 ἀνδρῶν
2564 3406 2806 3460 ἀπουσία
2838 3410 3076 3460 συνετῶν
3109 3411 3201 3461 καὶ
3235 3411 3302 3463 τὰ
3346 3412 3534 3465 δέοντα
3579 3413 3919 3483 βουλευομὲιο

647 3503 849 3566 derint,
908 3515 1076 3570 parvo
1123 3502 1346 3571 negotio
1399 3502 1464 3555 ad
1527 3503 1815 3572 pristinam
1902 3505 2219 3561 felicitatem

648 3593 895 3648 revocari
964 3602 1246 3663 poterunt.
1308 3591 1405 3647 Sin
1435 3603 1618 3648 autem
1675 3595 1809 3650 tales
1861 3598 2008 3652 viros
2053 3599 2220 3652 semel

649 3685 956 3751 amiserint,
990 3686 1152 3757 602
1186 3685 1322 3740 nihil
1356 3685 1606 3755 profecto
1640 3687 1900 3754 celerem,
1937 3700 1991 3744 et
2043 3699 2222 3744 extre-

653 3795 793 3834 uiam
880 3793 1072 3832 eorum
1149 3777 1428 3831 miseriam
1505 3780 1887 3834 remorabitur.
1957 3780 2220 3846 Quocirca

655 3875 954 3925 Romanum
1003 3871 1291 3940 imperium
1321 3885 1423 3940 ego
1463 3872 1837 3942 maximopere
1869 3873 2049 3944 lugeo,
2079 3877 2220 3942 quod

647 3964 834 4018 multis
866 3973 1023 4018 antea
1057 3963 1191 4019 viris
1247 3963 1667 4019 admirabilibus
1696 3965 2005 4030 abundans,
2060 3972 2221 4024 modo

646 4058 830 4113 omnia
866 4055 1184 4120 conficiens,
1224 4065 1278 4110 et
1325 4071 1658 4110 consumens
1693 4067 1936 4112 vetustas
1971 4074 2036 4114 eo
2067 4062 2221 4114 rede-

645 4149 742 4220 git,
781 4158 839 4203 ut
871 4163 1141 4204 summam
1173 4150 1294 4218 ejus
1327 4157 1569 4210 teneant.
1603 4165 1742 4218 quos
1769 4165 1799 4203 e
1836 4151 2020 4206 medio
2047 4152 2219 4222 impe-

649 4246 763 4296 ritae
793 4241 1094 4311 plebecula:
1123 4240 1391 4308 prodiisse
1419 4240 1592 4296 dicas.
1628 4241 1765 4294 Nam
1801 4258 1968 4312 super
2018 4245 2219 4299 talibus

648 4337 971 4404 legationem
1005 4333 1245 4394 mittere,
1274 4343 1328 4386 et
1353 4333 1419 4386 ad
1452 4348 1539 4386 me
1572 4335 1926 4404 niittere,qui
1968 4336 2099 4406 ipsis
2128 4338 2219 4391 diu

641 4424 1288 4496 jamimperavi,etcujus
1310 4423 1472 4494 (absit
1494 4426 1901 4498 verboinvidia)
1934 4429 2018 4483 vel
2047 4429 2218 4499 placi-

645 4521 800 4576 diore
831 4527 1057 4588 aspectu
1096 4517 1325 4586 dignati,
1358 4517 1411 4569 in
1445 4518 1582 4572 caelo
1623 4519 1726 4572 sibi
1773 4533 1893 4573 esse
1955 4519 2219 4574 videban-

648 4625 771 4666 tur:
810 4611 1008 4666 deinde
1038 4610 1176 4664 nihil
1212 4624 1388 4679 neque
1444 4610 1819 4678 anquirentcs,
1876 4627 2057 4682 neque
2108 4615 2218 4666 cir-

645 4704 1094 4774 cumspicientes,
1158 4704 1293 4757 adeo
1375 4702 1711 4765 inconsulto,
1769 4712 1823 4757 et
1879 4704 2219 4761 confidenter

2324 3515 2452 3552 νων.
2485 3499 2549 3551 Εἰ
2612 3499 2711 3566 μὲν
2742 3501 2852 3570 γὰρ
2904 3501 3228 3572 τοιούτωνῆ
3285 3504 3520 3556 πολιτῶν
3577 3509 3816 3575 ﬁndat,
3878 3510 3914 3578 ἦ

2323 3593 2599 3662 ἀρχόντων
2633 3595 2664 3664 ἡ
2696 3593 2949 3663 βασιλεία
2984 3596 3270 3665 εύποροίη,
3309 3597 3414 3668 κᾷν
3445 3599 3582 3669 τύχῃ
3618 3600 3727 3651 τινὶ
3768 3618 3917 3667 σιρα-

2323 3684 2476 3748 λωσι,
2514 3686 2712 3756 ῥαδίως
2741 3687 2977 3740 δύναιντ’
3003 3687 3068 3740 ἂν
3101 3689 3602 3760 ἐπανασώζεινίτὴν
3633 3694 3920 3763 προτέραν

2321 3775 2532 3844 τύχην’
2570 3776 2634 3829 ἂν
2689 3777 2733 3830 δ’
2766 3779 2915 3843 ἅπαξ
2967 3779 3387 3851 αποστερηθῶσι
3444 3782 3551 3834 τῶν
3623 3785 3914 3848 τοιούτων,

2323 3867 2477 3920 οὐδὲν
2511 3867 2666 3920 ἔσται
2719 3869 2951 3936 κώλυμα
2990 3870 3064 3939 μὴ
3097 3870 3177 3929 είς
3232 3870 3459 3939 ἔσχατον
3513 3875 3917 3941 κακοπραγίας

2323 3958 2554 4028 τάχιστα
2583 3959 2834 4029 ἀφίχοαι.
2872 3962 2938 4011 Ὃ
2967 3960 3190 4028 νῦνέγὼ
3217 3963 3314 4031 τὴν
3349 3962 3640 4033 Ῥωμαίων
3669 3967 3919 4034 μάλιστα

2322 4054 2589 4122 ὸδὶρομαι
2641 4055 2962 4122 ἡγεμονίαν,
3017 4055 3102 4106 am
3166 4054 3381 4107 πολλῶν
3432 4058 3526 4110 καὶ
3581 4057 3918 4127 θαυμασίων

2324 4144 2532 4214 ἀνδρῶν
2581 4146 2846 4214 πρότερον
2876 4147 3239 4216 εὐποροῦσαν,
3275 4146 3372 4200 νῦν
3427 4150 3506 4212 εἰς
3559 4149 3719 4202 τοῦτο
3752 4167 3915 4220 τερ--

2324 4243 2554 4308 έστησεν
2580 4241 2606 4291 ὀ
2636 4240 2814 4292 πάντα
2856 4240 3143 4292 καταλύων
3166 4241 3382 4310 χρόνος,
3416 4241 3561 4295 ὥστε
3616 4245 3911 4312 ἡγεμόνας

2322 4331 2430 4384 τῶν
2460 4333 2807 4399 πραγμάτων
2843 4332 2992 4402 ἔχειν
3055 4334 3224 4402 μηδὲν
3275 4333 3498 4402 ἄμεινον
3542 4337 3653 4388 τῶν
3692 4338 3915 4389 πολλῶν

2321 4425 2719 4492 διακειμένους.
2765 4425 2838 4477 Τὺ
2880 4426 2988 4494 γὰρ
3031 4426 3172 4495 ὑπὲρ
3221 4427 3557 4494 τηλικούτων
3606 4431 3914 4495 πρεσεείαν

2323 4518 2698 4587 ποιουμένους,
2735 4521 2826 4570 καὶ
2863 4521 2996 4588 πρὶς
3026 4520 3123 4589 ἐμὲ
3142 4520 3232 4571 τὸν
3263 4521 3428 4572 πολιν
3459 4520 3559 4590 ἤδη
3585 4540 3782 4592 χρτινον
3812 4526 3918 4590 ip-

2323 4609 2490 4674 ξαντα
2531 4611 2731 4674 αὐτῶν,
2781 4605 2961 4665 κα.ὶοῦ
3011 4616 3061 4663 εἰ
3109 4613 3181 4683 μὴ
3229 4614 3517 4682 επίσοονον
3557 4618 3760 4679 εἰπεῖν,
3817 4619 3918 4670 καὶ

2323 4701 2640 4772 βλέμματος
2698 4702 2995 4753 ἀπολαύειν
3024 4702 3332 4771 προσηνοῦς
3387 4705 3444 4754 ἐν
3471 4703 3742 4772 μεγίστης
3778 4701 3919 4774 ἦγον

643 4796 906 4867 quidquid
948 4796 1001 4848 in
1036 4796 1259 4848 buccam
1291 4795 1441 4848 venit
1471 4795 1737 4860 scribere,
1773 4811 1884 4849 non
1941 4806 2050 4850 tarn
2083 4798 2210 4862 illis,

2325 4792 2576 4861 εὐτυχίας
2633 4793 2813 4862 μέρει,
2843 4793 3031 4845 ἔπειτα
3096 4793 3264 4861 μηδὲν
3299 4795 3434 4862 μήτε
3469 4797 3913 4865 ἐρευνήσαντας,

642 4885 787 4952 quod
823 4899 882 4937 se
915 4883 1142 4952 dignum
1166 4891 1246 4936 est
1312 4883 1667 4950 facientibus,
1701 4885 1976 4955 quispiam
2030 4903 2222 4958 repre-

646 4977 920 5040 henderit,
945 4993 1106 5046 quam
1138 4976 1349 5032 illustre
1379 4978 1554 5046 prius,
1586 4987 1641 5031 et
1694 4978 1913 5032 beatum
1944 4979 2222 5038 Romano-

645 5087 761 5122 rum
796 5070 1083 5138 imperium
1107 5085 1254 5122 nunc
1281 5070 1348 5122 ab
1375 5071 1710 5140 liujusmodi,
1750 5072 1885 5140 proh
1919 5073 2090 5128 Deum
2123 5073 2224 5128 im-

645 5163 954 5225 mostalem,
994 5163 1279 5232 mancipiis
1340 5162 1706 5233 gubernatum
1755 5163 2058 5220 delleverit.
2113 5164 2220 5220 Sed

643 5259 708 5312 de
734 5257 840 5311 illis
871 5256 1008 5310 nihil
1039 5255 1218 5310 dicam
1245 5258 1500 5325 amplius,
1535 5271 1672 5325 quos
1695 5259 1817 5312 talis
1856 5259 2128 5324 conditio,
2163 5269 2219 5313 et

644 5352 793 5420 pejor
835 5352 996 5403 etiam
1031 5349 1192 5403 decet
1242 5369 1256 5402 ;
1305 5349 1620 5418 Apocauchi
1678 5347 1921 5417 praafecti
1978 5352 2217 5406 cubiculi

642 5459 750 5497 non
781 5443 1185 5512 improbitatem
1218 5441 1402 5506 modo,
1453 5441 1863 5511 nientiendique
1909 5442 2215 5508 libidinem,

639 5536 736 5590 sed
772 5536 1134 5590 temeritatem
1169 5550 1390 5605 quoque
1421 5544 1476 5589 et
1508 5534 1902 5604 impudentiam
1931 5535 2215 5603 admiror;

637 5628 752 5696 qui,
778 5627 1028 5698 quamvis
1061 5644 1168 5681 non
1205 5628 1388 5697 paucis
1426 5639 1484 5681 et
1519 5626 1881 5696 apertissimis
1947 5629 2214 5699 exemplis

637 5719 1046 5774 mendaciorum
1079 5719 1335 5773 convinci
1367 5717 1564 5787 possit,
1595 5728 1862 5772 tamenne
1899 5717 2100 5775 frustra
2150 5737 2215 5776 ac

638 5812 757 5866 sine
788 5825 951 5864 causa
987 5809 1192 5866 bellum
1222 5810 1614 5872 commovisse,
1649 5824 1826 5879 neque
1851 5809 2092 5865 inaniter
2124 5811 2214 5866 la-

640 5903 832 5957 borare
873 5902 1147 5970 videatur,
1179 5899 1379 5956 fluxam
1409 5900 1636 5972 gloriam
1680 5901 1951 5959 dedecore
1985 5905 2037 5959 in
2086 5920 2206 5960 om-

2328 4889 2464 4956 μήτε
2492 4886 2867 4954 σκεψαμένους
2881 4884 3054 4947 οὕτως
3075 4887 3494 4955 ἀπερισκέπτως
3537 4889 3635 4941 καὶ
3662 4888 3916 4958 θρασέως

2322 4981 2391 5034 τὰ
2423 4979 2724 5033 ἐπελθόντα
2753 4979 3011 5050 γράφειν,
3067 4979 3167 5032 οὑκ
3225 4981 3448 5032 ἐκείνων
3476 4983 3694 5047 μάλιστ’
3732 4985 3801 5036 ἄν
3829 5000 3916 5043 τις

2326 5077 2732 5144 κατηγορήσειε
2779 5076 3127 5143 προσήκοντα
3171 5077 3553 5144 εἰργασμένων
3595 5075 3841 5139 ἑαυτοῖς,
3878 5077 3910 5144 ἢ

2324 5168 2434 5236 ὅσῳ
2497 5168 2596 5234 τὴν
2627 5167 2902 5234 περιφανῆ
2939 5167 3201 5235 πρότερον
3234 5166 3326 5218 καὶ⁵
3375 5167 3574 5234 εὐτυχῆ
3616 5165 3915 5236 Ῥωμαίων

2325 5259 2623 5330 θρηνήσειν
2677 5257 3002 5328 ἠγεμονίαν,
3042 5259 3146 5311 ὑπὸ
3191 5257 3479 5320 τοιούτοις,
3512 5257 3640 5325 φεῦ,
3706 5261 3913 5327 ἀνδρα-

2325 5351 2509 5412 πόδοις
2540 5349 2842 5417 ἀγομένην.
2879 5349 3016 5416 Περὶ
3042 5350 3140 5416 μὲν
3173 5346 3268 5402 οὖν
3294 5349 3520 5401 ἐκείνων
3569 5350 3757 5417 ὀλίγος
3787 5353 3913 5418 ἐμοὶ

2321 5444 2477 5511 λόγος
2515 5443 2713 5510 γένοιτ’
2762 5442 2849 5506 ἂν,
2882 5442 3109 5494 τοιαῦτα
3149 5443 3244 5494 καὶ
3281 5442 3595 5512 ιξαυλὸτερα
3642 5445 3914 5515 πράττειν

2323 5534 2474 5591 οὖσιν
2512 5537 2722 5606 ἀξίοις
2759 5535 3100 5604 Ἀποκαύχου
3132 5535 3187 5588 δὲ
3220 5535 3316 5586 τοῦ
3368 5538 3907 5605 παρακοιμωμέ-ιου,

2327 5634 2387 5684 ού
2419 5633 2517 5700 τὴν
2575 5627 2884 5700 μοχθηρίαν
2918 5631 3104 5698 μόνον,
3166 5629 3304 5682 ἀλλα
3337 5632 3429 5681 καὶ
3459 5631 3558 5698 τὴν
3595 5631 3908 5700 ἰταμότητα

2325 5726 2420 5778 καὶ
2449 5724 2547 5792 τὴν
2602 5722 2994 5790 ἀναισχυντίαν
3050 5723 3230 5774 ἔπεισι
3293 5722 3736 5792 οαυμὰζειν,ὅτι
3791 5728 3911 5778 καί-

2329 5835 2411 5870 τιι
2466 5817 2676 5886 μέλλων
2727 5816 2821 5868 ἐπὶ
2878 5818 3153 5868 τοσούτων
3206 5816 3526 5884 ἐλέγχεσθαι
3590 5820 3910 5883 σαφέστατα

2316 5909 2673 5980 ψευδόμενος,
2709 5907 2860 5977 ὅμως
2895 5909 2986 5961 ἐπὶ
3011 5908 3086 5978 τῷ
3119 5908 3193 5977 μὴ
3226 5908 3402 5961 δοκεῖν
3435 5907 3559 5977 εἰκῆ
3592 5910 3692 5961 καὶ
3728 5912 3906 5978 ματη-ι
