4166 6436
267 383 396 448 1141

1409 393 1952 460 "ISTORIARUM
1999 400 2222 458 LlBEl’
2275 391 2385 458 ΙΙΓῖ

3387 395 3518 455 lli?

262 498 470 552 πείθειν
485 497 596 551 τῶν
615 500 956 569 πραγμάτων
975 499 1134 564 αὖθις
1157 502 1396 572 ἔχεσθαι.
1417 507 1525 558 Καὶ
1538 507 1644 560 τῶν
1663 510 1806 561 τοιού

1939 522 2084 561 nunc
2115 515 2338 576 rogare;
2391 520 2532 558 utine
2562 487 2926 572 exprob‘rare,‘
2965 513 3018 557 et
3053 513 3110 556 ut
3147 505 3324 558 brevis
3367 509 3467 560 sim
3501 546 3516 568 ,

257 607 366 641 των
389 589 606 642 πάντων
630 591 794 651 αὐτὸς
820 588 890 662 ἦν
932 593 1063 661 παρ’
1102 595 1430 664 ἀμφοτέρων
1464 599 1826 670 πρεσϐευτής.

267 679 422 732 Ἐπεὶ
451 680 508 733 δέ
531 681 636 733 ὑπ’)
663 683 773 735 τῶν
793 683 1004 735 πολλῶν
1026 685 1239 753 ἐκείνης
1259 686 1431 755 λόγων
1454 689 1830 756 ἐπικλασθεὶς,

255 771 352 823 καὶ
379 771 624 842 πρδςτὴν
643 775 912 843 ὀρφανίαν
933 775 1044 829 τῶν
1073 778 1280 830 παίδων
1305 778 1571 848 βασιλέως
1598 781 1828 849 ἀπιδὼν,

255 865 350 919 καὶ
383 863 612 934 χηρείαν
662 866 766 937 τὴν
797 868 1038 937 ἐκείνης,
1093 873 1189 922 καὶ
1229 870 1304 932 ὡς
1337 873 1571 940 μάλιστα
1629 874 1832 946 πολλῆς

255 952 466 1007 δέονται
486 956 586 1022 τῆς
611 959 948 1026 προστασίας
969 961 1038 1028 ἦν
1055 960 1079 1010 ἐ
1089 961 1157 1029 μὲ
1180 962 1390 1016 δίκαιον
1413 965 1826 1020 ἐπιδείκνυσθαι

254 1045 410 1108 ἀξίας
452 1047 668 1115 βασιλεῖ
694 1048 796 1118 τῆς
828 1051 1012 1120 φιλίας
1040 1055 1273 1124 χάριτας
1299 1057 1400 1126 τὴν
1427 1061 1504 1120 εἰς
1539 1061 1665 1120 τοὺς
1699 1063 1826 1112 παῖ‹

253 1137 348 1200 δας
391 1141 709 1195 ἀποδιδόντα
755 1145 1105 1214 κηδεμονίαν,
1147 1149 1250 1201 κᾶν
1278 1131 1612 1220 εῖμέλλοιμι
1644 1155 1826 1206 κινδύ-

251 1246 362 1293 νοις
397 1233 776 1302 περιπίπτειν,
829 1237 1130 1308 ἐπειθόμην
1185 1243 1285 1310 μέν
1317 1257 1334 1273 ·
1383 1243 1444 1295 οὺ
1487 1245 1594 1315 μὴν
1651 1221 1826 1309 οὕτως

246 1322 694 1394 ἀπερισκέπτως,
752 1328 881 1380 ὥσθ’
929 1330 1156 1402 ὕστερον
1203 1337 1330 1389 τινὰ
1387 1339 1826 1406 καταγινώσκειν

247 1414 392 1484 ἔχειν
415 1417 693 1476 ἀδουλίαν.
731 1423 892 1476 Ἀλλά
918 1426 1012 1478 καὶ
1043 1429 1384 1498 πατριάρχου
1413 1435 1820 1500 συμπαρόντος,

245 1507 418 1560 πολλά
477 1511 746 1581 πρότερον
797 1513 1102 1586 διειλέχθην
1161 1519 1394 1587 βασιλίδι
1451 1527 1578 1592 περὶ
1609 1525 1702 1576 τοῦ
1746 1525 1822 1596 μὴ

243 1599 354 1650 δεῖν
397 1603 690 1671 προσέχειν
743 1609 1136 1676 συκοφάνταις,
1175 1611 1226 1663 οἳ
1278 1613 1466 1666 πολλοὶ
1520 1617 1819 1686 φυήσονται

243 1693 500 1756 διαϐολὰς
529 1699 623 1749 καὶ
659 1703 1034 1768 συκοφαντίας
1067 1703 1191 1756 κατ’
1214 1706 1352 1771 ἐμοῦ
1388 1709 1814 1778 συρράπτοντες.

243 1785 318 1834 Οὐ
352 1785 460 1856 γὰρ
495 1790 647 1843 ἐάσει
685 1808 748 1857 γε
790 1794 818 1844 ὁ
871 1794 1063 1860 φθόνος
1099 1800 1351 1867 ἠρεμεῖν,
1387 1800 1506 1852 ἀλλ’
1541 1803 1590 1853 εί
1635 1803 1736 1871 μέν
1765 1821 1816 1856 τι
1851 1857 1854 1871 τ

1852 1857 1891 1912 Β
1923 1885 2030 1921 non
2095 1869 2252 1937 pauci
2303 1877 2490 1922 essent
2537 1867 2830 1930 emersnri,
2875 1876 2926 1920 et
2985 1867 3266 1918 mendacia
3315 1879 3504 1920 contra

239 1875 484 1930 τοιοῦτον
519 1886 897 1952 κατηγοροῖεν,
956 1891 1138 1941 ὁποῖον
1173 1892 1238 1943 ἂν
1273 1895 1368 1946 καὶ
1400 1894 1570 1964 αὐτὴν
1607 1897 1669 1948 ἐκ
1704 1897 1814 1947 τῶν

239 1967 551 2038 λεγομένων
604 1974 664 2026 τὺ
697 1975 892 2044 ψεῦδος
927 1981 1180 2044 συνιδεῖν,
1217 1985 1643 2055 ἀποπέμπεσθαι
1681 1991 1812 2058 πρὸς

239 2060 433 2130 ὀργὴν,
467 2067 557 2116 καὶ
584 2071 766 2132 μισεῖν
789 2073 913 2134 τοὺς
945 2075 1309 2143 συκοφάντας.
1350 2079 1448 2132 Ἂν
1485 2081 1530 2132 δ’
1566 2081 1815 2152 ἐφάπτηρ

239 2149 476 2243 τακτῆς
511 2151 690 2223 ψυχῆς
751 2159 842 2210 καὶ
895 2163 1230 2231 ἀμφιὸολίαν
1287 2170 1510 2239 ἐμποιῇ,
1574 2171 1648 2242 μὴ
1703 2149 1810 2243 ἄρα

238 2239 414 2311 ἀληθῆ
447 2244 514 2297 τὰ
565 2255 992 2322 κατηγορημένα
1039 2258 1148 2327 εἴη,
1209 2259 1282 2328 μὴ
1335 2239 1808 2334 καταψηφίζεσθαι

238 2334 461 2400 αὐτίκα,
493 2339 630 2410 μηδέ
661 2343 798 2414 πρὸς
829 2347 885 2398 τὸ
921 2347 1226 2418 ἀμύνεσθαι
1270 2357 1490 2424 χωρεῖν,
1521 2355 1656 2410 ἀλλὰ
1707 2375 1806 2410 κα-

237 2424 352 2478 λεῖν
411 2431 504 2482 ἐπὶ
562 2434 660 2502 τὴν
713 2435 890 2506 δίκην,
951 2443 1044 2493 καὶ
1105 2445 1300 2514 καιρὸν
1357 2447 1620 2519 παρέχειν
1670 2451 1807 2520 πρὸς

235 2519 554 2612 ἀπολογίαν.
580 2525 696 2578 Κᾶν
728 2528 826 2595 μὲν
845 2530 1044 2586 ἀδικῶν
1067 2538 1161 2587 καὶ
1178 2537 1452 2606 ἐπιορκῶν
1469 2519 1805 2612 ἐλέγχωμαι,

237 2610 440 2664 διδόναι
463 2613 618 2678 δίκας
653 2635 664 2647 ·
704 2620 768 2672 ἂν
799 2621 844 2673 δ’
865 2624 1190 2696 ἀπολύωμαι
1215 2629 1282 2681 τὰ
1311 2610 1656 2702 ἐγκλήματα,
1680 2610 1806 2701 τοὺς

237 2707 580 2773 κατηγόρους
636 2713 783 2766 τοῦτ’
811 2715 950 2786 ὅπερ
983 2719 1121 2772 εἰσὶν
1157 2724 1405 2790 ἡγεῖσθαι
1437 2729 1802 2796 συκοφάντας.

244 2792 310 2847 Ἦ
345 2796 558 2864 βασιλὶς
600 2804 698 2871 μὲν
736 2801 828 2858 οὖν
859 2809 998 2876 πρδς
1025 2814 1150 2875 τοὺς
1178 2813 1370 2882 λόγους
1395 2817 1494 2870 οὐκ
1529 2821 1800 2887 ἐπείθετο,

232 2891 354 2943 οὐδὲ
379 2892 546 2945 δικῶν
574 2895 780 2962 ἔφασκε
833 2901 927 2953 καὶ
948 2904 1186 2974 ἐλέγχων
1206 2909 1341 2976 πρὸς
1367 2911 1465 2978 ἐμὲ
1485 2911 1800 2980 δεήσεσθαι,

233 2981 351 3074 ἀλλ’
384 2983 754 3042 ἀνυπεύθυνον
800 2995 1096 3064 παρείχετο
1143 2999 1241 3068 τὴν
1290 3002 1488 3072 ἀρχήν.
1533 3005 1698 3074 Ἐμοῦ
1747 3007 1802 3061 δέ

228 3073 332 3126 οὐκ
363 3076 627 3144 ἀνιέντος,
663 3081 799 3134 ἀλλὰ
845 3084 1172 3154 βιαζομένου
1217 3091 1316 3159 τὴν
1348 3093 1478 3164 περὶ
1519 3073 1616 3164 τῆς
1646 3100 1802 3166 δίκης

231 3169 590 3236 ἐπαγγελίαν,
655 3175 900 3230 ἐπείθετο
947 3181 1386 3252 ἁναγκασθεῖσα,
1453 3190 1548 3240 καὶ
1605 3191 1874 3272 ὅςικουςρ

233 3259 482 3328 ἀλλήλοις
516 3267 893 3336 παρειχόμεθα
927 3272 1017 3322 ἐπὶ
1047 3273 1139 3326 τοῦ
1181 3279 1540 3349 πατριάρχου,
1579 3283 1676 3352 τὴν
1706 3287 1803 3353 μὲν

237 3353 512 3420 μηδεμίαν
567 3360 687 3410 κατ’
743 3363 876 3429 ἐμοῦ
943 3365 1220 3434 ἀπόφασιν
1288 3372 1595 3440 ἐξενεγκεῖν
1669 3395 1798 3432 ποτε

233 3447 556 3500 πεισθεῖσαν
575 3455 963 3520 συκοφάνταις,
997 3459 1112 3510 ἀλλ’
1147 3463 1237 3513 ἐπὶ
1267 3468 1363 3533 τήν
1398 3466 1554 3537 δίκην
1589 3469 1794 3534 καλεῖν,

231 3538 326 3587 καὶ
363 3537 618 3606 ἐλέγχους
669 3547 942 3599 ποιεῖσθαι
1003 3549 1110 3602 τῶν
1162 3553 1517 3624 ἀδικημάτων
1545 3573 1558 3588 ·
1602 3561 1698 3612 ἐμὲ
1745 3561 1800 3612 δὲ

231 3629 504 3695 μηδέποτε
543 3651 604 3684 πε
620 3637 670 3704 ρὶ
705 3637 875 3707 αὐτὴν
945 3643 1380 3715 ἀγνωμονήσειν,
1427 3651 1549 3717 μηδ’
1583 3653 1798 3704 ἐπιὸνυ-

227 3719 444 3772 λεὺσειν
473 3725 608 3793 αὐτῇ
639 3727 732 3776 καὶ
758 3731 868 3791 τοῖς
904 3731 1060 3784 παισὶ
1109 3734 1242 3804 πρὸς
1270 3736 1366 3804 τὴν
1407 3739 1584 3808 ἀρχὴν
1615 3757 1626 3768 ·
1662 3743 1798 3794 ἀλλὰ

229 3811 340 3862 πᾶν
367 3812 548 3866 ὁτιοῦν
591 3817 734 3886 ὑπέρ
761 3837 820 3871 τε
857 3823 1036 3874 αὐτῶν
1071 3827 1164 3876 καὶ
1196 3827 1294 3894 τῆς
1321 3833 1472 3900 κοινῇ
1509 3831 1797 3890 Ῥωμαίων

229 3901 500 3966 ὡφελείας
543 3906 826 3973 πράττειν.
857 3911 998 3978 Ἐγὼ
1025 3913 1080 3964 δέ
1109 3917 1430 3973 καὶτούτων
1463 3921 1606 3975 οὕτω
1636 3942 1796 3977 κατε-

231 3997 644 4062 σκευασμένων,
683 3998 762 4053 ἔτι
787 4001 886 4072 τὴν
913 4008 1231 4071 γυναικείαν
1262 4011 1448 4071 δεδιὼς
1483 4013 1792 4086 ἀσθένειαν,

230 4085 308 4154 μὴ
333 4087 426 4156 οὐχ
457 4087 544 4142 οἶα
563 4109 616 4142 τε
715 4091 856 4146 οὕτω
890 4098 1372 4174 μεγαλοφροσύνην
1402 4107 1495 4158 καὶ
1517 4108 1796 4178 λογισμῶν

228 4178 640 4234 ἐπιδείκνυσθαι
667 4189 1008 4254 περιουσίαν,
1047 4191 1162 4242 ἀλλ’
1198 4194 1498 4264 ἀπατηλοῖς
1525 4201 1618 4252 καὶ
1645 4219 1798 4272 περι-

227 4269 414 4362 έργοις
451 4271 650 4362 λόγοις,
705 4279 798 4328 καὶ
832 4283 1221 4345 συκοταντίαις
1249 4285 1614 4358 ¹ἰιεαραχθεῖσιιι
1658 4269 1795 4362 πρὸς

223 4361 320 4412 τὸν
354 4361 474 4414 κατ’
507 4365 642 4432 ἐμοῦ
673 4367 908 4437 πόλεμον
936 4371 1154 4444 δρμηθῇ
1203 4377 1233 4445 ἠ
1283 4375 1494 4443 βασιλὶς
1520 4423 1533 4443 ,
1568 4384 1658 4436 τὸν
1691 4361 1795 4438 πα-

222 4453 495 4524 τριὰρχην
530 4459 692 4524 μόνον
718 4463 1073 4531 παραλαϐὼν,
1103 4469 1197 4518 καὶ
1227 4469 1439 4524 πολλῶν
1468 4475 1792 4547 ὑπομνήσας

222 4551 682 4620 εὐεργετημάτων
709 4557 1079 4628 ὑπηργμένων
1102 4565 1230 4631 παρ’
1253 4565 1410 4633 ἐμοῦ,
1433 4567 1622 4622 ἔπειτα
1652 4574 1791 4627 ἐδεό-

225 4660 335 4710 μην
367 4643 473 4695 τῶν
505 4645 642 4712 ὑπὲρ
676 4649 810 4714 ἐμοῦ
845 4650 1069 4703 δικαίων
1105 4653 1323 4722 ἔχεσθαι
1351 4675 1364 4690 ’
1404 4661 1494 4710 καὶ
1555 4662 1792 4730 βασιλίδι

223 4739 534 4800 παραινεῖν,
575 4737 696 4788 ἐπεὶ
749 4743 985 4794 συνεῖναι
1033 4743 1122 4796 τὸν
1162 4747 1336 4799 πάντα
1373 4752 1562 4817 χρόνον
1607 4754 1791 4821 μέλλει

225 4826 503 4896 Βυζαντίῳ
533 4829 904 4898 ἐνδιατρίεων,
944 4833 1016 4904 μὴ
1053 4837 1335 4892 πείθεσθαι
1363 4845 1472 4903 τοῖς
1515 4847 1790 4914 συκοφάν-

220 4934 364 4978 ταις,
411 4918 544 4986 μηδέ
577 4919 684 4988 πρὸ
705 4921 856 4989 δίκης
889 4925 1022 4991 ἐμοῦ
1056 4929 1552 4997 καταψηφίζεσθαι,
1589 4940 1662 4998 ὡς
1685 4939 1783 5004 τῆς

221 5013 288 5062 ἐκ
311 5010 500 5063 τούτου
530 5013 794 5080 ὡφελείας
823 5017 922 5069 οὐκ
947 5017 1026 5078 είς
1061 5020 1220 5087 μόνον
1256 5023 1354 5090 ἐμὲ
1379 5025 1786 5098 διαὸαινούσης,

219 5104 338 5154 ἀλλ’
377 5107 456 5165 εἰς
490 5105 736 5169 ἅπαντας
769 5115 920 5179 κοινῇ
965 5110 1289 5180 Ῥωμαίους.
1341 5117 1429 5169 Ὠν
1460 5119 1668 5174 δίκαιον
1695 5125 1790 5174 αὐ-

219 5203 314 5251 τὸ)
354 5201 610 5253 ἁπάντων
643 5207 910 5271 προνοεῖν,
955 5207 1192 5274 ποιμένα
1226 5211 1318 5261 καὶ
1369 5211 1640 5280 κηδεμόνα
1697 5215 1790 5267 καὶ

218 5293 540 5346 διδάσκαλον
565 5295 670 5346 ὑπὸ
695 5295 829 5347 Θεοῦ
856 5301 1390 5368 κεχειροτονημένον.
1435 5305 1497 5356 Ὃ
1523 5305 1565 5356 δ’
1589 5305 1788 5360 αὐτίκα

219 5388 439 5451 (Bp-an
473 5387 734 5450 ἀναςτὰς,
773 5389 844 5448 ὡς
883 5390 1033 5440 οὐδὲν
1080 5385 1241 5460 ἦττον
1291 5393 1321 5462 ἢ
1373 5395 1556 5464 πατὴρ
1597 5399 1787 5460 παιδὸς

220 5481 548 5548 προνοήσειε
599 5481 822 5548 γνησίου
853 5499 865 5510 ο
915 5481 1154 5535 καὶτῶν
1197 5485 1334 5553 ὑπὲρ
1382 5487 1516 5555 ἐμοῦ
1562 5489 1787 5550 δικαίων

216 5571 394 5631 οὕτως
429 5569 735 5634 ἀνθέξεται,
781 5571 970 5642 ὥσπερ
1025 5575 1090 5626 ἂν
1133 5577 1180 5626 εί
1231 5577 1392 5640 αὐτὸς
1448 5581 1646 5648 παρῆν,
1695 5583 1787 5633 καὶ

217 5663 350 5722 τοὺς
403 5663 768 5729 συκοφάντας,
802 5664 853 5714 εἴ
905 5681 1047 5726 τινες
1099 5665 1334 5734 ὀφθεῖεν,
1396 5671 1632 5738 μάλιστα
1690 5673 1787 5739 μὲν

218 5753 548 5820 ὁπελέγξειν
591 5755 977 5824 ψευδομένους,
1033 5759 1124 5808 καὶ
1165 5761 1328 5810 παντὶ
1389 5761 1561 5812 sile-:21.
1598 5763 1697 5830 τῆς

221 5845 430 5896 τιύτιυν
473 5846 677 5916 βλάϐης
725 5848 1018 5918 ἀπείρατον
1063 5851 1432 5920 διατηρήσειν.
1489 5854 1544 5904 ΕΞ
1596 5853 1638 5903 δ’
1673 5850 1780 5918 οὖν,

1935 585 2151 651 omnem
2221 583 2504 650 rudentem
2563 589 2828 658 movere,‘
2862 610 2970 664 quo
3011 611 3124 656 ,me
3181 597 3247 650 ad
3301 598 3513 666 imperii

1935 687 2286 740 moderamen
2341 685 2644 742 revocaret".
2681 685 2859 752 Atque
2897 683 3126 738 istarum
3182 699 3366 738 rerum
3391 699 3512 738 om-

1937 777 2090 829 nium
2159 777 2276 844 ipse
2323 784 2438 831 erat
2521 759 2912 828 internuntius.
2979 773 3260 828 Postremo
3323 775 3514 829 multis

1927 853 2282 919 sermonibus
2324 866 2442 929 ejus
2474 847 3220 932 cspugnatusflilimutﬁque
3249 864 3510 926 orbitate,

1929 967 1980 1010 et
2027 956 2174 1012 illius
2236 957 2498 1042 viduitate
2553 955 2958 1040 considerata,’
2991 955 3194 1024 quibus
3265 957 3513 1025 utrisque

1929 1055 2183 1112 curator,
2239 1029 2312 1101 εἷ’
2365 1029 2630 1118 patrimns
2691 1033 3024 1115 magnopere
3078 1055 3513 1102 essetnecessa-

1931 1137 2083 1201 rius,
2157 1151 2318 1205 quem
2386 1131 2482 1190 me?
2539 1135 2644 1188 illis
2726 1143 2988 1204 praestare
3045 1122 3262 1203 aequum
3310 1134 3504 1200 foret,

1925 1229 2088 1300 605
2131 1229 2176 1282 si
2217 1229 2410 1282 vellem
2445 1225 2886 1290 sollicitudinem,
2919 1235 2974 1280 et
3000 1241 3188 1294 curam
3221 1228 3380 1282 istam
3418 1243 3510 1281 er-

1925 1336 1988 1391 ga
2023 1321 2177 1385 tilios,
2212 1319 2466 1372 amicitia:
2511 1319 2712 1389 gratias
2761 1318 3076 1386 imperatori
3125 1327 3342 1372 mortuo
3380 1335 3507 1387 per-

1924 1413 2132 1467 solvere
2166 1429 2180 1464 :
2218 1426 2528 1478 quanquam
2583 1424 2864 1463 cernerem
2899 1409 3098 1477 quibus
3129 1423 3214 1462 me
3249 1409 3507 1478 periculis

1923 1505 2276 1574 objectarem,
2340 1518 2532 1556 manus
2581 1501 2728 1564 dedi,
2776 1501 2874 1554 etsi
2931 1515 3036 1554 non
3079 1501 3151 1552 ita
3205 1501 3506 1569 improvide

1924 1605 1980 1648 ut
2035 1595 2322 1663 quisquam
2380 1603 2570 1664 postea
2608 1592 3089 1647 ineonsiderantia:
3141 1609 3228 1645 me
3277 1609 3508 1658 arguere

1924 1696 2124 1754 posset.
2163 1688 2304 1752 Quin
2343 1695 2400 1739 et
2428 1679 2686 1738 audiente
2735 1685 3046 1753 patriarcha
3101 1683 3282 1736 verbis
3331 1685 3505 1752 pluri-

1925 1779 2024 1832 bus
2077 1778 2480 1848 imperatricem
2514 1777 2699 1829 monui
2751 1791 2822 1829 ne
2872 1774 3371 1834 calumniatoribus.
3409 1778 3503 1843 qui

1925 1975 2009 2014 me
2038 1961 2320 2014 consuturi
2346 1961 2491 2028 (quia
2522 1959 2774 2014 videlicet
2803 1959 3002 2012 invidia
3033 1975 3139 2012 non
3170 1974 3264 2012 eos
3297 1958 3504 2013 sineret

1923 2051 2232 2120 quiescere)
2267 2065 2430 2106 aures
2463 2053 2637 2104 daret.
2693 2052 2798 2104 Sed
2849 2053 2889 2106 si
2950 2052 3077 2118 quid
3127 2051 3392 2118 ejusmodi
3447 2052 3500 2104 in

1921 2159 2006 2197 me
2037 2155 2381 2206 accusarent,
2415 2143 2558 2213 quod
2604 2153 2658 2196 et
2695 2144 2783 2196 illa
2817 2144 2964 2197 dictu
2999 2143 3193 2196 falsum
3227 2143 3498 2212 intellige-

1921 2245 2020 2296 ret,
2053 2251 2176 2289 eum
2214 2238 2498 2290 stomacho
2529 2237 2933 2290 accusationem
2963 2235 3235 2303 rejiceret,
3258 2251 3322 2289 ac
3343 2251 3500 2304 syco-

1921 2326 2152 2394 phantas
2201 2327 2426 2380 odisset.
2467 2327 2561 2380 Sin
2598 2337 2780 2380 autem
2833 2335 3153 2395 penetraret
3203 2327 3323 2394 ejus
3373 2328 3499 2378 ani-

1921 2428 2088 2478 mum,
2128 2422 2184 2467 et
2229 2415 2628 2470 dubitationem
2680 2413 2921 2480 haberet,
2973 2429 3040 2467 an
3095 2430 3284 2468 verum
3329 2425 3498 2481 esset,

1919 2504 2061 2572 quod
2096 2503 2424 2568 deferretur,
2463 2520 2530 2559 ne
2567 2504 2712 2558 illico
2747 2507 3058 2567 dann‘raret,
3095 2520 3200 2559 neu
3233 2507 3300 2559 ad
3335 2509 3496 2560 ultio-

1918 2611 2042 2648 nem
2089 2596 2548 2666 progrederetur;
2605 2597 2700 2650 sed
2745 2595 2956 2666 judicio
2989 2606 3312 2658 arcesseret,
3353 2607 3492 2652 tem-

1919 2702 2128 2755 pusque
2158 2686 2222 2739 ad
2255 2685 2628 2740 defensionem
2655 2687 3050 2754 praescriberet.
3085 2688 3162 2742 Ac
3191 2688 3234 2742 si
3271 2688 3492 2758 quidem

1917 2777 2216 2846 improbus,
2261 2795 2324 2832 ac
2379 2779 2630 2847 perjurus
2685 2779 2984 2845 invenirer,
3029 2795 3214 2848 poenas
3267 2781 3490 2847 darem;

1917 2869 2001 2922 sin
2065 2869 2476 2924 criminationes
2550 2870 2922 2932 dissolverem,
3001 2881 3348 2926 accusatores
3435 2872 3491 2926 id

1915 2961 2058 3030 quod
2121 2971 2326 3021 essent.
2383 2962 2729 3031 sycophanta:
2789 2963 3071 3028 nimirum,
3132 2965 3490 3018 haberentur.

1913 3051 2228 3122 Imperatr-ix
2271 3053 2373 3108 hac
2423 3057 2668 3106 oratione
2714 3052 2850 3106 nihil
2890 3063 3054 3114 mota,
3103 3053 3244 3108 haud
3279 3055 3490 3123 judicio

1913 3153 1966 3197 et
2000 3143 2412 3210 probationibus
2441 3143 2732 3196 adversum
2763 3159 2850 3197 me
2895 3159 3033 3213 opus
3066 3160 3184 3198 esse
3219 3146 3392 3211 dixit;
3431 3159 3486 3200 et

1910 3233 2117 3302 imperii
2150 3235 2596 3304 gubernitionem
2631 3235 2704 3287 ita
2741 3235 2995 3301 reddidit,
3031 3243 3089 3288 ut
3119 3251 3146 3289 a
3181 3235 3486 3292 referendis

1909 3325 2210 3376 rationibus
2246 3323 2460 3392 penitus
2509 3336 2593 3374 me
2648 3321 2974 3376 absolveret.
3022 3321 3104 3375 Me
3141 3337 3268 3376 vero
3301 3339 3484 3390 perse-

1905 3421 2132 3467 verante
2184 3424 2236 3466 et
2303 3423 2549 3482 urgente,
2586 3422 2642 3466 ut
2683 3413 2948 3481 judicium
2993 3413 3351 3482 promitteret,
3389 3428 3484 3466 no-

1907 3507 2022 3559 lens
2061 3507 2288 3570 annuit;
2322 3515 2376 3559 et
2423 3505 2661 3558 vicissim
2699 3515 2970 3574 praesente
3000 3505 3305 3573 patriarcha
3331 3505 3479 3572 jura-

1906 3600 2104 3662 vimus,
2151 3600 2260 3667 ipsa
2295 3597 2539 3666 quidem,
2575 3613 2853 3666 nunquam
2900 3597 3136 3666 impulsu
3175 3599 3478 3668 symphon-

1906 3699 2082 3744 tarutn
2118 3700 2306 3744 contra
2354 3705 2438 3742 me
2486 3691 2812 3743 sententiam
2851 3691 3348 3760 prontuttiaturam.‘
3383 3691 3474 3742 sed

1905 3777 2258 3844 probationes
2311 3777 2604 3830 criminum
2645 3779 3048 3846 requisituram,
3101 3787 3154 3830 et
3199 3779 3476 3848 judieibus

1903 3883 2014 3920 rem
2052 3869 2314 3938 integram
2353 3877 2790 3934 reservaturatn;
2837 3884 2934 3938 ego
2984 3879 3163 3922 autem
3199 3885 3473 3938 nunquam

1902 3959 1950 4008 ei
1977 3957 2222 4026 iniquum
2259 3957 2523 4022 futurum,
2555 3975 2730 4028 neque
2756 3959 2858 4028 ipsi
2887 3969 2940 4013 et
2965 3959 3148 4014 liberis
3173 3961 3291 4028 ejus
3317 3975 3478 4028 prop-

1902 4061 1983 4103 ter
2040 4051 2327 4119 imperinm
2382 4051 2610 4106 insidias
2664 4053 3016 4118 moliturum;
3080 4053 3177 4107 sed
3233 4051 3471 4120 quidvis,

1899 4141 2040 4205 quod
2072 4157 2136 4194 ex
2184 4143 2302 4208 ejus
2343 4158 2464 4206 usu,
2512 4151 2567 4196 et
2617 4143 2892 4212 republica
2930 4143 3022 4206 sit,
3065 4153 3470 4212 suscepturum.

1899 4230 1995 4284 liis
2034 4231 2104 4284 ita
2133 4232 2320 4301 gestis,
2354 4234 2532 4288 adhuc
2561 4235 2884 4289 muliebrem
2921 4236 3065 4289 illius
3098 4235 3470 4289 infirmitatem

1899 4324 2124 4388 veritus,
2177 4339 2244 4378 ne
2299 4327 2507 4379 scilicet
2577 4343 2770 4394 parum
2843 4337 3109 4394 prmstans
3163 4329 3473 4382 excelsitate

1895 4415 2086 4478 animi,
2125 4425 2179 4468 et
2228 4415 2539 4470 maturitate
2585 4417 2821 4480 consilii,
2874 4417 3148 4472 fallacibus
3199 4429 3254 4473 et
3303 4421 3469 4472 artiﬁ-

1827 4539 1874 4598 D
1901 4506 2064 4560 ciosis
2097 4505 2551 4560 calumniatorou
2601 4507 2786 4560 delusa
2830 4509 3194 4570 sermmiibus,
3251 4509 3316 4561 ad
3355 4511 3468 4561 bel-

1904 4599 2009 4648 lum
2045 4605 2230 4650 contra
2263 4610 2348 4650 me
2377 4597 2696 4665 insurgeret,
2730 4612 2852 4650 cum
2887 4597 3188 4666 patriarcha
3225 4614 3466 4652 seorsum

1897 4686 2024 4756 egi;
2066 4685 2381 4739 meritorum
2419 4699 2447 4737 a
2483 4700 2570 4738 me
2621 4686 2764 4740 ultro
2803 4686 2879 4739 illi
2937 4687 3302 4755 prmstitornm
3358 4704 3466 4740 n'e-

1899 4778 2124 4829 muriam
2163 4777 2208 4830 ei
2259 4791 2549 4840 renovans,
2585 4787 2638 4830 et
2690 4793 2852 4830 orans
2903 4779 2973 4829 uti
3031 4794 3246 4832 causam
3291 4796 3464 4832 meam

1897 4879 2141 4922 tueretur
2172 4887 2186 4934 ;
2220 4879 2273 4922 et
2307 4867 2628 4938 Augustam,
2678 4883 2782 4936 qua
2821 4885 2943 4921 cum
2983 4869 3216 4937 Byzantii
3253 4883 3456 4936 semper

1894 4967 2039 5014 esset
2066 4961 2329 5022 victurus,
2362 4961 2678 5012 admoneret
2715 4975 2783 5012 ne
2819 4961 3170 5028 sycophantiis
3197 4961 3459 5024 crederet,

1895 5067 2030 5105 neve
2077 5061 2201 5104 ante
2251 5052 2516 5119 judicium
2573 5065 2656 5104 me
2713 5051 3124 5110 condemnaret,
3161 5053 3377 5118 quando
3413 5052 3462 5106 id

1893 5141 2168 5196 nonmihi
2215 5141 2336 5205 soli,
2387 5143 2479 5195 sed
2515 5141 2884 5194 llotnanorum
2937 5142 3277 5194 universitati
3329 5159 3470 5209 quo-

1892 5250 1998 5304 quc
2059 5233 2401 5301 profuturum
2457 5243 2634 5297 esset;
2697 5233 2895 5301 quibus
2959 5235 3211 5286 omnibus
3262 5235 3348 5287 ille
3407 5251 3435 5285 ιι

1893 5334 2097 5395 pastor,
2139 5337 2194 5378 et
2225 5331 2390 5388 tutor,
2442 5333 2495 5376 et
2531 5324 2784 5392 magister
2813 5341 2841 5376 a
2883 5324 2990 5376 Deo
3021 5326 3249 5382 electus,
3285 5325 3461 5391 prmi—

1893 5418 2021 5470 (εει-θ
2073 5424 2234 5484 atque
2278 5417 2562 5469 consulere
2612 5417 2853 5467 deberet.
2910 5415 2997 5468 llle
3029 5431 3058 5468 e
3096 5415 3290 5468 throno
3341 5431 3462 5468 Sill-

1893 5525 2047 5578 gens,
2085 5523 2205 5560 mox
2254 5507 2491 5559 vicissim
2533 5506 2752 5573 jnrabat
2803 5521 2909 5558 non
2942 5505 3120 5558 minus
3150 5521 3310 5572 quam
3367 5523 3461 5572 pa-

1893 5609 2098 5652 rentem
2153 5613 2247 5666 pro
2298 5611 2553 5666 germano
2614 5596 2719 5649 lilio
2783 5597 3069 5649 sollicitum
3123 5597 3254 5658 fere,
3300 5597 3464 5667 θῦε

1891 5702 1944 5746 ct
1970 5693 2060 5758 jus
2107 5707 2286 5744 meum
2327 5691 2396 5742 ita
2430 5691 2807 5750 defensurum,
2845 5698 2901 5739 ut
2951 5689 2992 5740 si
3042 5689 3153 5754 ipse
3187 5687 3456 5750 adessem,

1895 5785 2084 5838 melius
2121 5799 2224 5836 non
2269 5797 2482 5852 possem
2511 5799 2522 5844 ;
2557 5784 3048 5852 symphnntasque,
3087 5781 3127 5832 si
3162 5780 3251 5848 qui
3285 5781 3462 5846 prndi-

1896 5886 2034 5936 rent,
2089 5887 2142 5929 ut
2193 5878 2481 5930 mendaces
2517 5874 2716 5927 tnanile
2753 5876 2915 5929 larius
2957 5873 3172 5944 egregie
3218 5872 3464 5926 confuta-
