4166 6436
655 359 791 421 1143

1822 364 2149 424 JOANNIS
2187 361 2719 424 CANTACUZENI

3766 362 3907 427 ll“

647 490 828 529 turum
883 475 938 528 Si
986 477 1037 530 id
1081 491 1186 529 non
1222 475 1412 546 possit,
1453 477 1553 531 hoc
1582 477 1800 546 quidem
1832 479 1993 547 plane
2023 479 2218 532 obten-

2327 475 2458 528 ἀλλὰ
2492 473 2650 526 τοῦτό
2683 490 2748 541 γε
2801 471 3022 537 πάντως
3066 473 3194 543 ἐμοὶ
3233 472 3514 542 φυλάξειν,
3551 474 3612 528 τδ
3675 476 3754 545 μὴ
3803 476 3908 546 πρὸ

645 573 849 629 turum,
885 581 950 620 ne
987 567 1188 620 indicta
1219 582 1382 622 causa
1415 569 1836 621 condemnarer.
1868 567 2114 640 Cumque
2150 568 2218 621 de

645 653 836 709 iisdem
870 655 1032 708 etiam
1071 655 1394 720 secundum,
1428 663 1483 709 et
1518 655 1738 708 tertium
1785 654 1927 708 inter
1979 668 2079 708 nos
2119 667 2219 708 ne-

642 746 883 801 cessario
911 745 1372 814 colloqueremur,
1409 753 1568 799 toties
1605 747 1772 806 idem,
1804 761 1910 799 non
1947 745 2125 799 solum
2160 752 2219 797 ut

643 837 921 898 sacerdos,
975 839 1069 891 sed
1120 847 1178 891 nt
1231 836 1495 907 profanus
1549 850 1766 906 quoque
1811 835 2050 904 jurabat.
2118 833 2218 890 Hic

642 931 1239 1003 igitnr'suspiciendus
1283 929 1510 1000 iustitiae
1566 939 1853 998 patronus,
1895 936 1949 980 et
2007 935 2216 984 custos.

641 1026 959 1096 priusquam
991 1024 1106 1080 dies
1134 1026 1320 1079 decem
1353 1031 1475 1092 post
1507 1036 1686 1074 meum
1720 1020 1978 1090 Byzantio
2012 1020 2219 1073 disces—

641 1131 764 1171 sum
796 1117 1102 1180 emnercnt,
1147 1134 1174 1167 a
1221 1117 1478 1185 praefecto
1523 1115 1761 1170 cubiculi
1801 1129 2094 1180 persuasus
2127 1127 2213 1167 me

643 1208 821 1277 ipsum
853 1207 920 1262 de
958 1208 1155 1262 throno
1188 1208 1481 1263 deturbare
1510 1208 1668 1272 velle,
1703 1217 1758 1260 ct
1785 1205 2056 1259 Palatnam
2092 1205 2222 1260 sub-

642 1301 990 1355 introdncere
1010 1318 1024 1363 ;

645 1409 849 1448 meram
898 1394 1250 1457 calumniam,
1299 1394 1439 1447 bello
1492 1393 1617 1446 huic
1652 1391 1979 1460 principium
2011 1392 2217 1446 attulit.

577 1483 584 1488 ’
648 1484 716 1540 Ut
768 1495 947 1539 autem
981 1501 1156 1539 meam
1195 1488 1244 1538 in
1272 1501 1354 1550 se,
1388 1501 1549 1554 quam
1598 1485 1841 1553 putabat,
1872 1485 2218 1552 iniquitatem

643 1578 954 1646 puniretur,
989 1578 1389 1646 imperatriemn
1421 1591 1634 1645 quoque
1673 1576 1762 1646 (id
1788 1575 1932 1644 quod
1958 1575 2098 1629 alius
2125 1591 2222 1629 ne-

644 1683 734 1721 mo
764 1667 1050 1736 potuisset}
1081 1667 1315 1735 decepit,
1355 1677 1409 1720 et
1441 1682 1588 1719 arma
1617 1666 1918 1732 suscitavit,
1947 1666 2084 1734 proh
2125 1666 2221 1721 do-

646 1758 748 1823 lor,
784 1761 848 1823 is,
881 1761 972 1829 qui
1005 1759 1125 1814 aliis
1153 1775 1342 1828 pacem
1374 1767 1548 1823 curat,
1613 1757 1825 1828 paciﬁci
1853 1766 1909 1812 et
1945 1759 2218 1814 mansueti

647 1853 892 1922 magistri
953 1854 1294 1918 discipulus;
1351 1868 1527 1921 neque
1605 1853 1989 1926 jusjurandum
2060 1852 2223 1908 toties

646 1945 962 2014 nuperrime
1007 1945 1250 2014 iuratum
1300 1945 1608 2010 reveritus,
1645 1960 1822 2014 neque
1851 1944 2221 1998 Romanorum

646 2036 1034 2100 calamitatem,
1071 2051 1235 2105 quam
1279 2037 1417 2090 bello
1465 2038 1774 2106 perpessuri
1819 2045 2005 2091 essent
2036 2049 2220 2090 secum

591 2134 604 2147 ‘
647 2129 931 2200 cogitans;
965 2129 1062 2182 sed
1094 2143 1261 2182 unum
1294 2128 1393 2182 hoc
1437 2127 1700 2181 duntaxat
1738 2129 1840 2182 sibi
1893 2141 2222 2197 proponens,

651 2228 712 2273 ut
746 2235 832 2274 me
863 2219 1148 2274 innoxium
1177 2235 1207 2273 e
1237 2219 1416 2273 medio
1448 2218 1693 2274 tolleret:
1725 2235 1826 2273 nec
1858 2233 2029 2289 usque
2059 2218 2226 2274 hodie

647 2311 968 2365 insidiarum
1003 2319 1058 2366 et
1088 2311 1548 2365 obtrecmtionum
1614 2314 1839 2367 satietas
1875 2313 2025 2368 illum
2055 2314 2224 2384 capit,

645 2403 777 2472 quin
808 2413 930 2472 post
945 2402 1147 2458 tantam
1179 2403 1498 2460 effusionem
1532 2403 1832 2475 sanguinis,
1859 2417 1980 2474 post
2000 2406 2226 2461 miseros

649 2494 921 2551 Romanos
951 2499 1004 2549 in
1037 2496 1353 2552 servitutem
1371 2497 1696 2560 abstractos,
1727 2506 1849 2566 post
1868 2497 2224 2567 direptiones,

647 2604 712 2644 ac
732 2589 1532 2660 populationes,communeque
1548 2599 1603 2644 et
1620 2590 2062 2662 ultimum,prope
2081 2593 2228 2648 dixe-

648 2681 1002 2746 rim,exitium
1025 2697 1131 2736 non
1159 2681 1766 2738 adcommiserationom
1789 2682 1957 2738 flexus
1979 2693 2091 2751 est;
2117 2699 2225 2739 non

647 2774 882 2843 aliquam
925 2774 1286 2828 humanitatis
1327 2775 1781 2843 significationem
1824 2791 1952 2846 erga
1982 2777 2226 2848 perditos

646 2866 816 2929 dedit.
846 2868 940 2922 sed
964 2868 1147 2921 omnia
1182 2867 1285 2933 illi,
1321 2883 1482 2938 quam
1533 2885 1639 2938 pax
1692 2884 1926 2934 mecum,
1967 2871 2228 2926 tolerabi-

647 2959 780 3014 liora
814 2960 1056 3016 fuerunt.
1085 2962 1250 3030 Atqui
1288 2961 1434 3015 dicet
1477 2960 1705 3015 fortasse
1733 2961 2224 3031 (quemadmodum

650 3051 836 3107 dicere
869 3052 1019 3106 illum
1047 3053 1234 3118 audio,
1267 3062 1326 3108 ut
1354 3053 1686 3122 imperalrici
1718 3054 1784 3108 ad
1810 3055 2012 3110 bellum
2044 3057 2220 3111 calcar

1112 1317 1425 1369 quanquam
1492 1300 1797 1354 luculenter
1876 1299 2042 1353 sciret
2100 1315 2273 1388 esse,

2320 567 2475 634 δίκης
2509 564 3027 635 καταψηφισθῆναι.
3066 567 3278 636 Δεῆσαν
3305 566 3361 619 δέ
3401 566 3500 621 καὶ
3534 567 3616 632 δὶς
3650 567 3749 621 καὶ
3782 569 3906 637 τρὶς

2321 658 2452 727 περὶ
2479 657 2588 710 τῶν
2620 657 2804 710 αὐτῶν
2842 656 3222 727 διαλεχθῆναι,
3250 657 3580 721 τοσαυτάκις
3611 657 3801 727 ῶμνυε
3834 661 3902 712 τὰ

2321 749 2414 804 ῐσα
2439 750 2538 820 οὐχ
2581 749 2787 819 ἱερεῦσι
2817 750 2979 819 μόνον
3003 750 3310 819 πρέποντα,
3362 751 3500 804 ἀλλὰ
3527 751 3625 805 καὶ
3656 751 3903 814 ἰδιώταις

2319 843 2520 912 ὅρκων.
2565 843 2625 896 '0
2669 839 2763 895 οὖν
2807 842 3128 913 θαυμαστὸς
3159 835 3315 906 οὗτος
3350 842 3607 913 κηδεμὼν
3656 844 3755 896 καὶ
3805 843 3901 896 τοῦ

2319 935 2528 988 δικαίου
2562 933 2760 1002 φύλαξ,
2823 935 2952 1004 πρὶν
2989 933 3122 985 δέκα
3182 933 3398 1003 ἐξήκειν
3463 934 3702 1003 ἡμέρας,
3762 935 3905 1003 μετὰ

2319 1029 2420 1094 τὴν
2480 1027 2619 1096 ἐμὴν
2670 1027 2733 1078 ἐκ
2787 1024 3085 1089 Βυζαντίου
3135 1025 3591 1096 ἁναχωρησιντῷ
3622 1043 3899 1095 παρακοι-

2324 1117 2564 1186 μωμένῳ
2623 1116 2868 1178 πεισθεὶς
2935 1119 3436 1187 συκοφαντήσαντι,
3498 1119 3580 1170 ὅτι
3638 1119 3907 1188 βούλομαι

2321 1209 2586 1276 κατάγειν
2617 1209 2777 1262 αὐτὸν
2805 1208 2899 1261 τοῦ
2937 1210 3152 1280 θρόνου,
3188 1212 3283 1262 καὶ
3328 1211 3677 1278 ἀντεισάγειν
3711 1211 3898 1264 Παλα-

2326 1301 2453 1378 μᾶν,
2478 1302 2754 1354 ἐκίνειτὸν
2795 1301 3063 1372 ἐμφύλιον
3092 1304 3330 1370 πόλεμον
3364 1304 3548 1367 αὐτός·
3580 1305 3907 1374 σαφέστατα

2321 1392 2475 1455 εἰδὼς
2507 1396 2584 1455 ὼς
2625 1397 2978 1463 συκοφαντεῖ.
3022 1395 3390 1463 ’Δμυνόμενος
3432 1396 3490 1447 δέ
3542 1397 3644 1465 ἐμὲ
3693 1397 3795 1465 τῆς
3827 1400 3907 1460 είς

2321 1485 2501 1547 αὑτὸν,
2524 1484 2598 1546 ὡς
2625 1484 2783 1554 ᾤετο,
2804 1486 3200 1555 ἀγνωμοσύνης
3253 1486 3349 1540 καὶ
3385 1485 3632 1554 βασιλίδα
3655 1488 3909 1554 ἐςηπάτα

2323 1577 2415 1628 ὑπ’
2450 1577 2663 1638 οὐδενὸς
2713 1579 2901 1647 ἐτέρου
2947 1578 3258 1647 δυναμένην
3305 1576 3455 1629 ιοῦτο
3507 1579 3768 1648 πάσχειν,
3813 1581 3911 1632 καὶ

2323 1669 2415 1722 τὸν
2448 1669 2690 1738 πόλεμον
2723 1668 2915 1734 ἐκίνει,
2953 1670 3077 1738 φεῦ,
3126 1672 3154 1722 ό
3183 1669 3282 1740 τὴν
3316 1671 3545 1740 είρήνην
3580 1674 3696 1732 τοῖς
3724 1670 3912 1734 ἄλλοις

2327 1763 2608 1832 παρέχων,
2646 1763 2743 1815 καὶ
2791 1763 2886 1816 τοῦ
2937 1762 3217 1832 εἰρηνικοῦ
3267 1764 3364 1816 καὶ
3407 1763 3586 1832 πράου
3627 1762 3910 1832 μαθητής·

2330 1855 2470 1925 μήτε
2501 1855 2698 1924 ὅρκους
2731 1853 3022 1920 αἰδεσθεὶς,
3076 1854 3172 1918 οὓς
3230 1855 3357 1924 χθές
3390 1855 3487 1908 καὶ
3519 1855 3716 1925 πρώην
3763 1855 3914 1925 ὀμω-

2329 1944 2511 2014 μόκει,
2566 1946 2706 2014 μήτε
2744 1945 2842 2013 τῆς
2877 1944 3167 2014 Ῥωμαίων
3204 1947 3517 2014 συμφορᾶς,
3568 1939 3636 2017 ἧς
3679 1945 3912 2014 ἔμελλον

2329 2036 2418 2090 διὰ
2446 2035 2536 2090 τὸν
2573 2035 2809 2106 πόλεμον
2863 2035 3230 2106 πειράσεσθαι
3283 2036 3363 2098 είς
3412 2035 3624 2090 ἔννοιαν
3689 2035 3864 2089 ἐλθὼν
3893 2053 3909 2069 ·

2326 2127 2464 2182 ἀλλὰ
2501 2129 2637 2198 πρὸς
2690 2129 2748 2181 ἐν
2803 2129 2965 2201 μόνον
3017 2129 3253 2200 βλέπων,
3283 2129 3430 2192 ὅπως
3481 2129 3580 2200 ἐμὲ
3613 2129 3782 2201 ἀνέλῃ
3816 2130 3913 2183 τὸν

2327 2219 2481 2273 οὐδὲν
2513 2220 2832 2288 ἠδικηκότα.
2884 2221 2993 2274 Καὶ
3034 2221 3157 2274 οὐδὲ
3188 2222 3347 2292 μέχρι
3377 2220 3472 2274 νῦν
3507 2222 3672 2291 κόρον
3703 2222 3913 2291 ἐσχτικε

2329 2313 2437 2365 τῶν
2469 2313 2771 2367 ἐπιϐουλῶν
2820 2313 2913 2366 καὶ
2956 2318 3357 2381 συκοφαντιῶν,
3410 2314 3548 2367 ἀλλὰ
3601 2318 3698 2367 καὶ
3765 2316 3911 2383 μετὰ

2329 2405 2430 2475 τὴν
2457 2404 2732 2474 τοσαύτην
2766 2405 2874 2458 τῶν
2905 2405 3157 2476 αἱμάτων
3190 2406 3369 2476 χύσιν,
3406 2407 3502 2460 καὶ
3547 2407 3646 2476 τὴν
3696 2407 3909 2476 αίχμα-

2327 2496 2530 2552 λωσίαν
2553 2496 2660 2550 τῶν
2687 2495 2968 2566 δυστυχῶν
2987 2496 3316 2572 ¹Ῥωμαίων,
3343 2500 3436 2552 καὶ
3455 2499 3552 2561 τὰς
3568 2498 3911 2570 διαρπαγὰς,

2328 2589 2424 2642 καὶ
2449 2590 2546 2652 τὰς
2569 2588 2890 2659 λεηλασίας,
2917 2590 3010 2641 καὶ
3039 2588 3138 2660 τὴν
3174 2590 3360 2660 κοινὴν
3395 2589 3800 2659 πανωλεθρίαν,
3830 2590 3914 2652 ὡς

2328 2680 2527 2745 είπείν,
2555 2681 2615 2734 οὐ
2643 2681 2776 2752 πρὸς
2797 2680 2945 2734 ἔλεον
2969 2682 3366 2751 κατεκάμφθηο
3390 2682 3509 2735 οὐδὲ
3538 2677 3722 2736 οἶκτον
3745 2681 3914 2736 ἔλαϐε

2327 2771 2446 2824 τινὰ
2463 2771 2573 2823 τῶν
2592 2772 2958 2841 ἀτυχούντων,
2979 2771 3115 2824 ἀλλὰ
3144 2773 3319 2825 πάντα
3344 2773 3543 2841 μᾶλλον
3564 2776 3828 2844 φορητότε
3839 2791 3914 2844 pa.

2327 2862 2547 2932 αὐτῷ,ἢ
2573 2863 2604 2932 ὴ
2626 2863 2760 2934 πρὸς
2776 2863 2876 2932 ἐμὲ
2893 2864 3109 2934 εἰρήνη.
3129 2864 3270 2916 Ἀλλ’
3289 2865 3417 2928 ἴσως
3436 2865 3551 2934 ἐρεῖ
3565 2865 3754 2929 ῶσπερ
3773 2865 3916 2934 δῆτα

2327 2954 2673 3024 πυνθάνομαι
2707 2955 2800 3009 καὶ
2839 2955 3024 3023 λέγειν
3056 2955 3381 3027 βουλόμενος
3414 2956 3668 3026 βασιλίδα
3697 2959 3913 3028 μᾶλλον

2330 3045 2598 3114 ἐρεθίζειν
2634 3045 2768 3115 πρὸς
2793 3044 2884 3099 τὸν
2903 3047 3161 3117 πόλεμον,
3183 3048 3258 3111 ὡς
3280 3049 3384 3111 ἓως
3415 3049 3515 3118 μὲν
3545 3049 3726 3120 ὀρθοῖς
3761 3050 3917 3119 ἐώρα

648 3144 845 3212 addat)
898 3159 958 3199 se
1008 3145 1251 3214 quandiu
1284 3154 1452 3207 recta,
1488 3153 1544 3198 et
1590 3146 1736 3212 justa
1780 3133 2132 3217 cogitantem,
2169 3157 2223 3204 et

2328 3139 2420 3190 καὶ
2437 3137 2664 3202 δικαίοις
2686 3138 2781 3206 ἐμὲ
2805 3137 3089 3209 χρώμενον
3105 3139 3410 3209 λογισμοῖς,
3425 3141 3609 3194 καὶτὰ
3632 3141 3916 3194 συνοίσον-

650 3234 778 3288 filiis
812 3234 1161 3304 imperatoris
1209 3234 1518 3288 studentem
1567 3233 1788 3300 viderit,
1827 3236 1961 3290 mihi
1997 3236 2217 3302 favisse,

649 3338 706 3380 et
735 3327 918 3394 jurata
946 3323 1248 3379 factitasse.
1280 3325 1360 3379 Ab
1383 3323 1544 3379 officii
1569 3336 1748 3380 autem
1780 3328 1973 3382 semita
2007 3327 2222 3383 detorto

650 3433 760 3481 ine,
791 3427 847 3472 et
895 3416 949 3470 in
982 3417 1162 3471 scelus
1191 3417 1450 3478 abeunte,
1475 3417 1599 3486 jure
1648 3432 1710 3472 ac
1761 3419 1957 3472 merito
1984 3419 2218 3488 impera-

653 3508 785 3562 toris
837 3507 976 3562 filios
1025 3517 1214 3563 contra
1266 3523 1352 3562 me
1406 3507 1724 3562 defendere.
1764 3507 2044 3570 Verum.o
2081 3511 2221 3566 bene

650 3602 752 3663 vir,
788 3616 1022 3668 quonam
1057 3601 1198 3653 istnc
1225 3601 1584 3668 argumento?
1618 3599 1673 3652 Si
1709 3602 1855 3654 enim
1883 3600 2222 3656 sufficittan-

653 3703 764 3745 tum
787 3675 1084 3756 affirmare,
1117 3690 1302 3746 ethoc
1334 3691 1400 3744 ad
1438 3706 1549 3744 rem
1575 3691 2050 3746 demonstrandam
2091 3696 2223 3746 satis

649 3799 773 3839 esse
804 3783 1108 3838 existimari
1155 3784 1338 3845 debet.
1389 3799 1469 3838 nae
1518 3793 1575 3839 tu
1616 3785 1781 3838 homo
1819 3785 2066 3853 insignis,
2102 3788 2223 3840 lon-

649 3890 823 3945 geque
852 3874 1205 3930 felicissimus
1255 3889 1347 3939 es,
1385 3876 1475 3944 qni
1503 3875 1639 3929 adeo
1668 3875 1802 3930 citra
1834 3875 2075 3931 laborem
2121 3877 2223 3931 ho-

651 3967 830 4034 st-bus
877 3965 990 4020 tuis
1037 3969 1233 4021 evadas
1288 3967 1553 4036 superior.
1598 3967 1667 4020 At
1708 3967 1853 4020 enim
1904 3968 2223 4038 quotidiana

653 4057 911 4128 figmenta
957 4064 1072 4122 tua,
1109 4067 1164 4112 et
1213 4073 1483 4127 perversae
1513 4059 1783 4121 actiones,
1813 4057 1873 4124 in,
1902 4057 2102 4126 quibus
2128 4059 2224 4112 de-

653 4151 961 4220 prehensus
996 4164 1076 4215 es,
1134 4149 1276 4218 apud
1329 4149 1526 4203 multos
1566 4147 1705 4203 hanc
1759 4157 1810 4202 te
1852 4149 2051 4203 habere
2107 4151 2226 4220 epi-

652 4243 873 4297 nionem
913 4258 1023 4296 non
1077 4243 1280 4297 sinent.
1342 4239 1438 4294 Sin
1489 4250 1670 4294 autem
1715 4240 1857 4295 istuc
1910 4255 2019 4294 non
2046 4241 2224 4297 solum

653 4335 824 4406 loqui,
861 4333 957 4390 sed
983 4342 1038 4388 et
1069 4342 1258 4404 putare
1287 4333 1604 4386 insanorum
1639 4341 1743 4395 est,
1780 4333 2125 4402 relinquitur,
2169 4346 2226 4388 ut

654 4428 1010 4492 probationes
1063 4423 1353 4478 afferendae
1410 4424 1540 4477 sint.
1596 4422 1774 4489 Quare
1836 4424 1880 4477 si
1941 4424 2223 4494 quidpiam

2326 3247 2396 3284 τα
2416 3232 2526 3291 τοῖς
2548 3231 2808 3302 βασιλέως
2840 3230 3230 3302 βουλευόμενον
3259 3235 3470 3298 παισὶν,
3496 3233 3686 3293 εὖνους
3710 3229 3779 3304 ἦν
3813 3236 3919 3287 καὶ

2327 3319 2515 3389 αὺτδςυ
2532 3322 2625 3374 καὶ
2647 3322 2869 3391 ἐνέμενε
2907 3325 3018 3386 τοῖς
3040 3323 3221 3393 ὅρκοις
3245 3340 3260 3355 ο
3285 3324 3381 3376 ἐπε
3392 3325 3454 3377 ιδ’
3469 3324 3780 3396 ἐξετράπην
3800 3326 3918 3378 τῶν

2326 3410 2553 3465 δεόντων
2578 3413 2673 3466 καὶ
2698 3414 2923 3482 εἱλόμην
2942 3413 3363 3478 άδικεῖν,δίκαια
3383 3416 3552 3468 ποιῶν
3577 3416 3745 3480 αὐτὸς
3766 3417 3921 3485 ἀμύ-

2329 3518 2481 3554 νεται
2515 3503 2656 3571 ὑπὲρ
2684 3503 2792 3556 τῶν
2825 3503 3090 3572 βασιλέως
3119 3505 3350 3558 παίδων.
3387 3506 3496 3559 Καὶ
3523 3507 3605 3568 τίς
3634 3508 3848 3559 τούτων
3880 3510 3915 3577 ὴ

2328 3592 2624 3657 ἀπόδειξις,
2639 3588 2682 3646 ὦ
2700 3594 2848 3662 ’γαθέ
2867 3613 2883 3662 ;
2910 3597 2969 3649 Εἰ
2989 3597 3088 3664 μὲν
3108 3597 3214 3666 γὰρ
3236 3597 3396 3667 άρκετ
3420 3598 3581 3668 μόνον
3599 3599 3796 3661 εἰπεῖν,
3811 3603 3919 3652 καὶ

2327 3683 2674 3755 τοῦτ’άρκεῖν
2692 3686 2945 3756 ἡγεῖσθαι
2976 3689 3113 3757 πρὸς
3129 3689 3406 3754 ἀπόδειξιν
3425 3689 3522 3742 τοῦ
3544 3691 3914 3761 πράγματος,

2328 3776 2400 3837 ὡς
2434 3775 2685 3846 λαμπρὸς
2716 3772 2788 3841 εἷ,
2838 3780 2932 3831 κα)⁵
2963 3779 3032 3832 τὰ
3086 3781 3319 3850 μέγιστα
3352 3781 3688 3852 εύτύχηκας,
3731 3785 3917 3848 οὕτως

2330 3862 2543 3925 ἀπόνως
2564 3864 2674 3916 τῶν
2703 3864 2910 3934 ἐχθρῶν
2942 3869 3380 3938 περιγινόμενος.
3412 3870 3558 3924 Ἀλλ’
3588 3873 3649 3924 οὐ
3682 3889 3883 3943 συγχω
3902 3905 3915 3915 -

2334 3955 2562 4024 ρήσουσι
2612 3956 2681 4008 τὰ
2734 3956 3058 4027 καθημέραν
3089 3959 3412 4028 πλάσματα,
3449 3962 3546 4014 καὶ
3575 3961 3637 4014 τὸ
3669 3962 3810 4033 πρὸς
3839 3964 3916 4016 τὰ

2332 4045 2512 4114 φαῦλα
2542 4047 2870 4116 κατάφωρον
2896 4047 3006 4100 τῶν
3045 4048 3226 4117 ἔργων
3265 4051 3524 4123 τοιαύτην
3568 4052 3718 4122 ἐχειν
3746 4054 3916 4117 δόξαν

2331 4139 2486 4208 παρὰ
2512 4142 2625 4200 τοῖς
2661 4139 2897 4204 πολλοῖς.
2944 4141 3008 4194 El
3033 4143 3087 4195 δὲ
3114 4143 3274 4196 τοῦτο
3311 4145 3410 4213 μὲν
3450 4145 3915 4216 μελαγχολῶντος

2331 4233 2428 4302 οὐχ
2458 4233 2538 4286 ὃτι
2566 4233 2770 4303 λέγειν,
2803 4232 2942 4286 ἀλλὰ
2987 4235 3077 4288 καὶ
3111 4236 3342 4302 οἴεσθαι,
3371 4237 3553 4291 λοιπὸν
3585 4239 3773 4291 τοίνυν
3803 4259 3918 4308 χω-

2333 4326 2451 4393 ρεῖν
2482 4323 2619 4395 πρὸς
2650 4327 2777 4390 τοὺς
2817 4327 3096 4396 ἐλέγχους.
3127 4328 3185 4379 Εἰ
3224 4330 3324 4397 μὲν
3357 4325 3450 4382 οὖν
3479 4329 3604 4399 ἐμοί
3637 4347 3693 4383 τι
3734 4331 3919 4384 σύνοιο

2332 4417 2421 4468 δεν
2451 4417 2611 4480 αὐτὸς
2633 4416 2898 4482 τοιοῦτον,
2931 4419 3268 4490 ἑξελεγχέτω
3307 4423 3582 4492 φανερῶς·
3614 4425 3664 4476 εί
3705 4423 3754 4476 δ’
3792 4426 3916 4477 ἐτέ-

654 4514 1034 4586 hujuscemodi
1080 4515 1148 4569 de
1192 4529 1278 4568 me
1307 4513 1479 4576 novit,
1528 4513 1702 4582 palam
1748 4527 1834 4566 me
1883 4515 2223 4584 redarguat:

2334 4524 2442 4576 ρων
2507 4510 2673 4577 φησὶν
2701 4509 3021 4579 ἀκηκοέναι,
3060 4511 3358 4582 παραγέτω
3420 4514 3546 4576 τοὺς
3581 4513 3877 4585 μάρτυρας

651 4610 815 4683 607
877 4609 960 4662 sin
1000 4607 1068 4662 ab
1105 4607 1212 4660 alio
1255 4621 1313 4661 se
1353 4605 1634 4674 accepisse
1679 4605 1842 4671 dicat,
1886 4615 2053 4660 testes
2098 4622 2227 4674 pro-

653 4706 841 4766 ducat,
891 4700 1032 4770 quod
1069 4714 1178 4753 non
1223 4699 1428 4767 poterit
1473 4713 1488 4751 :
1523 4697 1631 4752 nisi
1673 4712 1890 4751 rursum
1920 4713 2029 4751 non
2067 4714 2227 4767 argu-

656 4793 908 4857 mentari,
944 4791 1039 4846 sed
1078 4790 1460 4861 syc0phantari
1510 4791 1884 4844 tantummodo
1923 4791 2072 4844 velit.
2115 4791 2228 4859 Ego

657 4901 786 4939 vero
836 4898 903 4940 οι
943 4884 1058 4954 ipsa
1104 4898 1162 4936 re
1191 4881 1591 4935 firmamentum
1645 4890 1824 4950 petam
1881 4880 2228 4936 evidentissi-

655 4990 827 5029 mum.
859 4972 1045 5042 Neque
1069 4972 1217 5026 enim
1239 4980 1532 5040 antequam
1564 4971 1760 5025 bellum
1793 4971 1867 5024 illi
1897 4971 2226 5034 excitarunt,

656 5082 835 5136 neque
863 5066 1049 5120 statim
1101 5075 1160 5119 nt
1213 5064 1542 5128 excitarunt,
1590 5064 1672 5116 vel
1721 5065 2036 5117 meditatum
2085 5079 2225 5129 esse,

657 5156 741 5211 vel
773 5155 972 5211 fecisse
1009 5155 1305 5224 quidquam
1352 5153 1670 5207 insidiarum
1723 5151 1848 5205 filiis
1883 5151 2230 5221 imperatoris

656 5249 874 5303 ostendi
903 5255 1082 5317 potest
1119 5286 1134 5302 .
1182 5245 1278 5300 sed
1320 5254 1441 5314 post
1475 5243 1666 5298 matris
1705 5257 1838 5296 mea:
1875 5243 2077 5312 filiique
2113 5259 2231 5298 car-

656 5354 873 5405 cerem;
903 5347 1032 5408 post
1080 5351 1327 5392 mearum
1360 5335 1696 5390 fortunarum
1739 5334 2228 5403 despoliationem;

654 5439 781 5503 post
832 5431 1156 5494 amicorum,
1223 5436 1689 5500 cognatorumque
1753 5426 2228 5496 proscriptionem,

655 5540 766 5580 non
799 5524 867 5578 ad
903 5522 1284 5578 ulcisdendum
1316 5537 1436 5576 sum
1472 5534 1778 5589 aggressus,
1813 5518 1908 5572 sed
1933 5519 2229 5587 aspiciens,

657 5631 766 5686 quo
784 5615 1050 5670 malorum
1069 5613 1269 5668 bellum
1289 5622 1536 5666 mutuum
1556 5611 1830 5675 evaderet,
1849 5611 1996 5665 dolui
2011 5611 2229 5680 quidem

656 5708 724 5763 ab
743 5707 901 5762 initio
918 5717 1102 5762 natum
1123 5713 1326 5770 eSse,et
1345 5703 1475 5757 illud
1490 5703 1639 5772 quasi
1664 5701 1931 5756 flammam
1956 5702 2231 5759 irritantes

655 5799 891 5871 graviter
914 5812 1144 5870 peccare
1163 5796 1294 5852 duxi
1317 5812 1330 5848 :
1351 5798 1470 5868 ipse
1491 5803 1905 5865 vero,quantum
1927 5795 1980 5848 in
2003 5810 2087 5850 me
2105 5795 2208 5852 fuit

2329 4597 2569 4652 ἀλλὀὐκ
2607 4601 2672 4652 ἂν
2702 4599 2841 4670 ἔχοι,
2893 4603 2941 4654 εί
3003 4603 3078 4673 μὴ
3125 4606 3486 4672 συκοφαντεῖν
3519 4601 3678 4668 αὖθις
3721 4608 3917 4672 ἀνεξέ-

2331 4689 2538 4756 λεγκτα
2569 4689 2769 4745 ἐθέλοι.
2814 4691 2958 4758 Ἐγὼ
3005 4692 3062 4745 δὲ
3110 4695 3210 4765 τὴν
3243 4695 3352 4747 ἀπὸ
3381 4696 3490 4748 τῶν
3521 4695 3701 4766 ἔργων
3736 4701 3915 4769 παρέ.

2332 4780 2492 4848 ξομαι
2517 4782 2925 4852 ἐναργεστάτην
2961 4785 3297 4855 μαρτυρίαν.
3331 4785 3470 4839 Οὔτε
3508 4788 3618 4857 γάρ
3650 4791 3788 4854 πρὶν
3816 4793 3913 4846 τὸν

2331 4873 2570 4942 πόλεμον
2598 4875 2887 4944 κινηθῆναι
2914 4876 3042 4946 παρ’
3074 4879 3424 4946 αὑτῶν,ὀῦτε
3452 4880 3912 4952 βεϐουλευμένος,

2333 4963 2454 5017 οὕτε
2490 4966 2702 5036 πράξας
2725 4985 2778 5019 τι
2816 4968 2952 5036 πρὸς
2998 4969 3296 5042 ἐπιϐουλὴν
3327 4973 3436 5025 τῶν
3476 4972 3750 5043 βασιλέως
3785 4979 3916 5029 παί-

2331 5056 2436 5109 δων
2471 5057 2537 5110 ἂν
2572 5060 2821 5128 φανείην,
2883 5059 2996 5113 οὔτ’
3047 5063 3210 5125 εὐθὺς
3243 5064 3546 5134 ἠργμένον
3587 5066 3734 5120 ἀλλὰ
3773 5072 3915 5138 μετὰ

2330 5149 2430 5218 τὴν
2465 5151 2562 5219 τῆς
2617 5154 2822 5224 μητρὸς
2881 5155 2976 5206 καὶ
3033 5155 3128 5208 τοῦ
3191 5156 3311 5208 υἱοῦ
3372 5157 3622 5230 εἱρκτὴν,
3676 5163 3776 5213 καὶ
3817 5164 3915 5230 τὴν

2331 5243 2696 5314 ἀποστέρησιν
2737 5245 2845 5298 τῶν
2877 5245 3067 5313 ὄντων,
3119 5250 3212 5301 καὶ
3246 5249 3344 5318 τὴν
3374 5251 3643 5320 δήμευσιν
3679 5255 3796 5305 τῶν
3827 5257 3914 5322 cpi-

2331 5335 2456 5399 λων,
2488 5336 2582 5389 καὶ
2603 5337 2712 5391 τῶν
2744 5338 3048 5405 συγγενῶν,
3081 5341 3142 5393 οὐ
3166 5340 3302 5409 πρὸς
3327 5341 3387 5393 τὸ
3415 5342 3726 5410 ἀμύνεσθαι
3759 5348 3914 5415 ἐτρεο

2332 5427 2540 5496 πῦμην,
2573 5427 2688 5481 ἀλλ’
2711 5429 2855 5498 δρῶν
2887 5431 2937 5482 οἱ
2964 5430 3153 5484 κακῶν
3188 5433 3216 5483 δ
3258 5432 3394 5499 πρὸς
3425 5433 3689 5502 ἀλλήλους
3721 5438 3913 5489 τελε-ἀ·

2330 5517 2486 5585 στήσει
2515 5517 2775 5587 πόλεμος,
2807 5519 3052 5589 ἠχθόμην
3089 5521 3188 5589 μὲν
3240 5524 3596 5591 κινουμένου,
3637 5526 3740 5577 καὶ
3787 5530 3911 5590 τοὺς

2332 5607 2732 5677 παροξύνοντας
2777 5611 2835 5662 ἐν
2878 5611 3082 5674 αίτίαις
3109 5608 3283 5681 ἦγον·
3331 5614 3491 5676 αὐτὸς
3541 5614 3601 5667 δὲ
3651 5616 3731 5680 ὡς
3767 5612 3912 5687 εἶχον

2335 5700 2571 5770 μάλιστα
2598 5698 2933 5765 ἐσπούδαζον
2967 5702 3286 5768 καταλύειν,
3320 5704 3414 5756 καὶ
3439 5705 3752 5774 πρεσϐείαν
3775 5708 3910 5779 ύπλρ

2333 5793 2432 5862 τῆς
2467 5793 2689 5864 εἰρήνης
2734 5785 3058 5868 ἐποιούμην.
3116 5796 3229 5852 Καὶ
3277 5799 3377 5868 τὴν
3418 5797 3578 5870 δίκην
3637 5799 3904 5871 ἀπῄτουν,
