4166 6436
265 405 405 471 1145

1393 401 1942 465 HISTORIARUM
1989 402 2217 460 LIBER
2264 401 2373 460 111.

3375 401 3508 464 1146

257 522 355 575 καὶ
385 522 448 572 οὑ
469 519 836 592 παρῃτούμην
863 517 924 572 τδ
951 517 1026 589 μὴ
1057 517 1259 572 διδόναι
1289 516 1467 579 δίκας,
1496 517 1562 570 ἂν
1595 516 1804 583 ἐλέγχω

1939 513 1990 566 td
2026 513 2368 582 exstinguere
2396 511 2726 574 laboravi,et
2755 511 3080 582 legationem
3098 511 3165 566 de
3189 527 3315 580 pace
3337 517 3460 569 misi
3485 534 3501 581 ;

261 626 360 678 μαι
385 611 685 678 ἐπιορκῶν.
718 609 914 673 Αυτοῖς
946 608 1003 661 δὲ
1045 607 1300 662 τοσοῦτον
1333 608 1574 675 ἐμέλησε
1617 607 1712 660 τοῦ
1759 609 1828 659 τὰ

255 699 442 750 δίκαια
473 700 670 775 ποιεῖν,
708 699 740 769 ἢ
780 700 1036 768 πρόνοιάν
1069 716 1190 752 τινα
1228 697 1502 751 ποιεῖσθαι
1530 699 1625 751 τοῦ
1659 716 1827 753 κατα-

253 785 479 840 λύεσθαι
518 791 608 841 τδν
646 790 902 856 πόλεμον,
950 791 1089 842 ὥστε
1123 793 1214 844 ἐπὶ
1244 793 1359 852 τοῖς
1416 792 1683 860 πρότερον
1729 809 1820 860 γε-

251 879 574 946 γενημένοις
601 881 700 949 ἐμὲ
735 860 906 946 πόλλα
941 883 1418 952 περιυϐρίσαντες.
1451 884 1546 935 καὶ
1574 885 1823 953 λοιδορηο

259 968 485 1034 σάμενοι
521 972 610 1023 ἐπ’
644 975 962 1042 ςκκισησίας,
986 975 1178 1028 έτειτα
1216 978 1695 1047 ἐρεσχελήσαντες,
1727 981 1821 1031 καὶ

255 1064 384 1122 τοὺς
417 1063 674 1131 πρέσϐεις
704 1066 1078 1132 κακώσαντες,
1103 1070 1177 1130 ὡς
1212 1071 1444 1137 μάλιστα
1483 1073 1820 1140 ἀπέπεμψαν

253 1152 593 1219 ἀπράκτους.
651 1157 806 1210 Μετὰ
859 1159 1019 1211 τοῦτο
1076 1161 1132 1212 δὲ
1171 1161 1358 1232 ὥσπερ
1406 1163 1586 1231 ἔργοις
1637 1167 1820 1225 αὐτοῖς

253 1241 570 1313 βουλόμενοι
626 1251 936 1316 καταφανὲς
976 1254 1171 1316 ποιεῖν,
1204 1254 1287 1305 ὃτι
1333 1253 1427 1306 τοῦ
1468 1254 1682 1307 δικαίου
1721 1258 1819 1325 μὲν

249 1335 440 1388 οὐδένα
473 1343 752 1394 ποιοῦνται
781 1343 962 1410 λόγον,
985 1345 1104 1397 οὐδὲ
1129 1347 1460 1414 προφάσεως
1488 1348 1632 1410 τινὸς
1654 1349 1818 1402 ἓνεκα

251 1427 611 1496 εὐπροσώπου
648 1432 853 1485 εἵλονό
882 1439 973 1486 τὴν
1003 1437 1254 1504 πόλεμόν,
1283 1438 1397 1490 ἀλλ’
1429 1440 1529 1505 ἐμὲ
1557 1442 1785 1494 ἀποκτεί

251 1533 362 1567 νειν
401 1520 464 1571 ἐκ
521 1525 716 1586 παντὸς
751 1529 954 1595 τρόπου
1011 1531 1302 1599 ᾑρημένοι,
1369 1535 1667 1602 πρῦςχημα
1721 1535 1814 1587 τοῦ

249 1609 491 1676 πλέμου
545 1614 636 1664 τὸν
672 1616 813 1686 ὑπὲρ
857 1617 1130 1686 βασιλίδος
1187 1623 1466 1676 ποιοῦνται
1503 1626 1690 1692 ζῆλονν
1728 1627 1816 1680 (³⁸⁸

247 1699 533 1761 σπίσματα
566 1707 889 1774 πεπόμφασι
944 1713 1198 1781 πανταχῆ
1244 1713 1352 1765 τῶν
1394 1714 1600 1769 πόλεων
1632 1718 1813 1771 πᾶσαν

244 1791 454 1845 εῖσοδον
480 1796 607 1864 ἐμοὶ
658 1800 794 1868 πρὸς
827 1802 997 1865 αὐτάς
1026 1806 1466 1875 ἀπαγορεύοντα,
1495 1811 1593 1862 καὶ
1632 1810 1812 1861 κοινὸν

244 1883 508 1953 πολέμιον
542 1889 963 1947 ἀποδεικνύνταέ
1006 1895 1114 1946 Kal.
1139 1898 1200 1948 οὑ
1237 1897 1396 1967 μέχρι
1429 1899 1620 1954 τούτου
1649 1901 1812 1967 ἔστης

245 1990 347 2026 σαν
377 1976 475 2048 τὴν
506 1981 759 2047 ἀτοπίαν,
797 1983 933 2038 ἀλλά
967 1987 1056 2038 καὶ
1086 1987 1274 2040 ἐνθάδε
1307 1989 1661 2058 διατρίϐοντι,
1689 1994 1815 2045 ἐκέ-

247 2065 405 2120 λευον
442 2071 545 2139 τῆς
573 2072 750 2143 πύλης
791 2077 864 2146 μὴ
912 2079 1252 2148 προϐαίνειν
1295 2082 1430 2134 ἀλλὰ
1469 2083 1606 2135 οἴκοι
1639 2086 1810 2155 καθήο

247 2174 433 2226 μενον,
485 2161 584 2231 τὴν
623 2165 956 2233 ἀναιροῦσαν
997 2168 1178 2237 ψῆφον
1215 2175 1554 2243 περιμένειν.
1606 2176 1670 2228 Τί
1719 2177 1813 2230 οὖν

247 2266 314 2318 με
347 2252 485 2320 πρὸς
513 2253 688 2307 ταῦτα
726 2262 902 2312 ποιεῖν
935 2261 1103 2330 ἐχρῆν
1158 2263 1298 2333 πρὸς
1329 2265 1501 2334 αὐτῆς
1549 2268 1646 2335 τῆς
1681 2269 1811 2339 άληκ

244 2341 436 2408 θείας;
472 2347 970 2420 συγκαλυψάμενον
1031 2357 1354 2424 περιμένειν
1408 2357 1502 2427 τὴν
1555 2365 1807 2430 σςραγήη

253 2435 396 2488 Ἀλλ’
423 2439 524 2492 ούκ
553 2440 620 2493 ἂν
663 2441 814 2507 ἔδοξα
843 2448 1248 2516 σωφρονοῦντος
1275 2451 1508 2521 χρῆσθαι
1531 2453 1810 2523 λογισμοῖς

240 2527 417 2592 οὕτως
447 2532 658 2597 ἀκλεῶς
687 2537 779 2589 καὶ
818 2539 1029 2606 ἀτίμως
1056 2541 1437 2612 ἀποθνήσκωνο
1473 2546 1608 2599 ἀλλὰ
1637 2565 1810 2603 κατα-

245 2617 522 2686 πλαγέντα
563 2623 700 2693 πρὸς
727 2625 824 2696 τὴν
853 2629 1058 2698 ἁθρόαν
1103 2631 1213 2682 τῶν
1249 2636 1596 2704 πραγμάτων
1641 2656 1808 2708 μετα-

241 2708 430 2801 ϐολὴν,
467 2713 630 2768 δοῦλα
657 2721 878 2786 φρονεῖν
909 2721 1003 2773 καὶ
1025 2721 1378 2794 ἀνελεύθερα,
1434 2732 1527 2780 καί
1577 2732 1808 2801 παραδι-

240 2799 389 2854 δόναι
429 2811 914 2880 παρακοιμωμένῳ
947 2813 1206 2881 ἐμαυτὸν,
1255 2815 1384 2870 ὥστ’
1431 2819 1521 2870 ἐπ’
1558 2799 1806 2888 ἐξουσίας

240 2893 386 2962 ἔχειν
434 2897 622 2962 κακῶς
673 2904 868 2967 ποιεῖν,
933 2908 1028 2958 καὶ
1082 2909 1164 2970 είς
1214 2909 1569 2982 δεσμωτήρια
1625 2918 1800 2984 ἄγειν,

239 2984 430 3056 ὥσπερ
469 2990 536 3042 τὰ
568 2991 875 3060 ἀνδράποδα
910 2997 1116 3062 ἐκεῖνα,
1141 3001 1190 3052 οἳ
1215 3003 1357 3070 σφᾶς
1383 3004 1580 3069 αὐτοὺς
1611 3008 1804 3079 ἐκείνῳ

239 3081 707 3151 παραδεδωκότες,
761 3090 810 3140 oi
879 3089 978 3159 μὲν
1029 3093 1240 3147 οἰκοῦσι
1295 3094 1650 3169 δεσμωτήρια
1706 3102 1795 3171 δηο

1932 604 2263 674 etjudicium
2283 605 2582 674 petivi,nec
2597 606 2856 673 pmnas,si
2875 605 3102 675 perjurii
3120 607 3499 672 convincerer,

1930 701 2253 770 deprecatus
2282 715 2422 754 sum.
2458 703 2524 753 At
2552 699 2682 770 ipsis
2702 701 2838 755 adeo
2858 717 3000 756 cura:
3028 718 3136 757 non
3167 701 3269 757 fuit
3295 704 3500 758 servire

1925 795 2172 864 justitiue,
2193 801 2286 848 aut
2301 793 2935 864 cogitationemaliqnam
2961 794 3082 848 belli
3103 797 3498 864 comprimendi

1927 890 2224 950 suscipere,
2273 897 2326 939 ut
2363 899 2526 955 supra
2568 902 2778 956 priores
2808 886 3062 956 injurias.
3099 897 3155 940 et
3189 888 3498 954 maledicta,

1930 980 2102 1032 multo
2135 979 2432 1046 majoribus
2467 982 2518 1030 in
2564 989 2835 1031 conventu
2870 993 2956 1031 tne
2987 980 3290 1039 onerarint,
3327 989 3379 1034 et
3421 980 3500 1034 le-

1927 1083 2078 1140 gains
2111 1087 2167 1125 sc
2193 1072 2426 1124 minatis
2457 1072 2643 1124 illusus
2674 1071 3070 1139 insigniterque
3095 1081 3340 1130 Vexatos,
3375 1072 3496 1126 sine

1927 1180 2190 1228 responso
2237 1164 2565 1215 dimiSt-rint.
2610 1163 2685 1214 All
2719 1163 2833 1215 h-v-c
2883 1162 3027 1214 velut
3053 1176 3217 1230 opere
3246 1165 3364 1231 ipso
3401 1179 3496 1216 vo-

1927 1257 2104 1308 lcn..-s
2137 1255 2413 1306 declarare
2447 1271 2504 1300 se
2537 1269 2618 1305 cor
2645 1262 2695 1306 te
2721 1269 2893 1304 unerc
2917 1253 3204 1318 justitiam,
3241 1270 3308 1307 ne
3342 1255 3493 1306 colo-

1926 1362 2039 1402 rem
2082 1358 2192 1398 tum
2227 1349 2468 1413 quidem.
2506 1362 2597 1395 ..μη
2633 1345 2998 1397 velamentum
3042 1346 3491 1401 bcllt‘bont-stum

1921 1445 2304 1510 qnarsiverltnl,
2345 1443 2438 1492 sed
2487 1450 2532 1489 'll
2579 1455 2660 1490 ιιι·
2702 1453 2922 1506 quoquo
2968 1441 3129 1492 modo
3161 1441 3490 1509 jngnlarent,

1919 1536 2116 1588 ardens
2157 1533 2523 1599 imperatricis
2579 1532 2792 1584 tuenda!
2849 1531 3090 1584 studium
3149 1532 3491 1631 sgnulantes,

1919 1628 2095 1680 edicta
2127 1626 2554 1691 circumquaque
2586 1639 2677 1692 per
2711 1622 2876 1674 urbes
2905 1622 3264 1683 missitaruut,
3295 1624 3495 1691 quibus

1917 1727 1972 1774 et
2016 1732 2309 1771 commune
2344 1715 2542 1769 bellmn
2576 1714 2968 1782 signiﬁcarent,
3017 1723 3070 1767 et
3119 1715 3266 1767 omni
3295 1717 3359 1767 ad
3402 1730 3495 1769 eas

1919 1813 2066 1867 aditu
2113 1811 2246 1864 mihi
2295 1809 2705 1864 interdicerent.
2752 1807 2941 1877 Neque
2978 1807 3120 1862 intra
3154 1808 3252 1861 bos
3293 1806 3493 1862 limites

1917 1922 1978 1959 se
2026 1904 2299 1958 continuit
2347 1917 2537 1956 eorum
2594 1901 2961 1970 improbitas:
2997 1901 3129 1970 quin
3185 1901 3347 1954 etiam
3400 1901 3493 1956 hic

1920 1995 2358 2068 (Ditlymoticlti)
2405 1994 2646 2050 versanti
2706 1992 2836 2046 mihi
2891 1992 3249 2060 imperarunt,
3279 2005 3346 2044 ne
3395 2006 3491 2059 pe-

1915 2092 2037 2145 dem
2074 2101 2227 2143 extra
2256 2099 2463 2158 portam
2493 2087 2641 2140 urbis
2671 2087 2946 2147 eﬂerrem,
2976 2088 3068 2140 sed
3099 2087 3243 2138 domi
3271 2086 3488 2150 sedens,

1914 2184 2241 2236 sententiam
2280 2181 2566 2251 capitalem
2622 2190 3022 2250 exspectarem.
3078 2179 3217 2244 Quid
3260 2178 3380 2247 (per
3411 2179 3492 2245 ip-

1915 2293 2028 2332 sum
2069 2277 2351 2329 veritatem
2389 2289 2572 2343 quaeso
2604 2278 2724 2342 vos)
2761 2274 2847 2326 hic
2881 2289 2963 2326 me
2989 2275 3168 2326 facere
3207 2273 3492 2341 oportuit?

1915 2370 2055 2424 intra
2097 2369 2333 2436 parietes
2378 2369 2571 2430 latere,
2626 2375 2680 2420 et
2729 2381 2919 2421 necem
2967 2366 3323 2435 exspectare?
3354 2365 3487 2430 Quis

1915 2483 2000 2527 n30,
2031 2481 2136 2518 non
2170 2465 2378 2518 fatuum
2403 2469 2739 2526 numeraret,
2771 2461 2814 2514 si
2849 2459 2947 2522 sic,
2979 2460 3123 2512 nulla
3154 2473 3276 2514 cum
3310 2458 3486 2519 laude,

1913 2560 2040 2630 quin
2072 2557 2251 2628 potius
2282 2572 2404 2608 cum
2440 2555 2708 2608 dedecore
2741 2554 3034 2606 morerer?
3067 2551 3146 2604 An
3179 2551 3483 2620 perculsum

1915 2663 2021 2708 tam
2079 2649 2363 2720 repentina
2415 2663 2596 2700 rerum
2635 2645 2995 2700 conversione
3044 2643 3380 2705 illiberalem,
3426 2659 3486 2697 ac

1915 2745 2166 2802 servilem
2202 2757 2402 2812 gerere
2435 2738 2700 2802 animum,
2738 2739 3063 2807 tradereque
3107 2753 3192 2791 me
3224 2735 3481 2806 przel‘m-to

1911 2837 2172 2897 cubiculi,
2200 2837 2288 2905 qui
2321 2837 2444 2906 jure
2474 2850 2572 2888 suo
2605 2832 2736 2886 mihi
2775 2831 2955 2886 facere
3004 2831 3146 2884 male
3197 2839 3377 2897 posset
3427 2841 3481 2884 et

1908 2929 1962 2984 in
2015 2945 2292 2984 carcerem
2331 2928 2568 2991 trudere,
2609 2935 2668 2980 ut
2719 2925 2821 2978 alia
2865 2925 3158 2993 mancipia,
3191 2938 3307 2990 qua:
3342 2922 3480 2974 ultro

1908 3037 1967 3077 se
1997 3022 2070 3075 illi
2102 3020 2466 3084 tradiderunt,
2500 3034 2732 3088 quorum
2770 3017 2990 3085 quidam
3023 3016 3178 3070 bonis
3204 3016 3316 3069 suis
3352 3023 3476 3067 ante

1903 3115 2011 3169 sub
2040 3112 2305 3183 praeconis
2334 3127 2524 3165 vocem
2570 3108 2854 3178 subjectis,
2896 3118 2952 3162 et
2995 3107 3163 3161 variis
3212 3105 3478 3160 acerbita-

237 3174 465 3268 μεύσεις
501 3178 768 3247 πρότερον
801 3183 1218 3252 ὑπομείναντες,
1252 3191 1346 3242 καὶ
1380 3191 1555 3246 ἄλλων
1602 3197 1802 3263 πεῖραν

1908 3208 2050 3262 tibus
2100 3205 2367 3268 alllictati,
2401 3219 2652 3258 carceres
2702 3203 2970 3268 incolunt,
3013 3200 3106 3254 alii
3152 3213 3260 3254 non
3319 3212 3480 3254 secus

231 3267 513 3337 δυσχερῶν
541 3271 791 3325 πολλῶνο
828 3275 880 3326 οί
925 3275 972 3328 δ’
1023 3277 1084 3330 ἐν
1136 3280 1320 3348 Καρὸς
1362 3283 1525 3354 μοίρᾳ
1575 3287 1802 3352 ἄγονται

235 3360 328 3412 καὶ
359 3360 640 3430 φέρονται,
675 3365 784 3417 πᾶν
831 3365 892 3417 τὸ
944 3371 1415 3440 προσταττόμενον
1467 3375 1559 3427 ὑπ’
1590 3377 1798 3432 ἐκείνου

234 3456 408 3506 ποιεῖν
443 3453 659 3523 ἔχοντες
719 3458 986 3530 ἀνάγκην.
1049 3463 1158 3515 Καὶ
1215 3465 1386 3518 ποίων
1430 3468 1492 3520 οὐ
1549 3469 1798 3524 θανάτων

230 3547 460 3611 ἀντάξια
497 3550 708 3618 μυρίων
737 3552 944 3621 ταῦτα;
999 3555 1030 3625 ἢ
1087 3560 1222 3611 πότε
1253 3560 1319 3612 ἂν
1363 3563 1391 3614 ό
1437 3563 1589 3632 ἥλιος
1617 3567 1800 3620 ἐπεῖδε

236 3641 463 3708 μείζονα
513 3644 608 3694 καὶ
649 3646 1088 3717 παραδοξοτέραν
1122 3649 1375 3718 ἀτοπίαν,
1421 3653 1561 3707 ὥστε
1607 3658 1697 3710 τὸν
1735 3661 1799 3711 ὲκ

233 3735 492 3804 κοπρίας,
524 3737 551 3789 ὃ
583 3753 767 3806 φασιν,
795 3739 1083 3810 ἄνθρωπον
1119 3744 1211 3795 ὑπ’
1238 3747 1373 3815 ἐμοῦ
1405 3752 1797 3820 γεγενημένον,

231 3829 328 3880 καὶ
361 3827 502 3896 μέγα
529 3831 948 3900 σεμνυνόμενον.
985 3834 1052 3887 ἂν
1074 3835 1166 3888 καὶ
1192 3836 1505 3907 βλέμματος
1531 3843 1798 3914 ἐτύγχανε

231 3919 560 3989 προσηνοῦς,
609 3924 640 3992 ἦ
679 3921 840 3988 λόγου
886 3926 1031 3988 τινὸς
1069 3927 1354 3994 δοκοῦντος
1413 3935 1659 4003 εὐμενῶς
1715 3940 1792 3990 εί-

235 4014 456 4084 ρῆσθαι,
493 4015 682 4070 τοῦτον
705 4017 948 4087 ὑϐρίζειν
995 4023 1141 4092 ἔχειν
1174 4025 1254 4088 είς
1293 4027 1414 4092 ἐμὲ,
1458 4030 1553 4082 καὶ
1600 4033 1668 4100 τῇ
1702 4033 1798 4084 αύ-

228 4105 438 4176 θαδεία,
473 4107 568 4159 καὶ
601 4111 943 4182 κακοτροπίᾳ
988 4113 1369 4183 χρῆσθαι;Δι’
1415 4119 1454 4173 ἀ
1497 4121 1561 4191 δὴ
1615 4125 1794 4177 πάντα

228 4199 424 4263 σώζειν
456 4201 694 4268 ἐμαυτὸν
741 4202 991 4273 εἱλόμην,
1025 4208 1118 4258 καὶ
1147 4207 1274 4270 τοὺς
1307 4212 1586 4276 συνόντας·
1621 4218 1716 4268 καὶ
1765 4216 1793 4268 ὃ

229 4291 490 4354 πολλάκις
542 4294 571 4346 ὁ
630 4294 901 4364 μακάριος
958 4297 1035 4367 τῷ
1088 4299 1205 4352 ὄντι
1263 4299 1521 4370 βασιλεὺς
1586 4309 1794 4377 ἐκεῖνος

221 4385 502 4455 ἠνάγκαζε
534 4390 728 4452 ποιεῖν,
765 4389 956 4462 ὥσπερ
983 4395 1186 4458 πάντες
1222 4394 1368 4450 ἴσασι
1401 4401 1610 4468 σαφῶς,
1645 4407 1794 4459 τοῦτ’

222 4478 497 4549 ἔπραττον
533 4480 626 4532 ὑπ’
657 4481 883 4534 ἐκείνων
915 4485 1152 4552 μάλιστα
1206 4488 1288 4552 είς
1333 4491 1595 4564 τοιαύτην
1627 4498 1794 4569 ἀνάγ-

225 4585 331 4638 κην
365 4573 851 4638 συνενηνεγμένος.
879 4576 976 4643 τῆς
998 4576 1182 4645 κοινῆς
1208 4578 1449 4646 ἐμαυτοῦ
1471 4599 1528 4635 τε
1562 4587 1653 4637 καί⁵
1680 4588 1791 4642 τῶν

220 4659 364 4712 ὅλων
398 4662 674 4730 σωτηρίας
733 4662 915 4718 ἕνεκα.
970 4665 1080 4718 Kal.
1137 4667 1197 4735 ἐξ
1252 4672 1462 4725 ἐκείνου
1513 4675 1644 4747 ἄχρι
1697 4679 1791 4735 νῦν

217 4750 479 4804 οὐδέποτε
515 4755 846 4825 ἐπαυσάμην
879 4758 1010 4827 περὶ
1047 4759 1272 4831 εἰρήνης
1297 4763 1548 4834 δεόμενος
1583 4769 1785 4824 αὐτῶν.

233 4843 374 4896 Ἀλλ’
405 4843 695 4914 ἀνθέρικον
747 4846 890 4899 δοκῶ
941 4849 1198 4918 θερίζεινο
1253 4854 1429 4908 πάντα
1462 4857 1572 4927 γὰρ
1605 4862 1788 4924 αὐτοῖς

219 4929 479 5001 μᾶλλονῆ
513 4932 545 5000 ἡ
581 4934 770 5004 εἰρήνη
807 4938 1029 4994 ἀνεκτά.
1077 4940 1417 5009 Σκεψώμεθα
1439 4947 1501 5018 δὴ
1557 4951 1788 5021 πότερος

214 5023 418 5077 ἀδικῶν
449 5023 700 5091 φαίνεται
729 5027 823 5080 καὶ
847 5029 1122 5112 ἐπιορκῶν
1175 5050 1188 5064 ·
1208 5035 1237 5087 ό
1263 5022 1362 5107 τήν
1382 5055 1441 5091 τε
1472 5043 1648 5112 ἀρχην
1678 5048 1788 5101 τοῖς

210 5112 716 5204 δρκοιςῗέπιμείνας
739 5116 896 5187 ἄχρις
918 5111 979 5172 οὗ
1011 5126 1154 5176 κατά
1176 5125 1378 5193 κράτος
1407 5111 1786 5204 κατελύθησαν

1903 3317 2065 3372 quam
2120 3300 2286 3356 Cares
2343 3309 2600 3367 aguntur,
2643 3307 3037 3367 raptanturqtte
3087 3309 3315 3349 necesse
3378 3293 3478 3347 lia-

1903 3393 2095 3448 bentes
2120 3395 2344 3462 exsequi
2388 3391 2752 3460 quodcunque
2775 3389 2860 3442 ille
2882 3387 3244 3443 mandaverit.
3270 3383 3333 3439 Et
3356 3385 3478 3454 qui-

1903 3485 2003 3538 bus
2034 3483 2276 3541 tandem.
2326 3498 2387 3534 ae
2436 3481 2579 3535 mille
2631 3480 2899 3534 mortibus
2950 3479 3063 3533 haec
3090 3477 3476 3546 :eqniparauila

1902 3591 2011 3630 non
2070 3575 2235 3630 sunt?
2292 3574 2456 3644 608
2503 3583 2599 3626 aut
2646 3571 2865 3641 quando
2918 3571 2996 3624 sol
3043 3571 3145 3625 bac
3186 3571 3470 3625 insolentia

1901 3670 2198 3739 quidquam
2233 3670 2319 3721 νίιί
2349 3679 2367 3722 ι
2402 3667 2724 3720 insolentius
2752 3672 2916 3734 atque
2951 3664 3282 3726 inusitatius,
3314 3671 3372 3715 ut
3407 3678 3469 3715 ex

1901 3772 2164 3825 stercore,
2194 3759 2336 3829 quod
2370 3761 2546 3825 aiunt,
2580 3759 2739 3810 homo
2769 3770 2961 3811 servus
3003 3770 3177 3820 meus,
3211 3755 3303 3824 qui
3336 3755 3473 3807 mul-

1903 3865 2016 3909 tutn
2058 3854 2401 3922 gloriaretur,
2436 3852 2479 3906 si
2525 3866 2551 3902 a
2600 3865 2685 3902 me
2731 3848 2940 3918 placido
2992 3847 3143 3901 vultu
3201 3848 3467 3917 dignatus.

1900 3954 1995 3999 aut
2026 3946 2194 3999 verbo
2225 3944 2484 3998 amiciore
2511 3942 2814 4011 appellatus
2847 3951 3012 4005 esset,
3044 3953 3189 3994 nunc
3223 3938 3470 4008 petulan-

1900 4045 1983 4091 ter
2020 4039 2072 4090 in
2117 4052 2204 4090 me
2261 4035 2546 4095 insultare,
2586 4050 2852 4102 suumque
2904 4035 3101 4086 fastum
3132 4044 3184 4086 et
3223 4031 3470 4100 maligni-

1900 4138 2064 4184 tatem
2114 4143 2432 4197 expromere
2489 4127 2700 4196 possit?
2755 4125 2836 4180 Ob
2887 4125 3050 4179 hasce
3100 4129 3318 4178 causas"
3357 4138 3464 4188 me,

1899 4235 2162 4289 meosque
2229 4233 2446 4273 servare
2529 4216 2675 4272 volui
2721 4231 2734 4267 :
2775 4225 2831 4270 et
2895 4215 3036 4283 quod
3094 4228 3470 4281 saepenumero

1897 4330 2023 4369 vere
2058 4314 2249 4368 beatus
2284 4311 2372 4365 ille
2425 4311 2726 4378 imperator
2765 4308 3011 4378 urgebat,
3063 4307 3315 4376 quodque
3349 4321 3464 4358 om-

1899 4421 1999 4460 nes
2046 4413 2266 4464 norunt,
2315 4402 2552 4456 inimicis
2627 4401 2974 4470 potissimum
3012 4415 3078 4453 eo
3119 4399 3464 4453 necessitatis

1899 4513 1984 4552 me
2014 4495 2377 4566 adigentibus,
2407 4494 2607 4557 facere,
2627 4503 2682 4546 et
2705 4495 2774 4547 ita
2808 4508 2982 4546 meam
3020 4491 3283 4561 privatam
3315 4492 3464 4544 inco-

1891 4590 2192 4644 lumitatem
2221 4603 2344 4641 cum
2399 4587 2566 4640 totius
2609 4585 2920 4654 reipublicae
2949 4577 3131 4638 salute
3166 4583 3459 4637 incolumi-

1892 4690 2110 4751 tateque
2142 4681 2497 4749 conjungere.
2540 4677 2719 4746 Atque
2749 4693 2812 4731 ex
2845 4677 2937 4730 illo
2978 4692 3149 4746 usque
3183 4691 3330 4730 nunc
3367 4691 3460 4746 pa-

1888 4790 2003 4830 cem
2053 4790 2146 4828 eos
2186 4787 2412 4842 poscere
2445 4786 2719 4838 nunquam
2746 4771 2949 4824 destiti.
2983 4771 3090 4824 Sed
3116 4771 3456 4824 antbericum

1887 4876 2094 4920 metere
2128 4865 2316 4918 videor
2356 4864 2466 4934 (57)
2500 4881 2513 4916 :
2547 4864 2726 4916 omnia
2775 4863 2919 4915 enim
2958 4863 3063 4915 illis
3093 4861 3268 4916 facilia
3305 4872 3454 4923 sunt.

1888 4956 2126 5024 ferrique
2177 4964 2431 5025 possunt,
2485 4969 2673 5022 pacem
2709 4954 2877 5007 solam
2913 4953 3025 5023 pati
3065 4968 3171 5006 non
3203 4962 3454 5022 possunt.

1887 5048 2331 5117 lntrospiciamus
2363 5048 2526 5114 igitur
2561 5057 2680 5100 uter
2716 5046 2922 5099 laesisse
2967 5061 3030 5100 ac
3060 5045 3336 5115 pejerasse
3373 5047 3456 5099 vi-

1885 5140 2119 5205 deatur;
2183 5139 2298 5191 isne
2366 5139 2460 5207 qtti
2519 5155 2548 5191 a
2601 5138 2869 5207 principio
2925 5138 3106 5208 jurata
3174 5136 3451 5203 servavit,

197 5202 333 5302 ύπδ
355 5203 463 5256 τῶν
497 5207 905 5302 πολεμούντων,
934 5212 1028 5265 καὶ
1053 5215 1216 5284 μέχρι
1244 5217 1339 5271 νῦν
1374 5219 1629 5288 δεόμενος
1658 5202 1786 5298 περὶ

1907 5231 2057 5284 Ionec
2096 5231 2280 5285 hostes
2337 5202 2435 5300 per
2488 5202 2616 5285 vim-
2654 5202 2810 5286 [idem
2853 5202 3153 5302 fregerunt,
3183 5242 3235 5286 et
3275 5202 3453 5285 adhuc

208 5294 465 5368 εἰρήνης,
518 5301 614 5353 καὶ
644 5301 739 5354 τὸν
777 5302 1016 5374 πόλεμον
1045 5307 1247 5363 ἐθέλων
1289 5313 1647 5381 καταθέσθαι,
1691 5294 1785 5389 ἢό

1907 5337 2068 5377 »οοοιιι
2109 5323 2266 5393 petit,
2307 5333 2528 5393 paratus
2558 5341 2707 5379 arma
2755 5341 3000 5396 ponere;
3039 5341 3104 5380 an
3159 5341 3321 5396 quem
3354 5340 3454 5380 nec

1443 5459 1658 5522 Jacobi
1701 5463 1963 5528 Pontani
2000 5473 2186 5528 noue.

288 5561 808 5654 lSZj-Pji'overbium,
841 5568 1035 5654 .deeo
1065 5575 1211 5654 quod
1265 5576 1380 5654 fieri
1420 5595 1535 5654 non
1572 5593 1773 5654 potest,

201 5633 490 5712 geu‘quod
545 5634 801 5712 inaniter,
840 5633 1104 5712 inutiliter
1137 5645 1215 5710 ﬁt,
1253 5648 1320 5702 de
1365 5633 1551 5707 laudis
1573 5633 1772 5712 ἓῐιέἶᾶξῖ

212 5703 811 5793 ξᾼνρέρικονΙ-αυίάαιη
851 5707 1084 5793 fructum
1119 5703 1445 5793 “asphodeli
1528 5703 1773 5793 'qiii'dsiii

200 5772 415 5830 caulem
452 5772 660 5832 tantum
706 5792 828 5834 esse
874 5783 1082 5839 scribit.
1119 5772 1432 5859 l'les'ycbius‘

1883 5597 1936 5643 et
1966 5591 2245 5666 asphodeli
2301 5591 2561 5666 fructum,
2610 5603 2662 5666 et
2710 5594 2894 5648 herba:
2952 5595 3222 5660 quoddam
3275 5612 3449 5666 genus

1882 5673 2005 5713 esse
2053 5663 2186 5725 vult,
2222 5662 2654 5735 fortasseiillud,
2683 5666 2824 5735 quod
2869 5667 3022 5719 aiunt
3051 5662 3448 5733 quidam-invii

1881 5744 1992 5804 non
2036 5746 2213 5804 posse,
2260 5732 2352 5786 sed
2387 5743 2442 5786 ut
2475 5734 2666 5794 linunt.
2702 5732 2950 5790 inanibus
2979 5732 3099 5791 velli
3135 5739 3354 5804 debere,
3393 5753 3453 5794 et.

1877 5801 2006 5855 ltinc
2036 5799 2242 5856 factum
2276 5805 2627 5873 proverbium
2654 5807 2940 5876 ἀνθέρικον
2974 5807 3233 5879 θερίζειν.
