4166 6436
233 447 253 509 1
273 445 371 509 1-53

1364 439 1913 501 HlSTORtARUM
1954 429 2188 501 LIBER
2233 442 2348 502 lli.

3356 449 3493 514 1154

231 559 329 612 τοῦ
383 562 447 611 τὸ
502 555 655 626 ξίφος
692 555 926 627 ὢθησεν.
977 555 1053 608 Οὐ
1104 553 1218 624 γὰρ
1266 553 1544 613 Διονύσιος
1576 557 1604 607 ό
1641 555 1792 624 μέγαε

1919 563 1979 607 ιιι
2035 555 2291 624 praeclare
2333 555 2595 624 scriptum
2638 567 2818 612 exstat
2864 560 3009 628 apud
3043 576 3296 632 magnum
3361 565 3491 618 Dio-

226 648 458 702 ἔπεσθαι
513 647 648 715 φησὶ
690 647 750 700 τὸ
793 648 938 699 θεῖον
1001 649 1121 709 ταῖς
1166 645 1504 715 παραλόγοις
1553 644 1664 698 τῶν
1693 646 1808 713 άρ-

232 741 464 812 χσερέων
492 741 712 812 ὁρμαῖς.
743 739 803 791 Εἰ
827 739 884 791 δέ
905 755 990 801 τις
1032 738 1148 792 δέον
1174 733 1312 790 εἶναι
1333 738 1506 805 λέγοι,
1529 737 1634 789 κᾶν
1658 734 1807 800 ὅπως

224 835 358 888 ποτὶ
386 829 498 903 εἶχε
547 833 618 886 τὰ
642 832 736 885 τοῦ
769 832 1128 902 πράγματος,
1167 830 1450 898 φροντίδος
1478 828 1638 894 ἀξίαν
1666 827 1810 898 ήγή’

224 933 426 984 σασθαι
451 928 548 1000 τὴν
580 927 926 997 ἐπιτίμησιν,
961 927 1055 980 καί
1080 927 1212 996 περὶ
1237 926 1338 996 τὴν
1365 925 1609 978 διάλυσιν
1636 939 1808 976 σπου-

220 1020 320 1089 δὴν
371 1020 576 1091 πολλὴν
625 1005 982 1085 εἰσενεγκεῖν,
1039 1018 1158 1070 ἀλλ’
1191 1019 1316 1085 ἐμοὶ
1361 1019 1466 1086 κᾲν
1493 1034 1665 1086 τουτῳ
1696 1015 1807 1068 τῶν

219 1112 455 1165 δεόντων
491 1110 922 1180 παραλέλειπται
988 1109 1144 1161 οὐδέν
1170 1125 1183 1138 ·
1215 1108 1351 1160 ἀλλὰ
1400 1107 1569 1162 πολλὰ
1608 1107 1807 1160 πολλάν

224 1221 316 1266 κις
352 1205 610 1273 περὶτῶν
640 1204 905 1258 τοιούτων
929 1204 1196 1272 δεηθέντι,
1228 1203 1384 1255 οὐδὲν
1415 1203 1627 1255 οὐδέπω
1679 1201 1740 1254 οὔ
1780 1219 1803 1253 ε

231 1297 502 1367 πρότερον
558 1296 684 1350 οὕῖε
732 1298 829 1351 νῦν
879 1297 1120 1360 ἐπιεικὲς
1193 1296 1409 1366 ἐλέχθη.
1449 1297 1537 1358 Ὠς
1576 1296 1675 1364 μὲν
1712 1291 1805 1348 οὖν

220 1386 387 1451 εὐθυς
433 1387 670 1457 ἐξαρχῆς
726 1387 835 1456 ξιγὼ
881 1404 940 1440 τε
972 1387 1041 1440 τά
1091 1388 1276 1440 δίκαια
1331 1387 1577 1453 εἱλόμην,
1614 1384 1709 1437 καὶ
1737 1385 1806 1436 τὰ

226 1483 386 1551 κοινῇ
420 1480 805 1534 λυσιτελοῦντα
839 1481 1132 1550 ἔπραττον,
1167 1481 1263 1533 καὶ
1293 1473 1443 1534 οὗτοι
1479 1477 1682 1539 πολλάς
1711 1495 1806 1529 συ-

222 1572 528 1636 κοφαντίας
585 1573 680 1625 καὶ
727 1570 984 1635 διαϐολὰς
1036 1573 1380 1642 πλασάμενοι
1414 1571 1508 1624 τὸν
1563 1572 1803 1640 πόλεμον

219 1663 564 1733 κεκινήκασι,
595 1664 688 1716 καὶ
730 1665 900 1718 πολλά
939 1663 1244 1734 Ῥωμαίους
1272 1665 1606 1734 εἰργάσαντο
1631 1665 1799 1729 κακὰ,

223 1755 429 1821 μᾶλλον
479 1754 535 1807 δὲ
584 1757 921 1824 συμπάντων
968 1759 1134 1810 αίτιοι
1188 1756 1320 1810 κατέ
1362 1774 1426 1825 τη
1470 1774 1558 1819 αν,
1598 1756 1666 1809 τὰ
1703 1756 1802 1823 μὲν

228 1847 547 1918 αὐτοχειρίᾳ
577 1850 938 1919 πεποιηκότες
965 1850 1142 1913 αὐτοὶ,
1175 1851 1242 1902 τὰ
1267 1848 1312 1902 δ’
1338 1849 1437 1918 ἐμὲ
1461 1847 1800 1917 ἀναγκάζον·

215 1953 311 2000 τες
337 1937 439 1990 οὐκ
477 1938 758 2003 ἐθέλοντα,
791 1941 1008 2010 μάλιστ’
1043 1941 1110 1995 ἄν
1140 1957 1223 2002 τις
1259 1941 1323 1993 ὲκ
1350 1939 1460 1993 τῶν
1493 1941 1801 2009 εἰρημένων

217 2030 536 2095 σαφέστατα
573 2032 807 2086 κατίδοι.
841 2033 964 2086 Ὀτι
1005 2033 1061 2086 δὲ
1094 2032 1187 2085 καὶ
1224 2032 1317 2086 νῦν
1345 2033 1406 2086 οὐ
1442 2034 1546 2103 τὴν
1576 2032 1800 2103 εἰρήνην

217 2121 514 2192 ᾑρημένοι.
557 2123 666 2176 οὐδ’
693 2124 841 2178 ἔλεόν
874 2143 994 2179 τινα
1038 2125 1295 2187 λαϐόντες
1329 2127 1442 2178 τῶν
1491 2128 1799 2180 πιπτόντων

217 2212 566 2284 καθημέραν,
617 2215 733 2268 ἀλλ’
779 2216 881 2288 ἐμὲ
931 2217 1072 2288 πρὸς
1103 2221 1217 2282 τοῖς
1263 2219 1442 2280 ἄλλοις
1479 2218 1799 2288 ὑποχείριον

212 2304 405 2360 λαϐεῖν
457 2306 796 2377 βουλόμενοι,
848 2310 944 2363 καὶ
991 2311 1093 2380 τὴν
1140 2310 1434 2380 σύμπασαν
1453 2295 1619 2363 ἀὐτοὶ
1661 2308 1801 2364 Ῥω-

218 2397 402 2464 μαίων
434 2399 612 2471 ἀρχὴν
645 2401 794 2472 ἔχειν
845 2401 1025 2472 (τοῦτο
1063 2402 1169 2472 γὰρ
1221 2405 1405 2464 αὐτοῖς
1441 2403 1798 2466 σπουδάζεται

213 2493 347 2558 περὶ
379 2491 659 2560 πλείστου,
694 2493 884 2564 ἓτερον
908 2495 964 2547 δὲ
995 2495 1197 2565 οὐδὲν),
1220 2497 1320 2566 τὴν
1347 2497 1644 2568 πρεσϐείαν
1671 2514 1800 2548 ταυ-

215 2585 724 2664 τηνὶδπεποίηνται.
759 2589 823 2639 ὲκ
853 2589 962 2641 τῶν
994 2588 1457 2658 πρεσϐευομένων
1491 2590 1672 2642 αὐτων
1700 2587 1798 2658 δῆ-

220 2672 336 2725 λον.
371 2673 433 2726 Εἰ
473 2673 582 2745 γάρ
629 2695 672 2728 .ι
705 2678 826 2728 ἔπιε
856 2679 950 2742 κὲς
985 2680 1080 2734 καί
1113 2680 1216 2732 λυσ
1242 2680 1391 2742 me,
1444 2681 1689 2733 ἐνενόουν
1718 2678 1796 2750 τῷ

227 2765 419 2835 κοινῷ,
457 2765 557 2818 οὐκ
587 2766 654 2821 ἂν
685 2768 855 2831 οὕτως
886 2771 1084 2840 ἐκείνῳ
1115 2771 1192 2842 τῷ
1240 2772 1552 2846 συκοφάντῃ
1582 2773 1675 2824 καὶ
1709 2773 1796 2824 ἀεὶ

213 2856 686 2929 καταψευδομένῳ
732 2862 906 2931 ῥᾷστα
939 2862 1258 2932 πειθόμενοι
1293 2864 1527 2932 ὑπάγειν
1577 2862 1796 2933 έπεχείυ

219 2962 347 3014 ρουν
375 2948 611 3014 ἑαυτοῖς,
635 2954 730 3002 καὶ
757 2952 1123 3006 καταδουλοῦν
1149 2954 1248 3022 έμέ
1267 2969 1282 2985 σ
1307 2954 1365 3016 ὃς
1385 2955 1434 3006 εἰ
1464 2955 1536 3023 μή
1567 2972 1618 3006 τι
1644 2953 1792 3021 ἄλλο,

215 3037 308 3090 διὰ
338 3041 402 3090 τὸ
436 3040 568 3106 γοῦν
601 3041 694 3095 ἐπὶ
725 3043 980 3096 τοσοῦτον
1017 3044 1208 3115 χρόνον
1229 3045 1297 3098 τὰ
1345 3042 1637 3110 Ῥωμαίων
1661 3045 1796 3097 διοι-

212 3130 360 3195 κεῖν,
418 3130 629 3200 βέλτιον
679 3133 746 3186 ἂν
797 3136 910 3196 τοῖς
965 3137 1255 3204 πράγμασι
1303 3136 1623 3206 χρησαίμην
1699 3138 1794 3190 καὶ

1911 646 2151 716 nysium,
2202 648 2446 701 divinum
2504 663 2709 702 numen
2761 665 2888 704 eum
2926 662 3142 705 ratione
3185 668 3492 723 pugnantes

1909 739 2296 807 episcoporum
2328 737 2649 794 aﬂ'ectiones
2699 758 2805 796 non
2856 743 3106 812 sequitur
3166 743 3373 816 Siquis
3398 764 3491 804 oe-

1911 841 2117 892 currat,
2151 841 2211 884 ut
2241 840 2298 885 ut
2326 847 2385 885 se
2411 846 2496 884 res
2531 831 2750 894 habeat,
2777 850 2884 887 non
2906 850 3027 889 esse
3060 839 3208 903 parvi
3243 843 3492 907 penden-

1909 921 2031 974 dam
2066 922 2207 974 illam
2244 939 2458 990 pinnam
2514 924 2971 988 ecclesiasticam.
3009 931 3104 984 sed
3145 941 3204 985 ut
3253 947 3318 986 ea
3377 933 3491 988 sol-

1907 1028 2056 1077 vare,
2087 1015 2316 1068 multum
2362 1015 2418 1068 in
2464 1031 2531 1070 eo
2579 1019 2744 1072 studit
2801 1020 3141 1088 ponendum,
3177 1023 3287 1087 aio,
3319 1025 3485 1078 etiam

1907 1107 1961 1158 in
2010 1108 2113 1160 hoc
2143 1123 2388 1160 mearum
2423 1111 2658 1177 partium
2693 1111 2828 1164 nihil
2879 1115 3296 1178 praetermisisse
3328 1133 3342 1145 ο
3390 1117 3486 1172 sed

1907 1216 2070 1268 saepe,
2102 1211 2156 1253 et
2194 1201 2440 1270 impense
2471 1203 2520 1254 id
2550 1213 2822 1267 orantem,
2863 1206 3071 1259 nullum
3113 1222 3352 1276 unquam
3388 1208 3491 1263 hu-

1906 1305 2114 1358 cosque
2164 1306 2485 1360 responsum
2535 1309 2598 1347 ex
2653 1311 2810 1364 aequo
2839 1307 2896 1350 et
2947 1297 3092 1351 bono
3140 1299 3485 1367 impetrasse.

1905 1383 2374 1448 Qllcn.lin|0dlllll
2424 1385 2591 1453 igitur
2641 1403 2740 1457 ego
2777 1388 2901 1442 inde
2932 1404 3106 1457 usque
3151 1406 3178 1443 a
3214 1392 3486 1463 principio

1905 1491 1936 1529 a
1988 1477 2198 1544 justitia
2244 1493 2352 1532 non
2391 1478 2727 1542 deﬂexerim,
2788 1490 2842 1532 et
2893 1497 3015 1548 qua}
3073 1486 3138 1534 ad
3192 1499 3486 1538 commune

1907 1567 2337 1622 emolumentum
2382 1579 2696 1638 spectarent
2745 1569 2994 1637 feet-ritu,
3047 1572 3135 1626 isti
3170 1589 3299 1627 vero
3328 1591 3487 1645 syco-

1906 1661 2167 1731 phantiis,
2192 1671 2249 1716 et
2266 1662 2753 1717 obtrectationibus
2773 1673 2880 1718 tam
2905 1665 3114 1720 crebris
3137 1666 3339 1721 bellum
3361 1683 3485 1722 con-

1905 1751 2164 1806 ﬂrvnriltt.
2197 1753 2576 1822 humanosque
2625 1771 2704 1807 n--'
2739 1755 2783 1808 is
2829 1755 3075 1824 plurimis
3129 1758 3482 1827 involverint,

1908 1859 2020 1899 tu.o
2041 1859 2170 1898 vero
2193 1843 2456 1897 malorum
2479 1847 2722 1898 omnium
2746 1845 3006 1908 fontes,et
3028 1848 3237 1901 radices
3256 1849 3480 1908 iuerint.

1901 1946 1955 1989 et
1991 1936 2095 1988 alia
2113 1935 2335 2003 quidem
2357 1951 2453 2004 per
2478 1951 2536 1988 se
2564 1936 2870 1997 intulerint,
2887 1938 2990 1990 alia
3017 1952 3103 1992 me
3129 1938 3333 1993 inferre
3355 1955 3484 1995 coe-

1903 2027 2102 2096 gerint,
2128 2041 2193 2079 ex
2218 2026 2376 2080 dictis
2398 2027 2707 2096 perspicere
2731 2027 3047 2082 facillimum
3071 2037 3179 2083 est.
3203 2030 3356 2096 Quod
3380 2048 3482 2085 au-

1904 2128 2014 2173 tem
2038 2133 2182 2172 nune
2201 2135 2414 2189 quoque
2442 2121 2584 2175 haud
2613 2136 2800 2190 pacem
2829 2122 3074 2191 cupiant,
3113 2140 3214 2180 nec
3235 2127 3422 2194 quotid
3449 2141 3480 2180 e

1905 2211 2254 2278 pereuntium
2301 2210 2682 2265 miserici:rdia
2735 2220 3072 2278 tangantur:
3107 2213 3203 2266 sed
3229 2228 3314 2267 me
3340 2230 3479 2282 prae-

1901 2311 1983 2354 ter
2021 2311 2247 2354 caeteras
2275 2301 2505 2369 injurias
2531 2301 2586 2354 in
2613 2309 2941 2371 potestatem
2975 2303 3225 2372 redigere
3257 2307 3477 2360 deside-

1901 2402 2023 2446 rent
2056 2404 2114 2446 ut
2149 2392 2250 2462 ipsi
2299 2393 2353 2446 itt
2409 2402 2583 2446 totum
2634 2393 2928 2464 imperium
2956 2393 3264 2451 Romanum
3305 2398 3480 2453 domi-

1899 2488 2262 2556 nentur(hoe
2298 2487 2441 2541 enim
2468 2486 2631 2557 612
2661 2488 2826 2542 etiarn
2861 2498 3020 2555 atque
3053 2490 3216 2545 etiam
3251 2502 3480 2547 conten-

1897 2579 2033 2633 dunt
2063 2595 2076 2622 τ
2109 2596 2210 2635 nec
2254 2581 2358 2634 alia
2387 2581 2454 2634 de
2489 2595 2653 2635 causa
2689 2579 2833 2635 hanc
2865 2581 3193 2653 legationem
3225 2584 3477 2641 institue-

1900 2681 2027 2726 runt
2063 2672 2080 2741 )
2113 2689 2180 2728 ex
2206 2674 2273 2727 tis
2302 2689 2424 2742 qua:
2454 2674 2735 2742 postulant
2757 2677 2978 2744 planum
3022 2677 3204 2731 etadtt
3261 2677 3394 2731 Nam
3429 2679 3476 2733 si

1897 2763 2025 2832 quid
2063 2763 2428 2828 moderatum,
2458 2772 2513 2817 et
2545 2765 2862 2833 reipublicze
2905 2766 3250 2820 fructuosum
3304 2768 3450 2822 medi

1898 2861 2168 2915 tarentur,
2205 2867 2317 2904 non
2363 2861 2472 2906 tam
2505 2865 2757 2922 prompte
2813 2855 2885 2909 illi
2943 2857 3240 2912 vanissimo
3289 2859 3476 2912 etinu-

1900 2943 2076 2996 natori
2124 2943 2514 3011 obsequentes.
2576 2960 2665 2998 me
2717 2945 2823 3000 sibi
2871 2947 3169 3016 subjicere,
3202 2958 3366 3019 atque
3417 2960 3478 3005 ut

1897 3050 2113 3090 servum
2145 3036 2442 3107 subjugare
2475 3039 2836 3093 tentavissent
2878 3057 2892 3094 :
2929 3041 3109 3109 quisi
3157 3059 3267 3095 non
3307 3043 3476 3108 aliud,

1895 3139 2044 3184 certe
2073 3129 2291 3196 quidem
2323 3130 2468 3199 quod
2505 3131 2692 3184 tandiu
2729 3146 2841 3185 rem
2878 3131 3182 3187 Romanam
3239 3136 3477 3188 admini-

211 3219 660 3294 λυσιτελέστερον
719 3226 921 3281 αὐτῶν.
955 3228 1275 3299 [Ιατρίλρχῃ
1306 3228 1406 3297 μὲν
1435 3224 1527 3282 οὖν
1553 3231 1648 3281 καὶ
1680 3233 1792 3290 τοῖς

1897 3220 2088 3285 stravi,
2119 3220 2332 3281 melius,
2360 3230 2416 3276 et
2451 3221 2640 3273 utilius
2667 3236 2826 3289 quam
2861 3219 2960 3290 ipsi
2999 3222 3102 3276 hoc
3123 3238 3324 3276 tnunus
3356 3224 3476 3277 obi-

213 3312 403 3377 άλλοις
484 3316 698 3380 οῦδενζς
745 3318 1015 3389 ἐμέλησεν
1069 3319 1280 3389 ἑτέρου,
1334 3321 1367 3392 ὴ
1419 3318 1446 3370 ὃ
1488 3319 1789 3390 προῦθεντο

211 3405 455 3475 ὲξαρχῆς
507 3407 698 3473 εὐθὺς,
733 3409 794 3459 τὸ
841 3409 1179 3478 διαφθείρειν
1227 3411 1328 3478 ἐμὲ
1375 3413 1469 3466 καὶ
1502 3412 1678 3462 ποιεῖν
1727 3411 1790 3463 ἐκ

213 3495 406 3566 μέσου,
442 3497 508 3550 ἶν’
548 3497 744 3569 ἄρχειν
790 3499 960 3563 ἀδεῶς
995 3501 1166 3571 ἔχοιεν
1198 3501 1374 3556 αὐτοί.
1417 3501 1560 3569 Ἐγὼ
1588 3502 1644 3554 δὲ
1693 3499 1788 3553 τοῦ

209 3591 367 3658 κοινῇ
402 3589 806 3654 λυσιτ;λοῦντος
836 3592 1000 3644 ἕνεκα
1045 3591 1233 3663 ὥσπερ
1265 3591 1362 3645 καὶ
1419 3593 1507 3646 ἀεὶ
1546 3593 1640 3645 καὶ
1669 3591 1790 3662 βού-

215 3681 383 3751 λομαί
422 3700 481 3736 τε
517 3686 612 3736 καὶ
642 3688 770 3756 περὶ
801 3686 1066 3738 πλείστου
1097 3687 1214 3754 ἄγω
1237 3687 1336 3752 τὴν
1359 3688 1608 3756 εἰρήνην,
1645 3687 1696 3736 εἴ
1725 3701 1788 3752 γε

213 3775 496 3846 βούλοιντο
520 3782 613 3830 καί
638 3778 792 3830 αὐτοὶ
812 3796 920 3830 των
942 3778 1278 3848 πλασμάτων
1301 3778 1400 3830 καὶ
1419 3776 1789 3846 ψευδολογιὼν

213 3867 555 3931 ἀποστάντες
590 3871 1094 3939 παρακοιμωμένου
1129 3869 1403 3931 διαλύσεις
1428 3869 1697 3923 τίθεσθαι.
1724 3869 1787 3922 Εἰ

207 3959 254 4013 δ’
289 3959 444 4023 αὖθ.ς
471 3962 624 4014 αὒτοὶ
653 3979 744 4014 τ.ν
775 3962 1014 4032 πολεμον
1048 3965 1276 4028 κινοῖεν,
1316 3962 1390 4032 μὴ
1420 3961 1546 4030 ἐμοι
1581 3968 1648 4016 τά
1674 3964 1787 4015 έσό-

224 4069 364 4120 μενα
412 4053 559 4105 κακὰ
599 4054 662 4105 ὲκ
708 4054 802 4106 τοῦ
842 4055 1084 4124 πολέμου
1139 4053 1619 4124 προσ“.ογίζεσοαι,
1670 4054 1787 4106 ἀλλ’

212 4143 451 4209 ἑαυτοῖς,
491 4145 672 4214 πολλῷ
719 4147 827 4197 τῶν
869 4147 1353 4216 προϋπηργμένων
1383 4145 1683 4216 δεινότερα,
1711 4146 1783 4207 ὡς

217 4235 352 4304 όρῶ,
405 4238 662 4307 ἐσόμενα.
721 4238 932 4290 Εκεῖιοι
989 4237 1092 4306 μὲν
1138 4241 1247 4306 γάρ
1290 4237 1496 4315 Μυσοῖς
1531 4237 1626 4288 καὶ
1656 4237 1786 4305 Τρι-

213 4326 403 4389 6λλοῖς
419 4329 604 4390 πόλεις
631 4329 725 4380 καὶ
770 4331 954 4399 χώρας
980 4331 1439 4398 καταπροῖέμενοι
1459 4329 1786 4397 συμμάχους

215 4421 575 4488 ἐποιήσαντο,
622 4416 704 4482 οἷς
743 4420 830 4472 ἐπ’
863 4422 963 4489 ἐμὲ
1008 4420 1340 4472 διανοοῦνται
1385 4421 1660 4490 χρῆσθαι·
1704 4413 1785 4482 οἷς

209 4510 574 4564 ἀνθίστασθαι
623 4519 723 4565 οὐκ
766 4513 833 4564 ἂν
868 4513 1136 4582 δυναίμην
1175 4514 1314 4582 μετὰ
1350 4511 1642 4583 Ῥωμαίων
1670 4511 1782 4564 τῶν

1845 3297 1862 3320 ⁸
1897 3325 2030 3364 rem.
2091 3312 2419 3367 Patriarchaa
2480 3314 2678 3383 igitur,
2733 3323 2791 3367 et
2837 3313 3003 3368 sociis
3050 3315 3182 3367 nihil
3233 3317 3378 3368 aliud
3422 3315 3475 3369 iu

1891 3407 2072 3457 ειυάό
2105 3406 2226 3469 luit,
2275 3421 2438 3473 quam
2480 3406 2624 3474 quod
2651 3406 2755 3460 sibi
2783 3422 2814 3460 a
2859 3407 3132 3478 principio
3180 3421 3478 3478 preposue-

1893 3507 2038 3560 runt,
2093 3513 2182 3552 me
2233 3499 2496 3552 nimirum
2557 3483 2660 3554 hae
2711 3500 2834 3555 luce
2890 3502 3124 3570 privare,
3197 3517 3306 3571 quo
3371 3503 3472 3572 ipsi

1892 3589 2141 3642 securius
2177 3589 2450 3658 imperare
2480 3599 2700 3658 queant.
2733 3592 2830 3644 Ast
2865 3607 2966 3661 ego
2993 3592 3120 3645 boni
3179 3595 3477 3649 :0mmunis

1892 3681 2086 3748 gratia.
2132 3681 2273 3746 quod
2323 3685 2562 3748 spectavi
2621 3698 2860 3748 semper,
2921 3685 3072 3752 pacis
3119 3698 3241 3738 sum
3278 3701 3474 3754 percu-

1891 3772 2064 3839 pidus,
2125 3785 2356 3841 eamque
2415 3771 2554 3828 facio
2619 3773 2840 3827 maximi
2894 3778 2986 3828 :si
3033 3777 3196 3828 modo
3250 3787 3306 3830 et
3357 3778 3472 3846 ipsa

1889 3877 1918 3916 a
1957 3864 2252 3933 ﬁgmentis,
2293 3873 2349 3918 et
2382 3866 2680 3918 mendaciis
2727 3865 2976 3935 praefecti
3041 3867 3278 3923 cubiculi
3325 3883 3474 3925 rece-

1889 3956 2105 4018 dentes,
2138 3973 2254 4009 eam
2294 3957 2588 4026 complecti
2621 3957 2808 4012 velint.
2867 3959 2920 4012 Si
2958 3959 3160 4014 bellum
3197 3962 3471 4018 instaura-

1891 4052 2018 4114 rint,
2061 4064 2130 4102 ne
2159 4049 2289 4102 mihi
2314 4063 2591 4102 emersura
2650 4049 2776 4104 inde
2823 4051 2961 4104 mala
3014 4055 3469 4122 praecedentibus,

1891 4152 1950 4196 ut
1994 4158 2257 4212 auguror,
2316 4143 2475 4212 longe
2531 4145 2804 4212 graviora,
2855 4145 2948 4198 sed
3003 4147 3108 4200 sibi
3166 4149 3468 4204 tribuant:

1889 4238 2108 4303 quando
2149 4237 2249 4305 ipsi
2294 4234 2482 4290 himsis
2517 4247 2573 4289 et
2632 4235 2888 4290 Triballis
2936 4239 3102 4293 urbes
3131 4249 3184 4294 et
3219 4243 3469 4311 regiones

1887 4330 2039 4398 quasi
2071 4330 2304 4398 pratdaru
2339 4329 2682 4398 obiecerunt,
2712 4341 2762 4384 et
2809 4333 3091 4386 adversum
3129 4348 3214 4387 me
3249 4335 3472 4391 auxila-

1890 4438 1979 4476 res
2006 4422 2320 4475 asciverunt
2357 4437 2369 4472 :
2407 4422 2606 4491 quibus
2638 4422 2762 4489 quia
2802 4422 3060 4477 resistere
3115 4441 3239 4478 cum
3273 4425 3470 4479 [iouia-

1888 4515 1974 4566 nis
2002 4528 2141 4583 quos
2186 4512 2328 4567 duco
2376 4528 2486 4567 non
2533 4514 2709 4577 valeo,
2741 4523 2996 4583 superest
3029 4524 3086 4570 ut
3114 4526 3169 4570 et
3202 4517 3339 4571 mihi
3370 4533 3470 4571 au-

218 4607 531 4673 πςρόντων·
569 4603 818 4656 λείπεται
865 4603 928 4676 δὴ
957 4604 1103 4673 κάμὲ
1135 4603 1452 4672 συμμαχίαν
1478 4602 1654 4672 ἑαυτῷ
1685 4619 1785 4655 πο-

1894 4605 2016 4658 xilia
2042 4606 2108 4658 ad
2136 4605 2322 4659 hostes
2358 4618 2508 4657 meos
2536 4603 2894 4657 debellandos
2932 4604 3084 4657 ﬁrma
3113 4620 3462 4674 comparem;
3545 4639 3554 4653 .

209 4696 458 4766 ρίζειν,ἢ
481 4697 593 4758 τοῖς
616 4696 946 4766 πολεμοῦσιν
967 4699 1350 4764 ἀντιστήσεται
1369 4697 1462 4748 καὶ
1479 4695 1780 4764 διαφθερεῖ.

211 4788 290 4839 Οὐ
324 4786 433 4854 γάρ
469 4786 612 4839 ἑκὼν
643 4785 785 4839 εἶναι
818 4790 1130 4857 προήσομαι
1155 4789 1252 4856 τὴν
1277 4786 1518 4857 ἐμαυτοῦ
1552 4787 1645 4838 καὶ
1677 4786 1786 4839 τῶν

210 4879 485 4931 συνόντων
539 4879 834 4950 σωτηρίαν.
891 4879 1040 4950 Αὕτη
1093 4880 1150 4932 δὲ
1203 4880 1506 4949 οὐδαμόθεν
1560 4878 1784 4934 ἄλλοθεν

207 4969 478 5038 παρέσται
519 4970 555 5039 ἢ
578 4970 640 5037 ἐξ
667 4971 848 5034 Ἀσίας
871 4971 1137 5042 Περσική·
1163 4973 1212 5025 οἳ
1241 4972 1519 5042 Βάρϐαροί
1545 4987 1605 5023 τε
1632 4970 1785 5033 δντες

205 5062 303 5110 καὶ
351 5059 683 5123 ἁπεειαντὶας
751 5062 883 5130 ἡμῖν
935 5064 1065 5132 περὶ
1103 5062 1166 5114 τὸ
1214 5062 1376 5124 σέϐας
1423 5061 1782 5131 διακείμενοι,

208 5150 470 5221 οὐδεμίαν
509 5152 679 5222 φειδὼ
728 5153 1050 5221 ποιήσονται
1097 5152 1204 5205 τῶν
1240 5153 1626 5222 ἐμπιπτόντων
1663 5153 1784 5213 ταῖς

203 5243 419 5311 χερσὶν,
467 5241 602 5294 ἀλλὰ
642 5243 769 5304 τοὺς
811 5243 911 5312 μὲν
977 5242 1340 5296 ἀποκτενοῦσι
1366 5281 1380 5305 ,
1427 5243 1554 5302 τοὺς
1591 5241 1646 5293 δὲ
1689 5239 1784 5292 ἐπὶ

203 5333 423 5402 δουλείᾳ
470 5333 867 5385 ἀποδώσονται.
909 5334 975 5387 Εἰ
1023 5333 1122 5404 μέν
1170 5352 1292 5387 τινα
1321 5334 1433 5385 τῶν
1477 5333 1782 5402 μελλόντων

200 5425 614 5494 διαφθείρεσθαι
647 5425 798 5478 ἔλεον
825 5425 1078 5487 λαϐόντες
1111 5427 1248 5496 πρὸς
1279 5426 1376 5497 τὴν
1404 5426 1628 5497 εἰρήνην
1659 5423 1782 5476 ὲθέο

203 5518 342 5568 λωσι
388 5516 773 5588 χωρεῖν,κάγὼ
822 5518 1056 5588 μάλιστα
1094 5518 1384 5588 βουλοίμην
1430 5517 1517 5584 ἂν,
1569 5519 1664 5571 καὶ
1721 5519 1781 5572 ὲν

203 5607 447 5678 ἡμέραις
477 5608 872 5662 πεντεκαίδεκα
915 5611 1284 5678 πεμπέτωσαν
1333 5612 1454 5672 τοὺς
1500 5611 1778 5680 ἐροῦντας,

200 5703 289 5753 ὅτι
318 5697 632 5754 διαλύεσθαι
695 5699 1002 5762 συνέθεντο,
1027 5700 1101 5762 ὡς
1131 5701 1196 5753 ἂν
1230 5700 1452 5770 πέμψας
1479 5702 1632 5770 κάγὼ
1673 5722 1779 5757 κω-

201 5792 355 5846 λύσω
381 5791 507 5854 τοὺς
528 5791 843 5864 Βαρδάρους
875 5793 948 5864 μὴ
971 5794 1329 5864 περαιοῦσθαι
1355 5795 1492 5865 πρὸς
1517 5797 1616 5866 τὴν
1639 5797 1780 5868 Θρᾴ-

201 5900 346 5955 κην·
392 5885 905 5956 παρεσκευασμένοι
941 5888 1050 5957 γάρ
1084 5888 1244 5942 εἰσιν.
1290 5887 1559 5958 Ὕστερον
1596 5890 1647 5941 δὲ
1691 5891 1775 5958 ἐρ’

1889 4694 2016 4747 nolo
2050 4694 2253 4761 quippe
2297 4709 2497 4757 meam,
2529 4709 2890 4762 meorumque
2941 4695 3171 4748 salutem
3209 4697 3464 4765 prodere.

1886 4785 1959 4840 Ea
2006 4802 2136 4839 vero
2183 4786 2386 4838 auxilia
2429 4801 2536 4838 non
2592 4787 2816 4840 aliunde
2863 4801 3027 4854 quam
3065 4785 3354 4840 Persarum
3397 4804 3466 4844 ex

1885 4877 2011 4932 Asia
2055 4877 2482 4946 suppeditabunt
2513 4894 2527 4931 :
2560 4894 2652 4946 qut
2707 4885 2762 4931 et
2795 4877 3039 4939 Barbari,
3073 4888 3128 4932 et
3181 4893 3482 4933 sacrorum.

1884 4972 2032 5024 cultu
2094 4971 2253 5023 nobis
2309 4970 2626 5034 dissimiles,
2676 4969 2857 5023 obviis
2908 4985 3020 5024 nou
3072 4980 3318 5039 parcent,
3368 4971 3465 5026 si-d

1883 5063 2017 5116 alios
2074 5060 2294 5130 quidem
2356 5061 2726 5123 trucidabunt,
2795 5059 2935 5113 alios
3021 5062 3076 5114 itt
3141 5072 3462 5115 aeri-itote":

1883 5155 2144 5208 vendent.
2189 5153 2370 5218 Quare
2421 5154 2465 5206 si
2522 5154 2891 5221 periturorum
2923 5154 3277 5209 miseratione
3309 5170 3461 5209 coni-

1885 5245 2038 5308 moti,
2067 5245 2132 5299 ad
2165 5260 2351 5314 pacem
2381 5245 2510 5298 dare
2536 5260 2594 5299 se
2633 5245 2838 5308 volent,
2869 5245 2920 5299 id
2950 5261 3049 5314 ego
3075 5261 3290 5315 quoque
3314 5261 3464 5299 sum-

1884 5353 2129 5406 mopere.
2160 5339 2626 5408 vehementerque
2669 5339 2852 5401 velim,
2894 5347 2950 5392 et
2993 5339 3190 5392 diebus
3227 5341 3462 5406 quinde-

1880 5431 1989 5485 cim
2020 5431 2260 5493 tnittaut,
2288 5430 2379 5498 qui
2409 5445 2493 5482 me
2518 5430 2585 5483 de
2610 5444 2887 5483 consensu
2922 5429 3138 5482 illorum
3173 5444 3336 5499 super
3361 5430 3460 5483 hac

1884 5539 1940 5578 re
1969 5523 2258 5577 certiorem
2293 5521 2458 5576 faciat
2493 5538 2508 5576 :
2536 5533 2595 5576 ut
2627 5522 2743 5592 ipse
2775 5521 3027 5575 similiter
3056 5522 3290 5584 mittam,
3330 5520 3460 5574 Bar-

1884 5615 2155 5684 barosque
2190 5615 2302 5682 jam
2345 5621 2586 5683 paratos,
2644 5613 2700 5666 in
2750 5611 3036 5666 Thraciam
3087 5613 3457 5667 transmittere

1885 5721 1954 5762 ne
1987 5708 2191 5762 sinam.
2237 5707 2312 5762 De
2357 5706 2770 5761 conditionibus
2803 5715 2990 5776 postea
3022 5705 3164 5761 inter
3199 5719 3300 5760 nos
3328 5721 3458 5758 cou-

1884 5801 2088 5854 t'euiet.
2136 5800 2230 5854 Sin
2281 5814 2547 5852 renovare
2596 5799 2797 5853 bellum
2842 5798 3132 5857 mat-olent,
3191 5811 3254 5852 ac
3318 5797 3457 5851 nihil

1886 5892 2314 5961 ri-sizomlebuut,
2370 5891 2621 5961 equidem
2686 5902 2809 5961 post
2866 5890 3007 5945 diem
3067 5888 3449 5959 praStitutum,
