4166 6432
200 411 332 480 ilbi

1331 407 1698 468 HISTORIA
1711 409 1877 470 liUM
1921 409 2098 468 LIBE
2113 411 2158 470 Π
2201 411 2315 471 Ill.

3319 414 3454 480 1162

192 524 644 596 κατωρθωκέναι.
683 521 1190 592 Μεταπεμψάμενοι
1227 521 1282 574 δὲ
1323 523 1416 574 καὶ
1461 521 1746 594 Χρυσοσέρ

1881 539 1947 576 ne
1979 522 2158 592 inepte
2199 529 2454 590 conetur,
2502 525 2643 593 quod
2687 525 2922 579 obtineri
2973 541 3082 579 non
3137 531 3331 596 possit.
3381 531 3459 585 Eo

191 633 300 688 την
323 617 572 686 ἡρώτων,
604 617 730 670 εἴτι
756 597 1126 684 ἀπαγγέλλειν
1155 613 1289 685 ἔχει.
1323 615 1380 668 'U
1410 615 1487 680 δὲ,
1517 615 1644 687 περὶ
1673 617 1771 685 μὲν

191 711 292 776 τῆς
319 708 507 776 κοινῆς
533 707 635 778 ἔφη
663 725 766 778 πρε
777 705 964 769 σϐείας
989 705 1142 758 οὐδὲν
1166 705 1312 776 ἔχειν
1341 705 1502 760 πλέον
1527 706 1636 760 τῶν
1661 709 1772 769 τοῖς

193 805 516 872 γράμμασιν
560 799 1033 868 ἐγγεγραμμένων
1073 797 1462 866 ἀπαγγέλλειν.
1499 798 1626 868 Ἰδίᾳ
1650 799 1775 868 μέν·

191 909 274 944 τοι
312 893 446 961 πρὸς
478 891 944 960 βασιλίδα,λὸγους
973 891 1125 954 τινάς
1155 891 1320 962 ἔχειν,
1353 891 1446 954 οὓς
1478 891 1772 961 ἐκελεύσθη

198 985 426 1051 μτιδενος
472 985 659 1050 ἑτέρου
703 983 1006 1054 παρόντος,
1047 981 1183 1052 πρὸς
1227 981 1398 1051 μόνην
1433 981 1648 1052 ἐκείνην
1681 981 1773 1032 λέ-

192 1091 335 1142 γειν.
377 1076 441 1128 Οί
487 1075 530 1128 δ’
561 1076 840 1136 ἐκέλευον,
880 1074 1063 1142 λέγειν
1106 1073 1244 1144 πρὸς
1288 1073 1514 1138 αὐτοὺς,
1559 1075 1654 1126 καὶ
1700 1073 1774 1145 μὴ

191 1165 402 1236 ληρεῖν,
435 1168 670 1221 ἀδύνατα
701 1168 974 1234 ἀξιοῦντα.
1010 1167 1116 1220 Τοῦ
1160 1167 1216 1220 δὲ
1272 1167 1442 1236 μηδὲν
1494 1167 1572 1236 τῷ
1606 1167 1776 1236 ἑτέρῳ

193 1261 430 1324 ἐξειπεῖν
472 1261 538 1315 ἂν
579 1260 1084 1331 διῖσχυριζομένου,
1133 1261 1393 1330 ἠπείλουν
1442 1262 1773 1331 μαστιγοῦν,

193 1354 290 1406 καὶ
341 1354 548 1424 ἔκφορα
597 1356 663 1407 τὰ
712 1355 1002 1427 ἀπόρρητα
1049 1359 1222 1408 ποιεῖν
1271 1355 1772 1425 προσαναγκάσειν.

205 1447 295 1508 Ὠς
337 1447 394 1498 δὲ
436 1447 592 1500 οὐδὲν
634 1447 865 1500 ἐνεδίδου
915 1447 1051 1518 πρὸς
1093 1447 1193 1509 τὰς
1239 1447 1492 1512 ἀπειλὰς,
1539 1449 1632 1502 καὶ
1677 1449 1777 1511 τὰς

193 1537 414 1603 πληγάς
452 1539 680 1605 ἐπῆγον.
721 1533 780 1589 '0
816 1537 862 1590 δ’
887 1539 1042 1591 οὐδὲν
1073 1533 1236 1608 ἦττον
1269 1539 1505 1608 ἔφασκεν
1536 1539 1780 1608 ἀποκρύ-

189 1627 316 1694 ςειν
365 1626 432 1678 ἂν
479 1629 573 1679 καὶ
620 1627 902 1697 δεινότερα
947 1629 1244 1698 τολμῶσιν.
1293 1631 1485 1683 Είδότα
1535 1631 1646 1701 γὰρ
1691 1628 1780 1685 οἷα

195 1717 334 1786 πρὸς
365 1718 610 1788 Βρουλᾶν
633 1719 734 1788 τῆς
765 1719 990 1790 εἰρήνης
1020 1719 1186 1774 ἕνεκα
1219 1723 1487 1792 πρότερον
1513 1723 1780 1793 τετόλμη-

191 1825 284 1861 ται
319 1810 540 1863 ἐλθόντα
561 1850 576 1874 ,
609 1809 782 1875 οὕτως
804 1814 964 1883 ἥκειν
995 1815 1514 1885 παρεσκευασμένον
1535 1856 1548 1878 ,
1568 1815 1640 1879 ὠς
1677 1817 1781 1869 πᾶ·

1879 625 2250 676 asseverantc,
2278 614 2411 669 nulli
2441 616 2596 670 alteri
2640 617 3074 681 enuntiaturum.
3113 615 3338 688 ﬂagellis
3371 635 3461 674 se-

1879 715 2024 760 creta
2055 707 2142 762 illa
2167 721 2530 777 espressuros
2557 707 2997 764 intermittantur.
3023 709 3158 766 Cum
3187 710 3254 765 ad
3287 712 3464 765 minas

1879 807 2048 850 staret
2084 798 2508 865 imperterritus,
2543 799 2726 868 plagas
2763 798 3059 874 incutiunt.
3093 801 3140 854 Is
3175 801 3462 856 nihilomi-

1879 904 2001 953 nus,
2051 889 2301 959 quamvis
2338 891 2616 946 acerbiora
2663 892 2950 957 auderent,
2994 907 3054 946 se
3097 907 3291 946 arcana
3321 893 3468 948 cela-

1883 993 2063 1038 turum
2098 983 2406 1038 afﬁrmabat
2433 1001 2447 1038 :
2477 985 2860 1054 scientemque
2885 985 3056 1054 probe
3088 1001 3209 1054 qua:
3231 985 3285 1039 in
3321 986 3468 1039 Bru-

1879 1075 1988 1129 lam
2027 1077 2095 1130 de
2127 1091 2256 1146 pace
2303 1077 2534 1148 legatum
2567 1087 2726 1132 antea
2777 1079 3178 1148 designassent,
3218 1078 3284 1131 ad
3331 1093 3466 1146 qua-

1881 1169 2208 1238 lemeunquc
2281 1185 2471 1224 eorum
2555 1171 2902 1226 vexationem
2991 1171 3464 1240 petulantiamqun

1881 1260 2249 1316 sufferendam
2291 1271 2605 1331 promptum
2661 1271 2714 1315 et
2755 1261 2991 1315 alacrem
3037 1262 3246 1317 venire.
3289 1262 3466 1334 Chry-

1881 1355 2140 1426 soberges
2174 1354 2310 1408 adeo
2335 1353 2643 1423 intrepidus
2696 1362 2752 1407 et
2802 1353 2866 1408 ad
2913 1354 3198 1408 horribilia
3237 1371 3468 1424 qumque

1881 1445 2200 1515 excipienda
2214 1453 2435 1516 paratus
2451 1455 2587 1500 erat.
2603 1445 2910 1500 Archontes
2933 1455 2987 1500 ut
3009 1447 3062 1500 in
3081 1461 3204 1502 aere
3222 1463 3279 1501 se
3297 1445 3470 1518 pisca-

1883 1533 1928 1587 ri
1951 1533 2223 1597 viderunt,
2255 1533 2454 1604 ipsum,
2488 1543 2542 1589 et
2567 1537 3009 1604 aquoveniebat,
3035 1537 3220 1590 multis
3253 1537 3468 1607 probris

1884 1625 2274 1680 conscidcrunt
2300 1643 2314 1680 :
2341 1627 2676 1696 homineque
2693 1628 2886 1681 eodem
2919 1629 3005 1682 die
3029 1629 3253 1682 civitate
3285 1629 3468 1698 pulso.

1881 1719 1952 1771 de
2003 1731 2070 1772 eo
2113 1717 2290 1787 legato
2343 1717 2488 1786 apud
2547 1719 2951 1787 imperatriecm
2999 1735 3068 1774 ne
3135 1721 3472 1775 mutiverunt

1883 1809 2122 1880 quidem.
2176 1811 2268 1865 Ille
2314 1811 2380 1864 ad
2417 1813 2802 1880 imperatorem
2856 1827 3129 1876 reversus,
3188 1813 3317 1882 quid
3361 1815 3466 1870 sibi

195 1917 298 1952 σαν
321 1903 534 1956 οἴσοντα
560 1906 805 1959 κάκωσιν
829 1908 924 1959 καὶ
949 1909 1257 1978 παροινίαν.
1283 1908 1342 1962 Ὀ
1370 1907 1470 1979 μὲν
1491 1905 1585 1964 οὖν
1604 1909 1776 1972 οὕτως

1881 1879 2166 1960 accidisset
2185 1903 2447 1958 narravit.
2479 1879 2582 1970 Qui
2609 1907 2755 1974 pacis
2785 1921 2880 1976 spe
2903 1906 3166 1976 proiecta,
3196 1907 3468 1963 Garellatn

193 1992 468 2064 άπτόητος
491 1996 691 2064 ὡρᾶτο,
722 1999 815 2050 καὶ
841 1999 977 2069 πρὸς
1003 1999 1302 2073 καρτερίαν
1324 2002 1780 2072 παρεσκευασμέ-

191 2104 284 2148 νος
317 2087 426 2140 τῶν
460 2089 671 2148 δεινῶν.
705 2093 774 2146 Ol.
807 2093 854 2146 δ’
877 2095 1001 2148 ἐπεὶ
1033 2094 1222 2165 ἑώρων
1254 2094 1540 2157 ἀδυνάτοις
1574 2097 1781 2164 ἐπιχει-

191 2180 420 2248 ροῦντες
443 2224 457 2246 ,
495 2183 666 2237 πολλὰ
705 2186 786 2248 είς
827 2187 992 2240 αὐτὸν
1027 2190 1120 2240 καὶ
1155 2188 1246 2241 τὸν
1283 2186 1589 2257 πέμψαντα
1627 2187 1782 2258 ὑϐρί-

189 2289 412 2338 σαντες,
464 2273 654 2332 ἔπειτα
707 2277 1002 2348 ἐξήλαυνον
1049 2281 1150 2351 τῆς
1199 2279 1430 2346 πόλεως,
1467 2280 1779 2350 αὐθημερὸν

191 2365 402 2434 μηδένα
433 2369 560 2438 περὶ
588 2369 688 2439 τῆς
717 2371 1008 2441 πρεσϐείας
1038 2373 1193 2441 λόγον
1218 2373 1600 2444 ποιησάμενοι.
1634 2372 1692 2426 ὐ
1719 2373 1776 2426 δὲ

191 2460 334 2530 πρδς
386 2459 612 2530 βασιλέα
661 2466 728 2520 τά
783 2467 1128 2538 γεγενημένα
1183 2467 1528 2538 ἀπήγγελλεν
1581 2466 1775 2521 ἐλθών.

191 2552 466 2617 Κάκεῖνος
512 2555 613 2626 ήδη
657 2558 758 2628 τὴν
802 2559 1027 2630 εἰρήνην
1071 2561 1366 2628 ἀπογνοὺς,
1416 2561 1778 2630 ἐστράτευσεν

193 2643 288 2694 ἐπὶ
336 2644 629 2714 Γαρέλλαν.
673 2649 1114 2720 Κοντοστέφανος
1156 2652 1214 2706 δὲ
1255 2655 1282 2706 ὁ
1321 2653 1525 2722 ταύτης
1563 2653 1766 2723 ἄρχων,

1879 2013 2006 2052 cum
2044 1998 2215 2068 copiis
2256 1997 2413 2066 abiit,
2443 1999 2599 2068 cujus
2652 1999 2943 2068 prazfectus
2989 2001 3468 2072 Contostephanus

1877 2105 1988 2144 non
2020 2089 2292 2144 illibentcr
2323 2091 2370 2144 ei
2407 2105 2466 2143 se
2495 2106 2618 2144 cum
2653 2092 2852 2160 oppido
2881 2093 3102 2148 tradidit
3133 2133 3148 2156 ,
3185 2095 3238 2148 in
3275 2111 3384 2164 quo
3413 2105 3468 2149 et

1876 2179 2118 2237 Joannes
2149 2180 2554 2238 Cantabolenus
2601 2199 2742 2238 unus
2784 2199 2813 2238 e
2855 2185 3166 2242 domesticis
3207 2189 3468 2254 Augusta:

1881 2273 2150 2328 ministris
2184 2273 2451 2328 adductus
2485 2285 2587 2329 est.
2623 2275 2795 2342 Quem
2829 2279 3035 2342 subito,
3069 2279 3217 2334 nulla
3249 2295 3306 2334 re
3339 2294 3465 2349 spo-

1881 2365 2092 2428 liatum,
2117 2367 2433 2438 Byzantium
2457 2369 2698 2432 mittens,
2721 2386 2936 2425 rursum
2971 2383 3122 2442 rogat
3153 2373 3352 2426 bellum
3381 2387 3466 2426 se-

1885 2460 2024 2527 dari,
2057 2471 2113 2516 et
2150 2477 2219 2516 ne
2249 2477 2346 2532 per
2378 2473 2626 2517 mutuam
2664 2479 2853 2518 eorum
2915 2467 3326 2520 contentionem
3361 2463 3466 2519 Ro-

1886 2555 2034 2608 mani
2071 2555 2286 2608 damnis
2327 2563 2637 2616 mactentur
2675 2558 3146 2628 irreparabilibus.
3195 2559 3467 2614 Caeterum

1877 2647 2188 2719 patriarcha
2217 2655 2270 2702 et
2303 2649 2494 2718 reliqui
2535 2649 2759 2714 bellum.
2813 2659 2868 2704 ut
2910 2667 3144 2722 semper,
3173 2651 3466 2708 malebant.

191 2739 619 2811 προσεχώρησεν
657 2743 800 2796 ἑκὼν
831 2743 905 2813 τῷ
941 2744 1188 2816 βασιλεῖ,
1224 2747 1317 2800 καὶ
1355 2746 1644 2818 παρέδωκε
1678 2745 1777 2818 τὴν
1817 2743 1976 2798 πόλιν
2000 2760 2014 2773 °
2041 2735 2160 2814 ὲνῇ
2193 2742 2288 2796 καὶ
2316 2742 2697 2813 Καταϐοληνῑς
2761 2745 3013 2818 Ἰωάννης
3042 2750 3178 2818 πρὸς
3244 2748 3471 2816 βασιλέα

193 2831 374 2902 ἢχθη.
423 2836 524 2888 τῶν
594 2839 821 2891 οἰκετῶν
891 2841 990 2909 τῆς
1030 2841 1303 2909 βασιλίδος
1344 2841 1438 2896 ὥν.
1474 2845 1570 2896 Ὃν
1605 2843 1852 2914 ἔπεμπεν
1892 2841 1972 2906 είς
2010 2839 2301 2902 Βυζάντιον
2335 2838 2556 2904 αὐτίκα,
2600 2841 2826 2911 μηδενὸς
2873 2836 2948 2896 ὧν
2984 2840 3126 2914 εἶχεν
3159 2849 3470 2918 ἀποστερη-

191 2924 356 2978 {item
383 2929 572 2997 ,ἠξίου
619 2950 676 2984 τε
725 2929 882 2996 αὖθις
929 2935 1298 2991 καταλύεσθαι
1344 2938 1436 2992 τὸν
1483 2939 1738 3008 πόλεμον,
1781 2937 1873 2990 καὶ
1931 2935 2004 3006 μὴ
2061 2933 2149 2987 διὰ
2178 2935 2278 3004 τήν
2341 2934 2477 3004 πρὸς
2507 2934 2766 3004 ἀλλήλους
2797 2936 2977 2989 αὐτῶν
3044 2939 3374 3006 φιλονεικίαν
3403 2947 3474 2996 τὰ.

195 3021 474 3090 ἀνήκεστα
517 3027 662 3080 δεινὰ
701 3031 1006 3101 Ῥωμαίους
1049 3031 1364 3102 ὑπομένειν.
1411 3034 1768 3106 Πατριὰρχης
1842 3033 1899 3086 δὲ
1940 3033 2036 3086 καὶ
2077 3033 2128 3083 oi
2208 3033 2386 3084 λοιποὶ
2442 3032 2593 3084 οὐδὲν
2656 3027 2816 3104 ἦττον
2859 3035 2890 3104 ἢ
2936 3036 3202 3106 πρότερον
3241 3041 3470 3110 ᾑροῦντο

199 3119 327 3170 πολε
339 3125 478 3188 μεῖν.

1569 3245 1802 3302 CAPUT
1843 3245 2078 3300 LXXVI.

197 3357 436 3438 Castalio
477 3360 888 3438 dedita._Causa
917 3363 1218 3438 defectionis
1251 3373 1300 3418 et
1331 3365 1610 3438 deditionis
1639 3367 1900 3424 Batatzw.
1935 3366 2306 3420 Remuneratio
2352 3364 2495 3438 illius
2523 3371 2568 3416 et
2592 3375 2964 3438 regnatorem.
2993 3365 3207 3422 Sultani
3236 3377 3470 3438 satrapa:

271 3429 638 3506 beneﬁcentia.
673 3429 1018 3506 Consuetudo
1049 3435 1271 3506 dilirttto
1297 3437 1619 3504 prandendi.
1653 3438 1844 3492 Chares
1874 3440 2008 3491 cit-rs
2043 3447 2196 3490 terra:
2225 3445 2366 3488 motu
2397 3435 2461 3506 obp
2491 3429 2914 3489 maledicentiam
2962 3442 3274 3506 puniuntur.
3315 3429 3464 3506 Igno-

271 3503 439 3553 scitur
469 3503 532 3554 iis
565 3500 630 3576 ob
665 3504 1006 3570 imperatore.
1037 3504 1174 3557 Muri
1201 3500 1389 3560 cum
1421 3507 1836 3576 rea'di/icantur.
1874 3507 2108 3562 Studiosi
2151 3504 2488 3574 imperatoris
2533 3500 2986 3572 exterminantur',
3033 3519 3082 3564 et
3130 3515 3200 3563 ad
3229 3500 3434 3576 ἰωμένη

275 3576 455 3623 tricem
491 3573 710 3625 reditur.

275 3720 538 3780 Βασιλεὺς
573 3717 630 3772 δὲ
669 3721 764 3774 καὶ
791 3721 892 3790 τὴν
927 3723 1170 3791 μεγάλην
1203 3718 1312 3774 εἷλε
1354 3724 1582 3794 Καρύαν
1618 3725 1776 3794 φρού-

1948 3703 2259 3790 imperator
2294 3721 2577 3776 castellum
2623 3721 2893 3790 quoddam
2949 3738 3199 3794 magnam
3234 3723 3462 3796 Caryam

199 3815 318 3885 ριόν
369 3829 421 3866 τι
471 3812 754 3882 ὁμολογίᾳ.
806 3814 975 3868 Ἔνθα
1026 3816 1358 3884 διατρίϐοντι
1425 3819 1518 3870 καὶ
1571 3835 1782 3889 πρωτο-

201 3907 440 3978 ιιυνήγὸς
483 3909 510 3959 ὁ
559 3906 838 3975 Βατάτζης
884 3907 1276 3979 προσεχώρησε
1325 3909 1462 3979 μετά
1500 3909 1610 3963 τῶν
1653 3927 1778 3978 συγ⁴

201 4001 375 4067 γενῶν
400 4001 566 4052 όντων
595 3999 696 4052 οὐκ
749 3999 945 4066 όλίγων
968 4015 980 4032 ·
1019 4002 1113 4054 καὶ
1139 4003 1258 4053 τότε
1331 4001 1631 4054 Πολύϐοτον
1685 4003 1781 4055 πό-

199 4091 284 4142 λιν
315 4090 593 4162 Θρᾳκικὴν
623 4090 730 4143 ὖπδ
757 4090 866 4144 τῶν
897 4091 1178 4160 συγγενῶν
1202 4092 1576 4161 κατεχομένην
1611 4107 1780 4162 προσ-

199 4182 306 4250 ῆγε
359 4181 586 4250 βασιλεῖ,
617 4183 708 4235 καὶ
740 4183 1072 4252 Τηρῖστασιν
1103 4184 1164 4236 τὸ
1213 4184 1472 4254 φρούριον
1501 4185 1530 4237 ὃ
1587 4185 1780 4255 πρότε-

203 4292 300 4345 ρον
335 4275 514 4338 αὐτὸς,
549 4275 628 4328 ἔτι
653 4275 916 4346 βασιλέως
961 4275 1303 4348 Ἀνδρονίκου
1362 4277 1662 4346 περιόντος,
1699 4281 1777 4330 οξ-

201 4368 372 4429 κείοις
397 4368 750 4438 ἀναλώμασιν
780 4367 1078 4436 ἐτείχισεν·
1111 4369 1315 4436 ἔφασκέ
1349 4386 1404 4422 τε
1457 4369 1530 4431 ὡς
1586 4370 1644 4421 ὲν
1679 4368 1779 4439 μὲν

201 4457 324 4517 ταῖς
351 4455 548 4524 ἀρχαῖς
572 4455 666 4508 τοῦ
695 4455 936 4526 πολέμου
971 4457 1226 4526 μάλιστα,
1259 4458 1488 4526 νομίσας
1517 4459 1644 4528 περὶ⁹
1690 4459 1781 4529 βα·

204 4545 360 4598 σιλέα
391 4545 863 4615 ἡγνωμονηκέναι,
899 4549 1131 4610 καὶτοῖς
1157 4549 1368 4601 ἐκείνου
1419 4551 1606 4602 παισὶν
1662 4549 1780 4604 ἀδίο

200 4654 316 4699 κως
370 4636 763 4700 ἐπιϐουλεύειν,
839 4639 932 4691 καὶ
987 4639 1376 4709 παραιρεῖσθαι
1421 4637 1520 4710 τὴν
1574 4641 1774 4710 ἀρχὴν,

199 4727 506 4798 ἀποστῆναί
540 4746 598 4780 τε
629 4728 794 4782 αὑτοῦ
847 4729 936 4782 διὰ
955 4729 1064 4783 τῶν
1101 4732 1474 4800 νομιζομένων
1538 4732 1774 4798 ἀδικίαν,

201 4821 300 4872 καὶ
333 4821 589 4888 πολεμεῖν
617 4820 806 4890 ἁπάσῃ
829 4820 1079 4891 δυνάμει·
1105 4822 1200 4875 τοῦ
1266 4821 1462 4891 χρόνου
1503 4823 1560 4876 δὲ
1592 4823 1777 4892 τριϐο-

203 4911 371 4980 μένου
403 4911 494 4962 καὶ
532 4911 639 4962 τῶν
680 4911 967 4980 Ῥωμαίων
1002 4913 1388 4982 ἀπολλυμένων
1415 4913 1622 4977 ἀκλεῶς
1671 4914 1778 4967 ὑπὸ

199 4999 300 5052 τοῦ
331 5001 588 5068 πολέμου,
625 5001 766 5069 όρῶν
791 5000 864 5063 ὡς
897 5001 1106 5072 βασιλεῖ
1131 5003 1230 5072 μὲν
1270 5003 1336 5056 τά
1358 5021 1416 5056 τε
1485 5002 1776 5071 Ῥωμαίοις

1883 3813 2160 3868 deditione
2235 3811 2490 3882 acquirit.
2539 3811 2654 3866 Illic
2713 3815 2951 3868 versanti
3028 3823 3083 3870 ct
3139 3829 3465 3873 venatorum

1881 3906 2133 3976 princeps
2163 3903 2410 3958 Batatzcs
2434 3919 2555 3958 eum
2589 3907 2832 3975 cognatis
2861 3905 3024 3976 617
3051 3921 3160 3960 non
3193 3909 3382 3978 paucis
3409 3927 3467 3965 se

1883 3997 2130 4068 permisit
2161 4019 2172 4050 :
2207 4005 2261 4050 et
2305 3995 2625 4066 Poiybotum
2660 3997 2849 4050 urbem
2881 3997 3170 4051 Thraciam
3206 4015 3235 4052 a
3268 4015 3432 4056 neces

1882 4089 2040 4145 sariis
2087 4089 2202 4144 suis
2240 4097 2580 4156 occupatam,
2611 4088 2665 4142 in
2701 4089 2946 4158 ejusdem
2985 4089 3146 4146 ﬁdem
3182 4093 3410 4148 adduxit
3449 4138 3458 4146 .

1881 4189 1934 4236 et
1951 4178 2248 4233 Teristasin
2282 4179 2784 4250 oppidulum,quod
2819 4181 2934 4250 ipse
2967 4182 3118 4251 prius
3141 4183 3460 4253 imperator,

1881 4271 2004 4326 vivo
2031 4270 2365 4335 Andronico,
2397 4283 2496 4324 suo
2543 4280 2760 4338 sumptu
2802 4273 2971 4326 muris
3005 4275 3460 4330 circumdederat.

1883 4363 1982 4418 llic
2022 4363 2270 4418 Batatzes
2306 4361 2596 4426 fatebatur,
2645 4377 2704 4417 se
2753 4363 2806 4417 itt
2849 4365 3148 4434 primordio
3187 4367 3314 4420 belli
3355 4369 3460 4421 ltu-

1878 4454 1988 4524 jus,
2021 4471 2145 4510 cum
2179 4463 2393 4523 putaret
2439 4469 2562 4510 eum
2601 4455 2656 4509 in
2698 4461 3082 4524 imperatorem
3112 4457 3461 4514 demortuum

1881 4561 2002 4602 esse
2030 4547 2487 4618 ingratissimum,
2518 4557 2570 4600 et
2594 4547 2712 4615 ejus
2743 4547 2866 4601 {iliis
2894 4550 3154 4604 SCClCl'alt‘.
3191 4549 3436 4605 insidiati

1882 4641 2056 4710 iisque
2107 4641 2394 4709 imperium
2456 4641 2703 4710 eripere,
2746 4657 2806 4696 se
2849 4643 2918 4697 ab
2965 4658 3032 4697 eo
3083 4643 3368 4710 defecisse,
3408 4657 3460 4696 ιιι

1880 4739 2070 4784 contra
2101 4737 2361 4798 quantum
2399 4729 2661 4784 valuisset
2685 4730 3032 4800 pugnavisse.
3070 4732 3339 4800 Tempore
3369 4748 3460 4784 au-

1881 4831 1987 4876 tem
2021 4821 2259 4884 labente,
2290 4831 2344 4876 et
2376 4819 2637 4874 Romanis
2669 4823 2812 4874 nulla
2851 4837 2973 4876 cum
3011 4821 3170 4876 laude
3203 4823 3344 4876 bello
3379 4823 3456 4873 iu-

1881 4911 2378 4974 tereuntibus,eum
2411 4911 2748 4972 observaret,
2770 4910 2871 4978 ipsi
2901 4925 3224 4965 communes
3257 4911 3456 4964 Itoma-

1882 5017 2074 5056 norum
2128 5012 2182 5056 et
2209 5002 2504 5056 liberorum
2553 5001 2900 5071 imperatoris
2935 5003 3173 5056 rationes
3205 5004 3351 5056 cordi
3398 5021 3454 5056 ιη

199 5093 358 5160 κοινῇ
390 5093 722 5158 συνοίσοντα,
773 5095 867 5146 καὶ
928 5097 1039 5156 τοῖς
1092 5093 1356 5164 βασιλέως
1416 5096 1776 5158 σπουδάζεται

1881 5092 2059 5148 studio
2095 5108 2247 5158 esse;
2283 5091 2540 5162 praefecto
2585 5104 2766 5146 autem
2811 5093 3050 5148 cubiculi
3075 5135 3088 5158 ,
3141 5105 3192 5147 et
3220 5095 3364 5158 aliis,
3404 5095 3455 5147 in

199 5187 384 5250 παισὶ,
453 5187 936 5256 παρακοιμωμένῳ
993 5187 1048 5240 δὲ
1101 5187 1195 5240 καὶ
1253 5191 1364 5251 τοῖς
1419 5187 1596 5250 ἄλλοις
1668 5191 1776 5252 τοῖς

199 5280 398 5346 ἄγουσι
425 5279 533 5330 τῶν
591 5277 879 5346 Ῥωμαίων
930 5281 1026 5349 τὴν
1080 5281 1398 5350 ἠγεμονίαν,
1459 5281 1611 5334 οὐδέν
1661 5283 1774 5333 ἐστι

199 5367 508 5436 προῦργου,
540 5369 572 5439 ἢ
603 5370 808 5432 πάντας
841 5371 1258 5443 διαφθείραντας
1305 5374 1542 5437 ἐκείνους
1565 5373 1773 5442 ἄρχειν,

201 5459 471 5528 βασιλέως
507 5461 563 5513 δὲ
592 5460 686 5513 τοῦ
719 5461 904 5525 παιδὸς
931 5463 1106 5530 ὀλίγα,
1133 5466 1168 5534 ἢ
1190 5465 1340 5518 οὐδὲν
1367 5463 1770 5534 φροντίζοντας,

197 5553 428 5619 καὶτῆς
467 5553 576 5604 τῶν
605 5553 782 5606 ἄλλων
833 5557 1126 5626 σωτηρίας,
1163 5556 1389 5610 συνιδών
1443 5575 1502 5608 τε
1553 5559 1614 5609 ὲκ
1665 5557 1774 5609 τῶν

197 5643 526 5710 γινομένων,
561 5643 636 5707 ὡς
697 5645 894 5698 ἐκεῖνοι
957 5647 1210 5699 ἀδικοῖεν’
1253 5651 1344 5700 καὶ
1413 5648 1774 5717 διαφθείροιεν

200 5734 506 5805 φαυλότητι
533 5735 752 5804 τρόπων
779 5736 880 5806 τὴν
901 5737 1076 5807 ἀρχὴν
1113 5739 1422 5808 Ῥωμαίων,
1471 5740 1774 5808 ἀποστῆναί

201 5842 262 5878 τε
293 5827 538 5890 ὲκείνων,
563 5828 656 5878 καὶ
711 5830 1104 5897 προσχωρῆσαι
1137 5831 1366 5898 βασιλεῖ·
1391 5835 1563 5884 καίτοι
1591 5851 1650 5899 γε
1684 5851 1776 5898 ξτε-

489 5921 760 5980 PATnOL’.
801 5925 844 5982 (ἱ
859 5941 912 5978 ιι.
953 5921 1156 5982 CLI".

1878 5200 2108 5254 quorum
2143 5199 2304 5238 manu
2336 5195 2480 5238 esset
2509 5184 2820 5253 imperium,
2855 5185 2986 5238 nihil
3014 5201 3135 5240 esse
3169 5195 3275 5240 tam
3304 5197 3450 5255 opta-

1879 5285 2016 5338 tum,
2055 5291 2215 5344 quam
2259 5283 2320 5329 ut
2359 5275 2555 5330 occisis
2587 5277 2840 5330 omnibus
2871 5277 2970 5344 ipsi
3009 5285 3320 5346 regnarent,
3357 5277 3454 5328 im-

1877 5369 2146 5436 peratoris
2199 5383 2329 5421 vero
2379 5368 2536 5436 pueri
2584 5377 2638 5420 et
2695 5363 3015 5421 czrélerorum
3068 5371 3300 5423 salutem
3360 5387 3454 5426 cus

1875 5459 2024 5529 parvi
2056 5467 2147 5512 aut
2181 5457 2334 5512 nihiii
2372 5457 2605 5526 pendere
2639 5477 2650 5510 :
2679 5473 2801 5511 cum
2849 5459 2977 5511 item
3009 5475 3072 5512 ex
3107 5461 3262 5514 laetis
3295 5473 3418 5513 nota

1879 5563 1980 5614 ret,
2009 5565 2129 5604 esse
2171 5547 2418 5602 homines
2455 5548 2746 5614 improbos,
2779 5557 2832 5602 et
2875 5549 3166 5604 vitiositate
3199 5567 3296 5605 sua
3344 5555 3446 5604 im-

1879 5643 2089 5713 perium
2123 5639 2426 5693 Romanum
2461 5637 2708 5707 perdere,
2741 5641 2806 5693 ab
2841 5639 2947 5693 illis
2973 5640 3039 5694 ad
3071 5643 3243 5711 ipsum
3273 5651 3448 5696 trans-

1877 5735 2043 5799 iisse,
2113 5731 2360 5802 quamvis
2423 5745 2614 5784 causas
2661 5731 2794 5799 ipsis
2845 5733 3094 5786 studendi
3146 5747 3253 5788 non
3301 5735 3448 5790 leves

1882 5830 2126 5883 luberet.
2156 5823 2290 5880 Nam
2321 5833 2374 5878 et
2404 5823 2513 5879 lilio
2537 5841 2634 5878 suo
2667 5825 2980 5892 patriarchae
3007 5825 3170 5880 tiliam
3203 5827 3440 5897 despon.

3003 5919 3080 5970 37
