4166 6432
163 609 187 621 η

228 345 363 410 1177

1357 341 1904 404 HISTORIARUM
1953 346 2174 407 LIBER
2231 351 2314 410 lll

3346 355 3485 420 H78

220 461 314 512 δύο
370 473 427 510 τε
481 456 589 509 τῶν
622 456 860 526 ἀρίστων
920 455 1336 535 ἀπολέξὰμενοι,
1374 457 1470 510 κα)⁸
1499 455 1595 510 τοῦ
1625 457 1798 528 δήμου

1904 475 2286 532 imperatorem
2326 465 2565 531 mittunt,
2598 475 2655 519 et
2691 466 2876 518 urbem
2932 463 3150 520 tradunt
3179 482 3193 518 :
3223 464 3482 522 fatentur‘

222 554 317 605 καὶ
350 553 448 619 τῆς
475 550 801 618 Ἐκκλησίας
829 549 1118 614 τοσούτους
1146 549 1390 620 ἑτέρους,
1411 549 1546 619 πρὸς
1579 549 1803 620 βασιλέα

222 642 485 711 πρέσϐεις
509 641 778 710 ἔπεμπον,
810 643 904 694 καὶ
934 641 1034 711 τὴν
1083 639 1239 693 πόλιν
1270 640 1628 711 παρεδίδουν⁸
1667 641 1804 711 ἐφα-

225 752 329 786 οαν
372 735 428 786 δὲ
461 734 558 786 καλ⁸
589 735 744 786 αὐτοὶ
775 734 1044 804 πρότερον
1085 732 1186 803 μὲν
1238 734 1346 788 ὑπὸ
1379 733 1488 786 τῶν
1521 735 1804 805 ἀρχόντων

223 821 654 896 ἐξηπατημένοι,
688 824 1090 896 ἀγνωμοσύνην
1142 841 1203 878 τε
1242 825 1408 878 αὐτοῦ
1454 827 1803 896 κατηγορεῖν,

225 919 317 969 καὶ
346 917 640 984 ἐπιϐουλὴν
682 921 778 970 καὶ
810 917 1105 988 προδοσίαν
1133 916 1390 984 ἐγκαλεῖν
1411 917 1520 970 τῶν
1541 917 1805 988 βασιλέως

229 1010 456 1064 παίδων.
515 1010 667 1061 Ἐπεὶ
725 1009 780 1062 δὲ
828 1009 920 1061 τοῦ
953 1009 1149 1080 χρόνου
1203 1009 1550 1080 τριϐομένου,
1607 1011 1802 1062 ἐκεῖνοι

226 1100 692 1168 συκοφαντοῦντες
735 1102 1128 1157 ἀπεδείκνυντο
1172 1103 1269 1158 καὶ
1305 1103 1375 1158 τὰ
1419 1103 1657 1174 μέγιστα
1683 1105 1806 1174 ἠδιο

226 1193 481 1260 κηκότες,
515 1190 676 1254 αύτδς
708 1193 765 1245 δὲ
790 1192 1150 1258 ἀδικούμενος
1169 1195 1265 1247 καὶ⁸
1294 1193 1804 1262 ἐπιϐουλευόμενος,

225 1282 322 1332 καὶ
351 1281 506 1334 οὐδὲν
539 1282 784 1344 ἐπιεικὲς
821 1283 1060 1350 ἀκούων,
1120 1283 1313 1338 ἔπειτα
1357 1285 1453 1339 καὶ
1483 1285 1585 1356 τὴν
1616 1284 1805 1354 κοινὴν

222 1372 459 1440 ὁρῶντες
511 1374 930 1445 πανωλεθρίαν,
993 1375 1028 1446 ἢ
1080 1375 1263 1445 ὀλίγου
1336 1377 1449 1430 δεῖν
1499 1375 1806 1446 Ῥωμαίους

221 1460 471 1525 ἅπαντας
500 1463 828 1535 διέφθειρεν,
852 1467 1146 1531 ἀκούοντές
1175 1487 1234 1522 τε
1267 1471 1358 1522 καὶ
1389 1469 1554 1523 αὐτὸν
1577 1470 1666 1522 ἀεὶ
1698 1469 1808 1522 δεόο

227 1568 392 1656 μενον
451 1555 588 1656 περὶ
626 1557 873 1624 εἰρήνης,
930 1558 1176 1621 ἐκείνους
1219 1560 1279 1614 δὲ
1313 1561 1676 1631 αἱρουμένους
1711 1561 1805 1614 τὸν

222 1647 493 1697 τοσούτων
530 1647 703 1698 αἴτιον
731 1648 968 1717 πόλεμον
997 1651 1207 1715 κακῶν,
1233 1651 1384 1704 δεινά
1413 1652 1513 1721 μὲν
1547 1650 1803 1722 ἡγεῖσθαι

223 1737 294 1786 τα
326 1736 697 1805 πραττόμενα,
740 1739 835 1792 καὶ
891 1740 1312 1811 προθυμεῖσθαι,
1352 1744 1407 1796 et
1456 1760 1540 1806 τις
1570 1744 1803 1812 δύναμις

223 1826 375 1894 ἐνῆν,
419 1826 570 1879 λύσιν
619 1831 741 1882 τινὰ
776 1829 1114 1902 ἐξευρίσκειν
1163 1834 1271 1887 τῶν
1301 1836 1511 1890 κακῶν.
1567 1835 1724 1889 Ἐπεὶ
1755 1837 1802 1890 δ’
1835 1803 1879 1858 Β

222 1922 409 1980 αυτοῖς
437 1918 594 1971 τοῦτο
625 1921 725 1972 οὐκ
762 1923 818 1973 ἐν
847 1922 1076 1993 ἐφικτῷ,
1113 1926 1241 1988 τοὺς
1274 1926 1376 1995 μὲν
1407 1927 1601 1991 ἄλλους
1624 1926 1801 1980 ᾶπαν-

219 2026 321 2070 τας
355 2010 452 2077 τῆς
487 2016 776 2082 συμφορᾶς
806 2017 1117 2085 οἰκτείρειν,
1152 2017 1344 2081 αὐτοὺς
1374 2020 1430 2072 δὲ
1457 2021 1525 2073 τὰ
1549 2018 1801 2088 λυσιτελῆ

221 2102 646 2172 βουλευομένους
678 2101 894 2173 ἑαυτοῖς
917 2151 930 2171 ,
963 2110 1224 2180 ψήφισμα
1274 2112 1606 2181 ποιήσασθαι
1632 2129 1804 2182 προσ-

219 2197 423 2262 χωρεῖν
466 2197 712 2261 ἑκόντας,
754 2201 850 2252 καὶ
894 2201 993 2272 τὴν
1016 2203 1168 2256 πόλιν
1201 2205 1572 2273 παραδιδόναι,
1602 2206 1695 2258 καὶ
1726 2204 1801 2276 μὴ

217 2288 318 2355 τῆς
349 2288 551 2357 ἐτέρων
579 2291 764 2356 ἀνοίας
799 2294 1078 2348 ἀποτίνειν
1129 2298 1328 2360 αὐτοὺς
1357 2297 1535 2360 δίκας.
1564 2297 1802 2352 Τοιαῦτα

224 2379 326 2448 μὲν
357 2383 403 2434 oi
431 2384 632 2446 Βιζύῖοι
676 2388 1030 2456 ἐπρέσϐευον.
1069 2391 1333 2455 Βασιλεὺς
1385 2393 1442 2446 δὲ
1477 2393 1576 2464 τῆς
1605 2395 1800 2447 εὐϐουο

221 2471 344 2534 Αίας
375 2474 690 2541 ἐπαινέσας,
722 2481 834 2540 τοῖς
867 2497 926 2532 τε
962 2481 1227 2552 πρέσϐεσι
1275 2484 1423 2554 δῶρα
1474 2485 1796 2556 παρασχὼν,

219 2560 355 2633 ἦλθε
413 2569 547 2635 πρὸς
579 2571 677 2640 τὴν
735 2572 932 2635 πόλιν,
994 2575 1299 2642 ἑπομένους
1350 2577 1492 2646 έχων
1546 2579 1802 2642 καὶτοὺς

221 2658 505 2726 πρέσϐεις,
540 2664 631 2714 καὶ
658 2665 684 2715 ὁ
705 2663 872 2733 δῆμος
903 2667 1046 2729 ἄπας
1075 2667 1216 2735 μετά
1241 2667 1349 2720 τῶν
1384 2670 1621 2740 ἀρίστων
1649 2671 1804 2741 ἐξῆλ-

221 2749 314 2802 θεν
363 2753 706 2821 ὑπαντήσων.
762 2757 1032 2826 Ἐπείδε
1099 2760 1317 2825 ἐγένετο
1366 2761 1536 2830 ἐγγὺς
1594 2763 1798 2830 πυλῶν,

221 2843 416 2911 πρῶτα
446 2847 542 2914 μὲν
577 2849 826 2901 ἐκέλευεν
860 2851 1063 2903 Ἀνναν
1093 2851 1193 2922 τὴν
1227 2852 1475 2922 βασιλίδα
1507 2856 1798 2926 εὐφημεῖν,

219 2935 316 2987 καὶ
345 2940 463 3004 μετ’
490 2939 707 3009 ἐκείνην
736 2940 964 3009 βασιλέα
1018 2945 1112 2996 τὸν
1159 2947 1297 3010 υἱὸν,
1350 2949 1566 3017 τρίτους
1592 2950 1648 3002 δὲ
1680 2953 1799 3019 μετ’

220 3028 482 3092 ἐκείνους,
519 3030 679 3085 αὐτόν
709 3049 768 3085 τε
799 3035 891 3085 καὶ
931 3035 1168 3105 Εἰρήνην
1204 3036 1450 3105 βασιλίδα
1479 3042 1578 3111 τὴν
1613 3043 1801 3109 γυναῖ-

1910 570 2016 624 que
2039 568 2096 610 et
2124 557 2251 625 ipsi,
2277 573 2334 610 se
2371 558 2522 626 prius
2544 574 2574 611 a
2609 573 2706 637 pra
2721 556 2874 612 fcctis
2907 557 3056 610 illiilli
3091 571 3185 625 pro
3215 556 3484 626 improbo,

1907 657 1962 703 et
2002 649 2343 715 insidiatore,
2405 659 2459 704 et
2513 650 2855 718 imperatoris
2915 649 3147 702 iiliorum
3211 647 3488 718 proditore

1905 741 2293 796 accusantibus
2349 743 2567 796 deiusos
2619 755 2762 795 esse.
2783 740 2853 793 At
2899 744 3184 808 postquam
3238 747 3486 803 tempore

1906 835 2234 904 procedente
2266 835 2383 889 illos
2430 834 2852 890 calumniatores
2879 831 3050 886 fuisse
3077 829 3485 898 iniquissimos,

1906 930 2193 999 ipsumque
2228 928 2489 997 injuriose
2527 936 2583 981 et
2609 926 2869 980 insidiose
2913 932 3202 978 tractatum
3234 929 3290 975 et
3318 919 3489 974 male-

1906 1022 2068 1077 dictis
2125 1020 2396 1074 coufixum
2464 1019 2843 1089 apparuisset,
2914 1030 3152 1084 cumque
3223 1012 3490 1067 vidissent

1905 1129 2254 1170 communem
2305 1122 2536 1184 pestem,
2587 1128 2692 1180 qua
2738 1110 2970 1164 Romani
3005 1122 3146 1178 pene
3175 1120 3368 1160 omnes
3402 1105 3490 1158 in—

1907 1205 2176 1270 terierint,
2209 1214 2262 1258 et
2295 1204 2580 1258 audissent
2609 1204 2785 1271 ipsum
2820 1213 3008 1269 pacem
3043 1198 3165 1251 sine
3207 1191 3490 1249 intermis-

1907 1298 2060 1353 sione
2115 1296 2378 1364 ﬂagitare,
2433 1294 2556 1347 illos
2605 1302 2798 1347 contra
2849 1290 3047 1344 bellqu
3094 1296 3170 1342 tot
3221 1285 3488 1340 malorum

1907 1403 2126 1443 causam
2157 1386 2277 1456 paci
2321 1385 2603 1455 praeferre,
2644 1381 2884 1453 graviter
2916 1381 3126 1440 tulisse,
3163 1386 3492 1447 paratosque

1907 1482 1974 1535 ad
2009 1479 2308 1534 remedium
2347 1477 2513 1530 tantis
2536 1474 2800 1530 arumnis
2843 1472 3187 1527 aﬂ‘erenduui
3221 1469 3411 1532 fuisse,
3445 1465 3491 1520 si

1907 1570 2072 1626 modo
2103 1569 2271 1622 ullum
2309 1565 2558 1621 invenire
2595 1564 2924 1634 potuissent.
2950 1560 3056 1616 Sed
3088 1559 3346 1628 quoniam
3382 1569 3493 1608 non

1907 1678 1970 1717 ea
2022 1667 2167 1716 esset
2227 1659 2469 1728 ipsorum
2524 1654 2773 1718 facultas,
2824 1652 3055 1706 aliorum
3118 1650 3363 1702 ninnium
3418 1644 3494 1698 ita

1909 1755 2232 1810 aﬂlictorum
2267 1749 2646 1806 misericordia
2689 1743 3021 1800 commoveri
3052 1760 3066 1795 :
3095 1751 3150 1796 et
3189 1752 3246 1795 ut
3275 1738 3494 1792 sibimet

1911 1847 2308 1916 prospicerent,
2369 1842 2681 1896 decrevisse
2749 1839 2805 1894 in
2872 1839 2994 1907 ejus
3051 1851 3109 1889 se
3169 1839 3493 1904 potestatem

1912 1939 2053 1992 ultro
2083 1953 2207 1992 cum
2231 1935 2362 1988 urbe
2401 1932 2636 1995 tradere,
2671 1946 2740 1985 ne
2786 1929 2976 1984 aliena:
3010 1925 3263 1981 amentiae
3304 1938 3494 1994 pmnas

1908 2030 2080 2085 luant.
2114 2027 2234 2082 Ilaec
2267 2027 2583 2097 Bizyenses.
2624 2023 2926 2092 Imperator
2968 2022 3200 2089 probato
3233 2026 3341 2069 tam
3376 2015 3490 2068 lau-

1908 2123 2073 2178 dabili
2109 2120 2339 2175 consilio
2371 2120 2577 2188 legatos
2607 2122 2949 2176 muneratur,
2981 2119 3036 2164 et
3060 2110 3124 2164 iis
3149 2121 3491 2178 prosequen-

1909 2217 2054 2271 tibus
2103 2215 2172 2270 ad
2218 2214 2406 2268 urbem
2461 2209 2796 2265 ferturzeui
2848 2207 3001 2276 plebs
3064 2204 3316 2259 universa
3364 2215 3490 2256 cum

1908 2309 2264 2381 eptimatibus
2291 2321 2349 2361 se
2377 2305 2594 2360 obviam
2637 2301 2887 2357 effundit.
2912 2299 3013 2354 Ubi
3045 2297 3112 2352 ad
3140 2306 3324 2366 portas
3367 2293 3490 2356 fuit,

1908 2378 2145 2453 rrimutn
2206 2397 2428 2466 quidem
2478 2392 2649 2446 Amne
2705 2386 3074 2459 imperatrici,
3132 2380 3330 2438 deinde
3382 2378 3526 2450 lilio.

1909 2495 2027 2564 ejus
2057 2489 2396 2560 imperatori,
2437 2495 2713 2556 postremo
2765 2482 2864 2535 sibi
2911 2488 2965 2533 et
2999 2475 3152 2531 uxori
3189 2489 3300 2529 suae
3319 2472 3492 2527 lrcnae

1910 2563 2150 2639 faustum
2189 2578 2474 2634 acclamari
2531 2575 2716 2646 jussit,
2767 2571 2912 2642 quod
2965 2569 3233 2624 fecerunt.
3286 2563 3490 2618 Eodem

1911 2676 2073 2730 modo
2109 2689 2208 2743 per
2252 2672 2384 2724 alias
2419 2669 2581 2722 urbes
2629 2666 2768 2730 ﬁeri,
2802 2673 2856 2718 ct
2898 2663 3043 2718 inter
3074 2655 3490 2715 sacrificandum

1909 2767 2164 2822 similiter
2196 2764 2588 2832 imperatorum
2629 2759 2961 2832 mentionem
2996 2750 3260 2807 celebrari
3296 2746 3487 2803 voluit.

1911 2859 2105 2915 Statim
2144 2831 2308 2926 igitur
2338 2869 2446 2908 non
2477 2867 2646 2921 pauca
2665 2831 2719 2902 in
2757 2847 2990 2903 circuitu
3016 2843 3213 2915 oppida
3237 2852 3489 2895 accesse-

1910 2961 2058 3015 runt,
2122 2949 2321 3020 quibus
2365 2944 2594 3015 singulis
2650 2945 2943 3012 imperator
2989 2936 3274 3006 praefectos
3321 2931 3488 2993 dedit,

1909 3057 2206 3112 earumque
2253 3050 2450 3095 statum
2495 3053 2613 3106 qua:
2645 3034 2850 3104 optima
2889 3032 3001 3085 visa
3026 3037 3108 3082 est
3138 3026 3349 3080 ratione
3371 3024 3490 3078 for-

348 3123 439 3173 xa‘.
473 3125 702 3176 ἐτελεῖτο
738 3127 769 3194 ή
808 3127 1052 3195 εὐφημία
1083 3131 1224 3182 κατὰ
1254 3132 1322 3184 τὰ
1363 3135 1798 3204 κεκελευσμένα.

1909 3136 2098 3192 inavit.
2140 3133 2314 3203 Byzize
2364 3130 2671 3184 Manuelem
2702 3127 2962 3188 Asanem,
2993 3119 3180 3176 uxoris
3229 3132 3342 3172 suae
3375 3115 3488 3170 fra-

219 3209 327 3263 Τδν
370 3211 479 3264 ἴσον
505 3215 559 3265 δὲ
590 3216 787 3282 τρόπον
817 3221 921 3268 κὲιν
968 3221 1088 3280 ταῖς
1124 3219 1313 3284 ἄλλαις
1344 3223 1563 3276 πόλεσιν
1593 3225 1796 3277 ἐποίει·

219 3302 315 3353 καὶ
349 3304 486 3370 μετὰ
516 3304 612 3365 τὲις
665 3308 815 3373 ίεράς
867 3306 1259 3378 μυσταγωγίας
1309 3315 1511 3383 ὁμοίως
1551 3307 1648 3386 τὴν
1689 3319 1799 3370 τῶν

221 3395 489 3461 βασιλέων
525 3400 746 3469 μνήμην
779 3401 994 3453 ἐκέλευε
1044 3406 1339 3460 ποιεῖσθαι.
1371 3408 1550 3470 Εὐθὺς
1582 3412 1680 3478 μὲν
1707 3409 1800 3463 οὖν

222 3490 611 3558 προσεχώρουν
641 3492 733 3545 καὶ
773 3493 837 3544 τὰ
875 3497 1002 3564 περὶ
1035 3496 1239 3567 Βιξύην
1273 3500 1523 3570 πολίχνια
1553 3501 1682 3557 ὄντα
1701 3504 1800 3556 οὐκ

215 3581 397 3648 ὀλίγα,
445 3586 539 3636 καὶ
587 3585 754 3637 πᾶσιν
798 3586 826 3637 ὁ
861 3585 1118 3654 βασιλεὺς
1165 3590 1359 3661 ἐφίστη
1412 3593 1658 3662 ἡγεμόνα
1707 3597 1802 3650 καὶ

215 3671 428 3742 διῴκει,
527 3675 678 3745 αὐτῷ
729 3676 902 3730 ἐδόκει
945 3678 1166 3747 ἄριστα.
1217 3680 1421 3752 Βιζύης
1454 3685 1519 3755 δὴ
1557 3685 1802 3755 ἄρχοντα

216 3767 522 3838 κατέστησε
555 3770 645 3822 τὸν
695 3773 955 3839 γυναικὸς
1017 3773 1245 3844 ἀδελφὸν
1289 3777 1522 3844 Ἀσάνην
1550 3778 1643 3830 τὺν
1677 3779 1800 3830 Μα-

217 3860 402 3930 νουήλ.
435 3857 542 3913 Ἦν
569 3861 675 3932 γάρ
703 3880 824 3916 τινα
857 3866 952 3918 καὶ⁸
990 3866 1302 3938 οἰκειότητα
1339 3868 1475 3938 πρὸς
1511 3869 1616 3938 τὴν
1642 3871 1798 3923 πόλιν

219 3954 458 4022 ἀρχαίαν
477 3954 636 4024 ἔχων.
669 3957 1118 4028 Πρωτοστράτωρ
1141 3959 1248 4030 γὰρ
1275 3961 1302 4011 ὁ
1326 3962 1515 4013 τούτου
1536 3962 1799 4032 πενθερδς

217 4047 338 4096 ἐκεῖ
363 4046 460 4115 τὴν
491 4049 666 4100 οἰκίαν
714 4047 854 4117 ἔχων
902 4049 1158 4119 ἐξαρχῆς,
1195 4053 1420 4121 κτήσεις
1449 4069 1508 4106 τε
1539 4053 1798 4116 πλείστας

218 4137 317 4188 καὶ
354 4141 595 4207 μεγάλας
619 4137 764 4210 εῖχεν
797 4143 852 4194 ἐν
889 4145 1052 4212 αὐτῇ,
1100 4145 1192 4196 καὶ
1219 4145 1329 4198 τῶν
1359 4147 1662 4214 συγγενῶν,
1703 4153 1799 4200 καὶ

217 4233 331 4280 τῶν
388 4233 600 4284 οἰκείων
647 4236 764 4286 ἐκεῖ
806 4235 994 4288 πολλοὶ
1048 4235 1354 4306 κατῴκουν,
1389 4239 1479 4307 ὑφ’
1527 4233 1601 4293 ὧν
1635 4241 1798 4311 ἤγετο

218 4318 410 4387 σχεδὸν
441 4321 470 4386 ἠ
501 4322 671 4383 πέλις.
720 4322 818 4376 Διὰ
852 4325 1056 4393 ταύτην
1085 4326 1148 4395 δὴ
1176 4327 1278 4396 τὴν
1305 4329 1621 4398 οἰκειότητα
1659 4331 1797 4400 πρὸς

219 4410 706 4479 πρωτοστρατορα,
738 4413 831 4463 τὸν
863 4413 1113 4484 γαμϐρὸν
1146 4414 1328 4477 αὐτοῖς
1362 4417 1664 4486 ἐπέστησεν
1690 4418 1794 4487 ἄρ-

1905 3241 2042 3285 trem
2095 3227 2408 3297 praefectorii
2456 3221 2691 3289 delegit,
2733 3217 2819 3272 cui
2867 3224 3024 3269 vctus
3069 3212 3316 3282 quietiam
3361 3223 3484 3262 cum

1901 3323 2115 3377 civibus
2150 3318 2258 3372 iliis
2285 3313 2600 3383 conjunctio
2635 3305 3051 3364 consuetudinis
3085 3301 3480 3357 intercedebat.

1899 3414 2062 3485 627
2094 3411 2466 3465 Protostrator
2512 3407 2713 3475 quippe
2760 3401 2881 3468 ejus
2927 3413 3085 3452 socer
3120 3396 3229 3450 illic
3258 3392 3487 3448 domici-

1901 3507 2032 3561 lium
2069 3504 2136 3558 ab
2180 3500 2358 3560 initio.
2395 3499 2707 3564 multasque
2748 3501 2803 3546 et
2856 3490 3062 3558 amplas
3111 3485 3484 3556 possessiones

1901 3595 2157 3651 habebat.
2193 3592 2463 3646 Praeterea
2515 3593 2875 3655 cegnatorum
2903 3587 2956 3632 et
2988 3575 3334 3631 famii‘arium
3365 3572 3485 3642 ejus

1901 3691 2212 3759 complures
2272 3685 2345 3740 ibi
2378 3682 2716 3743 incolebant,
2750 3693 2779 3732 a
2828 3676 3028 3745 quibus
3076 3672 3251 3727 ferme
3293 3667 3484 3722 civitas

1902 3758 2407 3836 administrabatur.
2466 3771 2548 3826 Ob
2611 3772 2752 3824 hanc
2809 3767 2976 3836 igitur
3053 3758 3481 3816 familiaritatem

1901 3871 2150 3943 conjugis
2199 3883 2311 3924 suae
2361 3877 2680 3937 germanum
2734 3859 3035 3915 lilanuelem
3071 3855 3304 3910 Asanem
3345 3863 3484 3920 prae-

1900 3966 2102 4020 fectum
2158 3961 2309 4032 ipsis,
2346 3971 2403 4014 ut
2453 3958 2790 4017 dicebamus,
2826 3948 3130 4005 constituit.
3162 3943 3295 3998 Nam
3353 3955 3481 4010 pro-

1903 4066 2160 4112 tostrator
2211 4065 2329 4123 post
2386 4048 2754 4104 secessionem
2808 4044 2878 4097 ab
2943 4042 3272 4109 imperatore
3334 4030 3478 4104 apud

1901 4147 2370 4218 Gynwcocastrum
2419 4155 2449 4193 a
2487 4153 2685 4208 magno
2715 4141 2853 4190 duce
2892 4131 3111 4203 egregie
3152 4127 3478 4187 ludificatus,

1900 4248 1953 4295 et
1982 4239 2124 4292 inter
2164 4234 2441 4306 principes
2489 4232 2786 4285 amicorum
2838 4233 3150 4294 cooptatus,
3205 4218 3481 4290 pauloque

1900 4341 2023 4404 post
2082 4325 2532 4400 protovestiarius
2580 4322 2906 4382 declaratus,
2961 4323 3146 4404 ppstea
3193 4309 3336 4366 domi
3364 4323 3479 4360 sua:

1901 4422 2165 4483 inclusus,
2197 4427 2251 4473 et
2281 4415 2523 4470 tenebris
2547 4413 2797 4468 similiter
2843 4417 2900 4462 ut
2929 4393 3019 4461 alii
3049 4403 3290 4471 ejusdem
3317 4399 3478 4456 ducis

216 4517 336 4568 χειν
370 4502 600 4569 Ἀσέινην
619 4505 707 4553 τλιν
735 4504 1011 4574 Μανουήλ.
1051 4507 1495 4578 Πρωτοστράτωρ
1515 4508 1623 4580 γὰρ
1654 4509 1792 4579 μετᾶ

1904 4513 2058 4567 amici
2095 4512 2402 4570 damnatus,
2456 4507 2529 4560 ita
2577 4504 2765 4575 perdiu
2815 4502 2867 4555 in
2899 4499 3110 4554 aedibus
3143 4496 3260 4550 suis
3288 4500 3475 4547 custo-

214 4591 320 4657 τὴν
375 4593 431 4642 ὲν
467 4592 926 4665 Ιύναικοκάστρῳ
968 4597 1060 4650 τοῦ
1119 4601 1388 4669 βασιλέως
1440 4603 1792 4672 ἀναχώρηειν

215 4683 327 4734 ὑπὸ
386 4685 619 4750 μεγάλου
675 4687 865 4750 δουκδς
927 4691 1100 4743 πολλά
1165 4694 1536 4759 φενακισθεὶς,
1573 4697 1666 4748 καὶ⁵
1717 4698 1796 4759 είς

213 4778 346 4832 τοὺς
381 4778 629 4843 πρώτους
657 4778 765 4829 τῶν
806 4778 976 4846 φίλων
1002 4783 1358 4851 τεταγμένος,
1389 4786 1797 4855 πρωτοϐεστιά-

215 4868 336 4934 ριος
364 4885 418 4919 τε
468 4868 633 4939 ὀλίγῳ
673 4869 902 4940 ὕστερον
955 4874 1317 4944 ἀναδειχθεὶς,
1367 4877 1559 4931 ἔπειτα
1592 4882 1672 4940 εἰς
1697 4881 1796 4948 τὴν

213 4959 399 5010 οἰκίαν
425 4962 803 5033 κατεκλείσθη,
836 4965 928 5017 καὶ
958 4967 1123 5035 ζόφον
1149 4970 1448 5040 κατεκρίθη
1477 4975 1588 5034 τοῖς
1609 4973 1796 5037 ἄλλοις

213 5051 424 5117 ὁμοίως
456 5053 670 5118 φίλοις,
716 5057 810 5108 καὶ
843 5057 1033 5126 χρόνον
1088 5057 1233 5112 οὕτω
1290 5063 1486 5130 συχνὸν
1539 5063 1795 5128 διανύσας

213 5143 627 5213 φρουρούμενος
651 5148 707 5197 ἐν
735 5150 799 5216 τῇ
835 5149 1004 5219 οἰκία,
1037 5149 1268 5221 ὕστερον
1313 5153 1657 5225 ἐτελεύτησε,
1697 5158 1794 5208 πέ-

213 5252 316 5302 νης
342 5236 434 5288 καὶ
479 5237 672 5306 ἄτιμος
707 5239 766 5303 ἐξ
804 5241 1040 5313 εὐπόρου
1073 5244 1166 5297 καὶ
1203 5244 1538 5314 περιφανοῦς
1569 5264 1797 5316 γεγενη-

214 5328 402 5394 μένος.
433 5329 754 5401 Πατριαρχῃ
787 5331 844 5413 δὲ
873 5331 950 5402 τῷ
988 5332 1379 5405 Ἱεροσολύμων
1417 5337 1543 5405 ἇρτι
1578 5337 1699 5388 τότε
1733 5339 1795 5389 ὲκ

212 5419 514 5481 Βυζαντίου
571 5422 846 5492 διαδράντι
875 5465 889 5488 ,
951 5426 1381 5498 ὑποπτευομένῳ
1423 5433 1516 5482 καὶ
1561 5430 1794 5499 πάσχειν

214 5510 470 5578 μέλλοντι
495 5514 702 5577 κακῶς,
737 5517 832 5569 καὶ
858 5517 1150 5588 ἀφιγμένῳ
1182 5519 1319 5583 πρὸς
1346 5520 1533 5582 αὐτὸν,
1584 5523 1611 5573 ὁ
1637 5520 1791 5588 βασι-

209 5602 343 5662 λεὺς
385 5601 484 5672 τὴν
537 5603 735 5674 nam;
778 5609 1124 5680 ἐνεχείρησεν
1160 5611 1509 5678 Ἐκκλησίαν,
1559 5611 1699 5664 ὥστε
1727 5614 1794 5665 τὰ

211 5697 328 5758 τοῖς
373 5697 536 5764 ἱεροῖς
581 5700 800 5752 κανόσιν
820 5698 1146 5780 ¹ἐνδεδυμένοι
1189 5703 1469 5773 πράττειν,
1505 5707 1628 5758 ἐπεὶ
1661 5706 1793 5758 ταύ-

211 5805 317 5855 της
347 5791 370 5840 '3
411 5791 698 5860 ἀρχεερεὶις
735 5794 1009 5864 ἁτετχὼξίέί
1050 5797 1144 5864 τὴν
1174 5795 1435 5864 βασιλέως
1467 5798 1784 5868 ἀποπετόμε-

1901 4608 2065 4668 ditus,
2093 4605 2310 4658 tandem
2348 4615 2512 4670 egens
2561 4607 2615 4651 et
2645 4593 2865 4650 infamis
2895 4607 2960 4646 ex
2990 4590 3208 4659 copioso
3235 4595 3291 4642 et
3349 4585 3479 4640 illu—

1899 4700 1994 4754 stri
2020 4704 2267 4751 mortuus
2290 4703 2388 4748 cst.
2410 4689 2734 4746 Patriarcha:
2755 4695 2932 4740 autem
2961 4682 3478 4750 Hierosolymorum,

1897 4791 1988 4860 qui
2022 4797 2308 4856 su5pectus
2370 4792 2424 4838 et
2475 4796 2663 4852 poenas
2707 4779 2933 4832 daturus
2989 4787 3179 4828 recens
3221 4769 3479 4841 Byzantio

1896 4883 1962 4937 ad
2007 4896 2066 4936 se
2121 4876 2474 4947 confugerat,
2506 4876 2799 4942 imperator
2836 4868 3151 4938 Bizyensem
3176 4863 3477 4918 Ecclesiam

1897 4987 2180 5029 sacrorum
2231 4981 2499 5025 canonum
2551 4977 2812 5018 concessu
2868 4959 3154 5030 regendam
3196 4969 3478 5011 commen-

1896 5066 2046 5120 davit
2093 5082 2107 5118 :
2166 5056 2607 5128 quandoquidem
2662 5055 2783 5123 ejus
2836 5053 3145 5121 cpisc0pus,
3177 5048 3475 5101 adventum

1897 5156 2071 5226 ipsius
2123 5161 2426 5215 aversatus,
2451 5148 2756 5219 aufugerat.
2802 5145 2939 5199 Toto
2969 5141 3116 5195 orbis
3151 5149 3298 5196 statu
3329 5153 3480 5193 com-

1899 5248 2098 5318 posito,
2129 5243 2498 5313 Chariopolim
2534 5257 2594 5295 se
2626 5238 2857 5308 recepit,
2890 5245 2945 5290 et
2982 5235 3182 5304 Oppida
3216 5232 3478 5287 restantia

1900 5339 1965 5392 ad
2013 5336 2346 5392 deditionem
2384 5335 2578 5404 partim
2616 5332 2784 5386 armis
2841 5329 3038 5401 coegit,
3101 5327 3296 5397 partim
3355 5339 3481 5377 ora-

1901 5435 2047 5488 tione
2108 5432 2174 5486 ad
2243 5430 2681 5501 persuadendum
2741 5425 3148 5482 accommodata
3204 5422 3477 5478 invitavit.

1897 5526 2017 5581 Jam
2052 5541 2180 5580 Vero
2215 5540 2444 5590 magnus
2498 5525 2602 5576 dux
2633 5530 2822 5591 captus
2866 5521 3004 5574 intra
3057 5519 3242 5573 urbem
3273 5515 3480 5570 latendi

1900 5618 2116 5672 fastidio
2141 5617 2279 5687 (alia:
2312 5615 2576 5684 siquidem
2605 5612 2984 5667 Cantacuzeno
3005 5625 3064 5665 se
3088 5609 3498 5681 permiserant,‘

1901 5710 2017 5763 alio:
2047 5709 2280 5762 obscssm
2331 5716 2384 5760 et
2416 5705 2750 5775 quotidianis
2781 5701 3226 5773 pepulatiouibus
3257 5700 3476 5754 divesn-

1906 5813 1968 5856 tm
2004 5799 2286 5855 nutabant.
2322 5815 2443 5854 cum
2475 5798 2776 5856 subsidium
2804 5798 2868 5852 ab
2909 5795 2997 5850 illo
3035 5793 3478 5862 nullum,quatu-
