  <div class='ocr_page' id='page_1' title='image "/cluster/home/n/w/nwhite01/storage/ocr_20150623/153/nnc1.0046981039/598.png"; bbox 0 0 4166 6432; ppageno 0'>
   <div class='ocr_carea' id='block_1_1' title="bbox 261 379 3496 453">
    <p class='ocr_par' dir='ltr' id='par_1_1' title="bbox 261 379 3496 453">
     <span class='ocr_line' id='line_1_1' title="bbox 261 379 3496 453; baseline -0.004 -2"><span class='ocrx_word' id='word_1_1' title='bbox 261 382 400 452; x_wconf 76' lang='grc'><strong>1189</strong></span> <span class='ocrx_word' id='word_1_2' title='bbox 1399 379 1940 443; x_wconf 67' lang='lat' dir='ltr'><strong>IIISTORIARUM</strong></span> <span class='ocrx_word' id='word_1_3' title='bbox 1987 379 2219 440; x_wconf 76' lang='lat' dir='ltr'><strong>LIBER</strong></span> <span class='ocrx_word' id='word_1_4' title='bbox 2263 381 2377 440; x_wconf 78' lang='lat' dir='ltr'><strong>IU-</strong></span> <span class='ocrx_word' id='word_1_5' title='bbox 3363 387 3496 453; x_wconf 76' lang='lat'><strong>“90</strong></span> 
     </span>
    </p>
   </div>
   <div class='ocr_carea' id='block_1_2' title="bbox 249 491 1808 566">
    <p class='ocr_par' dir='ltr' id='par_1_2' title="bbox 249 492 1808 562">
     <span class='ocr_line' id='line_1_2' title="bbox 249 492 1808 562; baseline -0.002 -14"><span class='ocrx_word' id='word_1_6' title='bbox 249 512 334 550; x_wconf 84' lang='grc' dir='ltr'><strong>νοι</strong></span> <span class='ocrx_word' id='word_1_7' title='bbox 350 492 698 562; x_wconf 70' lang='grc' dir='ltr'><strong>ἀνέστρεφον.</strong></span> <span class='ocrx_word' id='word_1_8' title='bbox 723 493 980 556; x_wconf 76' lang='grc' dir='ltr'>Βασιλεὺς</span> <span class='ocrx_word' id='word_1_9' title='bbox 1002 493 1058 546; x_wconf 80' lang='grc' dir='ltr'><strong>δέ</strong></span> <span class='ocrx_word' id='word_1_10' title='bbox 1087 493 1206 545; x_wconf 70' lang='grc' dir='ltr'>ἐπεὶ</span> <span class='ocrx_word' id='word_1_11' title='bbox 1235 510 1298 548; x_wconf 90' lang='grc' dir='ltr'><strong>πε</strong></span> <span class='ocrx_word' id='word_1_12' title='bbox 1310 494 1362 561; x_wconf 71' lang='grc' dir='ltr'><strong>ρ).</strong></span> <span class='ocrx_word' id='word_1_13' title='bbox 1383 492 1610 562; x_wconf 82' lang='grc' dir='ltr'>δείληνή</span> <span class='ocrx_word' id='word_1_14' title='bbox 1645 493 1808 562; x_wconf 72' lang='grc' dir='ltr'>ἡμέρα</span> 
     </span>
    </p>
   </div>
   <div class='ocr_carea' id='block_1_3' title="bbox 1918 491 3496 566">
    <p class='ocr_par' dir='ltr' id='par_1_3' title="bbox 1928 491 3496 566">
     <span class='ocr_line' id='line_1_3' title="bbox 1928 491 3496 566; baseline 0.006 -22"><span class='ocrx_word' id='word_1_15' title='bbox 1928 499 2074 544; x_wconf 91' lang='lat' dir='ltr'><strong>ctum</strong></span> <span class='ocrx_word' id='word_1_16' title='bbox 2105 491 2391 556; x_wconf 81' lang='lat' dir='ltr'><strong>atl‘erebat,</strong></span> <span class='ocrx_word' id='word_1_17' title='bbox 2418 492 2511 546; x_wconf 82' lang='lat' dir='ltr'><strong>sed</strong></span> <span class='ocrx_word' id='word_1_18' title='bbox 2540 493 2852 564; x_wconf 77' lang='lat' dir='ltr'><strong>imperatori</strong></span> <span class='ocrx_word' id='word_1_19' title='bbox 2886 509 3126 566; x_wconf 85' lang='lat' dir='ltr'><strong>quoque,</strong></span> <span class='ocrx_word' id='word_1_20' title='bbox 3159 506 3213 552; x_wconf 90' lang='lat' dir='ltr'><strong>et</strong></span> <span class='ocrx_word' id='word_1_21' title='bbox 3235 499 3496 554; x_wconf 81' lang='lat' dir='ltr'><strong>Romanis</strong></span> 
     </span>
    </p>
   </div>
   <div class='ocr_carea' id='block_1_4' title="bbox 248 579 1808 656">
    <p class='ocr_par' dir='ltr' id='par_1_4' title="bbox 248 579 1808 656">
     <span class='ocr_line' id='line_1_4' title="bbox 248 579 1808 656; baseline -0.001 -20"><span class='ocrx_word' id='word_1_22' title='bbox 248 583 349 654; x_wconf 70' lang='grc' dir='ltr'><strong>ἤδη</strong></span> <span class='ocrx_word' id='word_1_23' title='bbox 377 579 466 654; x_wconf 78' lang='grc' dir='ltr'>ἦν,</span> <span class='ocrx_word' id='word_1_24' title='bbox 502 584 654 652; x_wconf 69' lang='grc' dir='ltr'>παρὰ</span> <span class='ocrx_word' id='word_1_25' title='bbox 679 583 777 656; x_wconf 78' lang='grc' dir='ltr'>τὴν</span> <span class='ocrx_word' id='word_1_26' title='bbox 802 585 901 652; x_wconf 86' lang='grc' dir='ltr'><strong>τῆς</strong></span> <span class='ocrx_word' id='word_1_27' title='bbox 923 583 1552 653; x_wconf 75' lang='grc' dir='ltr'>Καμήλου’σιαλουμένην</span> <span class='ocrx_word' id='word_1_28' title='bbox 1575 582 1808 651; x_wconf 54' lang='grc' dir='ltr'>γέφυραι</span> 
     </span>
    </p>
   </div>
   <div class='ocr_carea' id='block_1_5' title="bbox 1918 579 3496 656">
    <p class='ocr_par' dir='ltr' id='par_1_5' title="bbox 1921 583 3496 656">
     <span class='ocr_line' id='line_1_5' title="bbox 1921 583 3496 656; baseline 0.006 -23"><span class='ocrx_word' id='word_1_29' title='bbox 1921 583 2197 636; x_wconf 79' lang='lat' dir='ltr'><strong>universis</strong></span> <span class='ocrx_word' id='word_1_30' title='bbox 2229 598 2440 650; x_wconf 71' lang='lat' dir='ltr'><strong>magna:</strong></span> <span class='ocrx_word' id='word_1_31' title='bbox 2470 585 2810 640; x_wconf 79' lang='lat' dir='ltr'><strong>miserationi</strong></span> <span class='ocrx_word' id='word_1_32' title='bbox 2840 595 2977 652; x_wconf 91' lang='lat' dir='ltr'><strong>erat,</strong></span> <span class='ocrx_word' id='word_1_33' title='bbox 3008 603 3121 642; x_wconf 67' lang='lat' dir='ltr'><strong>sua:</strong></span> <span class='ocrx_word' id='word_1_34' title='bbox 3154 590 3331 656; x_wconf 79' lang='lat' dir='ltr'><strong>gentis</strong></span> <span class='ocrx_word' id='word_1_35' title='bbox 3353 605 3496 644; x_wconf 85' lang='lat' dir='ltr'><strong>mor-</strong></span> 
     </span>
    </p>
   </div>
   <div class='ocr_carea' id='block_1_6' title="bbox 248 672 1808 748">
    <p class='ocr_par' dir='ltr' id='par_1_6' title="bbox 248 672 1808 744">
     <span class='ocr_line' id='line_1_6' title="bbox 248 672 1808 744; baseline -0.001 -19"><span class='ocrx_word' id='word_1_36' title='bbox 248 675 782 740; x_wconf 80' lang='grc' dir='ltr'>ἐστρατοπεδεύσατο</span> <span class='ocrx_word' id='word_1_37' title='bbox 805 675 1124 738; x_wconf 80' lang='grc' dir='ltr'>ἐλθὼν,.καὶ</span> <span class='ocrx_word' id='word_1_38' title='bbox 1151 676 1230 736; x_wconf 89' lang='grc' dir='ltr'><strong>εἰς</strong></span> <span class='ocrx_word' id='word_1_39' title='bbox 1247 676 1346 744; x_wconf 87' lang='grc' dir='ltr'>τὴν</span> <span class='ocrx_word' id='word_1_40' title='bbox 1383 672 1676 743; x_wconf 79' lang='grc' dir='ltr'><strong>ὑστεραίαν</strong></span> <span class='ocrx_word' id='word_1_41' title='bbox 1711 672 1808 724; x_wconf 82' lang='grc' dir='ltr'>ὀλί‹</span> 
     </span>
    </p>
   </div>
   <div class='ocr_carea' id='block_1_7' title="bbox 1918 672 3496 748">
    <p class='ocr_par' dir='ltr' id='par_1_7' title="bbox 1920 673 3496 748">
     <span class='ocr_line' id='line_1_7' title="bbox 1920 673 3496 748; baseline 0.004 -22"><span class='ocrx_word' id='word_1_42' title='bbox 1920 673 2056 727; x_wconf 88' lang='lat' dir='ltr'><strong>tales</strong></span> <span class='ocrx_word' id='word_1_43' title='bbox 2088 673 2174 727; x_wconf 88' lang='lat' dir='ltr'><strong>his</strong></span> <span class='ocrx_word' id='word_1_44' title='bbox 2199 673 2419 728; x_wconf 84' lang='lat' dir='ltr'><strong>casibus</strong></span> <span class='ocrx_word' id='word_1_45' title='bbox 2447 689 2742 743; x_wconf 80' lang='lat' dir='ltr'><strong>Oppressos</strong></span> <span class='ocrx_word' id='word_1_46' title='bbox 2784 678 3049 745; x_wconf 82' lang='lat' dir='ltr'><strong>aspicere.</strong></span> <span class='ocrx_word' id='word_1_47' title='bbox 3099 677 3205 732; x_wconf 76' lang='lat' dir='ltr'><strong>Sed</strong></span> <span class='ocrx_word' id='word_1_48' title='bbox 3238 694 3359 732; x_wconf 91' lang='lat' dir='ltr'><strong>eum</strong></span> <span class='ocrx_word' id='word_1_49' title='bbox 3393 679 3496 748; x_wconf 73' lang='lat' dir='ltr'><strong>By-</strong></span> 
     </span>
    </p>
   </div>
   <div class='ocr_carea' id='block_1_8' title="bbox 246 762 1808 836">
    <p class='ocr_par' dir='ltr' id='par_1_8' title="bbox 246 762 1808 835">
     <span class='ocr_line' id='line_1_8' title="bbox 246 762 1808 835; baseline -0.001 -20"><span class='ocrx_word' id='word_1_50' title='bbox 246 781 334 830; x_wconf 91' lang='grc' dir='ltr'><strong>γοι</strong></span> <span class='ocrx_word' id='word_1_51' title='bbox 365 764 466 833; x_wconf 82' lang='grc' dir='ltr'>μὲν</span> <span class='ocrx_word' id='word_1_52' title='bbox 491 766 569 827; x_wconf 86' lang='grc' dir='ltr'><strong>εἰς</strong></span> <span class='ocrx_word' id='word_1_53' title='bbox 611 767 672 818; x_wconf 81' lang='grc' dir='ltr'><strong>τὺ</strong></span> <span class='ocrx_word' id='word_1_54' title='bbox 704 767 1065 832; x_wconf 78' lang='grc' dir='ltr'>στρατόπεδον</span> <span class='ocrx_word' id='word_1_55' title='bbox 1106 767 1246 835; x_wconf 72' lang='grc' dir='ltr'>μετὰ</span> <span class='ocrx_word' id='word_1_56' title='bbox 1302 765 1569 834; x_wconf 83' lang='grc' dir='ltr'>βασιλέως</span> <span class='ocrx_word' id='word_1_57' title='bbox 1601 762 1808 816; x_wconf 87' lang='grc' dir='ltr'>ὑπελεί-</span> 
     </span>
    </p>
   </div>
   <div class='ocr_carea' id='block_1_9' title="bbox 1918 762 3496 836">
    <p class='ocr_par' dir='ltr' id='par_1_9' title="bbox 1919 766 3496 836">
     <span class='ocr_line' id='line_1_9' title="bbox 1919 766 3496 836; baseline 0.004 -18"><span class='ocrx_word' id='word_1_58' title='bbox 1919 766 2122 818; x_wconf 86' lang='lat' dir='ltr'><strong>zantini</strong></span> <span class='ocrx_word' id='word_1_59' title='bbox 2180 780 2367 834; x_wconf 80' lang='lat' dir='ltr'><strong>pacein</strong></span> <span class='ocrx_word' id='word_1_60' title='bbox 2437 780 2914 836; x_wconf 83' lang='lat' dir='ltr'><strong>aspernarentur,</strong></span> <span class='ocrx_word' id='word_1_61' title='bbox 2967 771 3238 825; x_wconf 78' lang='lat' dir='ltr'><strong>licentiam</strong></span> <span class='ocrx_word' id='word_1_62' title='bbox 3299 772 3496 826; x_wconf 78' lang='lat' dir='ltr'><strong>milit-t-</strong></span> 
     </span>
    </p>
   </div>
   <div class='ocr_carea' id='block_1_10' title="bbox 247 853 1808 931">
    <p class='ocr_par' dir='ltr' id='par_1_10' title="bbox 247 853 1808 928">
     <span class='ocr_line' id='line_1_10' title="bbox 247 853 1808 928; baseline -0.003 -22"><span class='ocrx_word' id='word_1_63' title='bbox 247 871 445 906; x_wconf 76' lang='grc' dir='ltr'>ποντοο</span> <span class='ocrx_word' id='word_1_64' title='bbox 488 855 548 907; x_wconf 79' lang='grc' dir='ltr'>τὸ</span> <span class='ocrx_word' id='word_1_65' title='bbox 574 856 705 909; x_wconf 82' lang='grc' dir='ltr'>πολὺ</span> <span class='ocrx_word' id='word_1_66' title='bbox 733 857 788 919; x_wconf 66' lang='grc' dir='ltr'>δὲ</span> <span class='ocrx_word' id='word_1_67' title='bbox 817 856 916 924; x_wconf 83' lang='grc' dir='ltr'>τῆς</span> <span class='ocrx_word' id='word_1_68' title='bbox 951 857 1212 928; x_wconf 78' lang='grc' dir='ltr'>στρατιᾶς</span> <span class='ocrx_word' id='word_1_69' title='bbox 1251 856 1347 908; x_wconf 80' lang='grc' dir='ltr'>καὶ</span> <span class='ocrx_word' id='word_1_70' title='bbox 1385 854 1694 924; x_wconf 86' lang='grc' dir='ltr'>Ῥωμαίων,</span> <span class='ocrx_word' id='word_1_71' title='bbox 1726 853 1808 906; x_wconf 59' lang='grc' dir='ltr'><strong>καί</strong></span> 
     </span>
    </p>
   </div>
   <div class='ocr_carea' id='block_1_11' title="bbox 1918 853 3496 931">
    <p class='ocr_par' dir='ltr' id='par_1_11' title="bbox 1921 856 3496 931">
     <span class='ocr_line' id='line_1_11' title="bbox 1921 856 3496 931; baseline 0.005 -21"><span class='ocrx_word' id='word_1_72' title='bbox 1921 873 2038 910; x_wconf 90' lang='lat' dir='ltr'><strong>rem</strong></span> <span class='ocrx_word' id='word_1_73' title='bbox 2089 856 2143 910; x_wconf 92' lang='lat' dir='ltr'><strong>in</strong></span> <span class='ocrx_word' id='word_1_74' title='bbox 2175 857 2426 913; x_wconf 75' lang='lat' dir='ltr'><strong>hostibus</strong></span> <span class='ocrx_word' id='word_1_75' title='bbox 2480 860 2782 915; x_wconf 70' lang='lat' dir='ltr'><strong>necessitas</strong></span> <span class='ocrx_word' id='word_1_76' title='bbox 2813 863 3198 931; x_wconf 80' lang='lat' dir='ltr'><strong>extorquebat,</strong></span> <span class='ocrx_word' id='word_1_77' title='bbox 3257 880 3365 917; x_wconf 83' lang='lat' dir='ltr'><strong>non</strong></span> <span class='ocrx_word' id='word_1_78' title='bbox 3399 879 3496 918; x_wconf 80' lang='lat' dir='ltr'><strong>vo-</strong></span> 
     </span>
    </p>
   </div>
   <div class='ocr_carea' id='block_1_12' title="bbox 246 946 2132 1018">
    <p class='ocr_par' dir='ltr' id='par_1_12' title="bbox 246 946 2132 1018">
     <span class='ocr_line' id='line_1_12' title="bbox 246 946 2132 1018; baseline 0.002 -20"><span class='ocrx_word' id='word_1_79' title='bbox 246 946 471 1014; x_wconf 82' lang='grc' dir='ltr'>Περσῶν</span> <span class='ocrx_word' id='word_1_80' title='bbox 493 949 789 1016; x_wconf 81' lang='grc' dir='ltr'><strong>ἐτράποντο</strong></span> <span class='ocrx_word' id='word_1_81' title='bbox 814 949 908 1002; x_wconf 79' lang='grc' dir='ltr'>ἐπὶ</span> <span class='ocrx_word' id='word_1_82' title='bbox 935 949 1247 1018; x_wconf 81' lang='grc' dir='ltr'><strong>λεηλασίας.</strong></span> <span class='ocrx_word' id='word_1_83' title='bbox 1277 947 1385 1002; x_wconf 80' lang='grc' dir='ltr'><strong>Καὶ</strong></span> <span class='ocrx_word' id='word_1_84' title='bbox 1422 949 1683 1014; x_wconf 81' lang='grc' dir='ltr'>Ῥωμαῖοι</span> <span class='ocrx_word' id='word_1_85' title='bbox 1719 947 1822 1014; x_wconf 78' lang='grc' dir='ltr'>μὲν</span> <span class='ocrx_word' id='word_1_86' title='bbox 1923 947 2132 1001; x_wconf 87' lang='lat' dir='ltr'><strong>luntas.</strong></span> 
     </span>
    </p>
   </div>
   <div class='ocr_carea' id='block_1_13' title="bbox 247 1039 3494 1118">
    <p class='ocr_par' dir='ltr' id='par_1_13' title="bbox 247 1039 3494 1118">
     <span class='ocr_line' id='line_1_13' title="bbox 247 1039 3494 1118; baseline 0.002 -26"><span class='ocrx_word' id='word_1_87' title='bbox 247 1039 566 1108; x_wconf 74' lang='grc' dir='ltr'><strong>βοσκήματα</strong></span> <span class='ocrx_word' id='word_1_88' title='bbox 617 1045 712 1098; x_wconf 74' lang='grc' dir='ltr'>καὶ</span> <span class='ocrx_word' id='word_1_89' title='bbox 749 1046 914 1114; x_wconf 78' lang='grc' dir='ltr'>ἄλλην</span> <span class='ocrx_word' id='word_1_90' title='bbox 945 1045 1096 1097; x_wconf 82' lang='grc' dir='ltr'>λείαν</span> <span class='ocrx_word' id='word_1_91' title='bbox 1149 1045 1384 1113; x_wconf 69' lang='grc' dir='ltr'>ἤλαυνον</span> <span class='ocrx_word' id='word_1_92' title='bbox 1407 1061 1419 1074; x_wconf 81' lang='grc' dir='ltr'><strong>ο</strong></span> <span class='ocrx_word' id='word_1_93' title='bbox 1451 1041 1513 1094; x_wconf 78' lang='grc' dir='ltr'>τὸ</span> <span class='ocrx_word' id='word_1_94' title='bbox 1545 1041 1808 1108; x_wconf 81' lang='grc' dir='ltr'>Περσικὸν</span> <span class='ocrx_word' id='word_1_95' title='bbox 1845 1041 1902 1094; x_wconf 81' lang='grc' dir='ltr'>δὲ</span> <span class='ocrx_word' id='word_1_96' title='bbox 1932 1041 2321 1110; x_wconf 82' lang='grc' dir='ltr'>ὴνὸραπόδιζον</span> <span class='ocrx_word' id='word_1_97' title='bbox 2347 1045 2437 1096; x_wconf 69' lang='grc' dir='ltr'>καὶ</span> <span class='ocrx_word' id='word_1_98' title='bbox 2463 1047 2586 1106; x_wconf 66' lang='grc' dir='ltr'>τοὺς</span> <span class='ocrx_word' id='word_1_99' title='bbox 2613 1045 2955 1115; x_wconf 79' lang='grc' dir='ltr'>ἀνθρώπους.</span> <span class='ocrx_word' id='word_1_100' title='bbox 2985 1049 3092 1100; x_wconf 76' lang='grc' dir='ltr'><strong>Καὶ</strong></span> <span class='ocrx_word' id='word_1_101' title='bbox 3121 1044 3188 1118; x_wconf 79' lang='grc' dir='ltr'>ἦν</span> <span class='ocrx_word' id='word_1_102' title='bbox 3253 1049 3314 1100; x_wconf 72' lang='grc' dir='ltr'>οὗ</span> <span class='ocrx_word' id='word_1_103' title='bbox 3380 1053 3494 1111; x_wconf 81' lang='grc' dir='ltr'>τοῖς</span> 
     </span>
    </p>
   </div>
   <div class='ocr_carea' id='block_1_14' title="bbox 246 1131 3495 1205">
    <p class='ocr_par' dir='ltr' id='par_1_14' title="bbox 246 1131 3495 1205">
     <span class='ocr_line' id='line_1_14' title="bbox 246 1131 3495 1205; baseline 0.002 -21"><span class='ocrx_word' id='word_1_104' title='bbox 246 1135 518 1202; x_wconf 74' lang='grc' dir='ltr'>πάσχουσι</span> <span class='ocrx_word' id='word_1_105' title='bbox 546 1135 708 1203; x_wconf 87' lang='grc' dir='ltr'>μόνον</span> <span class='ocrx_word' id='word_1_106' title='bbox 739 1137 798 1188; x_wconf 78' lang='grc' dir='ltr'><strong>τὸ</strong></span> <span class='ocrx_word' id='word_1_107' title='bbox 822 1137 988 1189; x_wconf 79' lang='grc' dir='ltr'>κακὸν</span> <span class='ocrx_word' id='word_1_108' title='bbox 1035 1134 1504 1204; x_wconf 77' lang='grc' dir='ltr'><strong>ἀπαραμύθητον·</strong></span> <span class='ocrx_word' id='word_1_109' title='bbox 1553 1132 1688 1184; x_wconf 72' lang='grc' dir='ltr'>ἀλλὰ</span> <span class='ocrx_word' id='word_1_110' title='bbox 1717 1133 1809 1184; x_wconf 77' lang='grc' dir='ltr'>καὶ</span> <span class='ocrx_word' id='word_1_111' title='bbox 1849 1131 2097 1200; x_wconf 82' lang='grc' dir='ltr'>βασιλεῖ,</span> <span class='ocrx_word' id='word_1_112' title='bbox 2152 1133 2246 1185; x_wconf 70' lang='grc' dir='ltr'>καὶ</span> <span class='ocrx_word' id='word_1_113' title='bbox 2288 1138 2399 1196; x_wconf 86' lang='grc' dir='ltr'>τοῖς</span> <span class='ocrx_word' id='word_1_114' title='bbox 2446 1138 2698 1188; x_wconf 67' lang='grc' dir='ltr'>συνοῦσιν</span> <span class='ocrx_word' id='word_1_115' title='bbox 2742 1136 2915 1190; x_wconf 72' lang='grc' dir='ltr'>ἅπασι</span> <span class='ocrx_word' id='word_1_116' title='bbox 2988 1141 3286 1205; x_wconf 78' lang='grc' dir='ltr'>Ῥωμαίοις</span> <span class='ocrx_word' id='word_1_117' title='bbox 3345 1141 3495 1202; x_wconf 74' lang='grc' dir='ltr'>ἔλεος</span> 
     </span>
    </p>
   </div>
   <div class='ocr_carea' id='block_1_15' title="bbox 245 1222 3494 1310">
    <p class='ocr_par' dir='ltr' id='par_1_15' title="bbox 245 1222 3494 1310">
     <span class='ocr_line' id='line_1_15' title="bbox 245 1222 3494 1310; baseline 0.003 -34"><span class='ocrx_word' id='word_1_118' title='bbox 245 1225 420 1288; x_wconf 80' lang='grc' dir='ltr'>δεινὸς</span> <span class='ocrx_word' id='word_1_119' title='bbox 454 1226 650 1296; x_wconf 78' lang='grc' dir='ltr'><strong>εἰσῄει,</strong></span> <span class='ocrx_word' id='word_1_120' title='bbox 689 1228 914 1282; x_wconf 81' lang='grc' dir='ltr'>τοιαῦτα</span> <span class='ocrx_word' id='word_1_121' title='bbox 952 1229 1060 1281; x_wconf 84' lang='grc' dir='ltr'><strong>τῶν</strong></span> <span class='ocrx_word' id='word_1_122' title='bbox 1087 1227 1372 1295; x_wconf 81' lang='grc' dir='ltr'>ὁμοφύλων</span> <span class='ocrx_word' id='word_1_123' title='bbox 1413 1223 1837 1293; x_wconf 77' lang='grc' dir='ltr'>δυστυχούντων.</span> <span class='ocrx_word' id='word_1_124' title='bbox 1891 1222 2228 1288; x_wconf 75' lang='grc' dir='ltr'>Ἀναγκαίως</span> <span class='ocrx_word' id='word_1_125' title='bbox 2260 1225 2314 1276; x_wconf 81' lang='grc' dir='ltr'>δὲ</span> <span class='ocrx_word' id='word_1_126' title='bbox 2342 1225 2435 1278; x_wconf 83' lang='grc' dir='ltr'><strong>τού</strong></span> <span class='ocrx_word' id='word_1_127' title='bbox 2513 1227 2752 1296; x_wconf 83' lang='grc' dir='ltr'>πολέμου</span> <span class='ocrx_word' id='word_1_128' title='bbox 2797 1230 3026 1298; x_wconf 83' lang='grc' dir='ltr'>εἰχοντο.</span> <span class='ocrx_word' id='word_1_129' title='bbox 3064 1231 3332 1301; x_wconf 82' lang='grc' dir='ltr'>Πράττειν</span> <span class='ocrx_word' id='word_1_130' title='bbox 3387 1233 3494 1310; x_wconf 84' lang='grc' dir='ltr'><strong>γὰρ</strong></span> 
     </span>
    </p>
   </div>
   <div class='ocr_carea' id='block_1_16' title="bbox 246 1317 2328 1390">
    <p class='ocr_par' dir='ltr' id='par_1_16' title="bbox 246 1317 2328 1390">
     <span class='ocr_line' id='line_1_16' title="bbox 246 1317 2328 1390; baseline -0 -18"><span class='ocrx_word' id='word_1_131' title='bbox 246 1321 448 1387; x_wconf 72' lang='grc' dir='ltr'>ἑτέρως</span> <span class='ocrx_word' id='word_1_132' title='bbox 496 1321 596 1373; x_wconf 86' lang='grc' dir='ltr'>οὐκ</span> <span class='ocrx_word' id='word_1_133' title='bbox 624 1319 769 1390; x_wconf 81' lang='grc' dir='ltr'>ἐνῆν,</span> <span class='ocrx_word' id='word_1_134' title='bbox 800 1321 908 1373; x_wconf 83' lang='grc' dir='ltr'><strong>τῶν</strong></span> <span class='ocrx_word' id='word_1_135' title='bbox 943 1323 1000 1374; x_wconf 86' lang='grc' dir='ltr'><strong>ἐν</strong></span> <span class='ocrx_word' id='word_1_136' title='bbox 1029 1321 1310 1390; x_wconf 75' lang='grc' dir='ltr'><strong>Βυζαντίῳ</strong></span> <span class='ocrx_word' id='word_1_137' title='bbox 1336 1319 1434 1390; x_wconf 75' lang='grc' dir='ltr'>τὴν</span> <span class='ocrx_word' id='word_1_138' title='bbox 1481 1319 1704 1388; x_wconf 65' lang='grc' dir='ltr'>εἰρήνην</span> <span class='ocrx_word' id='word_1_139' title='bbox 1747 1317 1806 1369; x_wconf 84' lang='grc' dir='ltr'><strong>ού</strong></span> <span class='ocrx_word' id='word_1_140' title='bbox 1850 1319 2328 1386; x_wconf 80' lang='grc' dir='ltr'>παραδεχομένων.</span> 
     </span>
    </p>
   </div>
   <div class='ocr_carea' id='block_1_17' title="bbox 1583 1455 2112 1512">
    <p class='ocr_par' dir='ltr' id='par_1_17' title="bbox 1583 1455 2112 1512">
     <span class='ocr_line' id='line_1_17' title="bbox 1583 1455 2112 1512; baseline -0.002 0"><span class='ocrx_word' id='word_1_141' title='bbox 1583 1455 1810 1512; x_wconf 70' lang='lat' dir='ltr'><strong>CAPUT</strong></span> <span class='ocrx_word' id='word_1_142' title='bbox 1852 1456 2112 1512; x_wconf 74' lang='lat' dir='ltr'><strong>LXXXII.</strong></span> 
     </span>
    </p>
   </div>
   <div class='ocr_carea' id='block_1_18' title="bbox 244 1552 3494 1626">
    <p class='ocr_par' dir='ltr' id='par_1_18' title="bbox 244 1552 3494 1626">
     <span class='ocr_line' id='line_1_18' title="bbox 244 1552 3494 1626; baseline 0.001 -16"><span class='ocrx_word' id='word_1_143' title='bbox 244 1554 454 1610; x_wconf 71' lang='lat' dir='ltr'><strong>Galam</strong></span> <span class='ocrx_word' id='word_1_144' title='bbox 479 1557 739 1626; x_wconf 74' lang='lat' dir='ltr'><strong>cupientes</strong></span> <span class='ocrx_word' id='word_1_145' title='bbox 765 1557 832 1610; x_wconf 81' lang='lat' dir='ltr'><strong>de</strong></span> <span class='ocrx_word' id='word_1_146' title='bbox 883 1563 1097 1609; x_wconf 83' lang='lat' dir='ltr'><strong>auctore</strong></span> <span class='ocrx_word' id='word_1_147' title='bbox 1145 1554 1268 1626; x_wconf 85' lang='lat' dir='ltr'><strong>belli</strong></span> <span class='ocrx_word' id='word_1_148' title='bbox 1301 1563 1349 1608; x_wconf 79' lang='lat' dir='ltr'><strong>et</strong></span> <span class='ocrx_word' id='word_1_149' title='bbox 1405 1569 1574 1607; x_wconf 76' lang='lat' dir='ltr'><strong>causis</strong></span> <span class='ocrx_word' id='word_1_150' title='bbox 1609 1567 1944 1626; x_wconf 55' lang='lat' dir='ltr'><strong>cognoscere,</strong></span> <span class='ocrx_word' id='word_1_151' title='bbox 1985 1552 2183 1626; x_wconf 76' lang='lat' dir='ltr'><strong>legatos</strong></span> <span class='ocrx_word' id='word_1_152' title='bbox 2235 1554 2302 1606; x_wconf 85' lang='lat' dir='ltr'><strong>ad</strong></span> <span class='ocrx_word' id='word_1_153' title='bbox 2343 1554 2770 1626; x_wconf 70' lang='lat' dir='ltr'><strong>(Jantacuzennm</strong></span> <span class='ocrx_word' id='word_1_154' title='bbox 2817 1557 3134 1610; x_wconf 68' lang='lat' dir='ltr'><strong>sciscitatum</strong></span> <span class='ocrx_word' id='word_1_155' title='bbox 3171 1559 3405 1613; x_wconf 87' lang='lat' dir='ltr'><strong>mittunt.</strong></span> <span class='ocrx_word' id='word_1_156' title='bbox 3446 1559 3494 1612; x_wconf 90' lang='lat' dir='ltr'><strong>li</strong></span> 
     </span>
    </p>
   </div>
   <div class='ocr_carea' id='block_1_19' title="bbox 316 1622 3522 1697">
    <p class='ocr_par' dir='ltr' id='par_1_19' title="bbox 316 1622 3522 1697">
     <span class='ocr_line' id='line_1_19' title="bbox 316 1622 3522 1697; baseline 0.001 -19"><span class='ocrx_word' id='word_1_157' title='bbox 316 1637 436 1679; x_wconf 78' lang='lat' dir='ltr'><strong>sunt</strong></span> <span class='ocrx_word' id='word_1_158' title='bbox 490 1622 591 1679; x_wconf 67' lang='lat' dir='ltr'><strong>duo</strong></span> <span class='ocrx_word' id='word_1_159' title='bbox 633 1627 894 1689; x_wconf 83' lang='lat' dir='ltr'><strong>monachi,</strong></span> <span class='ocrx_word' id='word_1_160' title='bbox 929 1642 1151 1697; x_wconf 78' lang='lat' dir='ltr'><strong>quorum</strong></span> <span class='ocrx_word' id='word_1_161' title='bbox 1199 1625 1340 1678; x_wconf 84' lang='lat' dir='ltr'><strong>alter</strong></span> <span class='ocrx_word' id='word_1_162' title='bbox 1392 1628 1560 1697; x_wconf 70' lang='lat' dir='ltr'><strong>Amne</strong></span> <span class='ocrx_word' id='word_1_163' title='bbox 1618 1622 2292 1697; x_wconf 46' lang='lat' dir='ltr'><strong>inaperatricii{cognatus</strong></span> <span class='ocrx_word' id='word_1_164' title='bbox 2342 1624 2676 1697; x_wconf 63' lang='lat' dir='ltr'><strong>Respondent</strong></span> <span class='ocrx_word' id='word_1_165' title='bbox 2729 1627 3020 1697; x_wconf 77' lang='lat' dir='ltr'><strong>imperator</strong></span> <span class='ocrx_word' id='word_1_166' title='bbox 3070 1643 3179 1679; x_wconf 89' lang='lat' dir='ltr'><strong>rem</strong></span> <span class='ocrx_word' id='word_1_167' title='bbox 3237 1647 3267 1680; x_wconf 95' lang='lat' dir='ltr'><strong>a</strong></span> <span class='ocrx_word' id='word_1_168' title='bbox 3319 1630 3522 1697; x_wconf 75' lang='lat' dir='ltr'><strong>capite</strong></span> 
     </span>
    </p>
   </div>
   <div class='ocr_carea' id='block_1_20' title="bbox 317 1690 3491 1766">
    <p class='ocr_par' dir='ltr' id='par_1_20' title="bbox 317 1690 3491 1766">
     <span class='ocr_line' id='line_1_20' title="bbox 317 1690 3491 1766; baseline 0.001 -17"><span class='ocrx_word' id='word_1_169' title='bbox 317 1697 554 1758; x_wconf 72' lang='lat' dir='ltr'><strong>arcessit,</strong></span> <span class='ocrx_word' id='word_1_170' title='bbox 606 1706 654 1749; x_wconf 85' lang='lat' dir='ltr'><strong>et</strong></span> <span class='ocrx_word' id='word_1_171' title='bbox 685 1712 842 1766; x_wconf 86' lang='lat' dir='ltr'><strong>quam</strong></span> <span class='ocrx_word' id='word_1_172' title='bbox 895 1690 1110 1766; x_wconf 74' lang='lat' dir='ltr'><strong>indigna</strong></span> <span class='ocrx_word' id='word_1_173' title='bbox 1165 1709 1441 1766; x_wconf 74' lang='lat' dir='ltr'><strong>perpessus</strong></span> <span class='ocrx_word' id='word_1_174' title='bbox 1495 1693 1562 1766; x_wconf 55' lang='lat' dir='ltr'><strong>sit</strong></span> <span class='ocrx_word' id='word_1_175' title='bbox 1619 1692 1785 1743; x_wconf 86' lang='lat' dir='ltr'><strong>docet.</strong></span> <span class='ocrx_word' id='word_1_176' title='bbox 1822 1690 1898 1742; x_wconf 88' lang='lat' dir='ltr'><strong>De</strong></span> <span class='ocrx_word' id='word_1_177' title='bbox 1939 1691 2110 1766; x_wconf 61' lang='lat' dir='ltr'><strong>Persis</strong></span> <span class='ocrx_word' id='word_1_178' title='bbox 2141 1694 2298 1744; x_wconf 83' lang='lat' dir='ltr'><strong>etiam</strong></span> <span class='ocrx_word' id='word_1_179' title='bbox 2339 1690 2604 1766; x_wconf 73' lang='lat' dir='ltr'><strong>advocatis</strong></span> <span class='ocrx_word' id='word_1_180' title='bbox 2653 1690 3008 1766; x_wconf 67' lang='lat' dir='ltr'><strong>se&#39;défendit;</strong></span> <span class='ocrx_word' id='word_1_181' title='bbox 3061 1707 3110 1748; x_wconf 89' lang='lat' dir='ltr'><strong>et</strong></span> <span class='ocrx_word' id='word_1_182' title='bbox 3164 1690 3491 1752; x_wconf 69' lang='lat' dir='ltr'><strong>adversarios</strong></span> 
     </span>
    </p>
   </div>
   <div class='ocr_carea' id='block_1_21' title="bbox 313 1760 3163 1835">
    <p class='ocr_par' dir='ltr' id='par_1_21' title="bbox 313 1760 3163 1835">
     <span class='ocr_line' id='line_1_21' title="bbox 313 1760 3163 1835; baseline 0 -17"><span class='ocrx_word' id='word_1_183' title='bbox 313 1781 494 1819; x_wconf 83' lang='lat' dir='ltr'><strong>eorum</strong></span> <span class='ocrx_word' id='word_1_184' title='bbox 528 1781 676 1834; x_wconf 86' lang='lat' dir='ltr'><strong>apem</strong></span> <span class='ocrx_word' id='word_1_185' title='bbox 696 1760 909 1835; x_wconf 55' lang='lat' dir='ltr'><strong>&#39;frustra</strong></span> <span class='ocrx_word' id='word_1_186' title='bbox 938 1760 1452 1832; x_wconf 47' lang='lat' dir='ltr'><strong>implorasse&#39;docet.</strong></span> <span class='ocrx_word' id='word_1_187' title='bbox 1491 1760 1763 1826; x_wconf 83' lang='lat' dir='ltr'><strong>Quantum</strong></span> <span class='ocrx_word' id='word_1_188' title='bbox 1789 1761 2036 1828; x_wconf 70' lang='lat' dir='ltr'><strong>temporis</strong></span> <span class='ocrx_word' id='word_1_189' title='bbox 2081 1761 2136 1813; x_wconf 91' lang='lat' dir='ltr'><strong>in</strong></span> <span class='ocrx_word' id='word_1_190' title='bbox 2170 1769 2262 1815; x_wconf 76' lang='lat' dir='ltr'><strong>hoc</strong></span> <span class='ocrx_word' id='word_1_191' title='bbox 2291 1761 2552 1833; x_wconf 73' lang='lat' dir='ltr'><strong>colloquio</strong></span> <span class='ocrx_word' id='word_1_192' title='bbox 2584 1760 2949 1833; x_wconf 73' lang='lat' dir='ltr'><strong>consumptum</strong></span> <span class='ocrx_word' id='word_1_193' title='bbox 2981 1765 3163 1833; x_wconf 79' lang='lat' dir='ltr'><strong>fuerit.</strong></span> 
     </span>
    </p>
   </div>
   <div class='ocr_carea' id='block_1_22' title="bbox 319 1895 1808 1974">
    <p class='ocr_par' dir='ltr' id='par_1_22' title="bbox 319 1898 1808 1974">
     <span class='ocr_line' id='line_1_22' title="bbox 319 1898 1808 1974; baseline -0.005 -18"><span class='ocrx_word' id='word_1_194' title='bbox 319 1903 383 1956; x_wconf 85' lang='grc' dir='ltr'><strong>Οἰ</strong></span> <span class='ocrx_word' id='word_1_195' title='bbox 413 1903 470 1954; x_wconf 81' lang='grc' dir='ltr'><strong>ἐν</strong></span> <span class='ocrx_word' id='word_1_196' title='bbox 495 1903 713 1974; x_wconf 80' lang='grc' dir='ltr'>Γαλατᾷ</span> <span class='ocrx_word' id='word_1_197' title='bbox 731 1903 786 1955; x_wconf 86' lang='grc' dir='ltr'><strong>δέ</strong></span> <span class='ocrx_word' id='word_1_198' title='bbox 820 1902 897 1973; x_wconf 85' lang='grc' dir='ltr'><strong>τῷ</strong></span> <span class='ocrx_word' id='word_1_199' title='bbox 926 1903 1172 1973; x_wconf 79' lang='grc' dir='ltr'>φρουρίῳ</span> <span class='ocrx_word' id='word_1_200' title='bbox 1199 1901 1350 1964; x_wconf 79' lang='grc' dir='ltr'>ὄντες</span> <span class='ocrx_word' id='word_1_201' title='bbox 1379 1902 1621 1965; x_wconf 80' lang='grc' dir='ltr'>Λατῖνοι,</span> <span class='ocrx_word' id='word_1_202' title='bbox 1649 1898 1808 1966; x_wconf 72' lang='grc' dir='ltr'>δρῶν·</span> 
     </span>
    </p>
   </div>
   <div class='ocr_carea' id='block_1_23' title="bbox 1918 1895 3488 1974">
    <p class='ocr_par' dir='ltr' id='par_1_23' title="bbox 1994 1895 3488 1971">
     <span class='ocr_line' id='line_1_23' title="bbox 1994 1895 3488 1971; baseline 0.005 -22"><span class='ocrx_word' id='word_1_203' title='bbox 1994 1895 2194 1951; x_wconf 86' lang='lat' dir='ltr'><strong>Verum</strong></span> <span class='ocrx_word' id='word_1_204' title='bbox 2258 1899 2404 1952; x_wconf 90' lang='lat' dir='ltr'><strong>enim</strong></span> <span class='ocrx_word' id='word_1_205' title='bbox 2459 1915 2592 1952; x_wconf 86' lang='lat' dir='ltr'><strong>vero</strong></span> <span class='ocrx_word' id='word_1_206' title='bbox 2642 1900 2692 1952; x_wconf 91' lang='lat' dir='ltr'><strong>in</strong></span> <span class='ocrx_word' id='word_1_207' title='bbox 2765 1901 2966 1971; x_wconf 81' lang='lat' dir='ltr'><strong>Oppido</strong></span> <span class='ocrx_word' id='word_1_208' title='bbox 3038 1900 3224 1956; x_wconf 83' lang='lat' dir='ltr'><strong>Galata</strong></span> <span class='ocrx_word' id='word_1_209' title='bbox 3269 1900 3488 1970; x_wconf 82' lang='lat' dir='ltr'><strong>Latini.</strong></span> 
     </span>
    </p>
   </div>
   <div class='ocr_carea' id='block_1_24' title="bbox 241 1993 1814 2066">
    <p class='ocr_par' dir='ltr' id='par_1_24' title="bbox 241 1993 1814 2066">
     <span class='ocr_line' id='line_1_24' title="bbox 241 1993 1814 2066; baseline -0.002 -19"><span class='ocrx_word' id='word_1_210' title='bbox 241 2012 333 2058; x_wconf 83' lang='grc' dir='ltr'><strong>τες</strong></span> <span class='ocrx_word' id='word_1_211' title='bbox 373 1995 468 2064; x_wconf 70' lang='grc' dir='ltr'>μὲν</span> <span class='ocrx_word' id='word_1_212' title='bbox 505 1995 603 2066; x_wconf 83' lang='grc' dir='ltr'>τὴν</span> <span class='ocrx_word' id='word_1_213' title='bbox 630 1996 732 2048; x_wconf 78' lang='grc' dir='ltr'><strong>ὑπὸ</strong></span> <span class='ocrx_word' id='word_1_214' title='bbox 763 1996 855 2049; x_wconf 81' lang='grc' dir='ltr'>τοῦ</span> <span class='ocrx_word' id='word_1_215' title='bbox 898 1996 1161 2065; x_wconf 77' lang='grc' dir='ltr'>ἐμφυλίου</span> <span class='ocrx_word' id='word_1_216' title='bbox 1215 1995 1454 2065; x_wconf 84' lang='grc' dir='ltr'>πολέμου</span> <span class='ocrx_word' id='word_1_217' title='bbox 1510 1996 1621 2056; x_wconf 82' lang='grc' dir='ltr'>τοῖς</span> <span class='ocrx_word' id='word_1_218' title='bbox 1679 1993 1814 2045; x_wconf 82' lang='grc' dir='ltr'><strong>Ῥω-</strong></span> 
     </span>
    </p>
   </div>
   <div class='ocr_carea' id='block_1_25' title="bbox 245 2085 1812 2160">
    <p class='ocr_par' dir='ltr' id='par_1_25' title="bbox 245 2085 1812 2160">
     <span class='ocr_line' id='line_1_25' title="bbox 245 2085 1812 2160; baseline -0.003 -19"><span class='ocrx_word' id='word_1_219' title='bbox 245 2089 427 2158; x_wconf 88' lang='grc' dir='ltr'>μαίοις</span> <span class='ocrx_word' id='word_1_220' title='bbox 466 2089 823 2160; x_wconf 83' lang='grc' dir='ltr'>ἐγγινομένην</span> <span class='ocrx_word' id='word_1_221' title='bbox 850 2090 1128 2160; x_wconf 83' lang='grc' dir='ltr'>ἀμύθητον</span> <span class='ocrx_word' id='word_1_222' title='bbox 1156 2090 1382 2160; x_wconf 74' lang='grc' dir='ltr'>φθορὰν,</span> <span class='ocrx_word' id='word_1_223' title='bbox 1408 2085 1728 2157; x_wconf 79' lang='grc' dir='ltr'>ἀγνοοῦντες</span> <span class='ocrx_word' id='word_1_224' title='bbox 1759 2085 1812 2138; x_wconf 85' lang='grc' dir='ltr'>δὲ</span> 
     </span>
    </p>
   </div>
   <div class='ocr_carea' id='block_1_26' title="bbox 242 2178 1815 2252">
    <p class='ocr_par' dir='ltr' id='par_1_26' title="bbox 242 2178 1815 2252">
     <span class='ocr_line' id='line_1_26' title="bbox 242 2178 1815 2252; baseline -0.002 -20"><span class='ocrx_word' id='word_1_225' title='bbox 242 2181 294 2232; x_wconf 88' lang='grc' dir='ltr'><strong>εἰ</strong></span> <span class='ocrx_word' id='word_1_226' title='bbox 328 2181 528 2250; x_wconf 76' lang='grc' dir='ltr'>μᾶλλον</span> <span class='ocrx_word' id='word_1_227' title='bbox 561 2183 609 2233; x_wconf 89' lang='grc' dir='ltr'><strong>οἰ</strong></span> <span class='ocrx_word' id='word_1_228' title='bbox 636 2183 692 2234; x_wconf 83' lang='grc' dir='ltr'><strong>ἐν</strong></span> <span class='ocrx_word' id='word_1_229' title='bbox 726 2181 1028 2251; x_wconf 74' lang='grc' dir='ltr'>Βυζαντίῳ,</span> <span class='ocrx_word' id='word_1_230' title='bbox 1059 2182 1091 2252; x_wconf 71' lang='grc' dir='ltr'>ἢ</span> <span class='ocrx_word' id='word_1_231' title='bbox 1122 2180 1569 2247; x_wconf 80' lang='grc' dir='ltr'>Καντακουζηνδς</span> <span class='ocrx_word' id='word_1_232' title='bbox 1601 2179 1629 2230; x_wconf 82' lang='grc' dir='ltr'>ὁ</span> <span class='ocrx_word' id='word_1_233' title='bbox 1657 2178 1815 2248; x_wconf 79' lang='grc' dir='ltr'>βασι·</span> 
     </span>
    </p>
   </div>
   <div class='ocr_carea' id='block_1_27' title="bbox 239 2269 1813 2341">
    <p class='ocr_par' dir='ltr' id='par_1_27' title="bbox 239 2269 1813 2341">
     <span class='ocr_line' id='line_1_27' title="bbox 239 2269 1813 2341; baseline 0 -21"><span class='ocrx_word' id='word_1_234' title='bbox 239 2269 369 2332; x_wconf 73' lang='grc' dir='ltr'>λεὺς</span> <span class='ocrx_word' id='word_1_235' title='bbox 401 2271 700 2339; x_wconf 77' lang='grc' dir='ltr'>παρέχεται</span> <span class='ocrx_word' id='word_1_236' title='bbox 745 2273 842 2333; x_wconf 73' lang='grc' dir='ltr'><strong>τὰς</strong></span> <span class='ocrx_word' id='word_1_237' title='bbox 889 2271 1067 2334; x_wconf 80' lang='grc' dir='ltr'>αἰτίας</span> <span class='ocrx_word' id='word_1_238' title='bbox 1105 2270 1200 2323; x_wconf 81' lang='grc' dir='ltr'><strong>τοῦ</strong></span> <span class='ocrx_word' id='word_1_239' title='bbox 1250 2271 1526 2341; x_wconf 84' lang='grc' dir='ltr'>πολέμου,</span> <span class='ocrx_word' id='word_1_240' title='bbox 1564 2271 1655 2321; x_wconf 81' lang='grc' dir='ltr'>καὶ</span> <span class='ocrx_word' id='word_1_241' title='bbox 1701 2271 1813 2332; x_wconf 85' lang='grc' dir='ltr'>τοῖς</span> 
     </span>
    </p>
   </div>
   <div class='ocr_carea' id='block_1_28' title="bbox 244 2363 1812 2434">
    <p class='ocr_par' dir='ltr' id='par_1_28' title="bbox 244 2363 1812 2434">
     <span class='ocr_line' id='line_1_28' title="bbox 244 2363 1812 2434; baseline -0.001 -18"><span class='ocrx_word' id='word_1_242' title='bbox 244 2364 347 2431; x_wconf 82' lang='grc' dir='ltr'>μὲν</span> <span class='ocrx_word' id='word_1_243' title='bbox 372 2364 428 2415; x_wconf 85' lang='grc' dir='ltr'><strong>ἐν</strong></span> <span class='ocrx_word' id='word_1_244' title='bbox 449 2363 727 2431; x_wconf 79' lang='grc' dir='ltr'>Βυζαντίῳ</span> <span class='ocrx_word' id='word_1_245' title='bbox 752 2363 1005 2428; x_wconf 85' lang='grc' dir='ltr'>συνόντες</span> <span class='ocrx_word' id='word_1_246' title='bbox 1026 2365 1120 2433; x_wconf 84' lang='grc' dir='ltr'>ὀση</span> <span class='ocrx_word' id='word_1_247' title='bbox 1133 2363 1317 2434; x_wconf 87' lang='grc' dir='ltr'>μέραι,</span> <span class='ocrx_word' id='word_1_248' title='bbox 1343 2364 1433 2418; x_wconf 74' lang='grc' dir='ltr'>καὶ</span> <span class='ocrx_word' id='word_1_249' title='bbox 1466 2363 1634 2416; x_wconf 79' lang='grc' dir='ltr'>πολλὰ</span> <span class='ocrx_word' id='word_1_250' title='bbox 1665 2364 1812 2416; x_wconf 85' lang='grc' dir='ltr'>Καν-</span> 
     </span>
    </p>
   </div>
   <div class='ocr_carea' id='block_1_29' title="bbox 241 2453 1810 2526">
    <p class='ocr_par' dir='ltr' id='par_1_29' title="bbox 241 2453 1810 2526">
     <span class='ocr_line' id='line_1_29' title="bbox 241 2453 1810 2526; baseline -0.002 -18"><span class='ocrx_word' id='word_1_251' title='bbox 241 2455 579 2526; x_wconf 84' lang='grc' dir='ltr'>τακουζηνού</span> <span class='ocrx_word' id='word_1_252' title='bbox 612 2456 703 2508; x_wconf 85' lang='grc' dir='ltr'>τοῦ</span> <span class='ocrx_word' id='word_1_253' title='bbox 735 2455 998 2525; x_wconf 80' lang='grc' dir='ltr'>βασιλέως</span> <span class='ocrx_word' id='word_1_254' title='bbox 1028 2456 1318 2518; x_wconf 82' lang='grc' dir='ltr'>ἀκούοντες</span> <span class='ocrx_word' id='word_1_255' title='bbox 1340 2453 1810 2525; x_wconf 82' lang='grc' dir='ltr'>κατηγορούντων,</span> 
     </span>
    </p>
   </div>
   <div class='ocr_carea' id='block_1_30' title="bbox 241 2545 1814 2619">
    <p class='ocr_par' dir='ltr' id='par_1_30' title="bbox 241 2545 1814 2619">
     <span class='ocr_line' id='line_1_30' title="bbox 241 2545 1814 2619; baseline -0.002 -19"><span class='ocrx_word' id='word_1_256' title='bbox 241 2549 328 2600; x_wconf 78' lang='grc' dir='ltr'>ὅτι</span> <span class='ocrx_word' id='word_1_257' title='bbox 364 2545 666 2617; x_wconf 79' lang='grc' dir='ltr'>βασιλεύειν</span> <span class='ocrx_word' id='word_1_258' title='bbox 697 2548 1039 2619; x_wconf 69' lang='grc' dir='ltr'>ἐπιθυμήσας</span> <span class='ocrx_word' id='word_1_259' title='bbox 1063 2550 1176 2610; x_wconf 85' lang='grc' dir='ltr'>τοῖς</span> <span class='ocrx_word' id='word_1_260' title='bbox 1206 2547 1472 2618; x_wconf 86' lang='grc' dir='ltr'>βασιλέως</span> <span class='ocrx_word' id='word_1_261' title='bbox 1497 2545 1814 2600; x_wconf 74' lang='grc' dir='ltr'>ἐπιϐουλεύ-</span> 
     </span>
    </p>
   </div>
   <div class='ocr_carea' id='block_1_31' title="bbox 247 2642 1810 2713">
    <p class='ocr_par' dir='ltr' id='par_1_31' title="bbox 247 2642 1810 2713">
     <span class='ocr_line' id='line_1_31' title="bbox 247 2642 1810 2713; baseline -0.001 -19"><span class='ocrx_word' id='word_1_262' title='bbox 247 2658 363 2694; x_wconf 87' lang='grc' dir='ltr'>σειε</span> <span class='ocrx_word' id='word_1_263' title='bbox 393 2643 571 2707; x_wconf 70' lang='grc' dir='ltr'>παισὶ,</span> <span class='ocrx_word' id='word_1_264' title='bbox 602 2643 949 2713; x_wconf 76' lang='grc' dir='ltr'>πατριάρχης</span> <span class='ocrx_word' id='word_1_265' title='bbox 989 2643 1045 2695; x_wconf 84' lang='grc' dir='ltr'><strong>δέ</strong></span> <span class='ocrx_word' id='word_1_266' title='bbox 1085 2645 1219 2712; x_wconf 60' lang='grc' dir='ltr'>μετα</span> <span class='ocrx_word' id='word_1_267' title='bbox 1251 2643 1358 2694; x_wconf 81' lang='grc' dir='ltr'><strong>τῶν</strong></span> <span class='ocrx_word' id='word_1_268' title='bbox 1387 2642 1684 2695; x_wconf 80' lang='grc' dir='ltr'>ἐπιλοίπων</span> <span class='ocrx_word' id='word_1_269' title='bbox 1716 2643 1810 2694; x_wconf 85' lang='grc' dir='ltr'><strong>ἀν-</strong></span> 
     </span>
    </p>
   </div>
   <div class='ocr_carea' id='block_1_32' title="bbox 246 2733 1812 2804">
    <p class='ocr_par' dir='ltr' id='par_1_32' title="bbox 246 2733 1812 2804">
     <span class='ocr_line' id='line_1_32' title="bbox 246 2733 1812 2804; baseline -0.001 -18"><span class='ocrx_word' id='word_1_270' title='bbox 246 2735 463 2804; x_wconf 76' lang='grc' dir='ltr'>τισταίη</span> <span class='ocrx_word' id='word_1_271' title='bbox 513 2733 608 2787; x_wconf 74' lang='grc' dir='ltr'>καὶ</span> <span class='ocrx_word' id='word_1_272' title='bbox 675 2734 936 2787; x_wconf 76' lang='grc' dir='ltr'>κωλύσειε</span> <span class='ocrx_word' id='word_1_273' title='bbox 991 2735 1064 2804; x_wconf 82' lang='grc' dir='ltr'>μὴ</span> <span class='ocrx_word' id='word_1_274' title='bbox 1116 2737 1206 2786; x_wconf 73' lang='grc' dir='ltr'>τὸν</span> <span class='ocrx_word' id='word_1_275' title='bbox 1258 2734 1423 2787; x_wconf 84' lang='grc' dir='ltr'>παῖδα</span> <span class='ocrx_word' id='word_1_276' title='bbox 1478 2733 1812 2804; x_wconf 83' lang='grc' dir='ltr'>διαφθείρειν</span> 
     </span>
    </p>
   </div>
   <div class='ocr_carea' id='block_1_33' title="bbox 248 2825 1811 2896">
    <p class='ocr_par' dir='ltr' id='par_1_33' title="bbox 248 2825 1811 2896">
     <span class='ocr_line' id='line_1_33' title="bbox 248 2825 1811 2896; baseline 0 -18"><span class='ocrx_word' id='word_1_277' title='bbox 248 2827 587 2896; x_wconf 70' lang='grc' dir='ltr'>πολεμήσας,</span> <span class='ocrx_word' id='word_1_278' title='bbox 628 2825 660 2896; x_wconf 76' lang='grc' dir='ltr'>ἢ</span> <span class='ocrx_word' id='word_1_279' title='bbox 693 2826 844 2878; x_wconf 76' lang='grc' dir='ltr'>οὐδὲν</span> <span class='ocrx_word' id='word_1_280' title='bbox 878 2826 945 2879; x_wconf 82' lang='grc' dir='ltr'>ἂν</span> <span class='ocrx_word' id='word_1_281' title='bbox 990 2828 1196 2879; x_wconf 82' lang='grc' dir='ltr'>ἐκεῖνον</span> <span class='ocrx_word' id='word_1_282' title='bbox 1236 2825 1444 2879; x_wconf 78' lang='grc' dir='ltr'>ἐκώλυε</span> <span class='ocrx_word' id='word_1_283' title='bbox 1491 2826 1655 2878; x_wconf 86' lang='grc' dir='ltr'>πάλαι</span> <span class='ocrx_word' id='word_1_284' title='bbox 1701 2826 1811 2878; x_wconf 83' lang='grc' dir='ltr'>διε-</span> 
     </span>
    </p>
   </div>
   <div class='ocr_carea' id='block_1_34' title="bbox 245 2917 1811 2990">
    <p class='ocr_par' dir='ltr' id='par_1_34' title="bbox 245 2917 1811 2990">
     <span class='ocr_line' id='line_1_34' title="bbox 245 2917 1811 2990; baseline -0.001 -20"><span class='ocrx_word' id='word_1_285' title='bbox 245 2919 512 2990; x_wconf 79' lang='grc' dir='ltr'>φθάρθαι,</span> <span class='ocrx_word' id='word_1_286' title='bbox 545 2917 994 2985; x_wconf 79' lang='grc' dir='ltr'>Καντακουζηνοῦ</span> <span class='ocrx_word' id='word_1_287' title='bbox 1035 2919 1092 2970; x_wconf 82' lang='grc' dir='ltr'>δὲ</span> <span class='ocrx_word' id='word_1_288' title='bbox 1119 2918 1212 2971; x_wconf 78' lang='grc' dir='ltr'><strong>τοῦ</strong></span> <span class='ocrx_word' id='word_1_289' title='bbox 1254 2918 1512 2989; x_wconf 82' lang='grc' dir='ltr'>βασιλέως</span> <span class='ocrx_word' id='word_1_290' title='bbox 1539 2918 1598 2970; x_wconf 85' lang='grc' dir='ltr'><strong>ού</strong></span> <span class='ocrx_word' id='word_1_291' title='bbox 1649 2917 1811 2986; x_wconf 83' lang='grc' dir='ltr'>μόνον</span> 
     </span>
    </p>
   </div>
   <div class='ocr_carea' id='block_1_35' title="bbox 242 3010 1809 3081">
    <p class='ocr_par' dir='ltr' id='par_1_35' title="bbox 242 3010 1809 3081">
     <span class='ocr_line' id='line_1_35' title="bbox 242 3010 1809 3081; baseline -0.002 -17"><span class='ocrx_word' id='word_1_292' title='bbox 242 3012 346 3081; x_wconf 83' lang='grc' dir='ltr'>τὴν</span> <span class='ocrx_word' id='word_1_293' title='bbox 372 3012 507 3079; x_wconf 85' lang='grc' dir='ltr'>πρὸς</span> <span class='ocrx_word' id='word_1_294' title='bbox 539 3010 762 3080; x_wconf 73' lang='grc' dir='ltr'>βασιλέα</span> <span class='ocrx_word' id='word_1_295' title='bbox 808 3010 898 3063; x_wconf 82' lang='grc' dir='ltr'>τὸν</span> <span class='ocrx_word' id='word_1_296' title='bbox 941 3011 1280 3080; x_wconf 83' lang='grc' dir='ltr'>Ἀνδρόνικον</span> <span class='ocrx_word' id='word_1_297' title='bbox 1334 3010 1641 3070; x_wconf 80' lang='grc' dir='ltr'>ἐννοοῦντες</span> <span class='ocrx_word' id='word_1_298' title='bbox 1669 3011 1809 3078; x_wconf 89' lang='grc' dir='ltr'>σύμ-</span> 
     </span>
    </p>
   </div>
   <div class='ocr_carea' id='block_1_36' title="bbox 243 3101 1811 3175">
    <p class='ocr_par' dir='ltr' id='par_1_36' title="bbox 243 3101 1811 3175">
     <span class='ocr_line' id='line_1_36' title="bbox 243 3101 1811 3175; baseline -0.002 -19"><span class='ocrx_word' id='word_1_299' title='bbox 243 3122 459 3167; x_wconf 87' lang='grc' dir='ltr'>πνοιαν,</span> <span class='ocrx_word' id='word_1_300' title='bbox 516 3105 651 3157; x_wconf 74' lang='grc' dir='ltr'>ἀλλὰ</span> <span class='ocrx_word' id='word_1_301' title='bbox 703 3105 798 3158; x_wconf 76' lang='grc' dir='ltr'><strong>καὶ</strong></span> <span class='ocrx_word' id='word_1_302' title='bbox 854 3105 950 3174; x_wconf 81' lang='grc' dir='ltr'>τὴν</span> <span class='ocrx_word' id='word_1_303' title='bbox 999 3104 1304 3175; x_wconf 78' lang='grc' dir='ltr'>προσοῦσαν</span> <span class='ocrx_word' id='word_1_304' title='bbox 1361 3103 1662 3158; x_wconf 86' lang='grc' dir='ltr'>ἐπιείκειαν</span> <span class='ocrx_word' id='word_1_305' title='bbox 1717 3101 1811 3154; x_wconf 77' lang='grc' dir='ltr'>καὶ</span> 
     </span>
    </p>
   </div>
   <div class='ocr_carea' id='block_1_37' title="bbox 240 3194 1809 3268">
    <p class='ocr_par' dir='ltr' id='par_1_37' title="bbox 240 3194 1809 3268">
     <span class='ocr_line' id='line_1_37' title="bbox 240 3194 1809 3268; baseline -0.001 -21"><span class='ocrx_word' id='word_1_306' title='bbox 240 3197 581 3266; x_wconf 77' lang='grc' dir='ltr'>ἡμερότητα,</span> <span class='ocrx_word' id='word_1_307' title='bbox 603 3196 697 3250; x_wconf 80' lang='grc' dir='ltr'>καὶ</span> <span class='ocrx_word' id='word_1_308' title='bbox 725 3195 785 3248; x_wconf 73' lang='grc' dir='ltr'><strong>τὸ</strong></span> <span class='ocrx_word' id='word_1_309' title='bbox 811 3199 973 3249; x_wconf 77' lang='grc' dir='ltr'>πᾶσιν</span> <span class='ocrx_word' id='word_1_310' title='bbox 1005 3197 1194 3250; x_wconf 77' lang='grc' dir='ltr'>ἑαυτὸν</span> <span class='ocrx_word' id='word_1_311' title='bbox 1228 3197 1558 3268; x_wconf 81' lang='grc' dir='ltr'>παρέχεσθαι</span> <span class='ocrx_word' id='word_1_312' title='bbox 1592 3194 1720 3265; x_wconf 75' lang='grc' dir='ltr'>ἡδύν</span> <span class='ocrx_word' id='word_1_313' title='bbox 1752 3211 1809 3246; x_wconf 90' lang='grc' dir='ltr'><strong>τε</strong></span> 
     </span>
    </p>
   </div>
   <div class='ocr_carea' id='block_1_38' title="bbox 1923 1990 3490 2051">
    <p class='ocr_par' dir='ltr' id='par_1_38' title="bbox 1923 1990 3490 2051">
     <span class='ocr_line' id='line_1_38' title="bbox 1923 1990 3490 2051; baseline 0.004 -8"><span class='ocrx_word' id='word_1_314' title='bbox 1923 2006 2045 2044; x_wconf 90' lang='lat' dir='ltr'><strong>cum</strong></span> <span class='ocrx_word' id='word_1_315' title='bbox 2084 1990 2188 2044; x_wconf 86' lang='lat' dir='ltr'><strong>hoc</strong></span> <span class='ocrx_word' id='word_1_316' title='bbox 2219 1991 2359 2044; x_wconf 82' lang='lat' dir='ltr'><strong>civili</strong></span> <span class='ocrx_word' id='word_1_317' title='bbox 2399 1992 2540 2046; x_wconf 89' lang='lat' dir='ltr'><strong>bello</strong></span> <span class='ocrx_word' id='word_1_318' title='bbox 2573 1993 2846 2048; x_wconf 79' lang='lat' dir='ltr'><strong>Romanos</strong></span> <span class='ocrx_word' id='word_1_319' title='bbox 2890 1993 3238 2051; x_wconf 85' lang='lat' dir='ltr'><strong>incredibiles</strong></span> <span class='ocrx_word' id='word_1_320' title='bbox 3267 1995 3490 2051; x_wconf 85' lang='lat' dir='ltr'><strong>calami-</strong></span> 
     </span>
    </p>
   </div>
   <div class='ocr_carea' id='block_1_39' title="bbox 1923 2084 3489 2158">
    <p class='ocr_par' dir='ltr' id='par_1_39' title="bbox 1923 2084 3489 2158">
     <span class='ocr_line' id='line_1_39' title="bbox 1923 2084 3489 2158; baseline 0.004 -22"><span class='ocrx_word' id='word_1_321' title='bbox 1923 2091 2058 2136; x_wconf 86' lang='lat' dir='ltr'><strong>tates</strong></span> <span class='ocrx_word' id='word_1_322' title='bbox 2093 2084 2386 2152; x_wconf 70' lang='lat' dir='ltr'><strong>pertulisse</strong></span> <span class='ocrx_word' id='word_1_323' title='bbox 2418 2094 2728 2147; x_wconf 85' lang='lat' dir='ltr'><strong>cernerent,</strong></span> <span class='ocrx_word' id='word_1_324' title='bbox 2761 2095 2816 2138; x_wconf 92' lang='lat' dir='ltr'><strong>et</strong></span> <span class='ocrx_word' id='word_1_325' title='bbox 2849 2087 3194 2155; x_wconf 77' lang='lat' dir='ltr'><strong>ignorarent.</strong></span> <span class='ocrx_word' id='word_1_326' title='bbox 3243 2088 3489 2158; x_wconf 79' lang='lat' dir='ltr'><strong>magisne</strong></span> 
     </span>
    </p>
   </div>
   <div class='ocr_carea' id='block_1_40' title="bbox 1918 2173 3486 2243">
    <p class='ocr_par' dir='ltr' id='par_1_40' title="bbox 1918 2173 3486 2243">
     <span class='ocr_line' id='line_1_40' title="bbox 1918 2173 3486 2243; baseline 0.003 -15"><span class='ocrx_word' id='word_1_327' title='bbox 1918 2188 1949 2228; x_wconf 77' lang='grc' dir='ltr'><strong>α</strong></span> <span class='ocrx_word' id='word_1_328' title='bbox 1981 2173 2318 2243; x_wconf 84' lang='lat' dir='ltr'><strong>Byzantinis,</strong></span> <span class='ocrx_word' id='word_1_329' title='bbox 2369 2191 2435 2228; x_wconf 86' lang='lat' dir='ltr'><strong>an</strong></span> <span class='ocrx_word' id='word_1_330' title='bbox 2472 2191 2499 2228; x_wconf 89' lang='lat' dir='ltr'><strong>a</strong></span> <span class='ocrx_word' id='word_1_331' title='bbox 2533 2175 2916 2230; x_wconf 84' lang='lat' dir='ltr'><strong>Cantacuze‘no</strong></span> <span class='ocrx_word' id='word_1_332' title='bbox 2953 2180 3136 2230; x_wconf 90' lang='lat' dir='ltr'><strong>datum</strong></span> <span class='ocrx_word' id='word_1_333' title='bbox 3190 2187 3338 2232; x_wconf 81' lang='lat' dir='ltr'><strong>esset</strong></span> <span class='ocrx_word' id='word_1_334' title='bbox 3386 2180 3486 2232; x_wconf 61' lang='lat' dir='ltr'><strong>ini.</strong></span> 
     </span>
    </p>
   </div>
   <div class='ocr_carea' id='block_1_41' title="bbox 1923 2266 3489 2334">
    <p class='ocr_par' dir='ltr' id='par_1_41' title="bbox 1923 2266 3489 2334">
     <span class='ocr_line' id='line_1_41' title="bbox 1923 2266 3489 2334; baseline 0.004 -16"><span class='ocrx_word' id='word_1_335' title='bbox 1923 2266 2056 2319; x_wconf 89' lang='lat' dir='ltr'><strong>tium</strong></span> <span class='ocrx_word' id='word_1_336' title='bbox 2100 2284 2112 2320; x_wconf 93' lang='lat'>:</span> <span class='ocrx_word' id='word_1_337' title='bbox 2153 2275 2209 2320; x_wconf 90' lang='lat' dir='ltr'><strong>et</strong></span> <span class='ocrx_word' id='word_1_338' title='bbox 2244 2267 2560 2334; x_wconf 78' lang='lat' dir='ltr'><strong>quotidiana</strong></span> <span class='ocrx_word' id='word_1_339' title='bbox 2597 2284 2716 2322; x_wconf 91' lang='lat' dir='ltr'><strong>cum</strong></span> <span class='ocrx_word' id='word_1_340' title='bbox 2751 2269 2860 2322; x_wconf 89' lang='lat' dir='ltr'><strong>illis</strong></span> <span class='ocrx_word' id='word_1_341' title='bbox 2905 2270 3229 2324; x_wconf 88' lang='lat' dir='ltr'><strong>commercia</strong></span> <span class='ocrx_word' id='word_1_342' title='bbox 3285 2269 3489 2325; x_wconf 80' lang='lat' dir='ltr'><strong>haben-</strong></span> 
     </span>
    </p>
   </div>
   <div class='ocr_carea' id='block_1_42' title="bbox 1923 2356 3488 2422">
    <p class='ocr_par' dir='ltr' id='par_1_42' title="bbox 1923 2356 3488 2422">
     <span class='ocr_line' id='line_1_42' title="bbox 1923 2356 3488 2422; baseline 0.004 -12"><span class='ocrx_word' id='word_1_343' title='bbox 1923 2365 2023 2422; x_wconf 86' lang='lat' dir='ltr'><strong>tes,</strong></span> <span class='ocrx_word' id='word_1_344' title='bbox 2065 2370 2157 2411; x_wconf 89' lang='lat' dir='ltr'><strong>eos</strong></span> <span class='ocrx_word' id='word_1_345' title='bbox 2187 2356 2630 2412; x_wconf 86' lang='lat' dir='ltr'><strong>Cantacuzenum</strong></span> <span class='ocrx_word' id='word_1_346' title='bbox 2669 2360 2857 2414; x_wconf 88' lang='lat' dir='ltr'><strong>multis</strong></span> <span class='ocrx_word' id='word_1_347' title='bbox 2888 2371 3205 2415; x_wconf 79' lang='lat' dir='ltr'><strong>accusantes</strong></span> <span class='ocrx_word' id='word_1_348' title='bbox 3235 2363 3488 2417; x_wconf 82' lang='lat' dir='ltr'><strong>audirent</strong></span> 
     </span>
    </p>
   </div>
   <div class='ocr_carea' id='block_1_43' title="bbox 1922 2445 3480 2518">
    <p class='ocr_par' dir='ltr' id='par_1_43' title="bbox 1922 2445 3480 2518">
     <span class='ocr_line' id='line_1_43' title="bbox 1922 2445 3480 2518; baseline 0.005 -24"><span class='ocrx_word' id='word_1_349' title='bbox 1922 2445 2084 2514; x_wconf 79' lang='lat' dir='ltr'><strong>(quod</strong></span> <span class='ocrx_word' id='word_1_350' title='bbox 2121 2447 2376 2500; x_wconf 89' lang='lat' dir='ltr'><strong>nimirum</strong></span> <span class='ocrx_word' id='word_1_351' title='bbox 2410 2447 2672 2516; x_wconf 80' lang='lat' dir='ltr'><strong>regnandi</strong></span> <span class='ocrx_word' id='word_1_352' title='bbox 2699 2448 2998 2516; x_wconf 87' lang='lat' dir='ltr'><strong>cupiditate</strong></span> <span class='ocrx_word' id='word_1_353' title='bbox 3033 2447 3220 2502; x_wconf 85' lang='lat' dir='ltr'><strong>liberis</strong></span> <span class='ocrx_word' id='word_1_354' title='bbox 3250 2448 3480 2518; x_wconf 80' lang='lat' dir='ltr'><strong>impera-</strong></span> 
     </span>
    </p>
   </div>
   <div class='ocr_carea' id='block_1_44' title="bbox 1921 2537 3485 2607">
    <p class='ocr_par' dir='ltr' id='par_1_44' title="bbox 1921 2537 3485 2607">
     <span class='ocr_line' id='line_1_44' title="bbox 1921 2537 3485 2607; baseline 0.004 -19"><span class='ocrx_word' id='word_1_355' title='bbox 1921 2537 2055 2590; x_wconf 85' lang='lat' dir='ltr'><strong>toris</strong></span> <span class='ocrx_word' id='word_1_356' title='bbox 2090 2537 2447 2592; x_wconf 85' lang='lat' dir='ltr'><strong>insidiaretur</strong></span> <span class='ocrx_word' id='word_1_357' title='bbox 2481 2555 2493 2591; x_wconf 94' lang='lat'>:</span> <span class='ocrx_word' id='word_1_358' title='bbox 2530 2539 2900 2607; x_wconf 87' lang='lat' dir='ltr'><strong>patriarcham</strong></span> <span class='ocrx_word' id='word_1_359' title='bbox 2943 2555 3064 2594; x_wconf 91' lang='lat' dir='ltr'><strong>cum</strong></span> <span class='ocrx_word' id='word_1_360' title='bbox 3099 2539 3308 2596; x_wconf 67' lang='lat' dir='ltr'><strong>caeteris</strong></span> <span class='ocrx_word' id='word_1_361' title='bbox 3339 2541 3485 2595; x_wconf 83' lang='lat' dir='ltr'><strong>obsi-</strong></span> 
     </span>
    </p>
   </div>
   <div class='ocr_carea' id='block_1_45' title="bbox 1918 2633 3482 2702">
    <p class='ocr_par' dir='ltr' id='par_1_45' title="bbox 1918 2633 3482 2702">
     <span class='ocr_line' id='line_1_45' title="bbox 1918 2633 3482 2702; baseline 0.001 -17"><span class='ocrx_word' id='word_1_362' title='bbox 1918 2641 2085 2696; x_wconf 74' lang='lat' dir='ltr'><strong>stere,</strong></span> <span class='ocrx_word' id='word_1_363' title='bbox 2126 2645 2197 2684; x_wconf 82' lang='lat' dir='ltr'><strong>ne</strong></span> <span class='ocrx_word' id='word_1_364' title='bbox 2241 2647 2472 2702; x_wconf 90' lang='lat' dir='ltr'><strong>puerum</strong></span> <span class='ocrx_word' id='word_1_365' title='bbox 2527 2633 2670 2687; x_wconf 91' lang='lat' dir='ltr'><strong>bello</strong></span> <span class='ocrx_word' id='word_1_366' title='bbox 2706 2633 2878 2688; x_wconf 78' lang='lat' dir='ltr'><strong>\ictor</strong></span> <span class='ocrx_word' id='word_1_367' title='bbox 2919 2633 3231 2699; x_wconf 84' lang='lat' dir='ltr'><strong>occideret,</strong></span> <span class='ocrx_word' id='word_1_368' title='bbox 3281 2633 3482 2702; x_wconf 84' lang='lat' dir='ltr'><strong>alioqui</strong></span> 
     </span>
    </p>
   </div>
   <div class='ocr_carea' id='block_1_46' title="bbox 1918 2721 3480 2794">
    <p class='ocr_par' dir='ltr' id='par_1_46' title="bbox 1918 2721 3480 2794">
     <span class='ocr_line' id='line_1_46' title="bbox 1918 2721 3480 2794; baseline 0.003 -20"><span class='ocrx_word' id='word_1_369' title='bbox 1918 2721 2128 2790; x_wconf 90' lang='lat' dir='ltr'><strong>pridem</strong></span> <span class='ocrx_word' id='word_1_370' title='bbox 2158 2722 2396 2776; x_wconf 88' lang='lat' dir='ltr'><strong>occisum</strong></span> <span class='ocrx_word' id='word_1_371' title='bbox 2434 2723 2648 2792; x_wconf 80' lang='lat' dir='ltr'><strong>fuisse),</strong></span> <span class='ocrx_word' id='word_1_372' title='bbox 2674 2734 2934 2794; x_wconf 64' lang='lat' dir='ltr'><strong>praeterea</strong></span> <span class='ocrx_word' id='word_1_373' title='bbox 2961 2741 3082 2779; x_wconf 84' lang='lat' dir='ltr'><strong>cum</strong></span> <span class='ocrx_word' id='word_1_374' title='bbox 3117 2723 3480 2779; x_wconf 82' lang='lat' dir='ltr'><strong>Cantacuzcni</strong></span> 
     </span>
    </p>
   </div>
   <div class='ocr_carea' id='block_1_47' title="bbox 1917 2814 3481 2886">
    <p class='ocr_par' dir='ltr' id='par_1_47' title="bbox 1917 2814 3481 2886">
     <span class='ocr_line' id='line_1_47' title="bbox 1917 2814 3481 2886; baseline 0.001 -18"><span class='ocrx_word' id='word_1_375' title='bbox 1917 2830 2027 2868; x_wconf 88' lang='lat' dir='ltr'><strong>non</strong></span> <span class='ocrx_word' id='word_1_376' title='bbox 2061 2814 2238 2868; x_wconf 92' lang='lat' dir='ltr'><strong>solum</strong></span> <span class='ocrx_word' id='word_1_377' title='bbox 2295 2830 2417 2868; x_wconf 90' lang='lat' dir='ltr'><strong>cum</strong></span> <span class='ocrx_word' id='word_1_378' title='bbox 2475 2815 2733 2870; x_wconf 81' lang='lat' dir='ltr'><strong>defuncto</strong></span> <span class='ocrx_word' id='word_1_379' title='bbox 2793 2818 3118 2886; x_wconf 81' lang='lat' dir='ltr'><strong>imperatore</strong></span> <span class='ocrx_word' id='word_1_380' title='bbox 3168 2816 3481 2871; x_wconf 84' lang='lat' dir='ltr'><strong>Andronico</strong></span> 
     </span>
    </p>
   </div>
   <div class='ocr_carea' id='block_1_48' title="bbox 1917 2906 3480 2978">
    <p class='ocr_par' dir='ltr' id='par_1_48' title="bbox 1917 2906 3480 2978">
     <span class='ocr_line' id='line_1_48' title="bbox 1917 2906 3480 2978; baseline 0.002 -19"><span class='ocrx_word' id='word_1_381' title='bbox 1917 2906 2258 2960; x_wconf 86' lang='lat' dir='ltr'><strong>voluntatum</strong></span> <span class='ocrx_word' id='word_1_382' title='bbox 2321 2907 2734 2978; x_wconf 86' lang='lat' dir='ltr'><strong>studiorumque</strong></span> <span class='ocrx_word' id='word_1_383' title='bbox 2773 2924 3121 2973; x_wconf 89' lang='lat' dir='ltr'><strong>consensum,</strong></span> <span class='ocrx_word' id='word_1_384' title='bbox 3153 2909 3248 2964; x_wconf 91' lang='lat' dir='ltr'><strong>sed</strong></span> <span class='ocrx_word' id='word_1_385' title='bbox 3277 2917 3332 2964; x_wconf 90' lang='lat' dir='ltr'><strong>et</strong></span> <span class='ocrx_word' id='word_1_386' title='bbox 3365 2923 3480 2962; x_wconf 87' lang='lat' dir='ltr'><strong>mo-</strong></span> 
     </span>
    </p>
   </div>
   <div class='ocr_carea' id='block_1_49' title="bbox 1918 2999 3479 3071">
    <p class='ocr_par' dir='ltr' id='par_1_49' title="bbox 1918 2999 3479 3071">
     <span class='ocr_line' id='line_1_49' title="bbox 1918 2999 3479 3071; baseline 0.001 -19"><span class='ocrx_word' id='word_1_387' title='bbox 1918 3012 2006 3053; x_wconf 87' lang='lat' dir='ltr'><strong>res</strong></span> <span class='ocrx_word' id='word_1_388' title='bbox 2036 2999 2435 3069; x_wconf 87' lang='lat' dir='ltr'><strong>placidissimos</strong></span> <span class='ocrx_word' id='word_1_389' title='bbox 2475 3010 2818 3070; x_wconf 85' lang='lat' dir='ltr'><strong>reputarent,</strong></span> <span class='ocrx_word' id='word_1_390' title='bbox 2867 3011 2919 3056; x_wconf 91' lang='lat' dir='ltr'><strong>et</strong></span> <span class='ocrx_word' id='word_1_391' title='bbox 2960 3001 3229 3071; x_wconf 91' lang='lat' dir='ltr'><strong>quomodo</strong></span> <span class='ocrx_word' id='word_1_392' title='bbox 3270 3014 3328 3054; x_wconf 90' lang='lat' dir='ltr'><strong>se</strong></span> <span class='ocrx_word' id='word_1_393' title='bbox 3362 3015 3479 3054; x_wconf 83' lang='lat' dir='ltr'><strong>om-</strong></span> 
     </span>
    </p>
   </div>
   <div class='ocr_carea' id='block_1_50' title="bbox 1913 3091 3478 3163">
    <p class='ocr_par' dir='ltr' id='par_1_50' title="bbox 1913 3091 3478 3163">
     <span class='ocr_line' id='line_1_50' title="bbox 1913 3091 3478 3163; baseline -0.001 -17"><span class='ocrx_word' id='word_1_394' title='bbox 1913 3092 2079 3156; x_wconf 83' lang='lat' dir='ltr'><strong>nibus</strong></span> <span class='ocrx_word' id='word_1_395' title='bbox 2113 3091 2164 3144; x_wconf 90' lang='lat' dir='ltr'><strong>in</strong></span> <span class='ocrx_word' id='word_1_396' title='bbox 2203 3107 2499 3163; x_wconf 80' lang='lat' dir='ltr'><strong>congressu</strong></span> <span class='ocrx_word' id='word_1_397' title='bbox 2539 3109 2782 3158; x_wconf 87' lang='lat' dir='ltr'><strong>suavem,</strong></span> <span class='ocrx_word' id='word_1_398' title='bbox 2817 3109 2880 3148; x_wconf 87' lang='lat' dir='ltr'><strong>ac</strong></span> <span class='ocrx_word' id='word_1_399' title='bbox 2913 3094 3286 3149; x_wconf 79' lang='lat' dir='ltr'><strong>benefaciendi</strong></span> <span class='ocrx_word' id='word_1_400' title='bbox 3319 3093 3478 3162; x_wconf 84' lang='lat' dir='ltr'><strong>cupi-</strong></span> 
     </span>
    </p>
   </div>
   <div class='ocr_carea' id='block_1_51' title="bbox 1918 3181 3474 3254">
    <p class='ocr_par' dir='ltr' id='par_1_51' title="bbox 1918 3181 3474 3254">
     <span class='ocr_line' id='line_1_51' title="bbox 1918 3181 3474 3254; baseline -0.002 -17"><span class='ocrx_word' id='word_1_401' title='bbox 1918 3182 2068 3246; x_wconf 90' lang='lat' dir='ltr'><strong>dum,</strong></span> <span class='ocrx_word' id='word_1_402' title='bbox 2102 3181 2604 3252; x_wconf 55' lang='lat' dir='ltr'><strong>benevolentiaque</strong></span> <span class='ocrx_word' id='word_1_403' title='bbox 2642 3183 2941 3237; x_wconf 84' lang='lat' dir='ltr'><strong>amicorum</strong></span> <span class='ocrx_word' id='word_1_404' title='bbox 2978 3199 3102 3254; x_wconf 79' lang='lat' dir='ltr'><strong>erga</strong></span> <span class='ocrx_word' id='word_1_405' title='bbox 3169 3198 3226 3237; x_wconf 87' lang='lat' dir='ltr'><strong>sc</strong></span> <span class='ocrx_word' id='word_1_406' title='bbox 3267 3197 3474 3236; x_wconf 87' lang='lat' dir='ltr'><strong>memo-</strong></span> 
     </span>
    </p>
   </div>
   <div class='ocr_carea' id='block_1_52' title="bbox 242 3247 1808 3358">
    <p class='ocr_par' dir='ltr' id='par_1_52' title="bbox 242 3247 1808 3358">
     <span class='ocr_line' id='line_1_52' title="bbox 242 3247 1808 3358; baseline -0.002 -17"><span class='ocrx_word' id='word_1_407' title='bbox 334 3247 581 3358; x_wconf 58' lang='grc' dir='ltr'>ὁμιλίαις</span> <span class='ocrx_word' id='word_1_408' title='bbox 606 3294 699 3340; x_wconf 74' lang='grc' dir='ltr'>καὶ</span> <span class='ocrx_word' id='word_1_409' title='bbox 733 3287 1012 3356; x_wconf 75' lang='grc' dir='ltr'>φιλότιμον</span> <span class='ocrx_word' id='word_1_410' title='bbox 1047 3288 1181 3356; x_wconf 83' lang='grc' dir='ltr'>πρὸς</span> <span class='ocrx_word' id='word_1_411' title='bbox 1219 3247 1318 3350; x_wconf 66' lang='grc' dir='ltr'><strong>τάξ</strong></span> <span class='ocrx_word' id='word_1_412' title='bbox 1347 3247 1682 3358; x_wconf 58' lang='grc' dir='ltr'>εύεργεσίας,</span> <span class='ocrx_word' id='word_1_413' title='bbox 1715 3287 1808 3338; x_wconf 76' lang='grc' dir='ltr'>καὶ</span> 
     </span>
    </p>
   </div>
   <div class='ocr_carea' id='block_1_53' title="bbox 1918 3247 3473 3358">
    <p class='ocr_par' dir='ltr' id='par_1_53' title="bbox 1918 3273 3473 3343">
     <span class='ocr_line' id='line_1_53' title="bbox 1918 3273 3473 3343; baseline -0.001 -15"><span class='ocrx_word' id='word_1_414' title='bbox 1918 3289 2026 3328; x_wconf 89' lang='lat' dir='ltr'><strong>rem</strong></span> <span class='ocrx_word' id='word_1_415' title='bbox 2057 3275 2364 3343; x_wconf 85' lang='lat' dir='ltr'><strong>praeberet;</strong></span> <span class='ocrx_word' id='word_1_416' title='bbox 2397 3275 2794 3328; x_wconf 84' lang='lat' dir='ltr'><strong>arbitrarentur</strong></span> <span class='ocrx_word' id='word_1_417' title='bbox 2827 3276 2987 3329; x_wconf 90' lang='lat' dir='ltr'><strong>etiam</strong></span> <span class='ocrx_word' id='word_1_418' title='bbox 3040 3290 3146 3328; x_wconf 91' lang='lat' dir='ltr'><strong>non</strong></span> <span class='ocrx_word' id='word_1_419' title='bbox 3183 3284 3288 3328; x_wconf 88' lang='lat' dir='ltr'><strong>tam</strong></span> <span class='ocrx_word' id='word_1_420' title='bbox 3318 3273 3473 3327; x_wconf 80' lang='lat' dir='ltr'><strong>facile</strong></span> 
     </span>
    </p>
   </div>
   <div class='ocr_carea' id='block_1_54' title="bbox 239 3378 1806 3450">
    <p class='ocr_par' dir='ltr' id='par_1_54' title="bbox 239 3378 1806 3450">
     <span class='ocr_line' id='line_1_54' title="bbox 239 3378 1806 3450; baseline -0.001 -20"><span class='ocrx_word' id='word_1_421' title='bbox 239 3379 346 3448; x_wconf 81' lang='grc' dir='ltr'>τῆς</span> <span class='ocrx_word' id='word_1_422' title='bbox 377 3381 454 3440; x_wconf 86' lang='grc' dir='ltr'><strong>εἰς</strong></span> <span class='ocrx_word' id='word_1_423' title='bbox 503 3379 665 3431; x_wconf 75' lang='grc' dir='ltr'>αὐτὸν</span> <span class='ocrx_word' id='word_1_424' title='bbox 717 3379 930 3440; x_wconf 80' lang='grc' dir='ltr'>εὐνοίας</span> <span class='ocrx_word' id='word_1_425' title='bbox 981 3379 1090 3432; x_wconf 86' lang='grc' dir='ltr'>τῶν</span> <span class='ocrx_word' id='word_1_426' title='bbox 1136 3379 1302 3447; x_wconf 80' lang='grc' dir='ltr'>φίλων</span> <span class='ocrx_word' id='word_1_427' title='bbox 1353 3378 1806 3450; x_wconf 73' lang='grc' dir='ltr'>μνημονευτικὸν,</span> 
     </span>
    </p>
   </div>
   <div class='ocr_carea' id='block_1_55' title="bbox 244 3469 1808 3540">
    <p class='ocr_par' dir='ltr' id='par_1_55' title="bbox 244 3469 1808 3540">
     <span class='ocr_line' id='line_1_55' title="bbox 244 3469 1808 3540; baseline -0.002 -16"><span class='ocrx_word' id='word_1_428' title='bbox 244 3475 342 3524; x_wconf 75' lang='grc' dir='ltr'>καὶ</span> <span class='ocrx_word' id='word_1_429' title='bbox 379 3470 709 3540; x_wconf 85' lang='grc' dir='ltr'>νομίζοντες,</span> <span class='ocrx_word' id='word_1_430' title='bbox 744 3472 847 3522; x_wconf 79' lang='grc' dir='ltr'>οὐκ</span> <span class='ocrx_word' id='word_1_431' title='bbox 891 3471 956 3522; x_wconf 84' lang='grc' dir='ltr'>ἂν</span> <span class='ocrx_word' id='word_1_432' title='bbox 989 3469 1131 3522; x_wconf 78' lang='grc' dir='ltr'>οὕτω</span> <span class='ocrx_word' id='word_1_433' title='bbox 1169 3470 1367 3540; x_wconf 78' lang='grc' dir='ltr'>ῥᾳδίως</span> <span class='ocrx_word' id='word_1_434' title='bbox 1413 3472 1539 3539; x_wconf 76' lang='grc' dir='ltr'>περὶ</span> <span class='ocrx_word' id='word_1_435' title='bbox 1584 3469 1808 3538; x_wconf 80' lang='grc' dir='ltr'>βασιλέα</span> 
     </span>
    </p>
   </div>
   <div class='ocr_carea' id='block_1_56' title="bbox 242 3557 1811 3630">
    <p class='ocr_par' dir='ltr' id='par_1_56' title="bbox 242 3557 1811 3630">
     <span class='ocr_line' id='line_1_56' title="bbox 242 3557 1811 3630; baseline -0.001 -16"><span class='ocrx_word' id='word_1_436' title='bbox 242 3563 336 3614; x_wconf 76' lang='grc' dir='ltr'>τὸν</span> <span class='ocrx_word' id='word_1_437' title='bbox 376 3563 529 3629; x_wconf 82' lang='grc' dir='ltr'>φίλον</span> <span class='ocrx_word' id='word_1_438' title='bbox 557 3561 1024 3630; x_wconf 77' lang='grc' dir='ltr'>ὴγνωμονηκέναι,</span> <span class='ocrx_word' id='word_1_439' title='bbox 1075 3561 1353 3613; x_wconf 78' lang='grc' dir='ltr'>πιστεύειν</span> <span class='ocrx_word' id='word_1_440' title='bbox 1389 3561 1486 3629; x_wconf 83' lang='grc' dir='ltr'>μὲν</span> <span class='ocrx_word' id='word_1_441' title='bbox 1517 3561 1615 3614; x_wconf 82' lang='grc' dir='ltr'>οὐκ</span> <span class='ocrx_word' id='word_1_442' title='bbox 1665 3557 1811 3630; x_wconf 80' lang='grc' dir='ltr'>εἶχον</span> 
     </span>
    </p>
   </div>
   <div class='ocr_carea' id='block_1_57' title="bbox 241 3653 1808 3726">
    <p class='ocr_par' dir='ltr' id='par_1_57' title="bbox 241 3653 1808 3726">
     <span class='ocr_line' id='line_1_57' title="bbox 241 3653 1808 3726; baseline -0.001 -17"><span class='ocrx_word' id='word_1_443' title='bbox 241 3659 356 3718; x_wconf 82' lang='grc' dir='ltr'>τοῖς</span> <span class='ocrx_word' id='word_1_444' title='bbox 390 3653 553 3708; x_wconf 81' lang='grc' dir='ltr'>αὑτοῦ</span> <span class='ocrx_word' id='word_1_445' title='bbox 587 3655 950 3724; x_wconf 79' lang='grc' dir='ltr'>κατηγοροῦσι</span> <span class='ocrx_word' id='word_1_446' title='bbox 994 3656 1063 3707; x_wconf 71' lang='grc' dir='ltr'>τὰ</span> <span class='ocrx_word' id='word_1_447' title='bbox 1093 3654 1340 3718; x_wconf 85' lang='grc' dir='ltr'>τοιαῦτα,</span> <span class='ocrx_word' id='word_1_448' title='bbox 1385 3655 1505 3708; x_wconf 76' lang='grc' dir='ltr'>οὔτε</span> <span class='ocrx_word' id='word_1_449' title='bbox 1535 3658 1641 3726; x_wconf 86' lang='grc' dir='ltr'>μὴν</span> <span class='ocrx_word' id='word_1_450' title='bbox 1673 3674 1808 3708; x_wconf 83' lang='grc' dir='ltr'>παν-</span> 
     </span>
    </p>
   </div>
   <div class='ocr_carea' id='block_1_58' title="bbox 239 3747 1808 3818">
    <p class='ocr_par' dir='ltr' id='par_1_58' title="bbox 239 3747 1808 3818">
     <span class='ocr_line' id='line_1_58' title="bbox 239 3747 1808 3818; baseline 0.001 -17"><span class='ocrx_word' id='word_1_451' title='bbox 239 3750 481 3803; x_wconf 75' lang='grc' dir='ltr'>τάπασιν</span> <span class='ocrx_word' id='word_1_452' title='bbox 534 3749 786 3800; x_wconf 72' lang='grc' dir='ltr'>ἀπιστεῖν</span> <span class='ocrx_word' id='word_1_453' title='bbox 833 3751 944 3809; x_wconf 79' lang='grc' dir='ltr'>τοῖς</span> <span class='ocrx_word' id='word_1_454' title='bbox 997 3747 1417 3818; x_wconf 80' lang='grc' dir='ltr'>θρυλλουμένοις</span> <span class='ocrx_word' id='word_1_455' title='bbox 1467 3748 1638 3811; x_wconf 76' lang='grc' dir='ltr'>οὕτως</span> <span class='ocrx_word' id='word_1_456' title='bbox 1705 3749 1808 3802; x_wconf 75' lang='grc' dir='ltr'><strong>ὑπὸ</strong></span> 
     </span>
    </p>
   </div>
   <div class='ocr_carea' id='block_1_59' title="bbox 243 3842 1808 3912">
    <p class='ocr_par' dir='ltr' id='par_1_59' title="bbox 243 3842 1808 3912">
     <span class='ocr_line' id='line_1_59' title="bbox 243 3842 1808 3912; baseline 0 -17"><span class='ocrx_word' id='word_1_457' title='bbox 243 3843 480 3896; x_wconf 77' lang='grc' dir='ltr'>πολλῶν.</span> <span class='ocrx_word' id='word_1_458' title='bbox 525 3844 624 3895; x_wconf 77' lang='grc' dir='ltr'><strong>Διὰ</strong></span> <span class='ocrx_word' id='word_1_459' title='bbox 665 3843 726 3912; x_wconf 82' lang='grc' dir='ltr'>δὴ</span> <span class='ocrx_word' id='word_1_460' title='bbox 760 3842 933 3896; x_wconf 82' lang='grc' dir='ltr'>ταῦτα</span> <span class='ocrx_word' id='word_1_461' title='bbox 963 3843 1091 3910; x_wconf 82' lang='grc' dir='ltr'><strong>περί</strong></span> <span class='ocrx_word' id='word_1_462' title='bbox 1123 3843 1377 3896; x_wconf 86' lang='grc' dir='ltr'>πλείστου</span> <span class='ocrx_word' id='word_1_463' title='bbox 1415 3843 1682 3910; x_wconf 81' lang='grc' dir='ltr'>τιθέμενοι</span> <span class='ocrx_word' id='word_1_464' title='bbox 1715 3860 1808 3895; x_wconf 90' lang='grc' dir='ltr'>σα-</span> 
     </span>
    </p>
   </div>
   <div class='ocr_carea' id='block_1_60' title="bbox 241 3933 1804 4005">
    <p class='ocr_par' dir='ltr' id='par_1_60' title="bbox 241 3933 1804 4005">
     <span class='ocr_line' id='line_1_60' title="bbox 241 3933 1804 4005; baseline 0.001 -19"><span class='ocrx_word' id='word_1_465' title='bbox 241 3937 346 4005; x_wconf 72' lang='grc' dir='ltr'><strong>φές</strong></span> <span class='ocrx_word' id='word_1_466' title='bbox 372 3952 424 3988; x_wconf 90' lang='grc' dir='ltr'><strong>τι</strong></span> <span class='ocrx_word' id='word_1_467' title='bbox 453 3936 579 4005; x_wconf 76' lang='grc' dir='ltr'>περὶ</span> <span class='ocrx_word' id='word_1_468' title='bbox 616 3933 708 3986; x_wconf 85' lang='grc' dir='ltr'><strong>τοῦ</strong></span> <span class='ocrx_word' id='word_1_469' title='bbox 747 3935 894 4002; x_wconf 79' lang='grc' dir='ltr'>παρᾶ</span> <span class='ocrx_word' id='word_1_470' title='bbox 939 3935 1228 4003; x_wconf 84' lang='grc' dir='ltr'>Ῥωμαίοις</span> <span class='ocrx_word' id='word_1_471' title='bbox 1263 3937 1621 4005; x_wconf 84' lang='grc' dir='ltr'>κεκινημένου</span> <span class='ocrx_word' id='word_1_472' title='bbox 1653 3935 1804 3988; x_wconf 81' lang='grc' dir='ltr'>πολέ-</span> 
     </span>
    </p>
   </div>
   <div class='ocr_carea' id='block_1_61' title="bbox 244 4021 1798 4098">
    <p class='ocr_par' dir='ltr' id='par_1_61' title="bbox 244 4021 1798 4098">
     <span class='ocr_line' id='line_1_61' title="bbox 244 4021 1798 4098; baseline 0.001 -21"><span class='ocrx_word' id='word_1_473' title='bbox 244 4044 350 4095; x_wconf 86' lang='grc' dir='ltr'><strong>μου</strong></span> <span class='ocrx_word' id='word_1_474' title='bbox 380 4025 604 4093; x_wconf 83' lang='grc' dir='ltr'>γνῶναι,</span> <span class='ocrx_word' id='word_1_475' title='bbox 632 4025 742 4078; x_wconf 77' lang='grc' dir='ltr'>δεῖν</span> <span class='ocrx_word' id='word_1_476' title='bbox 788 4024 1056 4090; x_wconf 76' lang='grc' dir='ltr'>ἔγνωσαν,</span> <span class='ocrx_word' id='word_1_477' title='bbox 1085 4025 1205 4077; x_wconf 72' lang='grc' dir='ltr'>ἐπεὶ</span> <span class='ocrx_word' id='word_1_478' title='bbox 1239 4026 1404 4092; x_wconf 73' lang='grc' dir='ltr'>ἐγγὺς</span> <span class='ocrx_word' id='word_1_479' title='bbox 1454 4021 1520 4096; x_wconf 77' lang='grc' dir='ltr'>ἦν</span> <span class='ocrx_word' id='word_1_480' title='bbox 1553 4026 1798 4098; x_wconf 51' lang='lat' dir='ltr'><strong>turpata:</strong></span> 
     </span>
    </p>
   </div>
   <div class='ocr_carea' id='block_1_62' title="bbox 244 4116 1810 4186">
    <p class='ocr_par' dir='ltr' id='par_1_62' title="bbox 244 4116 1810 4186">
     <span class='ocr_line' id='line_1_62' title="bbox 244 4116 1810 4186; baseline -0.003 -16"><span class='ocrx_word' id='word_1_481' title='bbox 244 4117 600 4186; x_wconf 81' lang='grc' dir='ltr'>πεδευμένος,</span> <span class='ocrx_word' id='word_1_482' title='bbox 640 4117 880 4184; x_wconf 72' lang='grc' dir='ltr'>πέμπειν</span> <span class='ocrx_word' id='word_1_483' title='bbox 928 4116 1061 4186; x_wconf 73' lang='grc' dir='ltr'>πρὸς</span> <span class='ocrx_word' id='word_1_484' title='bbox 1095 4117 1257 4168; x_wconf 83' lang='grc' dir='ltr'>αὐτόν</span> <span class='ocrx_word' id='word_1_485' title='bbox 1289 4133 1458 4180; x_wconf 90' lang='grc' dir='ltr'>τινας,</span> <span class='ocrx_word' id='word_1_486' title='bbox 1487 4116 1534 4169; x_wconf 86' lang='grc' dir='ltr'>οἳ</span> <span class='ocrx_word' id='word_1_487' title='bbox 1577 4116 1810 4180; x_wconf 71' lang='grc' dir='ltr'>διαλεξό-</span> 
     </span>
    </p>
   </div>
   <div class='ocr_carea' id='block_1_63' title="bbox 246 4199 1808 4278">
    <p class='ocr_par' dir='ltr' id='par_1_63' title="bbox 246 4199 1808 4278">
     <span class='ocr_line' id='line_1_63' title="bbox 246 4199 1808 4278; baseline 0.001 -19"><span class='ocrx_word' id='word_1_488' title='bbox 246 4225 401 4278; x_wconf 84' lang='grc' dir='ltr'>μενοι</span> <span class='ocrx_word' id='word_1_489' title='bbox 435 4210 532 4268; x_wconf 74' lang='grc' dir='ltr'>τὰς</span> <span class='ocrx_word' id='word_1_490' title='bbox 581 4206 757 4267; x_wconf 85' lang='grc' dir='ltr'>αἰτίας</span> <span class='ocrx_word' id='word_1_491' title='bbox 785 4206 1020 4258; x_wconf 82' lang='grc' dir='ltr'>είσονται</span> <span class='ocrx_word' id='word_1_492' title='bbox 1072 4207 1287 4274; x_wconf 83' lang='grc' dir='ltr'>σαφῶς,</span> <span class='ocrx_word' id='word_1_493' title='bbox 1320 4206 1377 4272; x_wconf 84' lang='grc' dir='ltr'>ἐξ</span> <span class='ocrx_word' id='word_1_494' title='bbox 1410 4199 1482 4259; x_wconf 84' lang='grc' dir='ltr'>ὧν</span> <span class='ocrx_word' id='word_1_495' title='bbox 1518 4209 1544 4259; x_wconf 85' lang='grc' dir='ltr'>ὁ</span> <span class='ocrx_word' id='word_1_496' title='bbox 1572 4208 1808 4276; x_wconf 81' lang='grc' dir='ltr'>πόλεμος</span> 
     </span>
    </p>
   </div>
   <div class='ocr_carea' id='block_1_64' title="bbox 242 4297 1810 4366">
    <p class='ocr_par' dir='ltr' id='par_1_64' title="bbox 242 4297 1810 4366">
     <span class='ocr_line' id='line_1_64' title="bbox 242 4297 1810 4366; baseline -0.001 -15"><span class='ocrx_word' id='word_1_497' title='bbox 242 4301 521 4366; x_wconf 82' lang='grc' dir='ltr'>κεκίνητο.</span> <span class='ocrx_word' id='word_1_498' title='bbox 555 4298 662 4350; x_wconf 83' lang='grc' dir='ltr'><strong>Καὶ</strong></span> <span class='ocrx_word' id='word_1_499' title='bbox 695 4297 975 4365; x_wconf 82' lang='grc' dir='ltr'>πέμπουσι</span> <span class='ocrx_word' id='word_1_500' title='bbox 1005 4297 1099 4349; x_wconf 88' lang='grc' dir='ltr'><strong>δύο</strong></span> <span class='ocrx_word' id='word_1_501' title='bbox 1136 4298 1287 4358; x_wconf 78' lang='grc' dir='ltr'>τινας</span> <span class='ocrx_word' id='word_1_502' title='bbox 1321 4299 1419 4365; x_wconf 77' lang='grc' dir='ltr'>τῆς</span> <span class='ocrx_word' id='word_1_503' title='bbox 1459 4298 1566 4350; x_wconf 81' lang='grc' dir='ltr'>τῶν</span> <span class='ocrx_word' id='word_1_504' title='bbox 1622 4316 1810 4366; x_wconf 77' lang='grc' dir='ltr'>μενον-</span> 
     </span>
    </p>
   </div>
   <div class='ocr_carea' id='block_1_65' title="bbox 243 4386 1808 4458">
    <p class='ocr_par' dir='ltr' id='par_1_65' title="bbox 243 4386 1808 4458">
     <span class='ocr_line' id='line_1_65' title="bbox 243 4386 1808 4458; baseline 0.001 -20"><span class='ocrx_word' id='word_1_505' title='bbox 243 4389 380 4458; x_wconf 88' lang='grc' dir='ltr'>ρίων</span> <span class='ocrx_word' id='word_1_506' title='bbox 407 4387 609 4452; x_wconf 81' lang='grc' dir='ltr'>τάξεως</span> <span class='ocrx_word' id='word_1_507' title='bbox 645 4386 930 4457; x_wconf 87' lang='grc' dir='ltr'>μοναχοὺς,</span> <span class='ocrx_word' id='word_1_508' title='bbox 965 4388 1218 4450; x_wconf 79' lang='grc' dir='ltr'>συνετοὺς</span> <span class='ocrx_word' id='word_1_509' title='bbox 1256 4387 1354 4456; x_wconf 82' lang='grc' dir='ltr'>μὲν</span> <span class='ocrx_word' id='word_1_510' title='bbox 1397 4387 1490 4440; x_wconf 70' lang='grc' dir='ltr'>καὶ</span> <span class='ocrx_word' id='word_1_511' title='bbox 1514 4387 1710 4452; x_wconf 79' lang='grc' dir='ltr'>ἄλλως,</span> <span class='ocrx_word' id='word_1_512' title='bbox 1747 4389 1808 4440; x_wconf 79' lang='grc' dir='ltr'><strong>ού</strong></span> 
     </span>
    </p>
   </div>
   <div class='ocr_carea' id='block_1_66' title="bbox 245 4477 1810 4552">
    <p class='ocr_par' dir='ltr' id='par_1_66' title="bbox 245 4477 1810 4552">
     <span class='ocr_line' id='line_1_66' title="bbox 245 4477 1810 4552; baseline -0.001 -20"><span class='ocrx_word' id='word_1_513' title='bbox 245 4480 359 4552; x_wconf 79' lang='grc' dir='ltr'>μὴν</span> <span class='ocrx_word' id='word_1_514' title='bbox 387 4480 524 4540; x_wconf 72' lang='grc' dir='ltr'>ἀλλὰ</span> <span class='ocrx_word' id='word_1_515' title='bbox 556 4481 646 4531; x_wconf 78' lang='grc' dir='ltr'>καὶ</span> <span class='ocrx_word' id='word_1_516' title='bbox 677 4479 870 4545; x_wconf 84' lang='grc' dir='ltr'>σοφίας</span> <span class='ocrx_word' id='word_1_517' title='bbox 895 4479 994 4548; x_wconf 80' lang='grc' dir='ltr'>τῆς</span> <span class='ocrx_word' id='word_1_518' title='bbox 1024 4481 1175 4548; x_wconf 73' lang='grc' dir='ltr'>παρὰ</span> <span class='ocrx_word' id='word_1_519' title='bbox 1210 4477 1502 4548; x_wconf 86' lang='grc' dir='ltr'>Ῥωμαίοις</span> <span class='ocrx_word' id='word_1_520' title='bbox 1535 4479 1613 4542; x_wconf 87' lang='grc' dir='ltr'><strong>εἰς</strong></span> <span class='ocrx_word' id='word_1_521' title='bbox 1642 4481 1810 4548; x_wconf 76' lang='grc' dir='ltr'>ἀκρον</span> 
     </span>
    </p>
   </div>
   <div class='ocr_carea' id='block_1_67' title="bbox 1911 3365 3473 3434">
    <p class='ocr_par' dir='ltr' id='par_1_67' title="bbox 1911 3365 3473 3434">
     <span class='ocr_line' id='line_1_67' title="bbox 1911 3365 3473 3434; baseline -0.001 -16"><span class='ocrx_word' id='word_1_522' title='bbox 1911 3367 1966 3418; x_wconf 90' lang='lat' dir='ltr'><strong>in</strong></span> <span class='ocrx_word' id='word_1_523' title='bbox 2002 3365 2389 3434; x_wconf 86' lang='lat' dir='ltr'><strong>imperatorem</strong></span> <span class='ocrx_word' id='word_1_524' title='bbox 2459 3365 2731 3433; x_wconf 82' lang='lat' dir='ltr'><strong>ingratum</strong></span> <span class='ocrx_word' id='word_1_525' title='bbox 2777 3374 2940 3434; x_wconf 87' lang='lat' dir='ltr'><strong>atque</strong></span> <span class='ocrx_word' id='word_1_526' title='bbox 2979 3365 3281 3434; x_wconf 86' lang='lat' dir='ltr'><strong>improbum</strong></span> <span class='ocrx_word' id='word_1_527' title='bbox 3318 3379 3473 3433; x_wconf 90' lang='lat' dir='ltr'><strong>repe-</strong></span> 
     </span>
    </p>
   </div>
   <div class='ocr_carea' id='block_1_68' title="bbox 1912 3455 3472 3527">
    <p class='ocr_par' dir='ltr' id='par_1_68' title="bbox 1912 3455 3472 3527">
     <span class='ocr_line' id='line_1_68' title="bbox 1912 3455 3472 3527; baseline 0.001 -17"><span class='ocrx_word' id='word_1_528' title='bbox 1912 3455 2005 3510; x_wconf 90' lang='lat' dir='ltr'><strong>riri</strong></span> <span class='ocrx_word' id='word_1_529' title='bbox 2042 3457 2284 3524; x_wconf 86' lang='lat' dir='ltr'><strong>potuisse</strong></span> <span class='ocrx_word' id='word_1_530' title='bbox 2315 3474 2327 3509; x_wconf 88' lang='lat'><strong>:</strong></span> <span class='ocrx_word' id='word_1_531' title='bbox 2355 3469 2477 3508; x_wconf 91' lang='lat' dir='ltr'><strong>cum</strong></span> <span class='ocrx_word' id='word_1_532' title='bbox 2537 3457 2674 3522; x_wconf 57' lang='lat' dir='ltr'><strong>ha‘c,</strong></span> <span class='ocrx_word' id='word_1_533' title='bbox 2721 3456 2962 3526; x_wconf 87' lang='lat' dir='ltr'><strong>inquam.</strong></span> <span class='ocrx_word' id='word_1_534' title='bbox 2995 3459 3320 3527; x_wconf 75' lang='lat' dir='ltr'><strong>cogitarent,</strong></span> <span class='ocrx_word' id='word_1_535' title='bbox 3371 3473 3472 3511; x_wconf 90' lang='lat' dir='ltr'><strong>nec</strong></span> 
     </span>
    </p>
   </div>
   <div class='ocr_carea' id='block_1_69' title="bbox 1911 3546 3468 3619">
    <p class='ocr_par' dir='ltr' id='par_1_69' title="bbox 1911 3546 3468 3619">
     <span class='ocr_line' id='line_1_69' title="bbox 1911 3546 3468 3619; baseline 0.001 -18"><span class='ocrx_word' id='word_1_536' title='bbox 1911 3547 2069 3602; x_wconf 78' lang='lat' dir='ltr'><strong>[idem</strong></span> <span class='ocrx_word' id='word_1_537' title='bbox 2099 3546 2513 3601; x_wconf 87' lang='lat' dir='ltr'><strong>accusatoribus</strong></span> <span class='ocrx_word' id='word_1_538' title='bbox 2542 3548 2858 3619; x_wconf 79' lang='lat' dir='ltr'><strong>adjungere,</strong></span> <span class='ocrx_word' id='word_1_539' title='bbox 2899 3564 2996 3602; x_wconf 91' lang='lat' dir='ltr'><strong>nec</strong></span> <span class='ocrx_word' id='word_1_540' title='bbox 3025 3564 3248 3617; x_wconf 85' lang='lat' dir='ltr'><strong>prorsus</strong></span> <span class='ocrx_word' id='word_1_541' title='bbox 3281 3549 3468 3602; x_wconf 86' lang='lat' dir='ltr'><strong>detra—</strong></span> 
     </span>
    </p>
   </div>
   <div class='ocr_carea' id='block_1_70' title="bbox 1910 3639 3463 3709">
    <p class='ocr_par' dir='ltr' id='par_1_70' title="bbox 1910 3639 3463 3709">
     <span class='ocr_line' id='line_1_70' title="bbox 1910 3639 3463 3709; baseline 0 -15"><span class='ocrx_word' id='word_1_542' title='bbox 1910 3642 2042 3694; x_wconf 89' lang='lat' dir='ltr'><strong>here</strong></span> <span class='ocrx_word' id='word_1_543' title='bbox 2080 3649 2346 3709; x_wconf 88' lang='lat' dir='ltr'><strong>poterant,</strong></span> <span class='ocrx_word' id='word_1_544' title='bbox 2383 3641 2524 3709; x_wconf 93' lang='lat' dir='ltr'><strong>quod</strong></span> <span class='ocrx_word' id='word_1_545' title='bbox 2568 3641 2701 3694; x_wconf 87' lang='lat' dir='ltr'><strong>adeo</strong></span> <span class='ocrx_word' id='word_1_546' title='bbox 2733 3655 2762 3692; x_wconf 89' lang='lat' dir='ltr'><strong>a</strong></span> <span class='ocrx_word' id='word_1_547' title='bbox 2801 3639 2983 3693; x_wconf 89' lang='lat' dir='ltr'><strong>multis</strong></span> <span class='ocrx_word' id='word_1_548' title='bbox 3014 3639 3463 3706; x_wconf 76' lang='lat' dir='ltr'><strong>przedicarentur.</strong></span> 
     </span>
    </p>
   </div>
   <div class='ocr_carea' id='block_1_71' title="bbox 1909 3730 3470 3800">
    <p class='ocr_par' dir='ltr' id='par_1_71' title="bbox 1909 3730 3470 3800">
     <span class='ocr_line' id='line_1_71' title="bbox 1909 3730 3470 3800; baseline 0.001 -18"><span class='ocrx_word' id='word_1_549' title='bbox 1909 3730 2173 3796; x_wconf 88' lang='lat' dir='ltr'><strong>Quocirca</strong></span> <span class='ocrx_word' id='word_1_550' title='bbox 2208 3738 2416 3785; x_wconf 90' lang='lat' dir='ltr'><strong>certum</strong></span> <span class='ocrx_word' id='word_1_551' title='bbox 2473 3731 2674 3800; x_wconf 87' lang='lat' dir='ltr'><strong>aliquid</strong></span> <span class='ocrx_word' id='word_1_552' title='bbox 2728 3731 2794 3785; x_wconf 90' lang='lat' dir='ltr'><strong>dc</strong></span> <span class='ocrx_word' id='word_1_553' title='bbox 2849 3731 2973 3784; x_wconf 90' lang='lat' dir='ltr'><strong>belli</strong></span> <span class='ocrx_word' id='word_1_554' title='bbox 3017 3745 3179 3784; x_wconf 87' lang='lat' dir='ltr'><strong>causa</strong></span> <span class='ocrx_word' id='word_1_555' title='bbox 3214 3740 3267 3782; x_wconf 91' lang='lat' dir='ltr'><strong>et</strong></span> <span class='ocrx_word' id='word_1_556' title='bbox 3298 3731 3470 3783; x_wconf 87' lang='lat' dir='ltr'><strong>initiis</strong></span> 
     </span>
    </p>
   </div>
   <div class='ocr_carea' id='block_1_72' title="bbox 1910 3821 3468 3891">
    <p class='ocr_par' dir='ltr' id='par_1_72' title="bbox 1910 3821 3468 3891">
     <span class='ocr_line' id='line_1_72' title="bbox 1910 3821 3468 3891; baseline 0.001 -17"><span class='ocrx_word' id='word_1_557' title='bbox 1910 3836 2239 3891; x_wconf 78' lang='lat' dir='ltr'><strong>cognoscere</strong></span> <span class='ocrx_word' id='word_1_558' title='bbox 2273 3822 2574 3888; x_wconf 89' lang='lat' dir='ltr'><strong>nimiopere</strong></span> <span class='ocrx_word' id='word_1_559' title='bbox 2606 3822 2906 3891; x_wconf 90' lang='lat' dir='ltr'><strong>cupientes,</strong></span> <span class='ocrx_word' id='word_1_560' title='bbox 2937 3821 3368 3890; x_wconf 86' lang='lat' dir='ltr'><strong>quandoquidem</strong></span> <span class='ocrx_word' id='word_1_561' title='bbox 3423 3822 3468 3876; x_wconf 88' lang='lat' dir='ltr'><strong>is</strong></span> 
     </span>
    </p>
   </div>
   <div class='ocr_carea' id='block_1_73' title="bbox 1910 3913 3460 3982">
    <p class='ocr_par' dir='ltr' id='par_1_73' title="bbox 1910 3913 3460 3982">
     <span class='ocr_line' id='line_1_73' title="bbox 1910 3913 3460 3982; baseline 0 -16"><span class='ocrx_word' id='word_1_562' title='bbox 1910 3929 2076 3982; x_wconf 76' lang='lat' dir='ltr'><strong>prope</strong></span> <span class='ocrx_word' id='word_1_563' title='bbox 2103 3925 2280 3968; x_wconf 89' lang='lat' dir='ltr'><strong>castra</strong></span> <span class='ocrx_word' id='word_1_564' title='bbox 2307 3913 2546 3976; x_wconf 81' lang='lat' dir='ltr'><strong>haberet,</strong></span> <span class='ocrx_word' id='word_1_565' title='bbox 2577 3914 2840 3982; x_wconf 89' lang='lat' dir='ltr'><strong>quosdam</strong></span> <span class='ocrx_word' id='word_1_566' title='bbox 2878 3928 3002 3966; x_wconf 87' lang='lat' dir='ltr'><strong>eum</strong></span> <span class='ocrx_word' id='word_1_567' title='bbox 3052 3921 3460 3981; x_wconf 89' lang='lat' dir='ltr'><strong>percunctatum</strong></span> 
     </span>
    </p>
   </div>
   <div class='ocr_carea' id='block_1_74' title="bbox 1910 4003 3467 4072">
    <p class='ocr_par' dir='ltr' id='par_1_74' title="bbox 1910 4003 3467 4072">
     <span class='ocr_line' id='line_1_74' title="bbox 1910 4003 3467 4072; baseline 0.001 -15"><span class='ocrx_word' id='word_1_568' title='bbox 1910 4005 2206 4059; x_wconf 88' lang='lat' dir='ltr'><strong>mittendos</strong></span> <span class='ocrx_word' id='word_1_569' title='bbox 2238 4013 2568 4068; x_wconf 86' lang='lat' dir='ltr'><strong>statuerunt,</strong></span> <span class='ocrx_word' id='word_1_570' title='bbox 2597 4014 2662 4058; x_wconf 80' lang='lat' dir='ltr'><strong>ut</strong></span> <span class='ocrx_word' id='word_1_571' title='bbox 2709 4003 2852 4072; x_wconf 89' lang='lat' dir='ltr'><strong>quod</strong></span> <span class='ocrx_word' id='word_1_572' title='bbox 2886 4003 3162 4065; x_wconf 79' lang='lat' dir='ltr'><strong>volebant,</strong></span> <span class='ocrx_word' id='word_1_573' title='bbox 3191 4005 3467 4072; x_wconf 77' lang='lat' dir='ltr'><strong>explorate</strong></span> 
     </span>
    </p>
   </div>
   <div class='ocr_carea' id='block_1_75' title="bbox 1909 4095 3464 4166">
    <p class='ocr_par' dir='ltr' id='par_1_75' title="bbox 1909 4095 3464 4166">
     <span class='ocr_line' id='line_1_75' title="bbox 1909 4095 3464 4166; baseline 0 -15"><span class='ocrx_word' id='word_1_574' title='bbox 1909 4097 2202 4151; x_wconf 86' lang='lat' dir='ltr'><strong>discerent.</strong></span> <span class='ocrx_word' id='word_1_575' title='bbox 2237 4095 2454 4149; x_wconf 79' lang='lat' dir='ltr'><strong>Mittunt</strong></span> <span class='ocrx_word' id='word_1_576' title='bbox 2517 4096 2681 4166; x_wconf 76' lang='lat' dir='ltr'><strong>i&#39;gitur</strong></span> <span class='ocrx_word' id='word_1_577' title='bbox 2740 4096 2875 4150; x_wconf 89' lang='lat' dir='ltr'><strong>duos</strong></span> <span class='ocrx_word' id='word_1_578' title='bbox 2913 4096 3185 4149; x_wconf 81' lang='lat' dir='ltr'><strong>Minorutn</strong></span> <span class='ocrx_word' id='word_1_579' title='bbox 3235 4096 3464 4150; x_wconf 86' lang='lat' dir='ltr'><strong>instituti</strong></span> 
     </span>
    </p>
   </div>
   <div class='ocr_carea' id='block_1_76' title="bbox 1913 4186 3467 4257">
    <p class='ocr_par' dir='ltr' id='par_1_76' title="bbox 1913 4186 3467 4257">
     <span class='ocr_line' id='line_1_76' title="bbox 1913 4186 3467 4257; baseline -0.001 -16"><span class='ocrx_word' id='word_1_580' title='bbox 1913 4189 2228 4252; x_wconf 88' lang='lat' dir='ltr'><strong>monachos,</strong></span> <span class='ocrx_word' id='word_1_581' title='bbox 2264 4187 2558 4256; x_wconf 63' lang='lat' dir='ltr'><strong>ca‘teroqui</strong></span> <span class='ocrx_word' id='word_1_582' title='bbox 2588 4187 2903 4257; x_wconf 88' lang='lat' dir='ltr'><strong>prudentes,</strong></span> <span class='ocrx_word' id='word_1_583' title='bbox 2939 4198 2993 4243; x_wconf 93' lang='lat' dir='ltr'><strong>et</strong></span> <span class='ocrx_word' id='word_1_584' title='bbox 3037 4186 3244 4242; x_wconf 88' lang='lat' dir='ltr'><strong>Latinis</strong></span> <span class='ocrx_word' id='word_1_585' title='bbox 3273 4186 3467 4241; x_wconf 89' lang='lat' dir='ltr'><strong>litteris</strong></span> 
     </span>
    </p>
   </div>
   <div class='ocr_carea' id='block_1_77' title="bbox 1910 4277 3462 4350">
    <p class='ocr_par' dir='ltr' id='par_1_77' title="bbox 1910 4277 3462 4350">
     <span class='ocr_line' id='line_1_77' title="bbox 1910 4277 3462 4350; baseline -0.001 -16"><span class='ocrx_word' id='word_1_586' title='bbox 1910 4280 2328 4342; x_wconf 78' lang='lat' dir='ltr'><strong>excultissimos,</strong></span> <span class='ocrx_word' id='word_1_587' title='bbox 2354 4277 2517 4350; x_wconf 61' lang='lat'><strong>635</strong></span> <span class='ocrx_word' id='word_1_588' title='bbox 2549 4289 2604 4333; x_wconf 88' lang='lat' dir='ltr'><strong>et</strong></span> <span class='ocrx_word' id='word_1_589' title='bbox 2643 4278 2697 4332; x_wconf 92' lang='lat' dir='ltr'><strong>in</strong></span> <span class='ocrx_word' id='word_1_590' title='bbox 2747 4278 3076 4332; x_wconf 84' lang='lat' dir='ltr'><strong>Aristotelea</strong></span> <span class='ocrx_word' id='word_1_591' title='bbox 3119 4279 3462 4348; x_wconf 90' lang='lat' dir='ltr'><strong>philosophia</strong></span> 
     </span>
    </p>
   </div>
   <div class='ocr_carea' id='block_1_78' title="bbox 1914 4369 3466 4438">
    <p class='ocr_par' dir='ltr' id='par_1_78' title="bbox 1914 4369 3466 4438">
     <span class='ocr_line' id='line_1_78' title="bbox 1914 4369 3466 4438; baseline -0.003 -12"><span class='ocrx_word' id='word_1_592' title='bbox 1914 4371 2416 4426; x_wconf 80' lang='lat' dir='ltr'><strong>exercitatissimos.</strong></span> <span class='ocrx_word' id='word_1_593' title='bbox 2458 4369 2662 4423; x_wconf 86' lang='lat' dir='ltr'><strong>Horum</strong></span> <span class='ocrx_word' id='word_1_594' title='bbox 2703 4385 2846 4424; x_wconf 89' lang='lat' dir='ltr'><strong>unus</strong></span> <span class='ocrx_word' id='word_1_595' title='bbox 2880 4377 2999 4424; x_wconf 91' lang='lat' dir='ltr'><strong>erat</strong></span> <span class='ocrx_word' id='word_1_596' title='bbox 3044 4370 3344 4433; x_wconf 83' lang='lat' dir='ltr'><strong>Sahaudus,</strong></span> <span class='ocrx_word' id='word_1_597' title='bbox 3374 4385 3466 4438; x_wconf 86' lang='lat' dir='ltr'><strong>pa-</strong></span> 
     </span>
    </p>
   </div>
   <div class='ocr_carea' id='block_1_79' title="bbox 1916 4461 3460 4533">
    <p class='ocr_par' dir='ltr' id='par_1_79' title="bbox 1916 4461 3460 4533">
     <span class='ocr_line' id='line_1_79' title="bbox 1916 4461 3460 4533; baseline -0.001 -15"><span class='ocrx_word' id='word_1_598' title='bbox 1916 4475 2066 4520; x_wconf 88' lang='lat' dir='ltr'><strong>terna</strong></span> <span class='ocrx_word' id='word_1_599' title='bbox 2102 4462 2421 4533; x_wconf 79' lang='lat' dir='ltr'><strong>cognatione</strong></span> <span class='ocrx_word' id='word_1_600' title='bbox 2467 4463 2638 4517; x_wconf 74' lang='lat' dir='ltr'><strong>Anna:</strong></span> <span class='ocrx_word' id='word_1_601' title='bbox 2673 4461 3008 4531; x_wconf 81' lang='lat' dir='ltr'><strong>imperatrici</strong></span> <span class='ocrx_word' id='word_1_602' title='bbox 3061 4461 3305 4532; x_wconf 89' lang='lat' dir='ltr'><strong>junctus,</strong></span> <span class='ocrx_word' id='word_1_603' title='bbox 3342 4479 3460 4517; x_wconf 85' lang='lat' dir='ltr'><strong>mo-</strong></span> 
     </span>
    </p>
   </div>
   <div class='ocr_carea' id='block_1_80' title="bbox 239 4555 1808 4642">
    <p class='ocr_par' dir='ltr' id='par_1_80' title="bbox 239 4569 1806 4642">
     <span class='ocr_line' id='line_1_80' title="bbox 239 4569 1806 4642; baseline -0.004 -14"><span class='ocrx_word' id='word_1_604' title='bbox 239 4573 706 4642; x_wconf 73' lang='grc' dir='ltr'>ἐληλακότας,καὶ</span> <span class='ocrx_word' id='word_1_605' title='bbox 733 4571 801 4625; x_wconf 81' lang='grc' dir='ltr'>τὰ</span> <span class='ocrx_word' id='word_1_606' title='bbox 828 4570 1230 4641; x_wconf 77' lang='grc' dir='ltr'>Ἀριστοτέλους</span> <span class='ocrx_word' id='word_1_607' title='bbox 1275 4569 1534 4624; x_wconf 81' lang='grc' dir='ltr'>κάλλιστα</span> <span class='ocrx_word' id='word_1_608' title='bbox 1569 4571 1806 4639; x_wconf 82' lang='grc' dir='ltr'>ἐξησκη-</span> 
     </span>
    </p>
   </div>
   <div class='ocr_carea' id='block_1_81' title="bbox 1918 4555 3463 4642">
    <p class='ocr_par' dir='ltr' id='par_1_81' title="bbox 1918 4555 3463 4625">
     <span class='ocr_line' id='line_1_81' title="bbox 1918 4555 3463 4625; baseline -0.002 -13"><span class='ocrx_word' id='word_1_609' title='bbox 1918 4558 2210 4614; x_wconf 91' lang='lat' dir='ltr'><strong>nachorum</strong></span> <span class='ocrx_word' id='word_1_610' title='bbox 2252 4555 2526 4611; x_wconf 89' lang='lat' dir='ltr'><strong>minorum</strong></span> <span class='ocrx_word' id='word_1_611' title='bbox 2582 4555 2834 4611; x_wconf 87' lang='lat' dir='ltr'><strong>antistes.</strong></span> <span class='ocrx_word' id='word_1_612' title='bbox 2885 4556 3226 4625; x_wconf 86' lang='lat' dir='ltr'><strong>Quapropter</strong></span> <span class='ocrx_word' id='word_1_613' title='bbox 3258 4566 3313 4610; x_wconf 89' lang='lat' dir='ltr'><strong>et</strong></span> <span class='ocrx_word' id='word_1_614' title='bbox 3353 4564 3463 4609; x_wconf 85' lang='lat' dir='ltr'><strong>tum</strong></span> 
     </span>
    </p>
   </div>
   <div class='ocr_carea' id='block_1_82' title="bbox 243 4661 1809 4733">
    <p class='ocr_par' dir='ltr' id='par_1_82' title="bbox 243 4661 1809 4733">
     <span class='ocr_line' id='line_1_82' title="bbox 243 4661 1809 4733; baseline -0.001 -18"><span class='ocrx_word' id='word_1_615' title='bbox 243 4666 461 4733; x_wconf 77' lang='grc' dir='ltr'>μένους.</span> <span class='ocrx_word' id='word_1_616' title='bbox 489 4662 597 4715; x_wconf 81' lang='grc' dir='ltr'><strong>Ἷιν</strong></span> <span class='ocrx_word' id='word_1_617' title='bbox 627 4662 682 4716; x_wconf 79' lang='grc' dir='ltr'>δὲ</span> <span class='ocrx_word' id='word_1_618' title='bbox 711 4661 739 4715; x_wconf 81' lang='grc'>6</span> <span class='ocrx_word' id='word_1_619' title='bbox 777 4663 874 4732; x_wconf 86' lang='grc' dir='ltr'>μὲν</span> <span class='ocrx_word' id='word_1_620' title='bbox 922 4662 1005 4714; x_wconf 75' lang='grc' dir='ltr'>ἒτε</span> <span class='ocrx_word' id='word_1_621' title='bbox 1017 4679 1107 4731; x_wconf 90' lang='grc' dir='ltr'><strong>ρος</strong></span> <span class='ocrx_word' id='word_1_622' title='bbox 1142 4663 1322 4714; x_wconf 84' lang='grc' dir='ltr'>αὐτῶν</span> <span class='ocrx_word' id='word_1_623' title='bbox 1356 4664 1418 4714; x_wconf 77' lang='grc' dir='ltr'><strong>ἐκ</strong></span> <span class='ocrx_word' id='word_1_624' title='bbox 1443 4661 1690 4723; x_wconf 75' lang='grc' dir='ltr'>Σαδωΐας</span> <span class='ocrx_word' id='word_1_625' title='bbox 1714 4662 1809 4730; x_wconf 83' lang='grc' dir='ltr'>τῆς</span> 
     </span>
    </p>
   </div>
   <div class='ocr_carea' id='block_1_83' title="bbox 241 4753 1811 4828">
    <p class='ocr_par' dir='ltr' id='par_1_83' title="bbox 241 4753 1811 4828">
     <span class='ocr_line' id='line_1_83' title="bbox 241 4753 1811 4828; baseline -0.003 -18"><span class='ocrx_word' id='word_1_626' title='bbox 241 4755 508 4825; x_wconf 81' lang='grc' dir='ltr'>πατρῴας</span> <span class='ocrx_word' id='word_1_627' title='bbox 544 4755 720 4818; x_wconf 82' lang='grc' dir='ltr'>οἰκίας</span> <span class='ocrx_word' id='word_1_628' title='bbox 754 4756 922 4828; x_wconf 76' lang='grc' dir='ltr'>Ἀννῃ</span> <span class='ocrx_word' id='word_1_629' title='bbox 958 4757 1023 4826; x_wconf 84' lang='grc' dir='ltr'><strong>τῇ</strong></span> <span class='ocrx_word' id='word_1_630' title='bbox 1077 4753 1332 4824; x_wconf 87' lang='grc' dir='ltr'>βασιλίδι,</span> <span class='ocrx_word' id='word_1_631' title='bbox 1365 4755 1471 4807; x_wconf 86' lang='grc' dir='ltr'><strong>τῶν</strong></span> <span class='ocrx_word' id='word_1_632' title='bbox 1507 4755 1811 4824; x_wconf 87' lang='grc' dir='ltr'>μενουρίων</span> 
     </span>
    </p>
   </div>
   <div class='ocr_carea' id='block_1_84' title="bbox 241 4846 1808 4919">
    <p class='ocr_par' dir='ltr' id='par_1_84' title="bbox 241 4846 1808 4919">
     <span class='ocr_line' id='line_1_84' title="bbox 241 4846 1808 4919; baseline -0.003 -18"><span class='ocrx_word' id='word_1_633' title='bbox 241 4847 605 4919; x_wconf 75' lang='grc' dir='ltr'>ήγούμινους.</span> <span class='ocrx_word' id='word_1_634' title='bbox 637 4847 727 4901; x_wconf 87' lang='grc' dir='ltr'>Διδ</span> <span class='ocrx_word' id='word_1_635' title='bbox 760 4847 855 4902; x_wconf 78' lang='grc' dir='ltr'>καὶ</span> <span class='ocrx_word' id='word_1_636' title='bbox 897 4848 1018 4900; x_wconf 80' lang='grc' dir='ltr'>τότε</span> <span class='ocrx_word' id='word_1_637' title='bbox 1069 4847 1205 4917; x_wconf 75' lang='grc' dir='ltr'>πρὸς</span> <span class='ocrx_word' id='word_1_638' title='bbox 1245 4846 1470 4916; x_wconf 76' lang='grc' dir='ltr'>βασιλέα</span> <span class='ocrx_word' id='word_1_639' title='bbox 1505 4849 1654 4918; x_wconf 71' lang='grc' dir='ltr'>παρὰ</span> <span class='ocrx_word' id='word_1_640' title='bbox 1699 4847 1808 4898; x_wconf 84' lang='grc' dir='ltr'>τῶν</span> 
     </span>
    </p>
   </div>
   <div class='ocr_carea' id='block_1_85' title="bbox 239 4939 1808 5009">
    <p class='ocr_par' dir='ltr' id='par_1_85' title="bbox 239 4939 1808 5009">
     <span class='ocr_line' id='line_1_85' title="bbox 239 4939 1808 5009; baseline -0.001 -15"><span class='ocrx_word' id='word_1_641' title='bbox 239 4941 534 5009; x_wconf 77' lang='grc' dir='ltr'>ὁμοφύλων</span> <span class='ocrx_word' id='word_1_642' title='bbox 565 4940 843 5009; x_wconf 84' lang='grc' dir='ltr'>ἐπέμφθη,</span> <span class='ocrx_word' id='word_1_643' title='bbox 884 4940 949 4993; x_wconf 80' lang='grc' dir='ltr'><strong>ἶν’</strong></span> <span class='ocrx_word' id='word_1_644' title='bbox 981 4940 1055 5003; x_wconf 84' lang='grc' dir='ltr'><strong>ὡς</strong></span> <span class='ocrx_word' id='word_1_645' title='bbox 1093 4939 1324 5009; x_wconf 76' lang='grc' dir='ltr'>μάλιστα</span> <span class='ocrx_word' id='word_1_646' title='bbox 1355 4941 1451 5003; x_wconf 78' lang='grc' dir='ltr'><strong>τὰς</strong></span> <span class='ocrx_word' id='word_1_647' title='bbox 1481 4941 1659 5002; x_wconf 87' lang='grc' dir='ltr'>αἰτίας</span> <span class='ocrx_word' id='word_1_648' title='bbox 1694 4941 1808 5004; x_wconf 82' lang='grc' dir='ltr'>ἐξε-</span> 
     </span>
    </p>
   </div>
   <div class='ocr_carea' id='block_1_86' title="bbox 240 5030 1807 5104">
    <p class='ocr_par' dir='ltr' id='par_1_86' title="bbox 240 5030 1807 5104">
     <span class='ocr_line' id='line_1_86' title="bbox 240 5030 1807 5104; baseline 0 -20"><span class='ocrx_word' id='word_1_649' title='bbox 240 5033 387 5104; x_wconf 74' lang='grc' dir='ltr'>τάσῃ</span> <span class='ocrx_word' id='word_1_650' title='bbox 435 5031 530 5084; x_wconf 81' lang='grc' dir='ltr'>τοῦ</span> <span class='ocrx_word' id='word_1_651' title='bbox 580 5031 843 5100; x_wconf 82' lang='grc' dir='ltr'>πολέμου,</span> <span class='ocrx_word' id='word_1_652' title='bbox 877 5033 944 5102; x_wconf 80' lang='grc' dir='ltr'>τῇ</span> <span class='ocrx_word' id='word_1_653' title='bbox 998 5032 1133 5102; x_wconf 81' lang='grc' dir='ltr'>πρὸς</span> <span class='ocrx_word' id='word_1_654' title='bbox 1185 5030 1434 5101; x_wconf 81' lang='grc' dir='ltr'>βασιλίδα</span> <span class='ocrx_word' id='word_1_655' title='bbox 1477 5031 1574 5102; x_wconf 78' lang='grc' dir='ltr'>τὴν</span> <span class='ocrx_word' id='word_1_656' title='bbox 1610 5033 1807 5085; x_wconf 85' lang='grc' dir='ltr'>Ἀνναν</span> 
     </span>
    </p>
   </div>
   <div class='ocr_carea' id='block_1_87' title="bbox 239 5124 1806 5196">
    <p class='ocr_par' dir='ltr' id='par_1_87' title="bbox 239 5124 1806 5196">
     <span class='ocr_line' id='line_1_87' title="bbox 239 5124 1806 5196; baseline 0.001 -17"><span class='ocrx_word' id='word_1_657' title='bbox 239 5125 547 5192; x_wconf 78' lang='grc' dir='ltr'>οἰκειότητι</span> <span class='ocrx_word' id='word_1_658' title='bbox 571 5126 630 5177; x_wconf 84' lang='grc' dir='ltr'>οὐ</span> <span class='ocrx_word' id='word_1_659' title='bbox 672 5126 832 5194; x_wconf 82' lang='grc' dir='ltr'>μόνον</span> <span class='ocrx_word' id='word_1_660' title='bbox 875 5124 1087 5194; x_wconf 76' lang='grc' dir='ltr'>βασιλεῖ</span> <span class='ocrx_word' id='word_1_661' title='bbox 1131 5125 1206 5195; x_wconf 75' lang='grc' dir='ltr'>μὴ</span> <span class='ocrx_word' id='word_1_662' title='bbox 1253 5126 1634 5196; x_wconf 73' lang='grc' dir='ltr'>χαριζόμενος,</span> <span class='ocrx_word' id='word_1_663' title='bbox 1670 5128 1806 5181; x_wconf 76' lang='grc' dir='ltr'>ἀλλὰ</span> 
     </span>
    </p>
   </div>
   <div class='ocr_carea' id='block_1_88' title="bbox 237 5218 1805 5287">
    <p class='ocr_par' dir='ltr' id='par_1_88' title="bbox 237 5218 1805 5287">
     <span class='ocr_line' id='line_1_88' title="bbox 237 5218 1805 5287; baseline 0 -15"><span class='ocrx_word' id='word_1_664' title='bbox 237 5218 342 5272; x_wconf 81' lang='grc' dir='ltr'>καὶ</span> <span class='ocrx_word' id='word_1_665' title='bbox 377 5219 672 5286; x_wconf 80' lang='grc' dir='ltr'>ἀντιλέγων</span> <span class='ocrx_word' id='word_1_666' title='bbox 718 5221 810 5272; x_wconf 72' lang='grc' dir='ltr'>καὶ</span> <span class='ocrx_word' id='word_1_667' title='bbox 853 5219 1191 5287; x_wconf 83' lang='grc' dir='ltr'>ἁπελέγχων,</span> <span class='ocrx_word' id='word_1_668' title='bbox 1240 5219 1343 5271; x_wconf 77' lang='grc' dir='ltr'>ὅσα</span> <span class='ocrx_word' id='word_1_669' title='bbox 1376 5219 1594 5274; x_wconf 84' lang='grc' dir='ltr'>δυνατά.</span> <span class='ocrx_word' id='word_1_670' title='bbox 1644 5220 1701 5272; x_wconf 86' lang='lat'><strong>&#39;0</strong></span> <span class='ocrx_word' id='word_1_671' title='bbox 1749 5221 1805 5274; x_wconf 82' lang='grc' dir='ltr'>δὲ</span> 
     </span>
    </p>
   </div>
   <div class='ocr_carea' id='block_1_89' title="bbox 233 5309 1804 5381">
    <p class='ocr_par' dir='ltr' id='par_1_89' title="bbox 233 5309 1804 5381">
     <span class='ocr_line' id='line_1_89' title="bbox 233 5309 1804 5381; baseline 0.001 -17"><span class='ocrx_word' id='word_1_672' title='bbox 233 5311 429 5372; x_wconf 80' lang='grc' dir='ltr'>λοιπὸς</span> <span class='ocrx_word' id='word_1_673' title='bbox 477 5311 584 5362; x_wconf 78' lang='grc' dir='ltr'>τῶν</span> <span class='ocrx_word' id='word_1_674' title='bbox 605 5309 1006 5378; x_wconf 75' lang='grc' dir='ltr'>ἐξεταζομένων</span> <span class='ocrx_word' id='word_1_675' title='bbox 1030 5311 1302 5380; x_wconf 78' lang='grc' dir='ltr'>ἀκροατὴς</span> <span class='ocrx_word' id='word_1_676' title='bbox 1357 5314 1612 5380; x_wconf 83' lang='grc' dir='ltr'>ἐσόμενος</span> <span class='ocrx_word' id='word_1_677' title='bbox 1643 5313 1804 5381; x_wconf 87' lang='grc' dir='ltr'>μόνον</span> 
     </span>
    </p>
   </div>
   <div class='ocr_carea' id='block_1_90' title="bbox 231 5399 1804 5473">
    <p class='ocr_par' dir='ltr' id='par_1_90' title="bbox 231 5399 1804 5473">
     <span class='ocr_line' id='line_1_90' title="bbox 231 5399 1804 5473; baseline 0.001 -19"><span class='ocrx_word' id='word_1_678' title='bbox 231 5404 389 5473; x_wconf 78' lang='grc' dir='ltr'>ἣκει·</span> <span class='ocrx_word' id='word_1_679' title='bbox 425 5401 510 5454; x_wconf 80' lang='grc' dir='ltr'><strong>ἵνα</strong></span> <span class='ocrx_word' id='word_1_680' title='bbox 543 5401 616 5472; x_wconf 82' lang='grc' dir='ltr'>μὴ</span> <span class='ocrx_word' id='word_1_681' title='bbox 645 5403 850 5463; x_wconf 71' lang='grc' dir='ltr'>ἐκεῖνος</span> <span class='ocrx_word' id='word_1_682' title='bbox 874 5399 1029 5464; x_wconf 83' lang='grc' dir='ltr'>αὖθις</span> <span class='ocrx_word' id='word_1_683' title='bbox 1057 5404 1414 5471; x_wconf 76' lang='grc' dir='ltr'>χαριζόμενος</span> <span class='ocrx_word' id='word_1_684' title='bbox 1444 5403 1644 5472; x_wconf 84' lang='grc' dir='ltr'>ἐαυτῷ,</span> <span class='ocrx_word' id='word_1_685' title='bbox 1671 5405 1804 5456; x_wconf 84' lang='grc' dir='ltr'>ἀπο-</span> 
     </span>
    </p>
   </div>
   <div class='ocr_carea' id='block_1_91' title="bbox 233 5483 1801 5566">
    <p class='ocr_par' dir='ltr' id='par_1_91' title="bbox 233 5483 1801 5566">
     <span class='ocr_line' id='line_1_91' title="bbox 233 5483 1801 5566; baseline -0.001 -19"><span class='ocrx_word' id='word_1_686' title='bbox 233 5492 503 5563; x_wconf 82' lang='grc' dir='ltr'>κρύπτειν</span> <span class='ocrx_word' id='word_1_687' title='bbox 533 5491 764 5566; x_wconf 76' lang='grc' dir='ltr'>ἐθελήσῃ</span> <span class='ocrx_word' id='word_1_688' title='bbox 792 5483 1311 5562; x_wconf 78' lang='grc' dir='ltr'>τὰληθῆ.Ἐλθόντες</span> <span class='ocrx_word' id='word_1_689' title='bbox 1343 5495 1396 5546; x_wconf 82' lang='grc' dir='ltr'>δὲ</span> <span class='ocrx_word' id='word_1_690' title='bbox 1431 5495 1510 5556; x_wconf 88' lang='grc' dir='ltr'><strong>εἰς</strong></span> <span class='ocrx_word' id='word_1_691' title='bbox 1552 5495 1611 5546; x_wconf 81' lang='grc' dir='ltr'>τὸ</span> <span class='ocrx_word' id='word_1_692' title='bbox 1639 5511 1801 5565; x_wconf 82' lang='grc' dir='ltr'>στραο</span> 
     </span>
    </p>
   </div>
   <div class='ocr_carea' id='block_1_92' title="bbox 229 5583 1796 5656">
    <p class='ocr_par' dir='ltr' id='par_1_92' title="bbox 229 5583 1796 5656">
     <span class='ocr_line' id='line_1_92' title="bbox 229 5583 1796 5656; baseline 0.001 -19"><span class='ocrx_word' id='word_1_693' title='bbox 229 5583 480 5648; x_wconf 83' lang='grc' dir='ltr'>τόπεδον,</span> <span class='ocrx_word' id='word_1_694' title='bbox 514 5587 607 5638; x_wconf 76' lang='grc' dir='ltr'>καὶ</span> <span class='ocrx_word' id='word_1_695' title='bbox 636 5583 860 5652; x_wconf 83' lang='grc' dir='ltr'>βασιλέα</span> <span class='ocrx_word' id='word_1_696' title='bbox 903 5584 1474 5654; x_wconf 87' lang='grc' dir='ltr'>προσαγορεύσαντες,</span> <span class='ocrx_word' id='word_1_697' title='bbox 1508 5587 1664 5656; x_wconf 76' lang='grc' dir='ltr'>ἥκειν</span> <span class='ocrx_word' id='word_1_698' title='bbox 1701 5589 1796 5656; x_wconf 74' lang='grc' dir='ltr'>μὲν</span> 
     </span>
    </p>
   </div>
   <div class='ocr_carea' id='block_1_93' title="bbox 231 5675 1794 5748">
    <p class='ocr_par' dir='ltr' id='par_1_93' title="bbox 231 5675 1794 5748">
     <span class='ocr_line' id='line_1_93' title="bbox 231 5675 1794 5748; baseline 0.001 -20"><span class='ocrx_word' id='word_1_699' title='bbox 231 5676 446 5742; x_wconf 81' lang='grc' dir='ltr'>ἔφασαν</span> <span class='ocrx_word' id='word_1_700' title='bbox 477 5677 570 5730; x_wconf 77' lang='grc' dir='ltr'>καὶ</span> <span class='ocrx_word' id='word_1_701' title='bbox 597 5675 811 5746; x_wconf 82' lang='grc' dir='ltr'>ὁμιλίας</span> <span class='ocrx_word' id='word_1_702' title='bbox 855 5677 1018 5730; x_wconf 75' lang='grc' dir='ltr'>ἕνεκα</span> <span class='ocrx_word' id='word_1_703' title='bbox 1053 5678 1147 5730; x_wconf 81' lang='grc' dir='ltr'>καὶ</span> <span class='ocrx_word' id='word_1_704' title='bbox 1194 5680 1484 5747; x_wconf 79' lang='grc' dir='ltr'>συντυχίας</span> <span class='ocrx_word' id='word_1_705' title='bbox 1534 5679 1629 5748; x_wconf 81' lang='grc' dir='ltr'>τῆς</span> <span class='ocrx_word' id='word_1_706' title='bbox 1658 5679 1794 5748; x_wconf 71' lang='grc' dir='ltr'>πρὸς</span> 
     </span>
    </p>
   </div>
   <div class='ocr_carea' id='block_1_94' title="bbox 226 5765 1787 5840">
    <p class='ocr_par' dir='ltr' id='par_1_94' title="bbox 226 5765 1787 5840">
     <span class='ocr_line' id='line_1_94' title="bbox 226 5765 1787 5840; baseline -0.001 -18"><span class='ocrx_word' id='word_1_707' title='bbox 226 5765 419 5831; x_wconf 76' lang='grc' dir='ltr'>αὐτὸν,</span> <span class='ocrx_word' id='word_1_708' title='bbox 452 5765 624 5830; x_wconf 57' lang='grc' dir='ltr'>οὕτως</span> <span class='ocrx_word' id='word_1_709' title='bbox 655 5769 819 5836; x_wconf 74' lang='grc' dir='ltr'>ἐγγὺς</span> <span class='ocrx_word' id='word_1_710' title='bbox 847 5769 1427 5840; x_wconf 72' lang='grc' dir='ltr'>ἐστρατοπεδευμένου.</span> <span class='ocrx_word' id='word_1_711' title='bbox 1455 5771 1526 5824; x_wconf 76' lang='grc' dir='ltr'>Τὸ</span> <span class='ocrx_word' id='word_1_712' title='bbox 1556 5772 1787 5840; x_wconf 78' lang='grc' dir='ltr'>μάλιστα</span> 
     </span>
    </p>
   </div>
   <div class='ocr_carea' id='block_1_95' title="bbox 1913 4646 3464 4716">
    <p class='ocr_par' dir='ltr' id='par_1_95' title="bbox 1913 4646 3464 4716">
     <span class='ocr_line' id='line_1_95' title="bbox 1913 4646 3464 4716; baseline -0.002 -14"><span class='ocrx_word' id='word_1_713' title='bbox 1913 4649 1980 4702; x_wconf 89' lang='lat' dir='ltr'><strong>ab</strong></span> <span class='ocrx_word' id='word_1_714' title='bbox 2012 4647 2362 4716; x_wconf 80' lang='lat' dir='ltr'><strong>homophylis</strong></span> <span class='ocrx_word' id='word_1_715' title='bbox 2388 4647 2454 4700; x_wconf 87' lang='lat' dir='ltr'><strong>ad</strong></span> <span class='ocrx_word' id='word_1_716' title='bbox 2493 4646 2874 4716; x_wconf 88' lang='lat' dir='ltr'><strong>imperatorem</strong></span> <span class='ocrx_word' id='word_1_717' title='bbox 2907 4646 3105 4702; x_wconf 84' lang='lat' dir='ltr'><strong>missus</strong></span> <span class='ocrx_word' id='word_1_718' title='bbox 3126 4659 3232 4711; x_wconf 88' lang='lat' dir='ltr'><strong>est,</strong></span> <span class='ocrx_word' id='word_1_719' title='bbox 3273 4647 3464 4700; x_wconf 87' lang='lat' dir='ltr'><strong>utori-</strong></span> 
     </span>
    </p>
   </div>
   <div class='ocr_carea' id='block_1_96' title="bbox 1913 4739 3462 4810">
    <p class='ocr_par' dir='ltr' id='par_1_96' title="bbox 1913 4739 3462 4810">
     <span class='ocr_line' id='line_1_96' title="bbox 1913 4739 3462 4810; baseline -0.003 -15"><span class='ocrx_word' id='word_1_720' title='bbox 1913 4742 2087 4810; x_wconf 71' lang='lat' dir='ltr'><strong>ginem</strong></span> <span class='ocrx_word' id='word_1_721' title='bbox 2127 4739 2249 4794; x_wconf 88' lang='lat' dir='ltr'><strong>belli</strong></span> <span class='ocrx_word' id='word_1_722' title='bbox 2281 4747 2541 4793; x_wconf 80' lang='lat' dir='ltr'><strong>accurate</strong></span> <span class='ocrx_word' id='word_1_723' title='bbox 2565 4739 2865 4808; x_wconf 78' lang='lat' dir='ltr'><strong>indagarct,</strong></span> <span class='ocrx_word' id='word_1_724' title='bbox 2916 4749 2972 4793; x_wconf 89' lang='lat' dir='ltr'><strong>et</strong></span> <span class='ocrx_word' id='word_1_725' title='bbox 3005 4739 3210 4793; x_wconf 87' lang='lat' dir='ltr'><strong>ratione</strong></span> <span class='ocrx_word' id='word_1_726' title='bbox 3249 4741 3462 4808; x_wconf 84' lang='lat' dir='ltr'><strong>pr0pin-</strong></span> 
     </span>
    </p>
   </div>
   <div class='ocr_carea' id='block_1_97' title="bbox 1911 4828 3460 4900">
    <p class='ocr_par' dir='ltr' id='par_1_97' title="bbox 1911 4828 3460 4900">
     <span class='ocr_line' id='line_1_97' title="bbox 1911 4828 3460 4900; baseline -0.003 -16"><span class='ocrx_word' id='word_1_727' title='bbox 1911 4832 2138 4900; x_wconf 88' lang='lat' dir='ltr'><strong>quitatis</strong></span> <span class='ocrx_word' id='word_1_728' title='bbox 2186 4845 2307 4882; x_wconf 91' lang='lat' dir='ltr'><strong>eum</strong></span> <span class='ocrx_word' id='word_1_729' title='bbox 2369 4828 2742 4898; x_wconf 88' lang='lat' dir='ltr'><strong>imperatrice,</strong></span> <span class='ocrx_word' id='word_1_730' title='bbox 2795 4845 2902 4884; x_wconf 93' lang='lat' dir='ltr'><strong>non</strong></span> <span class='ocrx_word' id='word_1_731' title='bbox 2940 4830 3101 4883; x_wconf 92' lang='lat' dir='ltr'><strong>modo</strong></span> <span class='ocrx_word' id='word_1_732' title='bbox 3150 4829 3460 4898; x_wconf 84' lang='lat' dir='ltr'><strong>imperatori</strong></span> 
     </span>
    </p>
   </div>
   <div class='ocr_carea' id='block_1_98' title="bbox 1910 4920 3454 4989">
    <p class='ocr_par' dir='ltr' id='par_1_98' title="bbox 1910 4920 3454 4989">
     <span class='ocr_line' id='line_1_98' title="bbox 1910 4920 3454 4989; baseline -0.003 -10"><span class='ocrx_word' id='word_1_733' title='bbox 1910 4924 2046 4979; x_wconf 85' lang='lat' dir='ltr'><strong>nihil</strong></span> <span class='ocrx_word' id='word_1_734' title='bbox 2104 4921 2448 4984; x_wconf 87' lang='lat' dir='ltr'><strong>concederet,</strong></span> <span class='ocrx_word' id='word_1_735' title='bbox 2478 4921 2571 4976; x_wconf 83' lang='lat' dir='ltr'><strong>sed</strong></span> <span class='ocrx_word' id='word_1_736' title='bbox 2616 4921 2778 4975; x_wconf 89' lang='lat' dir='ltr'><strong>etiam</strong></span> <span class='ocrx_word' id='word_1_737' title='bbox 2812 4920 3228 4983; x_wconf 88' lang='lat' dir='ltr'><strong>contradiceret,</strong></span> <span class='ocrx_word' id='word_1_738' title='bbox 3281 4935 3454 4989; x_wconf 80' lang='lat' dir='ltr'><strong>quan--</strong></span> 
     </span>
    </p>
   </div>
   <div class='ocr_carea' id='block_1_99' title="bbox 1912 5009 3454 5082">
    <p class='ocr_par' dir='ltr' id='par_1_99' title="bbox 1912 5009 3454 5082">
     <span class='ocr_line' id='line_1_99' title="bbox 1912 5009 3454 5082; baseline -0.002 -13"><span class='ocrx_word' id='word_1_739' title='bbox 1912 5024 2135 5082; x_wconf 87' lang='lat' dir='ltr'><strong>tun-.que</strong></span> <span class='ocrx_word' id='word_1_740' title='bbox 2182 5021 2390 5082; x_wconf 88' lang='lat' dir='ltr'><strong>posset,</strong></span> <span class='ocrx_word' id='word_1_741' title='bbox 2452 5026 2574 5064; x_wconf 86' lang='lat' dir='ltr'><strong>eum</strong></span> <span class='ocrx_word' id='word_1_742' title='bbox 2628 5009 2922 5066; x_wconf 81' lang='lat' dir='ltr'><strong>refelleret.</strong></span> <span class='ocrx_word' id='word_1_743' title='bbox 2977 5012 3126 5066; x_wconf 82' lang='lat' dir='ltr'><strong>Alter</strong></span> <span class='ocrx_word' id='word_1_744' title='bbox 3162 5021 3366 5066; x_wconf 84' lang='lat' dir='ltr'><strong>tantum</strong></span> <span class='ocrx_word' id='word_1_745' title='bbox 3397 5021 3454 5066; x_wconf 91' lang='lat' dir='ltr'><strong>ut</strong></span> 
     </span>
    </p>
   </div>
   <div class='ocr_carea' id='block_1_100' title="bbox 1909 5103 3450 5174">
    <p class='ocr_par' dir='ltr' id='par_1_100' title="bbox 1909 5103 3450 5174">
     <span class='ocr_line' id='line_1_100' title="bbox 1909 5103 3450 5174; baseline -0.001 -14"><span class='ocrx_word' id='word_1_746' title='bbox 1909 5107 2069 5174; x_wconf 87' lang='lat' dir='ltr'><strong>hujus</strong></span> <span class='ocrx_word' id='word_1_747' title='bbox 2103 5103 2462 5174; x_wconf 75' lang='lat' dir='ltr'><strong>indagationis</strong></span> <span class='ocrx_word' id='word_1_748' title='bbox 2521 5103 2854 5156; x_wconf 87' lang='lat' dir='ltr'><strong>auscultator</strong></span> <span class='ocrx_word' id='word_1_749' title='bbox 2881 5118 2944 5158; x_wconf 88' lang='lat' dir='ltr'><strong>ac</strong></span> <span class='ocrx_word' id='word_1_750' title='bbox 2977 5104 3129 5158; x_wconf 88' lang='lat' dir='ltr'><strong>testis</strong></span> <span class='ocrx_word' id='word_1_751' title='bbox 3185 5105 3450 5166; x_wconf 89' lang='lat' dir='ltr'><strong>veniebat.</strong></span> 
     </span>
    </p>
   </div>
   <div class='ocr_carea' id='block_1_101' title="bbox 1909 5194 3452 5266">
    <p class='ocr_par' dir='ltr' id='par_1_101' title="bbox 1909 5194 3452 5266">
     <span class='ocr_line' id='line_1_101' title="bbox 1909 5194 3452 5266; baseline -0.001 -16"><span class='ocrx_word' id='word_1_752' title='bbox 1909 5214 1972 5252; x_wconf 90' lang='lat' dir='ltr'><strong>ne</strong></span> <span class='ocrx_word' id='word_1_753' title='bbox 2009 5207 2195 5266; x_wconf 88' lang='lat' dir='ltr'><strong>postea</strong></span> <span class='ocrx_word' id='word_1_754' title='bbox 2223 5195 2407 5250; x_wconf 91' lang='lat' dir='ltr'><strong>socius</strong></span> <span class='ocrx_word' id='word_1_755' title='bbox 2441 5194 2756 5262; x_wconf 85' lang='lat' dir='ltr'><strong>imperatori</strong></span> <span class='ocrx_word' id='word_1_756' title='bbox 2792 5195 3141 5264; x_wconf 77' lang='lat' dir='ltr'><strong>gratiﬁcatus,</strong></span> <span class='ocrx_word' id='word_1_757' title='bbox 3170 5196 3452 5250; x_wconf 88' lang='lat' dir='ltr'><strong>veritatem</strong></span> 
     </span>
    </p>
   </div>
   <div class='ocr_carea' id='block_1_102' title="bbox 1907 5289 3456 5358">
    <p class='ocr_par' dir='ltr' id='par_1_102' title="bbox 1907 5289 3456 5358">
     <span class='ocr_line' id='line_1_102' title="bbox 1907 5289 3456 5358; baseline -0.002 -13"><span class='ocrx_word' id='word_1_758' title='bbox 1907 5292 2131 5346; x_wconf 83' lang='lat' dir='ltr'><strong>celaret.</strong></span> <span class='ocrx_word' id='word_1_759' title='bbox 2163 5289 2396 5358; x_wconf 80' lang='lat' dir='ltr'><strong>ingressi</strong></span> <span class='ocrx_word' id='word_1_760' title='bbox 2432 5290 2598 5358; x_wconf 81' lang='lat' dir='ltr'><strong>igitur</strong></span> <span class='ocrx_word' id='word_1_761' title='bbox 2643 5295 2842 5350; x_wconf 83' lang='lat' dir='ltr'><strong>castra,</strong></span> <span class='ocrx_word' id='word_1_762' title='bbox 2872 5303 2929 5342; x_wconf 90' lang='lat' dir='ltr'><strong>se</strong></span> <span class='ocrx_word' id='word_1_763' title='bbox 2955 5289 3070 5356; x_wconf 89' lang='lat' dir='ltr'><strong>ejus</strong></span> <span class='ocrx_word' id='word_1_764' title='bbox 3097 5289 3456 5342; x_wconf 90' lang='lat' dir='ltr'><strong>conveniendi</strong></span> 
     </span>
    </p>
   </div>
   <div class='ocr_carea' id='block_1_103' title="bbox 1905 5379 3460 5450">
    <p class='ocr_par' dir='ltr' id='par_1_103' title="bbox 1905 5379 3460 5450">
     <span class='ocr_line' id='line_1_103' title="bbox 1905 5379 3460 5450; baseline -0.003 -13"><span class='ocrx_word' id='word_1_765' title='bbox 1905 5394 1956 5437; x_wconf 84' lang='lat' dir='ltr'><strong>et</strong></span> <span class='ocrx_word' id='word_1_766' title='bbox 1990 5382 2303 5450; x_wconf 89' lang='lat' dir='ltr'><strong>alloquendi</strong></span> <span class='ocrx_word' id='word_1_767' title='bbox 2335 5395 2519 5444; x_wconf 88' lang='lat' dir='ltr'><strong>causa,</strong></span> <span class='ocrx_word' id='word_1_768' title='bbox 2552 5379 2770 5447; x_wconf 89' lang='lat' dir='ltr'><strong>quando</strong></span> <span class='ocrx_word' id='word_1_769' title='bbox 2825 5389 2929 5432; x_wconf 71' lang='lat' dir='ltr'><strong>tam</strong></span> <span class='ocrx_word' id='word_1_770' title='bbox 2978 5395 3146 5448; x_wconf 84' lang='lat' dir='ltr'><strong>prope</strong></span> <span class='ocrx_word' id='word_1_771' title='bbox 3196 5380 3460 5442; x_wconf 85' lang='lat' dir='ltr'><strong>tenderet,</strong></span> 
     </span>
    </p>
   </div>
   <div class='ocr_carea' id='block_1_104' title="bbox 1903 5471 3460 5526">
    <p class='ocr_par' dir='ltr' id='par_1_104' title="bbox 1903 5471 3460 5526">
     <span class='ocr_line' id='line_1_104' title="bbox 1903 5471 3460 5526; baseline 0 0"><span class='ocrx_word' id='word_1_772' title='bbox 1903 5473 2200 5526; x_wconf 72' lang='lat' dir='ltr'><strong>advenisse</strong></span> <span class='ocrx_word' id='word_1_773' title='bbox 2230 5472 2502 5526; x_wconf 76' lang='lat' dir='ltr'><strong>dixerunt.</strong></span> <span class='ocrx_word' id='word_1_774' title='bbox 2543 5471 2888 5524; x_wconf 83' lang='lat' dir='ltr'><strong>Potissimum</strong></span> <span class='ocrx_word' id='word_1_775' title='bbox 2915 5481 3091 5524; x_wconf 90' lang='lat' dir='ltr'><strong>autem</strong></span> <span class='ocrx_word' id='word_1_776' title='bbox 3139 5472 3338 5526; x_wconf 90' lang='lat' dir='ltr'><strong>idcirco</strong></span> <span class='ocrx_word' id='word_1_777' title='bbox 3369 5488 3460 5526; x_wconf 89' lang='lat' dir='ltr'><strong>ve-</strong></span> 
     </span>
    </p>
   </div>
   <div class='ocr_carea' id='block_1_105' title="bbox 1903 5561 3457 5632">
    <p class='ocr_par' dir='ltr' id='par_1_105' title="bbox 1903 5561 3457 5632">
     <span class='ocr_line' id='line_1_105' title="bbox 1903 5561 3457 5632; baseline -0.002 -15"><span class='ocrx_word' id='word_1_778' title='bbox 1903 5567 2073 5626; x_wconf 90' lang='lat' dir='ltr'><strong>nisse,</strong></span> <span class='ocrx_word' id='word_1_779' title='bbox 2104 5563 2246 5632; x_wconf 85' lang='lat' dir='ltr'><strong>quod</strong></span> <span class='ocrx_word' id='word_1_780' title='bbox 2283 5563 2374 5616; x_wconf 88' lang='lat' dir='ltr'><strong>diu</strong></span> <span class='ocrx_word' id='word_1_781' title='bbox 2418 5565 2527 5632; x_wconf 87' lang='lat' dir='ltr'><strong>jam</strong></span> <span class='ocrx_word' id='word_1_782' title='bbox 2565 5563 2706 5615; x_wconf 82' lang='lat' dir='ltr'><strong>bello</strong></span> <span class='ocrx_word' id='word_1_783' title='bbox 2737 5563 2837 5615; x_wconf 89' lang='lat' dir='ltr'><strong>hoc</strong></span> <span class='ocrx_word' id='word_1_784' title='bbox 2871 5562 3009 5616; x_wconf 92' lang='lat' dir='ltr'><strong>inter</strong></span> <span class='ocrx_word' id='word_1_785' title='bbox 3050 5561 3323 5616; x_wconf 82' lang='lat' dir='ltr'><strong>Romanos</strong></span> <span class='ocrx_word' id='word_1_786' title='bbox 3354 5562 3457 5616; x_wconf 82' lang='lat' dir='ltr'><strong>du-</strong></span> 
     </span>
    </p>
   </div>
   <div class='ocr_carea' id='block_1_106' title="bbox 1905 5651 3458 5723">
    <p class='ocr_par' dir='ltr' id='par_1_106' title="bbox 1905 5651 3458 5723">
     <span class='ocr_line' id='line_1_106' title="bbox 1905 5651 3458 5723; baseline -0.004 -15"><span class='ocrx_word' id='word_1_787' title='bbox 1905 5664 2085 5718; x_wconf 86' lang='lat' dir='ltr'><strong>ranle,</strong></span> <span class='ocrx_word' id='word_1_788' title='bbox 2146 5664 2203 5708; x_wconf 89' lang='lat' dir='ltr'><strong>et</strong></span> <span class='ocrx_word' id='word_1_789' title='bbox 2253 5654 2478 5708; x_wconf 87' lang='lat' dir='ltr'><strong>vastatis</strong></span> <span class='ocrx_word' id='word_1_790' title='bbox 2528 5655 2773 5723; x_wconf 77' lang='lat' dir='ltr'><strong>quotidie</strong></span> <span class='ocrx_word' id='word_1_791' title='bbox 2801 5654 3025 5708; x_wconf 89' lang='lat' dir='ltr'><strong>urbibus</strong></span> <span class='ocrx_word' id='word_1_792' title='bbox 3056 5654 3193 5706; x_wconf 91' lang='lat' dir='ltr'><strong>inter</strong></span> <span class='ocrx_word' id='word_1_793' title='bbox 3221 5667 3277 5705; x_wconf 91' lang='lat' dir='ltr'><strong>se</strong></span> <span class='ocrx_word' id='word_1_794' title='bbox 3306 5651 3458 5704; x_wconf 83' lang='lat' dir='ltr'><strong>dissi-</strong></span> 
     </span>
    </p>
   </div>
   <div class='ocr_carea' id='block_1_107' title="bbox 1905 5735 3454 5817">
    <p class='ocr_par' dir='ltr' id='par_1_107' title="bbox 1905 5735 3454 5817">
     <span class='ocr_line' id='line_1_107' title="bbox 1905 5735 3454 5817; baseline -0.004 -15"><span class='ocrx_word' id='word_1_795' title='bbox 1905 5748 2183 5812; x_wconf 82' lang='lat' dir='ltr'><strong>dentibus,</strong></span> <span class='ocrx_word' id='word_1_796' title='bbox 2222 5735 2540 5816; x_wconf 85' lang='lat' dir='ltr'><strong>reliquaque</strong></span> <span class='ocrx_word' id='word_1_797' title='bbox 2568 5746 2789 5817; x_wconf 77' lang='lat' dir='ltr'><strong>regione</strong></span> <span class='ocrx_word' id='word_1_798' title='bbox 2820 5763 2847 5801; x_wconf 91' lang='lat' dir='ltr'><strong>a</strong></span> <span class='ocrx_word' id='word_1_799' title='bbox 2881 5746 3134 5801; x_wconf 82' lang='lat' dir='ltr'><strong>Romanis</strong></span> <span class='ocrx_word' id='word_1_800' title='bbox 3164 5753 3217 5798; x_wconf 90' lang='lat' dir='ltr'><strong>et</strong></span> <span class='ocrx_word' id='word_1_801' title='bbox 3258 5741 3454 5798; x_wconf 83' lang='lat' dir='ltr'><strong>barba-</strong></span> 
     </span>
    </p>
   </div>
  </div>
