4166 6432
252 418 379 485 1205

1373 422 1907 486 HISTORIARUM
1948 423 2180 483 LIBER
2222 425 2334 483 III.

3349 425 3370 490 1
3382 426 3483 492 206

249 536 300 589 τί
323 532 413 591 οὖν
442 538 715 606 προσήκει
741 534 1004 604 πράττειν
1031 536 1177 605 φυγῇ
1208 533 1318 589 τῶν
1348 537 1624 604 πολεμίων
1670 552 1806 604 χρη-

1917 531 2213 604 Selybrium
2249 536 2425 604 primo
2458 533 2659 605 impetu
2706 534 2849 605 cepit
2898 535 3029 606 (50).
3058 535 3303 606 Cumque
3340 538 3483 609 Apa-

253 627 511 691 σαμένων.
562 626 911 697 Πατριάρχης
942 626 998 679 δὲ
1046 628 1281 696 ἐμήνυε,
1307 629 1505 695 Φεύγει
1546 631 1574 682 ὀ
1606 628 1809 696 ἀσεϐὴς

256 713 474 782 μηδενὸς
524 713 811 776 διώκοντος
842 729 857 743 ⁸
893 730 1018 766 νικα
1079 715 1174 767 καὶ
1226 717 1300 784 μὴ
1354 719 1674 788 ύπερνικᾷς,
1717 720 1810 770 καὶ

253 804 495 857 ἐκέλευεν
516 805 876 873 ἀναστρέφειν
898 804 1077 874 πολλῷ
1100 806 1208 858 τῶν
1230 807 1504 875 πολεμίων
1527 809 1808 876 κρείττους

253 883 594 962 γενομένους.
652 898 759 950 Καὶ
811 898 1111 964 ἀνέστρεφε
1175 898 1538 968 λυπούμενος,
1586 900 1668 952 ὃτι
1737 900 1812 969 μὴ

257 984 547 1053 συμϐαλεῖν
602 986 884 1053 ἐξεγένετο
940 991 1054 1052 τοῖς
1110 990 1411 1060 πολεμίοις.
1446 990 1711 1054 Βασιλεὺς
1756 991 1814 1045 δὲ

257 1078 375 1128 ἐπεὶ
414 1076 492 1146 μὴ
533 1078 751 1145 ἀγνοεῖν
795 1081 864 1132 τὰ
911 1081 1266 1149 πραττόμενα
1319 1082 1463 1150 ἐνῆν,
1504 1081 1717 1135 πολλῶν
1749 1082 1812 1133 ἐκ

255 1168 544 1232 Βυζαντίου
569 1171 841 1240 ὁσημέραι
869 1171 1205 1239 μηνυόντων,
1259 1173 1382 1225 τότε
1426 1172 1640 1242 Ῥήγιον
1668 1166 1813 1226 εἷλεν

257 1261 311 1324 ἐξ
339 1261 530 1327 ἐφόδου
559 1262 805 1315 ἐπελθὼν
838 1264 931 1316 καὶ
969 1263 1223 1334 ’Δθύραν,
1250 1266 1345 1318 καὶ
1373 1265 1812 1334 Δαμοκράνειαν,

256 1354 345 1405 καὶ
374 1353 745 1424 Σηλυμϐρίαν.
793 1355 1072 1416 Κελεύσας
1121 1356 1177 1410 δὲ
1214 1358 1521 1426 ’Δπάμειαν
1556 1358 1815 1427 φρούριόν

255 1461 304 1495 τι
334 1446 783 1514 κατεσκαμμένον
811 1446 1175 1517 τειχισθῆναι,
1209 1450 1301 1501 καὶ
1357 1450 1615 1517 στρατιὰν
1646 1466 1816 1502 κατα-

256 1534 425 1586 λιπὼν
453 1537 510 1588 ἐν
552 1536 756 1605 Ῥηγίῳ
790 1537 885 1588 καὶ
928 1539 1205 1607 ’Δπαμείᾳ
1233 1540 1329 1591 καὶ
1368 1540 1697 1611 Ἐμπυρίτῃ,
1726 1542 1817 1593 καὶ

254 1628 318 1693 τῇ
350 1626 482 1695 πρὸς
509 1630 575 1695 τῇ
600 1628 781 1698 Δίρκῃ
805 1627 971 1698 λίμνῃ
988 1628 1164 1693 πόλει,
1196 1630 1269 1690 ὡς
1292 1628 1358 1681 ἂν
1377 1629 1548 1682 ταῦτά
1572 1647 1632 1684 τε
1655 1646 1819 1701 φρου-

262 1720 398 1785 ροῖεν
463 1720 743 1788 ἐγγυτέρῳ
794 1719 1091 1782 Βυζαντίου
1159 1719 1269 1772 τῶν
1324 1722 1501 1774 ἄλλων
1531 1722 1683 1783 ὄντα,
1725 1721 1818 1774 καὶ

259 1809 593 1879 ἑπεκδρομὰς
632 1813 868 1863 ποιοῖντο
921 1813 1166 1879 συνεχεῖς
1214 1812 1355 1865 κατὰ
1386 1812 1479 1864 τοῦ
1517 1812 1815 1876 Βυζαντίου

258 1901 349 1952 καὶ
372 1900 648 1970 λῃστείας,
683 1904 778 1971 τὴν
821 1904 988 1971 ἄλλην
1024 1903 1161 1974 ἔχων
1205 1904 1465 1973 στρατιὰν
1497 1906 1657 1967 αὐτὸς
1696 1907 1819 1958 ἀνε-
1854 1885 1893 1940 Β

254 1992 500 2062 χώρησεν
533 1995 613 2056 είς
670 1994 1067 2064 Διδυμότειχον.
1108 1995 1171 2047 'H
1206 1995 1260 2046 δὲ
1297 1998 1354 2046 ἑν
1385 1998 1495 2056 τοῖς
1538 1989 1817 2065 φρουρίοις

256 2082 460 2144 τούτοις
515 2089 747 2153 στρατιὰ
778 2086 844 2136 τὰ
881 2085 1115 2154 μεγιστα
1174 2088 1421 2138 ἐκάκωσε
1465 2088 1815 2152 Βυζαντίους,

257 2175 347 2226 καὶ
383 2174 539 2243 ὀλίγη
589 2172 745 2228 οὖσα.
806 2176 998 2245 Σχεδὸν
1061 2178 1169 2247 γὰρ
1215 2177 1432 2246 νύκτωρ
1463 2195 1520 2230 τε
1556 2180 1648 2230 καὶ
1696 2178 1815 2246 μεθ’

255 2266 465 2331 ἡμέραν
508 2267 679 2317 πάντα
710 2266 1016 2333 διέφθειρον
1042 2268 1133 2319 καὶ
1157 2266 1457 2336 ἐληΐζοντο,
1482 2268 1698 2336 ἔχοντες
1720 2268 1813 2320 καὶ

256 2357 527 2425 Περσικὴν
573 2358 762 2427 ὀλίγην
807 2357 1037 2427 δύναμιν
1075 2358 1533 2428 ἀναμεμιγμένην
1570 2360 1688 2426 μετ’
1720 2360 1814 2413 αύ-

251 2445 382 2510 τῶν,
411 2445 460 2497 οἳ
502 2446 729 2507 πολλοὺς
782 2446 1108 2501 ἀπέκτεινον
1145 2451 1239 2501 καὶ
1280 2447 1813 2519 ὲξηνδραποδίζοντο,

252 2538 507 2606 καὶπρὸς
538 2538 610 2597 ἕω
653 2539 964 2592 ἀπεδίδοντο
987 2542 1080 2593 ἐπὶ
1111 2540 1348 2609 δουλείᾳ,
1382 2543 1475 2593 καὶ
1538 2542 1720 2611 σχεδὸν
1759 2544 1816 2594 ὲν

249 2629 420 2698 ὀλίγῳ
454 2631 631 2700 χρόνῳ
663 2631 844 2683 πάντα
874 2631 942 2683 τὰ
973 2634 1103 2697 περὶ
1137 2632 1426 2696 Βυζάντιον
1474 2634 1702 2702 ἀοίκητα
1725 2634 1816 2685 ὑπ’

250 2721 479 2773 ἐκείνων
509 2723 825 2793 ἀπεδείχθη.
847 2724 1200 2795 Πατριάρχης
1227 2725 1281 2778 δὲ
1306 2726 1400 2778 καὶ
1423 2728 1450 2779 ὀ
1479 2725 1650 2795 μέγας
1668 2725 1814 2791 δοὺξ,

250 2814 454 2877 εἰδότες
482 2814 555 2876 ὡς
599 2817 825 2886 Ἀρῆγο,
850 2818 1143 2889 ἀπαιτήσει
1177 2817 1331 2884 λόγον
1366 2819 1493 2886 περὶ
1522 2819 1619 2886 τῆς
1690 2836 1817 2886 πρε-

254 2902 471 2968 οὸείας,
504 2904 597 2956 καὶ
628 2905 728 2974 τὴν
760 2908 857 2974 μὲν
892 2906 1115 2976 εἰρήνην
1152 2905 1453 2974 ἀναφανδὸν
1510 2906 1817 2977 αἰδούμενοι

251 2994 646 3061 ἀναγορεύειν,
669 2998 856 3067 τρόπῳ
890 2998 946 3050 δέ
974 3016 1080 3051 τινι
1110 2998 1443 3068 σκεψάμενοι
1466 3000 1558 3051 τὶν
1590 3000 1817 3053 Λατῖνον

249 3084 481 3155 ἀπατᾷν..
511 3088 595 3137 ἵνα
628 3089 703 3156 μὴ
727 3088 932 3140 δοκοῖεν
966 3089 1143 3141 ἑκοντὶ
1171 3090 1282 3150 τοῖς
1328 3088 1619 3157 Ῥωμαίοις
1650 3089 1813 3143 αἴτιοι

249 3180 410 3232 αὐτοὶ
439 3180 801 3234 καυίστασθαι
851 3176 1133 3252 τοσαύτης
1155 3184 1461 3253 συμφορᾶς,
1498 3182 1631 3251 πρὸς
1660 3182 1814 3252 βασι-

250 3272 348 3323 λέι
374 3272 467 3324 τὸν
487 3273 946 3343 Καντακουζηνὸν
983 3273 1229 3344 ἔγραψαν
1272 3275 1450 3327 τοιάδε
1478 3291 1491 3304 ·
1535 3276 1620 3335 Ὠς
1658 3278 1823 3345 ήμεῖ.⁴

251 3364 425 3417 πολύν
458 3381 579 3418 τινα
609 3366 767 3433 λόγον
809 3367 939 3435 περὶ
987 3366 1081 3419 τοῦ
1116 3366 1189 3435 μὴ
1228 3367 1531 3433 Ῥωμαίους
1582 3367 1687 3419 ὑπὸ
1719 3366 1814 3422 τοῦ

253 3456 495 3524 πολέμου
536 3456 949 3526 διαφθείρεσθαι
985 3458 1326 3524 ποιούμενοι,
1356 3457 1521 3525 ὀλίγῳ
1552 3457 1815 3529 πρότερον

250 3548 585 3617 ἐπέμψαμεν
644 3548 781 3617 πρὸς
815 3550 875 3602 σὲ
941 3549 1258 3617 πρεσὸείαν,
1314 3548 1455 3618 ἆπερ
1485 3550 1644 3612 αὐτὸς
1674 3550 1809 3617 πρὸς

248 3642 346 3692 τὸν
376 3641 743 3711 περιπόθητον
792 3642 890 3695 καὶ
945 3642 1321 3711 γνησιώτατον
1352 3641 1428 3708 τῷ
1470 3641 1678 3710 βασιλεῖ
1722 3642 1816 3693 τὸν

255 3734 431 3800 μέγαν
449 3734 615 3787 δοῦκα
634 3734 842 3803 ᾔτησας
860 3735 1323 3804 ἐπαγγελλόμενοι
1344 3736 1615 3803 ποιήσειν.
1631 3734 1816 3787 Ταῦτά

247 3824 309 3877 δε
333 3821 423 3895 ἦν,
452 3824 787 3893 ἀποθέμενον
815 3828 913 3896 τὴν
940 3827 1241 3895 βασιλείαν,
1270 3826 1327 3877 ιν
1356 3810 1624 3896 ἀσφαλείᾳ
1645 3819 1812 3887 εἶναι,

248 3916 350 3969 καὶ
386 3917 551 3985 μηδὲν
575 3917 881 3986 προσδοκᾷν
903 3917 1187 3969 πείσεσθαι
1208 3916 1379 3968 δεινὸν
1398 3916 1486 3967 διὰ
1512 3916 1613 3985 τήν
1639 3917 1817 3982 ἀγνω-

250 4007 498 4077 μοσύνην
522 4008 622 4075 τὴν
650 4008 786 4077 πρὸς
837 4006 1102 4076 βασιλίδα,
1132 4008 1227 4059 καὶ
1252 4007 1377 4069 ’τὰς
1433 4006 1720 4077 συμφορὰς
1750 4005 1815 4068 ἃς

132 4160 135 4161 ν
246 4100 533 4166 ἐπήγαγες
560 4097 850 4167 Ῥωμαίοις
880 4097 1155 4165 πολεμῶν.
1186 4099 1256 4150 Σὺ
1287 4098 1365 4162 δὲ,
1397 4098 1471 4160 ὡς
1508 4098 1703 4163 ἔοικεν,
1734 4098 1814 4149 ἐτι

246 4188 438 4257 φόνων
468 4190 562 4241 καὶ
611 4189 863 4256 αίμάτων
911 4174 1244 4258 ὀρεγόμενος
1280 4188 1561 4251 πλειόνων,
1595 4190 1689 4242 καὶ
1716 4188 1815 4251 τὰς

246 4279 541 4348 συμφορὰς
592 4280 704 4340 τοῖς
735 4278 1103 4343 ταλαιπώροις
1149 4277 1442 4347 Ῥωμαίοις
1490 4276 1695 4341 αὔξειν,
1747 4276 1813 4328 ἶν’

244 4372 288 4423 ἃ
316 4369 567 4437 προείλου
600 4370 834 4440 ἑξαρχῆς
866 4370 1119 4440 ἡττηθεὶς
1153 4370 1245 4425 ὑπ’
1280 4371 1511 4435 οὐδενὸς,
1550 4372 1630 4434 είς
1660 4372 1815 4434 τέλος

222 4462 409 4540 ’,δόξῃς
442 4464 691 4529 ἀγαγεῖν,
742 4462 1083 4532 μεταϐαλὼν,
1118 4458 1433 4533 ἀπράκτους
1482 4465 1814 4533 ἀπέπεμψας

240 4555 381 4614 τοὺς
410 4554 691 4624 πρέσϐεις,
725 4557 1031 4625 ήρνημένος
1060 4555 1096 4609 ἃ.
1126 4556 1397 4624 ἐφθέγξω·
1422 4557 1543 4609 τότε
1578 4557 1675 4627 μὲν
1719 4556 1812 4609 οὖν
1848 4590 1888 4643 D

238 4649 620 4716 ἀνεξέλεγκτα
647 4648 861 4717 ἐψεύσω
895 4652 1121 4717 φάσκων
1147 4649 1239 4701 τὸν
1266 4650 1438 4718 μέγαν
1463 4649 1630 4702 δοῦκα
1662 4651 1815 4719 εἰρη-

237 4740 407 4793 κέναι
435 4743 563 4809 περὶ
590 4742 684 4795 σοῦ
706 4741 779 4810 μὴ
801 4741 997 4810 ἀληθῆ.
1021 4740 1155 4795 Νυνὶ
1174 4741 1229 4793 δὲ
1252 4741 1506 4808 οὐδεμίαν
1529 4756 1611 4792 σοι
1636 4741 1819 4802 τοιαύτ-

232 4851 349 4904 την
386 4832 561 4896 ἔξεστι
607 4833 925 4902 καταφυγὴν
972 4833 1171 4901 εὑρεῖν,
1223 4832 1317 4883 καὶ
1357 4831 1493 4900 πρὸς
1540 4832 1813 4893 ἀναδολάς

232 4925 451 4993 χωρεῖν
482 4923 589 4977 τῶν
613 4924 941 4993 εἰρημένων.
975 4923 1058 4976 Τά
1088 4939 1149 4975 τε
1178 4923 1283 4992 γὰρ
1317 4916 1621 4990 γράμματα
1657 4922 1813 4988 ἐλέγ-

235 5016 406 5078 ξουσι
438 5015 507 5067 τά
543 5018 612 5068 σὰ
640 5016 768 5068 ὄντα
795 5017 926 5085 παρ’
961 5015 1113 5083 ἡμῖν,
1150 5016 1245 5066 καὶ
1272 5017 1300 5066 ὀ
1330 5012 1675 5081 πρεσῦευτὴξ
1701 5015 1812 5065 Λα-

229 5109 415 5171 τῖνος,
442 5097 737 5177 ἀξιόχρεως
759 5105 835 5161 ὢν
863 5108 1000 5176 πρὸς
1032 5108 1215 5160 πίστιν
1237 5123 1250 5138 ⁸
1278 5106 1315 5160 ἃ
1344 5106 1524 5157 τοίνυν
1564 5104 1811 5173 ἔγραψας

229 5199 412 5260 αὐτὸς
452 5200 527 5261 ὡς
559 5199 814 5271 ἀποθήσῃ
841 5216 900 5252 τε
919 5200 1016 5269 τὴν
1044 5198 1320 5267 βασιλείαν
1350 5199 1443 5251 καὶ
1474 5200 1575 5267 τὴν
1613 5196 1809 5266 ἀρχὴν,

230 5295 341 5345 καί
372 5294 470 5354 τὰς
503 5293 704 5356 ἀδίκως
735 5294 1106 5363 κατεχομένας
1132 5296 1225 5345 καὶ
1250 5291 1691 5362 τυραννουμένας
1715 5290 1812 5341 πό-

226 5385 359 5443 λεις
400 5384 770 5457 παραδώσεις,
802 5386 966 5447 αὐτὸς
996 5386 1053 5437 δὲ
1091 5384 1417 5453 μονάζοντος
1461 5383 1575 5452 βίον
1616 5383 1806 5450 ζήσεις

226 5479 303 5529 ὲν
335 5474 483 5541 ’Δθῳ
514 5474 592 5542 τῷ
624 5474 776 5546 ίερῷ,
808 5477 841 5547 ἢ
882 5476 1067 5530 ἄλλοθί
1107 5493 1210 5528 που
1235 5477 1343 5545 ὃπη
1398 5476 1465 5529 ἂν
1494 5474 1627 5543 δοκῇ
1666 5471 1802 5526 καθ-

1919 641 2093 679 meam
2148 627 2424 680 castellum
2477 640 2725 680 eversum
2798 628 3039 696 reparari
3084 628 3375 699 iussisset,
3428 637 3485 683 et

1918 716 2306 785 praesidiariam
2347 732 2567 770 manum
2595 716 2822 786 Rliegio,
2851 719 3121 787 Apameae.
3171 716 3481 787 Empyiitae,

1917 816 1971 861 et
2012 808 2130 861 urbi
2180 808 2320 877 apud
2372 808 2583 861 Dercen
2635 806 2836 868 lacum,
2890 809 2993 869 liis,
3050 808 3294 875 inquam,
3352 805 3485 859 locis

1918 900 2178 972 Byzantio
2224 902 2573 956 vicinioribus
2623 901 2993 961 custodiendis
3053 913 3106 956 et
3149 886 3488 956 excursioni-

1919 994 2019 1047 bus
2046 994 2100 1045 in
2132 1008 2315 1062 agrum
2352 992 2700 1058 Byzantiuum
2729 992 3044 1061 frequenter
3066 992 3333 1063 faciendis
3358 993 3487 1047 reli-

1918 1083 2146 1150 quisset,
2181 1095 2303 1134 cum
2336 1089 2533 1134 caetero
2575 1082 2787 1148 agmine
2821 1080 3254 1151 Didymotichum
3304 1084 3484 1150 profc-

1920 1181 2042 1225 ctus
2071 1180 2171 1225 est.
2210 1170 2408 1225 llorum
2441 1172 2757 1241 oppidorum
2789 1172 3132 1242 praesidiarii,
3182 1172 3344 1244 6&3
3387 1174 3487 1226 etsi

1922 1280 2149 1317 numero
2184 1264 2521 1333 paucissimi,
2549 1264 2829 1333 Byzantios
2864 1274 3042 1318 tamen
3074 1265 3340 1317 vexabant
3384 1265 3490 1317 im-

1924 1358 2329 1426 portunissime,
2361 1357 2543 1410 oumia
2593 1358 2703 1410 fere
2737 1369 2894 1410 noctu
2931 1365 2983 1410 et
3030 1357 3265 1411 interdiu
3319 1356 3489 1426 depo-

1924 1452 2172 1519 pulantes
2214 1465 2279 1503 ac
2323 1449 2708 1503 devastantes:
2747 1449 3126 1519 habebantque
3181 1449 3281 1503 sibi
3317 1448 3492 1503 admi-

1925 1549 2036 1593 stos
2070 1539 2354 1593 Persarum
2396 1538 2599 1607 aliquot
2644 1538 2968 1607 manipulos,
2999 1539 3088 1607 qui
3123 1540 3322 1594 multos
3349 1544 3491 1594 occi-

1925 1633 2158 1692 debant,
2222 1630 2419 1683 multos
2476 1632 2799 1700 capiebant,
2858 1640 2914 1685 et
2965 1630 3016 1682 in
3063 1628 3339 1684 Orientem
3394 1647 3492 1699 pro

1925 1714 2096 1777 seri-is
2147 1720 2473 1785 vendebant,
2508 1720 2768 1790 brevique
2818 1730 2930 1775 tota
2979 1736 3123 1790 pene
3175 1720 3489 1792 Byzantium

1924 1812 2316 1877 circumjacens
2373 1810 2520 1879 regio
2552 1810 2602 1862 in
2642 1808 2986 1865 solitudinem
3035 1806 3104 1865 ab
3141 1812 3247 1866 illis
3276 1812 3491 1867 redacta

1924 1911 2024 1955 est.
2079 1901 2245 1955 Porro
2293 1900 2601 1970 patriarcha
2659 1910 2713 1955 et
2764 1917 2991 1970 magnus
3022 1902 3154 1965 dux,
3188 1918 3296 1957 non
3342 1903 3494 1972 igno-

1924 2000 2103 2045 rantes
2137 1992 2370 2065 Aregum
2416 2007 2734 2061 responsum
2780 1993 3192 2065 requisiturum,
3225 2008 3349 2047 cum
3393 2009 3493 2064 pa-

1923 2099 2037 2139 cem
2073 2093 2262 2153 aperte
2294 2084 2595 2139 detrectare
2629 2095 2965 2148 vererentur,
2991 2072 3094 2138 ivia
3129 2085 3359 2154 quadam
3397 2102 3493 2155 per

1921 2178 2377 2232 consultationem
2410 2176 2650 2240 inventa,
2697 2194 2801 2245 qua
2835 2176 3083 2231 Latinum
3115 2178 3388 2239 fallerent.
3422 2194 3491 2233 ne

1923 2270 2184 2324 Romanis
2216 2269 2452 2323 scientes
2484 2283 2544 2321 ac
2583 2269 2824 2322 volentes
2852 2284 3123 2323 arumnas
3155 2279 3258 2323 tam
3293 2270 3494 2324 multas

1922 2376 2105 2415 creare
2143 2360 2474 2422 viderentur,
2507 2359 2886 2414 Cantucuzeno
2920 2360 2975 2413 in
3011 2360 3125 2414 liaac
3160 2361 3322 2416 verba
3354 2363 3490 2415 scri-

1925 2463 2147 2523 pserunt
2182 2471 2195 2507 :
2252 2452 2704 2522 Quandoquidem
2755 2453 2911 2506 nobis
2947 2454 3319 2507 vehementer
3346 2468 3490 2507 curm

1923 2562 1984 2599 ac
2032 2546 2381 2600 sollicitudini
2432 2555 2535 2608 est,
2588 2560 2655 2598 ne
2699 2545 2957 2599 Romanis
3004 2545 3146 2599 bello
3196 2544 3491 2614 plurimum

1923 2635 2377 2689 detrimentorum
2417 2636 2749 2703 imponatur,
2790 2650 3063 2704 pionuper
3095 2634 3160 2689 ad
3202 2644 3252 2688 te
3285 2635 3507 2704 legatos

1924 2724 2192 2788 misimus,
2214 2725 2535 2793 pollicentes
2559 2723 2813 2785 facturos,
2835 2740 2951 2786 quae
2978 2734 3032 2777 tu
3058 2740 3087 2777 a
3112 2740 3304 2794 magno
3326 2727 3485 2790 duce,

1924 2816 2238 2884 imperatori
2296 2814 2651 2869 dilectissimo
2723 2813 3147 2884 ﬁdelissinioqne
3223 2818 3507 2885 petivisti.‘

1924 2902 2089 2958 Erant
2120 2913 2297 2965 autem
2334 2904 2467 2965 haec,
2504 2915 2562 2955 ut
2594 2903 2845 2956 abdicato
2878 2904 3107 2972 imperio
3139 2917 3283 2961 tutus
3316 2921 3487 2972 esses,

1922 3007 1977 3051 et
2006 2997 2139 3050 nihil
2180 3012 2459 3066 poenarum
2510 2995 2855 3058 formidares,
2902 2996 3043 3063 quoii
3076 3012 3202 3066 erga
3254 2999 3489 3067 impera-

1925 3089 2111 3142 tricem
2151 3097 2257 3140 tam
2308 3087 2507 3140 inﬁdus
2555 3087 2874 3146 exstitisses,
2925 3099 2977 3138 et
3026 3086 3169 3139 bcilo
3218 3087 3490 3142 Romanos

1926 3188 2210 3247 tantopere
2253 3176 2554 3230 amisisses.
2586 3176 2665 3229 Tu
2697 3190 2825 3231 viro
2854 3175 3033 3230 adh-uc
3075 3175 3334 3233 inridendi
3366 3192 3486 3234 san-

1872 3269 1886 3287 ⁴
1920 3270 2122 3341 guinis,
2160 3276 2215 3323 et
2262 3269 2627 3323 calamitatum
2678 3270 2890 3323 miseris
2921 3262 3179 3324 Romanis
3213 3272 3489 3340 augenda-

1920 3376 2038 3414 rum
2089 3359 2338 3429 cupidus,
2393 3370 2451 3414 ut
2498 3369 2741 3429 apparet,
2795 3376 2923 3429 quo,
2976 3377 3096 3428 quae
3140 3376 3169 3414 a
3218 3363 3489 3432 principio

1917 3460 2105 3518 tuopte
2150 3449 2380 3517 impulsu
2432 3450 2797 3513 constituisti,
2838 3451 2903 3504 ad
2957 3451 3115 3504 tinem
3168 3453 3488 3521 perduxisse

1917 3539 2178 3604 videaris,
2215 3540 2421 3608 legatos
2453 3549 2655 3593 mutata
2709 3552 2908 3604 monte,
2960 3551 3015 3596 et
3065 3543 3335 3597 inliciatns
3367 3560 3489 3613 qua:

1917 3627 2151 3692 dixeras,
2186 3628 2382 3681 infecta
2416 3644 2475 3682 re
2505 3629 2784 3684 dimisisti.
2833 3630 2967 3685 Tum
3007 3632 3172 3703 igitur
3214 3634 3489 3702 improbas

1916 3718 2011 3772 bili
2048 3718 2329 3773 mendacio
2389 3735 2644 3789 magnum
2676 3720 2868 3775 ducem
2900 3733 3008 3777 non
3040 3740 3165 3778 vera
3211 3725 3280 3779 de
3325 3735 3375 3780 te
3410 3727 3488 3780 lo-

1916 3817 2104 3865 cutum
2149 3809 2450 3864 alﬁrmasti.
2496 3810 2653 3867 Nunc
2687 3821 2864 3867 autem
2898 3815 3003 3868 tale
3036 3814 3293 3885 eﬂ‘ugium
3324 3801 3488 3886 repe-

1916 3900 2047 3965 rire,
2077 3910 2133 3955 et
2160 3902 2303 3955 dicta
2334 3902 2546 3969 longius
2571 3903 2793 3957 differre
2842 3905 2936 3959 tibi
2983 3921 3090 3959 non
3142 3909 3484 3982 conceditur.

1918 3993 2045 4048 Tute
2091 3995 2233 4048 enim
2283 3995 2349 4048 ad
2396 4010 2498 4049 nos
2528 3996 2722 4050 litteris
2766 4004 2821 4049 et
2872 3997 3079 4066 legatus
3116 3998 3340 4054 Latinus
3376 4001 3480 4054 llde

1915 4085 2110 4154 dignus
2142 4093 2194 4138 te
2228 4084 2572 4154 redarguerit.
2616 4087 2743 4150 Quae
2787 4102 2913 4157 ergo
2956 4090 3242 4158 scripsisti,
3286 4101 3337 4144 te
3380 4091 3480 4145 im-

1915 4176 2067 4244 perio
2135 4183 2189 4229 et
2262 4174 2730 4230 administratione
2798 4177 3107 4241 abiturum,
3173 4180 3479 4249 oppidaque

1916 4275 2103 4319 contra
2152 4250 2232 4320 fas
2292 4280 2353 4319 ac
2390 4266 2665 4335 tyrannice
2714 4278 2972 4335 occupata
3024 4268 3384 4336 redditurum,
3424 4280 3480 4325 et

1916 4359 2153 4428 quietam
2200 4360 2446 4412 monachi
2480 4360 2643 4412 vitam
2689 4360 2743 4411 in
2788 4373 2942 4413 sacro
2971 4371 3151 4414 monte
3198 4360 3361 4424 Atho,
3386 4372 3481 4414 aut

1918 4452 2011 4505 ubi
2061 4452 2367 4527 placuuerit
2412 4460 2748 4515 exacturum,
2800 4467 2863 4505 ea
2899 4462 2953 4504 et
3003 4466 3102 4504 nos
3152 4451 3484 4520 probamus;

1920 4543 2168 4611 nihilque
2198 4552 2385 4603 restat,
2413 4542 2517 4596 nisi
2544 4542 2685 4595 diem
2731 4543 3000 4611 prmtinire
3034 4542 3153 4603 tibi,
3182 4559 3289 4610 quo
3325 4543 3486 4596 urbes

1920 4635 2196 4687 restituas.
2230 4634 2305 4686 De
2340 4634 2617 4701 republica
2648 4642 2849 4695 autent,
2882 4632 3024 4688 etde
3052 4633 3257 4701 judicio
3283 4635 3486 4687 consti-

1917 4721 2143 4786 tuendo,
2171 4729 2225 4773 et
2256 4720 2322 4774 de
2357 4736 2484 4774 cura
2536 4729 2772 4784 tuorum,
2812 4729 2867 4773 tu
2906 4723 3024 4775 sine
3052 4737 3181 4776 cura
3213 4732 3358 4785 esto;
3389 4738 3487 4776 nos

1912 4812 2111 4881 quippe
2145 4813 2212 4865 ad
2260 4814 2373 4867 hac
2403 4821 2458 4865 et
2490 4814 2887 4883 perspicienda,
2918 4821 2972 4866 et
3015 4812 3264 4867 facienda
3299 4824 3489 4882 quate-

1906 4919 2018 4958 nus
2049 4903 2329 4957 commoda
2384 4914 2437 4957 et
2464 4904 2609 4972 justa
2654 4907 2780 4965 sint,
2813 4905 2942 4957 satis
2976 4904 3239 4956 valemus.
3273 4903 3483 4971 Scripta

1913 4998 2014 5050 bac
2063 4995 2315 5064 epistola,
2368 5003 2423 5050 et
2469 4996 2964 5063 subscriptiouibus
3009 4996 3254 5065 adjectis,
3290 4996 3485 5049 Latino

1911 5087 2215 5157 accersito,
2269 5086 2449 5139 omnia
2500 5101 2726 5154 qumque
2775 5087 2877 5154 ipsi
2918 5086 3210 5149 voluisset,
3256 5102 3485 5158 quaeque

1910 5176 2323 5231 Cantacuzenus
2376 5185 2618 5242 orasset,
2675 5192 2732 5230 se
2780 5178 3095 5247 praestitisse
3145 5189 3479 5240 memorant,

1909 5284 2108 5338 easque
2139 5270 2366 5333 litteras,
2401 5270 2596 5338 quibus
2630 5278 2738 5323 tota
2773 5272 2920 5339 pacis
2954 5272 3200 5325 tractatio
3234 5270 3489 5324 contine;

1912 5373 2083 5425 retur,
2131 5362 2398 5415 exhibitas
2443 5362 2493 5415 ei
2541 5364 2780 5417 tradunt.
2830 5362 2995 5433 644
3039 5362 3131 5415 llle
3175 5364 3483 5414 litterarum

1912 5455 2219 5511 Graecarum
2262 5470 2325 5510 ac
2351 5456 2615 5509 sermonis
2646 5456 2866 5509 omnino
2905 5472 3119 5524 expers,
3174 5454 3355 5510 verbis
3382 5467 3478 5508 eo-

1481 5609 1697 5671 .Iacobi
1734 5611 1998 5673 Pontani
2038 5621 2225 5675 notaa.

315 5729 431 5800 (50)
477 5728 604 5785 Post
657 5730 963 5807 haacverba
1009 5733 1064 5788 in
1097 5732 1281 5791 Graeco
1318 5736 1504 5791 codice
1550 5750 1715 5805 parva
1787 5734 1975 5789 lacuna
2042 5747 2156 5801 est;
2194 5736 2424 5790 fortasse
2462 5736 2613 5805 plura
2644 5737 2865 5807 oppida,
2903 5748 2997 5791 aut
3058 5751 3221 5790 unum
3279 5736 3551 5807 saltem-_

227 5801 546 5857 alterumve
571 5803 1011 5860 nominabantur.
