4166 6432
263 339 386 403 1225
1378 335 1833 413 insumunt

1971 337 2194 394 LIBER
2239 336 2350 393 ΙΙΙ.
3340 335 3479 398 ηῆ

264 463 370 508 των,
427 446 521 496 καὶ
557 447 733 497 πᾶσαν
783 446 996 498 ἐκείνου
1024 446 1121 516 τὴν
1154 449 1379 517 ἤπειρον
1437 445 1800 513 ἀφελομένου,
1831 493 1833 499 ,

1937 457 2028 496 rem
2064 445 2206 496 lianc
2251 452 2469 495 recuset
2494 482 2507 502 ,
2558 458 2674 495 eam
2720 454 3153 511 opPUgnalttt'tttn
3178 462 3189 505 ;
3218 445 3476 498 indicium

262 535 403 585 αὑτὸν
434 536 732 604 κρατήσειν
762 537 860 604 τῆς
900 536 1176 607 θαλάσσης
1211 536 1567 589 ἀναλίσκοντα
1601 536 1666 586 ἐκ
1691 535 1797 585 τῶν

1937 532 2115 600 μιίρρο
2148 533 2287 585 haud
2321 533 2541 586 dubium
2578 534 2712 595 fore,
2748 548 2867 587 eam
2914 536 3013 588 sibi
3045 537 3243 587 malum
3279 553 3379 588 mat
3401 538 3479 588 1ιί-

270 625 419 678 ίδίων.
478 626 587 677 Καὶ
640 626 964 691 Βυζαντίου,
1006 628 1099 679 καὶ
1162 628 1272 681 τῶν
1308 628 1489 697 νήσων
1551 625 1810 691 ἀσφαλῶς

1937 624 2050 676 tari.
2100 622 2433 691 Excogitavit
2467 623 2628 676 etiam
2698 624 2946 692 nequiter
2992 640 3056 677 ac
3103 626 3327 678 subdole
3380 629 3477 679 hu-

263 718 497 780 καθέξειν
547 718 646 784 τὴν
699 718 895 786 ἀρχὴν,
946 716 1049 769 κᾶν
1080 717 1179 784 μὲν
1208 717 1393 783 ἐκείνη
1442 716 1682 768 πείθοιτο
1707 716 1804 783 τὴν

1940 714 2152 768 usmodi
2210 724 2400 767 contra
2460 730 2575 767 eam
2637 715 2880 770 insidias.
2944 716 3174 772 Litteras
3240 719 3293 771 in
3362 722 3482 787 ejus

253 808 519 876 ’θυγατέρα
562 807 931 877 προσαμόζειν
982 807 1194 877 βασιλεῖ
1239 808 1315 875 τῷ
1353 807 1474 875 υἱῷ,
1512 810 1603 859 καὶ
1649 806 1813 859 αῦτὶν

1937 822 2150 860 tersona
2183 810 2250 860 ad
2289 824 2481 876 papam
2533 809 2752 877 scripsit
2789 809 2889 862 hoc
2924 811 3176 879 exemplo
3213 812 3321 865 :Se
3363 829 3481 864 mo-

259 896 381 951 εἶναι
412 900 624 968 πατέρα
654 898 939 966 βασιλέων,
968 899 1064 951 καὶ
1094 900 1273 951 πᾶσαν
1307 897 1452 966 ἔχειν
1478 899 1671 966 ἀρχὴν,
1707 894 1804 949 καὶ

1937 898 2069 951 'ibus
2097 937 2112 959 ,
2174 914 2235 951 ac
2264 898 2474 967 legibus
2504 895 2879 952 Romanorum
2910 900 3193 954 educatam
3223 944 3236 965 ,
3291 902 3480 956 eadem

262 993 507 1058 πράττειν
563 989 700 1063 ἄττα
752 989 820 1041 ἂν
875 990 1051 1060 δοκῇ·
1108 991 1173 1042 ἂν
1224 990 1271 1041 δ’
1295 991 1664 1058 ἀπαναίνηται
1713 988 1813 1056 τὴν

1937 1004 2042 1042 tum
2110 991 2351 1042 llomana
2405 989 2644 1043 Ecclesia
2697 990 2947 1059 dogmata
2987 994 3169 1046 colere
3231 1010 3293 1048 ac
3324 1009 3485 1047 vene-

661 1082 748 1134 ἐπ’
802 1084 972 1152 αὐτὴν
1024 1085 1243 1152 χωρεῖν,
1300 1084 1480 1151 Δήλην
1541 1083 1649 1151 γάρ
1711 1080 1811 1150 ἠδη

1937 1082 2048 1134 'ari.
2120 1082 2163 1133 A
2238 1083 2354 1135 suis
2417 1090 2597 1135 autem
2670 1086 3093 1151 consanguineis
3168 1087 3484 1156 imperatori

258 1171 382 1227 εἶναι
410 1177 551 1228 κακὰ
586 1176 981 1244 βουλευομένην
1008 1178 1137 1246 περὶ
1189 1175 1387 1229 αὑτοῦ.
1439 1174 1814 1228 Συνεσκεύακε

1942 1181 2154 1223 oratam
2187 1210 2202 1232 .
2257 1172 2389 1225 velit
2445 1172 2605 1237 nolit,
2657 1173 2780 1241 ejus
2831 1176 3148 1245 religionem
3203 1180 3483 1233 simulare.

258 1267 305 1317 δὲ
334 1267 424 1317 καὶ
461 1268 580 1318 κατ⁴
614 1268 782 1335 αὐτῆς
816 1266 1110 1336 ἐπιϐουλὴν
1157 1267 1437 1336 τοιαύτην.
1490 1268 1804 1336 Γράμματα

1937 1260 2075 1332 355
2140 1261 2526 1316 Verumtamen
2591 1280 2750 1331 quam
2809 1267 2874 1318 ab
2934 1266 3159 1321 infantia
3214 1270 3489 1324 imbiberit

258 1358 378 1423 πρὸς
414 1359 597 1409 πᾶσαν
645 1358 882 1428 ἔγραφεν
905 1359 979 1420 ὼς
1010 1359 1068 1423 ἐξ
1126 1358 1322 1426 αὐτῆς.
1364 1357 1589 1427 Ἐδήλου
1646 1357 1705 1410 δέ
1744 1360 1814 1411 τὰ

1937 1354 2261 1423 'eligionem,
2310 1355 2496 1417 ﬁdem,
2530 1357 2902 1421 concordiam,
2949 1358 3205 1414 Romana:
3230 1361 3487 1417 Ecclesia:

256 1449 569 1515 γράμματα,
637 1448 711 1508 ὼς
784 1448 923 1517 αὑτὴ
991 1448 1091 1517 μὲν
1148 1448 1441 1518 ἐντραφείη
1501 1447 1649 1500 ἔθεσι
1721 1447 1815 1499 καὶ

1939 1454 2178 1514 ntegram
2229 1446 2649 1517 inviolatamque
2702 1450 3019 1516 custodire,
3062 1462 3118 1506 et
3174 1453 3348 1520 ipsum
3396 1471 3490 1523 pa-

257 1537 429 1605 νόμοις
468 1540 579 1598 τοῖς
623 1536 933 1605 Ῥωμαίων,
965 1540 1057 1589 καὶ
1111 1538 1360 1605 δόγματα
1409 1538 1727 1607 πρεσόεύοι,
1776 1536 1812 1589 ἃ

1937 1547 2129 1590 'entem
2166 1579 2180 1603 ,
2227 1541 2541 1607 magisu'um
2613 1556 2675 1594 ac
2724 1540 2915 1596 ducem
2971 1545 3093 1597 ﬁdei
3140 1561 3483 1614 agnoscere:

260 1631 346 1681 καὶ
394 1630 425 1697 ἡ
490 1629 781 1696 Ῥωμαίων
843 1628 1131 1697 ἐκκλησία.
1180 1630 1401 1681 Βασιλεῖ
1458 1630 1513 1682 δὲ
1554 1630 1658 1682 ὑπὸ
1706 1629 1813 1681 τῶν

1937 1627 2275 1698 roluisseque
2335 1647 2458 1685 mox
2529 1644 2653 1702 post
2702 1635 2883 1687 mariti
2930 1636 3137 1692 obitum
3188 1647 3388 1693 statum
3440 1643 3488 1695 ei

255 1722 461 1772 οἰκείων
486 1719 769 1772 ἐκδοθεῖσα
798 1720 1012 1786 ἀνάγκη
1044 1721 1112 1772 τὰ
1142 1721 1353 1773 ἐκείνου
1386 1720 1811 1791 ὑποκρίνεσθαι⁹

1937 1735 2078 1773 suum
2114 1736 2420 1790 exponere,
2457 1734 2511 1777 et
2560 1726 2745 1779 conari
2776 1768 2790 1791 ,
2843 1737 2900 1781 ut
2937 1737 3106 1781 totum
3141 1746 3357 1800 quoque
3391 1733 3491 1791 im-

254 1813 346 1877 τὴν
382 1812 483 1878 μέν
512 1827 592 1861 τοι
623 1810 847 1880 πρώτην
875 1811 1166 1864 εὐλάϐειαν
1207 1811 1302 1863 καὶ
1340 1810 1528 1863 πίστιν
1557 1810 1653 1864 καὶ
1682 1812 1816 1880 ὁμό-

1937 1808 2156 1875 )erium,
2208 1825 2303 1865 seu
2355 1813 2757 1879 voluntarium,
2811 1832 2906 1871 seu
2952 1828 3196 1873 eoactum
3241 1823 3488 1877 eamdem

255 1919 397 1953 γοιαν
425 1904 491 1969 τῇ
511 1899 798 1969 Ῥωμαίων
830 1901 1099 1971 ἐκκλησίᾳ
1128 1900 1474 1970 περισώζειν.
1510 1902 1618 1953 Καὶ
1646 1902 1813 1954 αὑτὸν

1937 1916 2106 1954 περιείη
2159 1903 2478 1973 religionem
2530 1906 2898 1974 proﬁteretur,
2950 1912 3044 1965 sed
3090 1913 3245 1967 bellis
3296 1931 3493 1984 urgen-

259 1082 583 1148 δυσγένειαν,

256 1992 501 2058 ἡγεῖσθαι
542 1993 754 2061 πατέρα
785 1992 882 2045 καὶ
926 1993 1271 2056 διδάσκαλον,
1305 1995 1399 2046 καὶ
1436 1993 1567 2062 πρὸς
1602 1992 1699 2062 τὴν
1730 1993 1819 2045 πί-

260 2103 371 2138 στιν
407 2087 603 2153 ὁδηγὸν
629 2102 643 2117 ·
687 2088 788 2139 καὶ
821 2066 1106 2153 βούλεσθαι
1146 2087 1245 2155 μὲν
1293 2089 1384 2138 καὶ
1419 2087 1557 2156 μετὰ
1594 2086 1693 2156 τὴν
1723 2086 1819 2138 άν-

257 2177 377 2247 δρὸς
406 2178 609 2230 αὐτίκα
653 2178 911 2245 τελευτὴν
959 2177 1100 2241 δῆλα
1141 2179 1321 2231 πάντα
1355 2179 1618 2248 καθιστᾷν
1649 2177 1820 2247 αὐτῷ,

258 2271 351 2322 καὶ
403 2270 724 2337 πειρᾶσθαι,
778 2269 875 2321 καὶ
914 2270 1095 2321 πᾶσαν
1135 2270 1233 2340 τὴν
1284 2270 1482 2338 ἀρχὴν,
1532 2269 1598 2320 τά
1652 2257 1740 2320 ίσα.
1787 2267 1820 2337 ἦ

253 2362 485 2427 πείθειν,
528 2364 567 2432 ἢ
624 2361 1068 2431 καταναγκάζειν
1109 2362 1236 2432 περὶ
1288 2362 1401 2415 τῶν
1443 2364 1539 2430 τῆς
1590 2360 1824 2422 πίστεως

253 2457 541 2524 δογμάτων
589 2436 745 2524 αὐτῇ
789 2457 1029 2522 φρονεῖν.
1085 2453 1410 2524 κωλυθῆναι
1457 2453 1515 2505 δέ
1568 2453 1672 2506 ὑπὸ
1718 2454 1825 2506 τῶν

255 2550 622 2617 περισχόντων
654 2530 913 2615 πολέμων
925 2547 1033 2600 τῶν
1068 2547 1303 2616 μάλιστα
1337 2546 1489 2616 παρὰ
1531 2546 1826 2615 Ῥωμαίοις

252 2638 644 2690 δυνατωτάτων
696 2637 832 2706 πρὸς
859 2638 1027 2706 αὐτὴν
1058 2638 1199 2707 ὑπὲρ
1240 2637 1337 2705 τῆς
1371 2636 1549 2705 ἀρχῆς
1582 2637 1822 2704 πολεμη-

255 2732 486 2792 σάντων,
519 2733 615 2781 καὶ
666 2729 747 2780 ἐτι
782 2728 944 2797 μέχρι
986 2727 1080 2779 νῦν
1121 2728 1508 2795 ἐπικειμένων.
1536 2726 1698 2778 Ὅθεν
1729 2726 1826 2777 αὺ-

250 2822 345 2875 τοῦ
378 2822 583 2873 δεῖσθαι
612 2819 805 2887 πρῶτα
836 2818 935 2887 μὲν
981 2819 1117 2887 αὐτῇ
1146 2818 1209 2869 τὸ
1242 2818 1399 2870 Θεῖον
1436 2815 1705 2869 ίλεοῦσθαι
1732 2814 1822 2867 διὰ

257 2916 357 2984 τὴν
379 2912 641 2966 δοκοῦσαν
669 2911 777 2963 τῶν
803 2911 1256 2981 διεστραμμένων
1279 2908 1565 2978 δογμάτων
1590 2908 1824 2977 αἵρεσιν.

261 3008 494 3060 Ἔπειτα
520 3005 577 3056 δὲ
606 3005 697 3057 καὶ
726 3002 942 3073 βοηθεῖν
974 3002 1068 3052 ἐπὶ
1096 3003 1220 3062 τοὺς
1255 2998 1651 3066 πολεμοῦντας,
1681 2999 1828 3060 ὅπως

1922 1991 2103 2054 libus,
2149 2003 2203 2045 et
2255 2009 2424 2063 usque
2479 1996 2642 2049 hodie
2698 1998 3063 2062 durantibus,
3118 2003 3318 2070 quibus
3349 2005 3490 2073 apud

1928 2080 2207 2137 Romanos
2237 2086 2597 2153 potentissimi
2651 2103 2816 2156 super
2865 2089 3091 2158 imperio
3120 2108 3301 2147 secum
3331 2096 3493 2150 dimi-

1923 2183 2086 2237 cent,
2143 2176 2457 2244 impeditam
2506 2177 2693 2232 fuisse.
2756 2178 2915 2237 Unde
2967 2199 3024 2237 se
3077 2188 3284 2253 precari
3318 2189 3490 2249 illum.

1923 2267 2155 2335 primum
2211 2268 2434 2335 quidem
2480 2273 2555 2322 uti
2607 2268 2818 2325 Numen
2864 2273 2963 2326 sibi
3017 2278 3290 2345 propitiet,
3347 2282 3491 2349 quod

1926 2356 2346 2424 perversitatem
2403 2358 2559 2411 istam
2609 2362 2918 2429 dogmatum
2952 2376 3154 2421 sectala
3204 2369 3492 2436 videatur;

1928 2449 2127 2502 deinde
2178 2463 2368 2504 contra
2425 2452 2609 2507 hostes
2663 2470 2779 2508 eam
2830 2473 2925 2524 pro
2971 2461 3179 2516 viribus
3215 2442 3438 2532 adjuvet
3480 2484 3493 2519 :

1926 2542 2124 2610 quibus
2159 2544 2439 2597 sulzversis
2464 2584 2477 2605 ,
2532 2546 2712 2599 statim
2762 2546 3021 2603 Roiitanze
3050 2555 3364 2620 apostolica:
3396 2556 3496 2609 Ec-

1928 2633 2109 2687 clesia:
2143 2634 2451 2698 doctrinam
2481 2677 2494 2698 ,
2533 2648 2587 2691 et
2622 2638 2755 2692 ritus
2810 2642 3023 2706 publice
3077 2645 3494 2708 celeltraturant,

1936 2733 1991 2778 et
2023 2725 2146 2778 aliis
2194 2728 2447 2795 exemplo
2494 2733 2830 2797 praeituvam.
2884 2732 3249 2802 lmperatrieis
3303 2738 3498 2794 litterae

1931 2814 1995 2867 ad
2034 2829 2250 2882 papam,
2284 2818 2375 2886 qui
2412 2833 2475 2872 ea
2512 2827 2833 2887 tempestate
2864 2822 3119 2877 Clemens
3149 2838 3303 2890 erat,
3338 2828 3499 2896 hujus

1930 2908 2174 2962 nominis
2222 2918 2448 2975 sextus,
2507 2913 2815 2981 Itujusmodi
2865 2914 3106 2973 fuerunt.
3157 2918 3262 2972 Eas
3305 2922 3500 2988 pictori

1932 2997 2184 3061 cuidam,
2222 2998 2308 3051 cui
2359 3014 2558 3054 nomen
2606 3001 2974 3071 l’rmpositus,
3023 3024 3144 3059 cmn
3188 3010 3503 3065 tradidisset

251 3104 320 3154 ἂν
376 3101 614 3162 δύναιτο,
670 3098 745 3159 ὼς
800 3097 850 3147 εἰ
901 3097 1099 3147 ἐκεῖνοι
1140 3095 1596 3161 καταστραφεῖεν,
1655 3091 1825 3159 αὐτῆς

1937 3090 2289 3160 Apocauchus
2316 3131 2330 3157 ,
2388 3093 2453 3146 ad
2485 3107 2678 3162 papam
2727 3094 2913 3154 misit.
2950 3098 3253 3161 mandans,
3304 3116 3372 3155 ne
3409 3104 3497 3156 eui

248 3193 451 3247 αὐτίκα
501 3192 569 3243 τά
624 3191 724 3253 τῆς
782 3168 1068 3255 Ῥωμαίων
1125 3185 1492 3253 άποστολικῆς
1535 3184 1827 3254 ἐκκλησίας

262 3282 710 3354 πρεσὸευσούσης
767 3278 1037 3349 φανερῶς,
1092 3278 1186 3330 καὶ
1233 3280 1345 3339 τοῖς
1397 3276 1578 3339 ἄλλοις
1613 3276 1831 3344 ὑφηγη-

268 3377 530 3444 σομένης.
573 3372 808 3425 Τοιαῦτα
843 3371 941 3440 μὲν
973 3373 1035 3423 τὰ
1065 3370 1201 3439 πρὸς
1225 3369 1413 3421 πάπαν
1435 3370 1532 3438 τῆς
1561 3367 1829 3437 βασιλίδος

246 3470 415 3540 δῆθεν
464 3471 766 3538 γράμματα
814 3464 1024 3535 ἐδήλου.
1054 3459 1163 3516 Ἦν
1199 3463 1254 3516 δὲ
1285 3464 1514 3532 Κλήμης
1556 3464 1654 3531 τῆς
1699 3462 1833 3513 Ῥω-

253 3565 435 3633 μαίων
467 3561 764 3629 ἐκκλησίας
798 3559 920 3611 τότε
948 3555 1256 3627 προεστώς.
1285 3557 1700 3625 Καὶζωγράφῳ
1725 3555 1833 3607 τινὶ

256 3653 623 3724 Πραιποσίτῳ
654 3651 981 3720 καλουμένῳ
1016 3650 1356 3718 ἐγχειρίσας,
1386 3648 1667 3715 ἐξέπεμπε
1696 3647 1834 3717 πρὸς

252 3744 450 3797 πάπαν
487 3742 679 3812 μηδενὶ
708 3738 946 3801 ἐξειπεῖν
993 3739 1259 3799 κελεύσας
1298 3738 1359 3789 τὸ
1393 3736 1707 3807 ἀπόρρητον
1742 3735 1834 3802 βα-

250 3838 479 3898 σιλίδος.
514 3834 683 3889 Οὐδὲν
711 3833 766 3885 δὲ
796 3834 1003 3894 ἐκεῖνος
1030 3832 1147 3901 ᾔδει
1175 3831 1357 3894 πλέον,
1390 3831 1438 3882 εί
1468 3830 1544 3899 μὴ
1574 3830 1657 3881 ὅτι
1692 3828 1835 3896 πέμ·

250 3946 417 3981 ποιτο
447 3930 583 3996 πρὸς
612 3925 829 3994 πάπαν.
860 3923 1089 3993 Κλήμης
1112 3922 1168 3974 δέ
1194 3925 1221 3974 ὁ
1251 3923 1464 3984 πάπας,
1505 3922 1627 3973 ἐπεὶ
1657 3920 1833 3985 δέξαι-

250 4040 320 4074 το
373 4022 439 4073 τὰ
492 4017 771 4089 βασιλίδος
800 4016 1133 4086 γράμματα,
1178 4012 1513 4082 ὑπερησθεὶς
1553 4014 1635 4065 ὅτι
1673 4012 1765 4064 καὶ
1800 4012 1833 4079 ἡ

254 4112 479 4184 βασιλὶς
507 4113 714 4181 αίροῖτο
746 4108 815 4161 τά
841 4108 1085 4169 ἐκείνων,
1122 4106 1219 4159 καὶ
1254 4105 1331 4166 ὡς
1359 4106 1407 4156 εί
1431 4105 1539 4157 τῶν
1578 4102 1834 4172 πολέμων

253 4205 632 4273 ἁπαλλαγοίη,
692 4202 944 4271 φανερῶς
998 4200 1182 4261 αὐτοῖς
1231 4199 1626 4267 προσθήσεται,
1678 4198 1835 4250 άντέο

244 4316 437 4368 γραςςε
473 4298 565 4349 καὶ
598 4297 777 4356 αὐτὸς,
816 4294 1009 4361 πρῶτα
1049 4293 1147 4360 μὲν
1176 4291 1412 4345 ἐπαινῶν
1446 4292 1541 4357 τῆς
1581 4291 1837 4359 προαιρέ-

249 4394 465 4454 σεως,ὖ
517 4408 567 4441 τι
607 4388 784 4441 καίτοι
821 4386 1231 4455 τυραννουμένη
1266 4385 1370 4435 τῶν
1417 4382 1596 4452 ὀρθῶν
1633 4383 1835 4449 διγμά-

1932 3199 2191 3240 arcanum
2225 3184 2484 3254 Augusta:
2522 3189 2873 3254 patefaceret.
2922 3188 3063 3256 Qui,
3108 3192 3210 3245 nisi
3264 3195 3407 3262 quod
3434 3196 3502 3248 ad

1932 3291 2128 3346 papam
2164 3277 2493 3342 mitteretur,
2533 3288 2793 3346 pra-terea
2827 3280 2960 3333 nihil
2989 3282 3213 3338 sciebat.
3247 3285 3506 3343 Clemens

1933 3368 2132 3422 litteris
2168 3370 2440 3437 acceptis,
2474 3371 2731 3424 omnibus
2763 3372 2987 3427 incessit
3015 3375 3234 3439 laetitiis,
3271 3379 3503 3449 impera-

1933 3462 2123 3516 tricem
2152 3476 2335 3516 secum
2367 3464 2767 3520 communicare
2793 3507 2806 3531 ,
2852 3476 2942 3529 et,
2991 3468 3036 3522 si
3066 3470 3203 3524 bello
3249 3472 3506 3542 defunge-

1936 3562 2104 3614 retur,
2139 3553 2311 3620 palam
2360 3551 2414 3605 id
2459 3553 2729 3606 facturam
2758 3595 2774 3622 ,
2809 3555 3082 3610 rescribit.
3117 3561 3191 3612 Ac
3236 3561 3506 3630 principio

1934 3660 2054 3699 eam
2087 3645 2155 3698 de
2184 3645 2455 3699 constanti
2499 3645 2773 3699 voluntate
2823 3646 3038 3713 laudat,
3090 3653 3229 3719 quod
3263 3655 3506 3721 quamvis

1936 3735 2036 3790 sub
2071 3735 2263 3804 iniquo
2324 3735 2583 3803 dotuino,
2634 3753 2663 3790 a
2720 3737 2975 3808 legitimis
3008 3742 3350 3813 dogmatibus
3395 3763 3503 3800 non

1941 3828 2293 3891 discesserit,
2330 3827 2426 3881 sed
2453 3843 2576 3881 cum
2624 3828 2867 3883 Romana
2897 3829 3138 3887 Ecclesia
3185 3841 3501 3892 consentiat.

1939 3921 2143 3976 Deinde
2204 3923 2476 3988 quomodo
2539 3922 2727 3976 iisdem
2787 3937 3050 3994 perpetuo
3114 3927 3509 3992 adltmrere,et

1940 4014 2076 4069 alios
2106 4016 2159 4067 in
2192 4014 2436 4068 fraudem
2493 4014 2765 4077 inductos,
2794 4026 2956 4085 atque
2988 4034 3015 4071 a
3063 4021 3289 4075 veritate
3319 4022 3506 4076 devios

1937 4107 2128 4162 eodem
2160 4108 2418 4162 reducere
2447 4107 2659 4190 debeat,
2692 4109 2902 4163 edocet.
2936 4110 3172 4164 Tandem
3211 4113 3348 4168 bene
3382 4130 3505 4183 pre-

1940 4208 2131 4262 catus,
2183 4208 2238 4252 et
2271 4200 2409 4253 bene.
2463 4213 2682 4269 sperare
2732 4200 2973 4269 jubcns,
3028 4212 3289 4271 quantum
3342 4206 3395 4258 in
3450 4221 3508 4259 se

1941 4302 2113 4355 esset,
2168 4307 2324 4360 opem
2357 4290 2591 4342 laturum
2627 4290 2932 4358 pollicetur.
2989 4289 3095 4346 Has
3152 4292 3357 4347 litteras
3386 4311 3507 4347 eum

1944 4382 2275 4451 [)l'il'pOSllllS
2338 4382 2605 4435 attulisset
2640 4421 2655 4443 ,
2716 4382 2830 4450 ipse
2886 4383 3248 4451 Apocaueltns
3313 4401 3513 4443 arcane

240 4505 365 4538 των
410 4487 510 4537 οὐκ
549 4484 782 4550 ἀπέστη,
812 4480 947 4532 ἀλλὰ
982 4482 1049 4548 τῇ
1094 4478 1378 4545 Ῥωμαίων
1411 4477 1674 4544 ἐκκλησία
1704 4492 1833 4543 συμ-

1944 4477 2243 4544 εοτνδὶκιι,
2291 4483 2349 4525 ut
2409 4474 2453 4525 si
2514 4472 2727 4539 quidem
2778 4474 2940 4542 petita
3003 4474 3108 4527 sibi
3164 4476 3404 4530 concede
3435 4490 3510 4540 et,

248 4577 513 4645 φρονοίη.
546 4575 775 4626 Ἔπειτα
826 4570 921 4624 καὶ
955 4569 1234 4621 ἐδίδασκεν
1279 4568 1352 4628 ὡς
1400 4567 1505 4636 χρὴ
1554 4565 1661 4618 τῶν
1705 4566 1835 4617 ἴσων

248 4667 481 4735 ἔχεσθαι
513 4666 621 4729 ἀεὶ,
656 4664 749 4715 καὶ
785 4662 911 4723 τοὺς
943 4659 1136 4721 ἄλλους
1168 4659 1382 4724 ἐνάγειν
1423 4658 1834 4726 ἠπατημένους,

244 4759 355 4810 καὶ
392 4757 487 4822 τῆς
530 4752 788 4820 ἀληθείας
830 4749 1189 4810 ἐκπεσόντας.
1219 4747 1549 4800 Τελευταίον
1582 4748 1639 4800 δὲ
1665 4747 1838 4817 ἐπηύ-

245 4866 411 4919 χετσι,
449 4847 542 4897 καὶ
581 4844 821 4914 χρηστὰς
854 4840 1098 4893 ὑπετίθει
1137 4840 1237 4902 τὰς
1274 4840 1491 4901 ἐλπίδας
1531 4839 1603 4901 ὼς
1637 4839 1838 4909 βοηθή-

249 4958 375 4994 σων
408 4941 434 4991 ὅ
455 4956 506 4989 τι
534 4936 598 4990 ἂν
626 4936 864 4988 δύναιτο.
887 4934 1073 4985 Ταῦτα
1102 4934 1170 4984 τὰ
1192 4932 1497 5001 γράμματα
1527 4933 1840 4999 ἐνεγκόντος

248 5030 659 5104 ιιραιποσίτου,
705 5026 1004 5093 ἐφύλαττεν
1049 5025 1214 5087 αὐτὸς
1249 5025 1305 5075 ἐν
1351 5025 1671 5094 ἁπορῤήτῳ.
1724 5028 1843 5074 Ate-

246 5123 442 5179 νοεῑττε
470 5138 529 5173 τε
557 5121 633 5182 ὡς
667 5121 715 5171 εί
742 5119 839 5189 μὲν
867 5117 1112 5169 πείθοιτο
1153 5117 1186 5186 ἡ
1221 5115 1429 5185 βασιλὶς
1460 5117 1609 5184 αὐτῷ
1647 5115 1733 5184 ἐφ’
1761 5111 1842 5180 οἷς

249 5217 330 5270 ἂν
366 5214 545 5282 ἀξιοίη
582 5211 748 5281 μηδὲν
785 5211 979 5260 κινεῖν.
1005 5209 1064 5259 ΕΞ
1096 5208 1152 5259 δὲ
1187 5208 1283 5278 μὴ,
1322 5208 1493 5260 ταῦτα
1526 5207 1612 5259 ἐπ’
1642 5208 1843 5277 ἐκκλη-

248 5310 396 5372 cla;
438 5306 757 5373 ἀναγνόντα,
802 5301 1131 5366 Βυζαντίους
1183 5301 1267 5354 ἐπ’
1305 5302 1475 5370 αὐτὴν
1528 5303 1843 5371 παρορμᾷν,

245 5402 358 5454 καὶ
402 5395 733 5464 διαφθείρειν
782 5392 949 5462 αὐτὴν
994 5394 1090 5445 καὶ
1128 5392 1324 5454 παῖδας
1356 5408 1370 5422 ο
1413 5392 1526 5462 ᾔδει
1569 5393 1677 5462 γάρ
1712 5394 1848 5462 πρὸς

242 5488 427 5540 τοῦτο
464 5486 605 5537 πάνυ
622 5480 1190 5551 δυσανασχετοῦντας,
1215 5482 1311 5534 καὶ
1349 5483 1524 5550 ῥᾷστα
1553 5485 1694 5534 κατὰ
1717 5500 1849 5535 παν·

244 5581 359 5641 τὶς
409 5573 721 5629 οὑτινοσοῦν
753 5577 1116 5643 χωρήσοντος,
1145 5572 1211 5625 ἃν
1252 5573 1529 5625 πύθωνται
1577 5574 1646 5625 τὰ
1689 5575 1853 5626 Λατί-

251 5688 381 5721 νων
412 5666 731 5738 ᾑρημένην·
761 5664 859 5716 καὶ
911 5661 1053 5715 οὕτω
1090 5665 1270 5715 πᾶσαν
1324 5662 1486 5716 αὐτὸν
1535 5662 1850 5730 Βυζαντίου,

1945 4565 2079 4617 nihil
2115 4573 2400 4627 moveret;
2447 4564 2529 4617 sin
2562 4566 2741 4617 minus
2770 4603 2785 4626 ,
2842 4582 2934 4633 per
2990 4582 3083 4619 eas
3131 4567 3182 4619 in
3240 4582 3511 4621 converto

1945 4656 2136 4717 lectas,
2192 4655 2403 4723 plebem
2454 4654 2517 4706 ad
2559 4655 2738 4725 ipsam
2788 4672 2889 4708 una
2928 4673 3050 4709 eunt
3082 4658 3271 4711 liberis
3325 4660 3516 4714 interi-

1947 4748 2198 4801 mendam
2256 4746 2575 4799 concitaret.
2641 4746 2862 4799 Sciebat
2918 4748 3061 4800 enim
3124 4748 3174 4801 id
3230 4752 3515 4816 aegerrime

1950 4839 2175 4890 laturam
2212 4878 2226 4901 ,
2285 4836 2647 4903 facillimoque
2679 4836 2851 4888 cuivis
2905 4852 2963 4888 se
3027 4837 3437 4905 Oppositnram,
3469 4844 3512 4893 si

1947 4943 2067 4983 eam
2108 4928 2421 4981 Latinorum
2474 4927 2695 4980 decreta
2751 4927 3084 4995 complexam
3139 4928 3510 4997 llllElllgt‘l't‘l:

1947 5022 2027 5073 sic
2076 5029 2247 5073 totum
2305 5035 2364 5072 se
2415 5018 2701 5086 Byzantii,
2760 5019 3170 5089 insularumque
3229 5022 3512 5090 imperium

1948 5112 2295 5177 adepturum.
2360 5110 2510 5175 Quod
2565 5112 2609 5164 si
2669 5111 2721 5165 id
2774 5126 2934 5165 secus
2998 5114 3286 5173 eveniret.
3342 5128 3516 5178 neque

1951 5207 2200 5277 Byzantii
2226 5204 2289 5258 ad
2328 5205 2725 5273 imperatricem
2755 5220 2877 5258 cum
2926 5205 3111 5258 liberis
3142 5205 3517 5259 trucidandam

1950 5299 2373 5362 adducerentur,
2424 5308 2535 5350 tum
2607 5297 2767 5351 rebus
2800 5299 3101 5366 desperatis
3127 5340 3139 5362 ,
3195 5308 3286 5352 aut
3316 5299 3369 5352 in
3398 5315 3523 5351 arre

1953 5388 2293 5457 Magnacensi
2323 5387 2714 5452 munitissima,
2762 5396 2820 5441 et
2851 5404 2969 5457 qua:
3004 5392 3097 5441 toti
3134 5391 3523 5442 Coatstantiuo-

1952 5483 2059 5550 poli
2138 5490 2318 5545 posset
2374 5478 2663 5542 resistere,
2719 5494 2777 5533 se
2830 5480 3174 5533 includeret:
3222 5480 3386 5551 656
3432 5492 3527 5535 aut

1955 5572 2164 5626 triremi
2244 5572 2308 5624 ad
2388 5569 2644 5639 Epibatas
2695 5573 3011 5636 secederet,
3060 5570 3243 5639 ibique
3293 5572 3427 5625 liber
3460 5587 3526 5626 ac

1941 5679 2110 5728 'suus,
2143 5662 2411 5731 reliquum
2438 5662 2536 5716 ωνί
2570 5671 2871 5731 perageret.

250 5766 367 5818 καὶ
424 5763 531 5817 τῶν
581 5762 764 5829 νήσων
813 5759 955 5830 ἔχειν
987 5760 1087 5831 τὴν
1124 5762 1320 5831 ἀρχήν.
1371 5760 1433 5813 Εἰ
1460 5760 1517 5814 δὲ
1553 5762 1627 5832 μὴ
1697 5763 2036 5836 προχωροίη,
2078 5760 2213 5833 μηδέ
2284 5758 2555 5813 πείθοιντο
2585 5760 2631 5812 oi
2674 5758 2958 5823 Βυζάντιοι
3030 5758 3295 5829 βασιλίδα,
3340 5761 3433 5815 καὶ
3462 5762 3531 5816 τὰ

597 5863 867 5924 ΡΑτιιυῑ..
910 5862 951 5921 G
966 5881 1022 5921 ιι.
1066 5862 1264 5924 CLIII.

3135 5856 3210 5917 39
