4166 6432
261 418 394 495 125i

1363 413 1905 478 IllSTORlAllUM
1951 413 2180 473 LIBER
2224 412 2341 470 lll.

3349 407 3489 483 1258

255 545 316 596 τὸ
342 543 502 610 ἔργον
532 532 794 596 ὑποστὰς,
826 529 1004 602 ῶθησε
1039 529 1097 582 τὸ
1131 527 1280 597 ξίφος
1308 529 1449 580 κατὰ
1472 526 1578 578 τῶν
1611 523 1816 589 σπλὰγ·

1927 521 2106 575 medio
2135 519 2480 582 recedentes,
2513 516 2752 573 latibulis
2785 533 2841 573 se
2875 520 3134 574 condunt.
3162 520 3291 591 Ejus
3323 533 3498 580 morte

252 647 418 701 χνων,
449 627 545 679 καὶ
589 623 927 678 ἀπέκτεινεν.
986 618 1161 682 Εὐθὺς
1215 620 1312 688 μὲν
1343 617 1437 671 οὖν
1486 620 1535 668 οἱ
1567 617 1816 687 Ζηλωταὶ

253 719 595 790 ὑπεχώρουν,
641 716 735 767 καὶ
796 710 1118 765 κατεδύοντο
1172 711 1253 772 εἰς
1295 707 1582 778 χηραμούς
1607 721 1622 735 ο
1657 707 1686 758 ὃ
1716 789 1719 790 ν
1755 721 1814 756 τε

251 789 422 880 δῆμος
453 806 607 860 οὐδὲν
635 804 773 872 ὑπὲρ
822 801 916 854 τοῦ
959 800 1218 861 πεσόντος
1267 797 1674 867 ἠγανάκτησεν.
1707 789 1814 846 Ἦν

251 900 358 966 γὰρ
409 894 532 948 οὐδὲ
576 894 842 962 πρότερον
888 889 1068 950 καλῶς
1123 887 1464 955 διακείμενος
1514 886 1644 954 περὶ
1688 885 1816 946 τοὺς

252 987 506 1058 Ζηλωτὰς
535 1001 550 1016 ο
579 982 719 1052 ἦσαν
767 982 875 1051 γὰρ
914 980 1117 1049 ὁμοίως
1146 979 1240 1031 καὶ
1270 978 1400 1047 περὶ
1431 976 1499 1028 τὰ
1529 977 1670 1037 θεῖα,
1706 974 1815 1027 ῶσ-

253 1097 360 1148 περ
395 1083 487 1131 καὶ
508 1078 635 1145 περὶ
665 1076 731 1128 τά
751 1074 1067 1145 ἀνθρώπινα
1095 1070 1428 1140 ὑϐρίζοντες,
1481 1069 1575 1120 καὶ
1615 1067 1816 1135 πολλὴν

253 1167 686 1235 ἐπιδεικνύμενοι
743 1166 842 1235 τὴν
880 1162 1206 1234 μοχθηρίαν.
1241 1161 1314 1213 Οὐ
1365 1160 1528 1231 μόνον
1563 1159 1674 1228 γὰρ
1702 1158 1818 1228 ἡδί-

253 1276 382 1314 κουν
439 1259 630 1320 ἀδεῶς.
663 1257 756 1309 καὶ
811 1255 1132 1322 διεπόρθουν
1169 1253 1269 1322 τὴν
1331 1251 1516 1322 χώραν
1546 1253 1814 1312 ἐπιόντες,

253 1352 346 1404 καὶ
371 1350 469 1412 τὰς
515 1347 704 1410 κοινὰς
738 1345 1028 1418 συμφορὰς
1067 1343 1322 1413 ἀφορμὰς
1345 1341 1655 1410 ποιούμενοι
1682 1338 1818 1402 ἰδίας

251 1442 582 1510 εὐπραγίας,
619 1439 754 1492 ἀλλὰ
811 1437 907 1490 καὶ
949 1436 1091 1489 κατὰ
1138 1437 1235 1498 τὰς
1284 1434 1480 1500 ἀγυιὰς
1523 1431 1819 1500 δεξαμενάς

250 1549 401 1593 τινας
438 1531 629 1592 ὓδατος
678 1526 1036 1597 πληροῦντες,
1063 1523 1184 1578 εἷτα
1217 1524 1309 1577 καὶ
1335 1524 1676 1593 ὑφάπτοντες
1711 1540 1816 1592 κη-

254 1621 400 1689 ροὺς,
434 1615 585 1680 τινὰς
615 1621 722 1673 τῶν
751 1621 820 1672 τὰ
849 1616 1310 1685 Καντακουζηνοῦ
1335 1616 1573 1686 ᾑρῆσθαι
1600 1615 1820 1669 δοκούν-

249 1729 357 1765 των
390 1711 676 1780 βασιλέως,
716 1710 1186 1779 συλλαμϐάνοντες
1219 1707 1380 1770 ὄντας
1407 1707 1470 1759 ὲκ
1499 1707 1592 1759 τοῦ
1621 1707 1816 1778 δήμου,

250 1803 613 1866 ἁνεϐάπτιςον
665 1796 742 1862 ὡς
784 1800 1233 1869 ἀπομοσαμένους
1288 1798 1348 1851 τὺ
1384 1798 1666 1867 βάπτισμα
1731 1797 1823 1852 διὰ.

249 1895 346 1964 τὴν
381 1895 592 1944 ἐκείνου
634 1891 923 1944 κοινωνίαν
950 1907 964 1920 ·
993 1890 1120 1958 ’δούς
1147 1907 1207 1942 τε
1228 1891 1525 1960 παριόντας
1567 1891 1819 1943 ὲκέλευον

250 1986 514 2054 ἀργύριον
551 1983 716 2054 ῥητὸν
757 1982 1142 2036 κατατίθεσθαι
1189 1983 1266 2046 είς
1294 1984 1394 2051 τὴν
1420 1983 1628 2053 λέορτήν
1662 1997 1676 2012 '
1724 1985 1820 2034 καὶ

247 2075 314 2146 ἦν
350 2079 564 2146 ἀνάγκη
602 2077 865 2146 πράττειν
918 2076 1060 2128 κατὰ
1101 2057 1162 2128 τὸ
1198 2076 1421 2128 ἐκείνων
1447 2074 1752 2142 κέλευσμα,
1785 2075 1816 2144 ἢ

248 2169 654 2224 ὑποπτεύεσθαι
705 2149 912 2221 αὐτίκα
958 2161 1063 2237 ἦν,
1112 2164 1187 2230 ὡς
1238 2166 1306 2220 τὰ
1362 2165 1818 2234 Καντακουζηνοῦ

243 2262 342 2315 τοῦ
405 2261 670 2330 βασιλέως
724 2258 1024 2330 ᾑρημένον,
1078 2258 1174 2312 καὶ
1220 2257 1520 2329 ἀχθόμενον
1553 2261 1692 2327 πρὸς
1720 2258 1819 2326 τὴν

245 2353 586 2422 ὲρεσχελίαν.
620 2351 784 2404 Μετά
814 2349 972 2402 τοῦτο
995 2349 1050 2402 δὲ
1086 2347 1380 2420 μεθύοντες
1402 2351 1460 2402 ὲν
1489 2349 1813 2420 καπηλείοις

245 2448 343 2499 καὶ
373 2447 439 2498 τὰ
471 2444 606 2499 ἄλλα
637 2440 973 2512 ὲξωρχοῦντο
998 2439 1106 2494 τῶν
1133 2441 1474 2513 Χριστιανῶν
1515 2443 1816 2512 μυστήρια,

242 2540 345 2606 τῆς
381 2536 535 2604 δίκης
566 2517 925 2605 ἀνεχομένης,
971 2534 1066 2586 καὶ
1091 2531 1438 2603 ἀμελούντων
1469 2533 1580 2588 τῶν
1611 2550 1816 2602 κεραυ-

244 2629 377 2681 νῶν.
417 2622 520 2679 Ὧν
563 2627 663 2697 τὴν
701 2625 936 2678 ἀτοπίαν
988 2624 1227 2694 μισήσας
1274 2623 1370 2676 καὶ
1400 2624 1428 2677 ὁ
1459 2622 1654 2693 δῆμος,
1688 2625 1822 2694 πρό-
1862 2700 1864 2702 ν

243 2721 406 2789 τερὸν
428 2737 487 2772 τε
528 2718 590 2770 ἐκ
620 2735 783 2770 τινων
803 2716 991 2770 αἰτιῶν
1009 2715 1391 2785 κεκινημένος,
1423 2715 1533 2770 τῶν
1552 2716 1820 2786 Ζηλωτῶν

246 2831 404 2874 τινας
458 2814 516 2863 ἐν
553 2811 629 2879 τῷ
653 2809 753 2878 τῆς
799 2808 1063 2861 Θεοτόκου
1101 2807 1200 2876 τῆς
1260 2809 1676 2878 ἀχειροποιήτου
1731 2825 1822 2862 τε·

251 2907 404 2973 μένει
432 2904 560 2965 τοὺς
591 2901 689 2968 μὲν
721 2900 1047 2968 ἀπέσφαξαν
1078 2899 1343 2969 ἀνηλεῶς,
1379 2900 1476 2954 ινα
1503 2901 1562 2955 δὲ
1594 2903 1689 2954 καὶ
1732 2902 1820 2956 διὰ

247 2998 347 3064 τῆς
375 2995 577 3062 ἀγορᾶς
605 2992 929 3061 κατέσυραν,
957 2990 1129 3054 λίθοις
1160 2991 1449 3061 βάλλοντες
1492 2995 1589 3046 καὶ
1640 2992 1820 3058 ξύλοις

247 3089 360 3146 τοῖς
393 3082 808 3153 προστυχοῦσιν,
841 3082 946 3144 ἓως
989 3083 1301 3136 ἀπέπνευσε
1352 3082 1672 3154 συρόμενος,
1725 3085 1820 3139 καὶ

1926 610 2159 681 populus
2206 608 2342 664 nihil
2390 609 2590 676 doluit,
2625 610 2826 680 alioqui
2875 612 3038 665 etiam
3088 627 3117 666 a
3151 613 3338 668 zelotis
3370 614 3500 668 alie-

1919 717 2045 768 nus,
2077 701 2244 773 67E,
2274 701 2541 770 siquidem
2587 703 2769 756 divina
2804 714 2858 758 ct
2901 690 3134 758 humana
3156 705 3278 772 jura
3305 713 3500 760 contu-

1921 795 2148 850 meliOSe
2200 808 2265 848 ac
2319 795 2547 849 sceleste
2575 796 2875 850 violabant.
2905 796 3020 850 Non
3060 797 3202 852 enim
3233 798 3499 853 duntaxat

1923 886 2128 956 absque
2162 885 2274 940 ullo
2309 893 2454 940 metu
2489 887 2801 956 irrogabant
2833 888 3084 958 injurias,
3115 891 3498 962 regionemque

1920 975 2294 1041 «levastabant,
2329 985 2386 1029 et
2431 991 2496 1031 ex
2542 979 2921 1032 communibus
2956 979 3197 1034 miseriis
3237 995 3366 1035 suas
3395 982 3498 1036 sibi

1921 1067 2209 1123 felicitates
2261 1066 2700 1135 comparabant:
2749 1067 2845 1122 sed
2897 1078 2951 1123 et
2989 1085 3084 1139 per
3123 1057 3272 1125 vicos
3329 1072 3498 1137 urbis,

1920 1158 2072 1212 soliis
2104 1172 2244 1227 aqua
2299 1159 2522 1225 repletis
2581 1166 2634 1211 et
2698 1159 2870 1214 cereis
2932 1162 3202 1224 accensis,
3235 1162 3497 1230 quosdam

1920 1253 1989 1302 (te
2044 1247 2227 1317 plebe,
2298 1247 2390 1315 qui
2446 1247 2827 1304 (iantacuzeno
2904 1247 3090 1304 favere
3151 1251 3498 1320 videbantur,

1921 1337 2370 1407 comprehensos,
2419 1335 2566 1389 velut
2615 1336 2709 1406 qui
2763 1352 2859 1405 per
2893 1340 3014 1406 ejus
3055 1336 3499 1395 communionem

1920 1428 2251 1499 baptismum
2287 1428 2618 1497 ejurassent,
2657 1429 2837 1486 denuo
2867 1431 3195 1500 lustrabant,
3254 1451 3318 1490 ac
3369 1452 3506 1506 pra:-

1922 1529 2200 1576 tercuntcs
2247 1524 2603 1576 constitutum
2651 1524 2886 1590 pretium
2914 1524 2981 1579 ad
3014 1523 3178 1581 ferias
3208 1529 3492 1598 agitandas

1920 1612 2187 1682 jubebant
2241 1611 2576 1681 persolvere.
2610 1611 2715 1678 Qui
2755 1613 2800 1668 si
2854 1615 3181 1683 abnuerent,
3212 1619 3396 1674 statim
3447 1619 3501 1674 in

1921 1703 2284 1772 suspicionem
2332 1701 2809 1757 Cantacuzenismi
2864 1704 3198 1771 incidebant,
3257 1715 3312 1762 et
3359 1709 3505 1762 ludi-

1928 1795 2062 1850 briis
2095 1794 2204 1848 illis
2229 1793 2431 1848 offendi
2480 1793 2838 1864 putabantur.
2864 1795 3130 1852 Praeterea
3164 1799 3216 1851 in
3245 1801 3506 1870 cauponis

1925 1900 2095 1955 usque
2124 1885 2191 1939 ad
2219 1885 2538 1939 ebrietatem
2561 1896 2932 1956 perpotantes,
2955 1889 3278 1945 ChriStianis
3311 1901 3518 1964 mystea

1896 1977 2019 2030 'riis
2077 1975 2402 2043 illudebant,
2456 1978 2698 2046 patiente
2775 1985 2831 2030 et
2900 1977 3129 2033 fulmina
3184 1982 3505 2037 continente

1924 2066 2106 2120 divina
2146 2065 2378 2134 iustitia.
2431 2066 2675 2130 Quorum
2730 2066 2961 2121 nefanda
3027 2069 3234 2124 scelera
3272 2075 3506 2142 populus

1923 2173 2144 2223 csosus,
2171 2168 2226 2212 et
2257 2157 2490 2213 antehac
2517 2157 2775 2227 quasdam
2800 2160 2869 2214 ob
2899 2174 3096 2216 causas
3122 2165 3504 2229 exacerbatus,

1923 2250 2126 2304 zelatas
2157 2249 2454 2304 nonnullos
2487 2249 2543 2303 in
2587 2248 2831 2318 Deiparae
2865 2267 2973 2306 non
3006 2255 3321 2310 manufacto
3352 2267 3506 2312 tem—

1921 2345 2011 2413 plo
2060 2341 2171 2412 (60)
2222 2343 2428 2411 absque
2481 2341 2858 2398 misericordia
2913 2345 3118 2400 occidit
3149 2363 3162 2401 :
3194 2363 3360 2403 unum
3411 2365 3508 2420 per

1923 2434 2102 2489 forum
2142 2435 2328 2497 traxit,
2377 2434 2757 2505 lapidibusque
2811 2448 2869 2492 et
2910 2437 3073 2508 lignis
3104 2441 3280 2496 obviis
3317 2444 3506 2497 tandiu

1922 2526 2191 2596 impetivit
2235 2541 2300 2581 ac
2351 2512 2620 2592 contudit,
2661 2529 2834 2583 donec
2893 2531 3130 2586 animam
3180 2536 3504 2603 exspiraret,

1923 2617 2079 2672 Tunc
2111 2619 2294 2686 itaque
2329 2617 2399 2673 ob
2430 2616 2672 2673 occisum
2717 2618 3078 2692 Palteologum
3116 2624 3263 2678 haud
3305 2625 3510 2682 irasce-

1922 2707 2102 2774 batur,
2134 2707 2229 2762 sed
2273 2707 2443 2762 libere
2474 2715 2528 2762 et
2576 2709 2753 2778 palam
2782 2720 3004 2779 propter
3039 2712 3324 2770 submotos
3355 2715 3513 2771 Zelo-

1925 2808 2008 2855 tas
2061 2786 2271 2854 lze'titiis
2320 2798 2624 2855 incedebat.
2654 2800 3015 2870 Apocauchus
3060 2804 3207 2860 solus
3231 2805 3344 2876 jam
3376 2824 3512 2879 pm.

1923 2890 2122 2954 fectus,
2163 2889 2357 2944 amicis
2403 2889 2753 2960 imperatoris
2785 2908 2896 2948 non
2935 2910 3155 2965 parvam
3197 2898 3507 2956 libertatem

1923 2981 2295 3051 impertiebat,
2352 2981 2579 3052 ipseque
2635 2985 2955 3041 earumdem
3005 3002 3066 3043 se
3117 2990 3356 3059 partium
3388 3008 3512 3048 esse

1921 3087 2032 3127 non
2069 3072 2474 3136 dissimulabat,
2499 3082 2552 3128 et
2603 3073 2819 3130 Zelotas
2869 3077 3196 3150 insigniores
3223 3082 3289 3136 ad
3331 3082 3514 3139 Plata-

247 3179 370 3229 τότε
398 3177 515 3228 οὐδὲ
555 3175 908 3245 ἠγανάκτησε
946 3174 1033 3230 διὰ
1063 3177 1154 3228 τὸν
1197 3176 1565 3241 Παλαιολόγου
1607 3176 1771 3247 φόνον
1802 3195 1815 3208 ο

1927 3178 2143 3221 monem
2187 3171 2349 3234 atque
2381 3163 2448 3220 ad
2503 3163 2609 3218 alia
2660 3167 2914 3236 oppidula
2956 3170 3097 3240 juris
3136 3173 3222 3228 sui
3263 3175 3512 3242 mittens,

248 3269 389 3322 ἀλλά
435 3268 592 3333 δῆλος
627 3262 694 3338 ἦν
757 3265 1014 3335 ἡδόμενος
1080 3267 1173 3320 ἐπὶ
1217 3266 1294 3337 τῷ
1344 3266 1823 3331 ἀποσκευάζεσθαι

247 3360 376 3421 τοὺς
431 3358 709 3424 Ζηλωτάς.
763 3343 1101 3427 Ἀπόκαυχος
1135 3357 1191 3410 δὲ
1215 3359 1319 3429 ἤδη
1350 3359 1533 3412 πᾶσαν
1561 3358 1701 3428 ἔχων
1725 3359 1825 3428 τὴν

249 3451 429 3520 ἀρχὴν
461 3450 644 3512 αὐτὸς.
704 3449 1012 3520 παρρησίας
1046 3466 1107 3502 τε
1161 3450 1462 3519 μετέδωκεν
1491 3451 1552 3503 οὐ
1585 3452 1684 3520 τῆς
1717 3469 1814 3506 τυ-

249 3543 452 3611 χούσης
484 3543 591 3603 τοῖς
626 3542 693 3593 τὰ
726 3541 988 3610 βασιλέως
1019 3541 1361 3611 πράττουσι,
1411 3543 1505 3595 καὶ
1549 3543 1713 3606 αὐτὸς
1756 3540 1825 3616 ἦν

251 3631 484 3700 φανερὸς
516 3630 584 3682 τὰ
631 3633 839 3683 ἐκείνου
897 3632 1195 3700 ᾑρημένος,
1243 3631 1340 3684 καὶ
1369 3631 1478 3684 τῶν
1528 3633 1821 3703 Ζηλωτῶν,

251 3725 367 3774 ὅσοι
400 3723 498 3790 μὲν
527 3725 582 3772 ὲν
609 3721 750 3790 λόγῳ
776 3717 937 3792 ἦσαν,
973 3722 1328 3775 κατέκλεισεν
1357 3723 1416 3775 ὲν
1459 3723 1826 3796 δεσμωτηρίῳ

254 3815 390 3882 πρδς
432 3815 775 3881 ιΙλαταμῶνα
826 3812 1074 3881 πέμψας,
1109 3813 1202 3866 καὶ
1234 3815 1331 3875 τὰς
1365 3813 1536 3878 ἄλλας
1570 3816 1828 3886 πολίχνας

250 3909 378 3959 ὅσαι
411 3906 500 3957 ὑπ’
523 3905 673 3974 αὐτῷ
699 3904 933 3958 ἐτέλουν.
958 3905 1061 3958 Τὸν
1091 3905 1149 3958 δὲ
1181 3905 1357 3960 ἄλλων
1390 3907 1655 3977 συρψετὸν
1707 3909 1831 3977 ἑξή-

252 4000 387 4048 λασε
412 3998 510 4065 τῆς
537 3995 743 4058 πόλεως
771 4012 784 4027 ⁸
818 3997 1027 4057 ἐκεῖνος
1056 3996 1164 4048 εἴτε
1182 3997 1275 4049 τὸν
1308 3995 1526 4066 πατέρα
1551 3997 1827 4065 δεδοικὼς,

254 4093 370 4142 είτε
413 4093 522 4151 τοῖς
554 4089 806 4141 συνοῦσιν
876 4090 1147 4153 ἀπιστίῖν,
1190 4091 1329 4157 πρὸς
1380 4090 1478 4160 τὴν
1535 4091 1830 4161 ἀκρόπολιν

254 4183 430 4234 έλοὼν
459 4181 610 4247 διῆγε
640 4194 654 4208 ·
686 4180 780 4232 καὶ
821 4179 1273 4232 Θεσσαλονικέων
1305 4181 1420 4234 ὅσοι
1464 4181 1531 4234 τὰ
1568 4181 1829 4250 βασιλέως

257 4273 494 4342 ἐξαρχῆς
526 4271 778 4342 ᾑροῦντο,
814 4272 1000 4324 οὐκέτι
1030 4272 1448 4337 ὑπεστέλλοντο,
1503 4272 1637 4325 ἀλλά
1690 4273 1829 4342 μετὰ

255 4365 569 4434 παῤῥησίας
606 4342 904 4432 προσίεσαν
937 4363 1156 4433 ἐκείνῳ,
1196 4364 1292 4416 καὶ
1336 4362 1501 4416 αὑτοῦ
1534 4366 1832 4416 ὑποποιού-

258 4456 424 4524 μένου
467 4455 700 4522 μάλιστα
739 4457 832 4506 καὶ
868 4456 1406 4522 παρασκευάζοντος,
1438 4455 1505 4526 ἢν
1532 4455 1645 4524 ἔχει
1703 4457 1832 4526 περὶ

1926 3255 1979 3310 in
2013 3270 2288 3310 carcerem
2332 3257 2603 3322 tradebat,
2658 3261 2923 3330 reliquam
2961 3263 3248 3321 colluviem
3279 3282 3345 3322 ex
3377 3269 3515 3324 urbe

1924 3336 2348 3400 exter-minabat.
2408 3346 2616 3402 Deinde
2667 3363 2798 3404 vero
2849 3351 2965 3407 sive
3027 3365 3236 3423 patrem
3294 3358 3514 3425 timens,

1932 3434 2048 3489 sive
2082 3434 2332 3491 diffidens
2382 3437 2516 3500 suis,
2553 3438 2666 3493 arci
2719 3454 2778 3495 se
2818 3441 3030 3498 credit:
3073 3452 3129 3500 et
3163 3445 3516 3504 Thessaloni-

1938 3544 2152 3593 censes.
2185 3538 2454 3599 quotquot
2488 3530 2558 3586 ab
2589 3531 2748 3610 initio
2773 3534 2842 3588 ab
2874 3536 3204 3607 imperatore
3231 3541 3511 3598 faciebant

1933 3616 2070 3670 nihil
2108 3618 2220 3687 jam
2261 3619 2702 3685 reformidantes,
2751 3637 2944 3678 secure
2975 3640 3034 3680 se
3065 3627 3140 3681 illi
3163 3629 3464 3701 jungebant
3498 3651 3510 3685 :

1931 3711 2092 3780 cujus
2116 3715 2448 3767 auctoritate
2475 3723 2530 3767 et
2560 3728 2748 3784 Opera,
2773 3718 2900 3787 quid
2928 3721 3156 3790 quisque
3187 3722 3254 3778 de
3283 3723 3516 3795 impera-

1935 3811 2052 3856 tore
2081 3803 2332 3869 sentiret,
2366 3804 2585 3874 publice
2634 3809 2981 3866 ostendebat.
3003 3810 3137 3866 Cuin
3181 3814 3293 3883 jam
3324 3831 3516 3872 omnes

1929 3896 2208 3965 explorate
2239 3906 2445 3964 nosset,
2480 3909 2708 3970 repente
2757 3912 3019 3970 mutatus,
3051 3905 3252 3962 divites
3302 3909 3517 3979 objecto

1929 3987 2425 4045 Cantacuzenismo
2475 3993 2763 4061 pecuniam
2799 3995 2998 4065 poscit.
3023 3995 3128 4062 Qui
3161 4013 3282 4053 cum
3315 4016 3517 4072 negare

1931 4093 2041 4133 non
2103 4089 2350 4148 possent,
2405 4082 2550 4151 quod
2588 4087 2868 4154 semetipsi
2925 4088 3298 4157 prodiderant,
3337 4109 3446 4163 quo
3485 4112 3514 4148 a

1933 4171 2092 4239 culpa
2127 4171 2568 4241 absolverentur,
2601 4177 2827 4233 multam
2856 4179 3136 4251 deﬁnitam
3160 4185 3465 4253 pendebant
3499 4205 3513 4242 :

1932 4264 2278 4319 tenuioribus
2316 4265 2578 4322 molestus
2606 4284 2717 4325 non
2753 4283 2891 4328 crat.
2922 4273 2990 4329 Et
3027 4289 3151 4332 cum
3183 4285 3516 4334 tantummo-

1935 4356 2006 4410 do
2063 4355 2298 4424 priorem
2361 4358 2430 4413 de
2480 4358 2814 4429 imperatore
2864 4369 3196 4423 sententiam
3275 4382 3516 4427 mutas~e

1939 4447 2237 4511 videretur,
2270 4448 2324 4504 id
2370 4463 2530 4505 secus
2559 4463 2702 4508 erat.
2731 4453 2946 4511 Etenim
2986 4469 3196 4529 patrem
3241 4472 3513 4529 metuens,

257 4543 491 4612 βασιλέα
519 4542 746 4612 γνώμην
769 4542 999 4606 ἕκαστος
1018 4543 1323 4611 ἐκφαίνειν.
1361 4543 1518 4596 Ἐπεὶ
1538 4534 1600 4597 ’δὲ
1619 4545 1826 4608 πάντας

1933 4554 1998 4593 ne
2030 4539 2123 4594 illo
2158 4540 2260 4594 sibi
2286 4551 2514 4611 propter
2543 4543 2760 4602 Zelotas
2785 4549 3020 4614 occisos,
3047 4561 3098 4612 ct
3130 4568 3294 4621 quam
3325 4558 3517 4626 Seque.

252 4635 378 4704 ᾔδει
412 4633 678 4701 ἀκριϐῶς,
725 4631 1048 4701 μεταϐαλὼν
1078 4632 1292 4703 ἀθρόον,
1327 4633 1688 4704 ἠργυρολόγει
1711 4634 1835 4697 τοὺς

255 4723 576 4785 πλουσίους,
610 4723 1178 4792 Καντακουζηνισμὸν
1201 4723 1500 4778 ἐπικαλῶν.
1525 4724 1588 4776 Οἱ
1614 4724 1693 4788 δὲ,
1717 4725 1840 4776 ἐπεὶ

256 4815 517 4868 ἀδύνατοι
543 4809 683 4885 ἦσαν
720 4813 1092 4884 ὲξαρνεϊσθαι,
1159 4813 1315 4867 αὐτοὶ⁵
1341 4814 1450 4884 γὰρ
1497 4813 1834 4884 ἐξηλέγχθης

259 4921 364 4960 σαν
402 4905 490 4974 ὑφ’
516 4905 746 4973 ἑαυτῶν,
788 4905 953 4977 ῥητὸν
984 4904 1250 4976 ἀργύριον
1288 4905 1592 4959 κατέϐαλον
1617 4906 1712 4958 ἐπὶ
1757 4905 1838 4974 τῷ

1942 4637 2092 4683 retur
2142 4629 2493 4699 imperatoris
2545 4631 2838 4691 factionem
2900 4638 3060 4706 irato,
3095 4643 3231 4698 urbe
3278 4661 3376 4714 per
3413 4647 3517 4700 ali-

1937 4733 2101 4786 quem
2165 4719 2500 4777 submissum
2563 4725 2892 4796 pelleretur,
2946 4740 3040 4785 aut
3083 4733 3260 4788 dirum
3313 4737 3515 4806 aliquid

1937 4820 2236 4882 pateretur,
2260 4814 2425 4885 675
2474 4819 2692 4871 rursum
2753 4832 2812 4873 se
2855 4819 3185 4888 lmperatrici
3239 4824 3514 4878 addictum

1941 4905 2192 4976 ﬁngebat,
2233 4916 2287 4962 ut
2320 4908 2511 4962 eodem
2546 4909 2768 4981 negotio
2785 4921 2838 4965 et
2863 4913 3152 4980 pecuniam
3188 4925 3300 4970 tum
3333 4921 3518 4986 acqui-

1529 5065 1747 5127 Jacobi
1782 5063 2051 5127 Pontani
2086 5073 2278 5128 notae.

333 5212 447 5295 lGO)
509 5210 758 5295 Forsitan
819 5206 923 5268 tale
964 5214 1115 5295 istuc
1158 5217 1447 5295 ‘templum
1513 5213 1619 5295 fuit
1671 5213 1846 5295 Thes-
1947 5214 2269 5295 vocabulum
2301 5218 2728 5295 ἀχειροποίητον
2755 5234 2858 5278 noc
2887 5223 3047 5295 velle,
3080 5227 3224 5295 quod
3259 5243 3363 5280 non
3392 5242 3516 5294 prc-

259 5280 560 5346 salonicaz,
613 5284 772 5350 quale
823 5285 995 5338 sancti
1046 5280 1326 5339 Michaels
1373 5285 1424 5337 in
1479 5293 1659 5337 monte
1707 5280 1843 5338 Gar-

258 5371 440 5430 gano,
477 5354 620 5431 quod
665 5361 721 5404 et
771 5355 948 5431 ipsum
1004 5355 1417 5431 ἀχειροποίητον
1465 5353 1572 5431 dici
1611 5363 1839 5431 poterat,

256 5422 318 5481 ἷξε
363 5422 505 5493 quod
566 5422 744 5493 locum
796 5424 946 5478 illum
1006 5422 1143 5478 non
1174 5426 1454 5477 hominum
1488 5422 1596 5475 'ars
1653 5432 1706 5477 et
1753 5425 1841 5476 in-

259 5491 494 5558 dustria,
519 5493 613 5546 sed
644 5491 756 5561 ipsa
791 5504 981 5547 natura
1009 5495 1075 5549 ad
1103 5495 1287 5562 templi
1319 5494 1553 5563 speciem
1600 5507 1839 5546 commu-

259 5569 501 5633 duinque
537 5576 694 5614 usum
746 5573 1001 5632 aptasset.
1046 5564 1164 5630 Qua
1205 5566 1424 5620 notione
1471 5565 1830 5631 nympharum

258 5637 484 5698 domus,
521 5633 752 5698 vivoque
785 5635 970 5688 sedilia
1003 5650 1133 5688 saxo
1165 5651 1179 5688 ι
1209 5633 1422 5688 (Eueni.
1455 5633 1731 5691 dicuntur.
1764 5634 1831 5688 Et

263 5715 417 5760 recte
443 5703 660 5774 quidem
690 5704 1100 5774 ἀχειροποίητα,
1129 5705 1255 5773 quia
1284 5720 1392 5757 non
1451 5718 1558 5767 :.rs,
1589 5703 1680 5757 sed
1712 5704 1828 5772 ipsa

253 5772 470 5834 natura
489 5772 826 5829 eﬁormarat.
855 5772 1041 5827 Simile
1076 5772 1203 5843 quid
1241 5776 1543 5842 persuadeo
1593 5774 1724 5825 mihi
1759 5775 1827 5826 de
1868 5791 1885 5811 κ

256 5846 357 5900 illo
397 5845 620 5916 templo,
659 5859 722 5898 ex
776 5847 893 5914 ipso
941 5846 1203 5916 epitheto.
1250 5847 1364 5899 Non
1415 5845 1557 5899 enim
1594 5843 1830 5899 arbitror

587 5941 858 6050 Ρττιιοι..
904 5943 1015 6002 Gn.
1056 5939 1259 6004 CLlll.

1943 5284 2530 5364 cibus__episcopoi'urn
2555 5330 2569 5354 ,
2613 5284 3111 5364 'sedangeloruin'
3140 5284 3516 5352 consecratum

1942 5362 1997 5407 et
2023 5353 2532 5428 dedicatum'esset,
2558 5353 2714 5428 quod
2740 5353 2878 5416 fama
2916 5365 3019 5420 fert
3045 5365 3112 5419 de
3150 5369 3350 5421 sacello
3390 5367 3516 5418 Ilo..-

1941 5438 2085 5493 para:
2131 5426 2500 5482 Eiusidlensi:
2539 5426 2662 5484 nam
2717 5431 2830 5488 haec
2859 5437 3009 5489 notio
3050 5436 3210 5490 nimis
3258 5438 3514 5497 violenta,

1937 5503 2056 5574 eta
2093 5499 2368 5574 communi
2405 5501 2983 5574 ratione‘abhorrens
3030 5516 3194 5572 esset,
3241 5508 3344 5561 nisi
3397 5523 3519 5574 qus

1937 5564 2303 5638 philosophari
2335 5570 2517 5632 vellet,
2543 5571 2610 5624 de
2641 5570 2850 5626 forniali
2878 5589 3098 5638 esse_et
3125 5564 3514 5632 constitutione

1939 5634 2306 5723 templizllmc
2332 5640 2646 5723 conjectura
2687 5652 2769 5723 est
2812 5634 3516 5723 {aeoliftiretseriuquam

2063 5707 2236 5790 lector
2270 5702 2681 5790 proponendam
2713 5711 2863 5771 duxi.
2896 5716 3022 5770 Mihi
3054 5710 3274 5789 quidem
3300 5702 3515 5790 'pr'oba-

1935 5772 2060 5828 bilis
2096 5772 2325 5832 videtur.

3118 5957 3196 6020 1ιο

1984 6001 2040 6035 ι’ῗ.
