4166 6432
286 384 415 452 1261

1414 389 1951 454 HISTORIARUM
1988 389 2220 451 LIBER
2262 391 2379 449 I‘li.

3364 388 3499 456 1962

279 506 484 575 τυχεῖν,
512 503 772 575 παρέχειν
802 503 904 574 μὲν
929 504 1133 559 ἐκεῖνον
1156 508 1254 560 ὅσα
1274 509 1482 586 νομίζοι
1502 508 1843 577 προσήκοντα

1964 514 2115 558 itaret
2155 520 2273 574 qua:
2305 504 2498 558 decere
2552 512 2603 556 et
2664 502 2774 555 ﬁeri
2808 518 2965 572 posse
3005 503 3373 570 existimaret;
3420 523 3499 570 se,

283 598 379 648 καὶ
409 597 630 649 δυνατά·
658 598 906 665 στέργειν
959 599 1017 650 δὲ
1067 598 1253 661 αὑτὸν,
1311 599 1405 652 καὶ
1464 599 1604 650 κατὰ
1640 595 1841 667 μηδένα

281 691 485 759 τρόπον
514 678 810 759 πειρᾶσθαι
836 692 1150 747 καταλύειν.
1194 695 1261 746 ’Δ
1286 692 1381 746 καὶ
1427 693 1841 753 Θεσσαλονικεῖς

280 780 504 843 εἰδότες,
538 780 785 850 ἔπεμπον
816 782 941 845 τοὺς
976 784 1235 853 πρέσϐεις
1288 786 1424 853 πρὸς
1464 786 1692 850 ἐκεῖνον,
1753 786 1845 835 καὶ

280 870 510 939 ᾐτοῦντο
540 870 601 921 οὐ
651 871 815 939 μόνον
856 871 1110 925 ἀτέλειαν
1157 875 1309 941 κοινῇ
1361 875 1427 942 τῇ
1476 873 1649 939 πόλει,
1708 873 1845 925 ἀλλὰ

283 959 379 1009 καὶ
404 959 797 1029 πριμμικηρὶῳ
843 975 902 1011 τε
935 961 1012 1030 τῷ
1062 960 1304 1030 μεγάλῳ,
1355 961 1445 1014 καὶ
1501 964 1613 1024 τοῖς
1666 961 1845 1021 ἄλλοις

283 1044 392 1096 τῶν
431 1045 817 1119 δυνατωτέρων
876 1049 983 1118 ἰδίᾳ
1037 1049 1204 1118 τιμὰς
1261 1051 1355 1102 καὶ
1386 1051 1699 1119 ,προσόδους
1748 1052 1844 1112 τὰς

287 1136 691 1205 προσηκούσας,
721 1140 901 1211 καὶτῇ
927 1141 1174 1210 στρατιᾷ,
1214 1142 1447 1204 καὶτοῖς
1490 1141 1670 1204 ἄλλοις
1729 1140 1846 1208 μετ’

283 1227 527 1290 ἐκείνους
559 1230 777 1299 ἑκάστῳ
814 1235 953 1284 κατὰ
983 1230 1080 1301 τὴν
1122 1232 1429 1300 ἀναλογίαν.
1483 1233 1541 1285 Ὀ
1564 1233 1657 1285 τοῦ
1690 1233 1845 1300 βασι-

283 1316 418 1379 λέως
447 1320 502 1370 δε
552 1320 663 1380 υἱὸς
725 1320 937 1372 δίκαιον
991 1321 1218 1389 νομίσας
1279 1320 1449 1390 μηδὲν
1498 1323 1848 1391 μικρολογεῖν

287 1409 621 1477 τηλικαύτην
651 1427 713 1476 γε
738 1411 893 1465 πόλιν
922 1411 1129 1481 μέλλων
1155 1413 1451 1483 προσάγειν
1473 1414 1640 1481 πατρὶ
1654 1413 1729 1481 τῷ
1760 1414 1850 1483 βα-

287 1498 444 1560 σιλεῖ,
480 1500 658 1552 πάντα
692 1501 791 1552 ὅσα
845 1502 1071 1571 ᾐτοῦντο
1126 1505 1420 1573 παρείχετο
1480 1504 1529 1555 οί
1570 1504 1849 1574 πρέσϐεις,

283 1588 377 1637 καὶ
408 1587 609 1655 πολλὴν
658 1589 762 1656 τὴν
815 1590 1135 1661 φιλοτιμίαν
1202 1594 1333 1663 περὶ
1377 1593 1477 1655 τάς
1533 1594 1851 1663 εὐεργεσίας

286 1676 668 1733 ἐπεδείκνυτο.
711 1682 861 1733 Ἐπεὶ
890 1681 945 1734 δὲ
980 1684 1060 1745 εἰς
1099 1684 1496 1753 Θεσσαλονέκην
1526 1686 1574 1736 οἱ
1597 1685 1850 1752 πρέσϐεις

284 1769 581 1839 ἐπανῆκον,
636 1772 898 1839 φέροντες
928 1774 1022 1827 καὶ
1067 1775 1164 1835 τὰς
1208 1774 1470 1843 βασιλέως
1513 1775 1850 1845 εὐεργεσίας,

287 1859 501 1927 ἡπόλις
534 1862 633 1929 μὲν
670 1862 773 1930 ἥδη
820 1864 968 1915 πᾶσα
1018 1864 1270 1932 φανερῶς
1328 1866 1565 1935 εὐφήμει
1606 1865 1851 1934 βασιλέα,

286 1950 380 2000 καὶ
406 1949 493 2002 διὰ
535 1951 722 2020 πάσης
753 1953 1006 2023 γλώσσης
1030 1953 1206 2024 ᾔδετο,
1263 1956 1356 2008 καὶ
1385 1958 1417 2026 ἠ
1459 1958 1713 2026 στρατιὰ,
1760 1959 1856 2010 καὶ

282 2040 334 2089 οἱ
356 2041 506 2093 ἄλλοι
533 2043 730 2105 πάντες
753 2036 906 2106 ”ταῖς
966 2045 1277 2115 δεδομέναιι,
1338 2049 1523 2117 τιμαῖς
1560 2047 1852 2117 ἠρκοῦντο.

299 2127 549 2197 Ἀνδρέας
577 2130 633 2183 δὲ
663 2134 689 2183 ὁ
720 2124 1077 2201 Παλαιολόγος
1096 2135 1476 2207 ἐδυσχέραινεν
1516 2137 1693 2191 ἄλλων
1721 2157 1856 2208 προ-

285 2226 633 2291 τιμωμένων,
664 2218 737 2276 ὧν
770 2223 906 2294 ᾤετο
933 2226 1093 2288 αὐτὸς
1131 2228 1339 2291 δίκαιος
1374 2224 1513 2283 εἶναι
1548 2230 1855 2301 ὑπερέχειν,

295 2321 391 2368 καί
414 2318 634 2370 ἀντεῖπε
678 2320 927 2389 φανερῶς
981 2320 1201 2375 πάντων
1255 2323 1632 2393 ἡθροισμένων
1682 2327 1739 2379 ἒν
1792 2331 1857 2398 τῇ

290 2406 636 2478 Ἀποκαύχου
669 2410 836 2481 οἰκίᾳ·
867 2412 961 2464 καὶ
985 2412 1331 2481 διχοστασίας
1358 2417 1857 2485 γενομένης,ἁσυν-

284 2499 499 2561 τάκτως
537 2492 826 2570 ἀνεχώρει.
870 2501 1099 2556 Ἐκεῖνοι
1133 2505 1189 2557 δὲ
1236 2505 1682 2575 ὑπολειφθέντες,
1740 2510 1858 2562 ἐθο-

292 2590 491 2658 ρύϐουν
522 2591 681 2659 μόνον
712 2593 934 2647 καὶτῶν
962 2593 1189 2649 δεόντων
1221 2596 1377 2649 οὐδὲν
1410 2598 1653 2650 ἔποιουν·
1675 2599 1861 2663 δείσας

287 2682 344 2734 δὲ
398 2682 427 2733 ό
463 2683 834 2752 Παλαιολόγος
903 2686 976 2753 μὴ
1037 2687 1131 2739 ὑπ’
1163 2688 1389 2743 ἐκείνων
1447 2688 1861 2761 διαφερομένων

292 2775 701 2844 παραπόληται,
765 2777 964 2831 αὐτίκα
1017 2778 1115 2847 τὴν
1162 2780 1297 2849 πρὸς
1360 2781 1633 2836 θάλασσαν
1689 2783 1864 2854 πύλην

288 2866 480 2937 ὥσπερ
509 2869 633 2920 τινὰ
683 2868 1065 2938 κατελάμϐανε
1111 2870 1308 2941 φυλήν·
1362 2873 1491 2944 περὶ
1544 2873 1612 2944 ῆν
1656 2874 1864 2927 οἰκοῦσι

300 2960 410 3011 πᾶν
434 2959 493 3009 τὸ
525 2960 799 3025 ναυτικὸν,
825 2961 876 3012 οἱ
910 2960 1157 3014 πλεῖστοί
1185 2980 1244 3015 τε
1275 2963 1423 3026 ὄντες
1459 2963 1555 3017 καὶ
1606 2965 1740 3035 πρὸς
1770 2966 1863 3032 φόο

294 3068 419 3114 νους
460 3051 703 3121 εὐχερεῖς
741 3068 753 3081 ·
780 3052 956 3116 ἄλλως
1006 3070 1066 3105 τε
1127 3057 1221 3107 καὶ
1280 3053 1610 3126 ὡπλισμένοι
1666 3058 1865 3119 πάντες

1946 609 2064 663 qua:
2094 594 2317 662 egisset,
2356 593 2504 647 ﬁrma
2550 601 2603 658 et
2651 604 2763 645 rata
2806 593 2859 644 in
2914 603 3235 661 perpetuum
3282 595 3500 647 habitu-

1948 699 2087 736 rum.
2119 682 2273 748 Quod
2310 700 2431 737 cum
2476 682 2994 738 Thessalonicenscs
3025 683 3247 737 minime
3275 683 3502 752 lugeret,

1951 788 2048 841 per
2078 782 2325 827 oratores
2371 788 2478 827 non
2512 774 2682 825 solum
2711 773 3055 841 vectigalium
3106 773 3503 827 immunitatem

1952 863 2072 915 urbi
2105 864 2156 915 in
2191 878 2503 929 commune,
2534 879 2720 916 verum
2756 873 2812 916 et
2855 878 3054 932 magno
3086 863 3399 931 primicerio
3452 876 3498 915 rt

1947 952 2079 1028 aliis
2099 955 2499 1022 potentioribus
2556 954 2851 1023 separatim
2903 954 3141 1008 honores
3194 955 3507 1023 reditusque

1954 1046 2229 1108 honestos,
2260 1045 2614 1113 similiterque
2648 1045 2899 1113 praesidio
2945 1057 2996 1097 et
3045 1046 3181 1108 aliis,
3217 1048 3509 1115 uniCuiquc

1951 1149 2048 1203 pro
2086 1136 2358 1204 portione,
2391 1135 2673 1188 commoda
2720 1145 2935 1203 petunt.
2990 1138 3337 1205 Imperatoris
3373 1138 3511 1190 ﬁlius

1951 1238 2058 1277 non
2099 1225 2199 1278 sibi
2250 1225 2620 1291 scrupulosius
2662 1225 2995 1279 causandum
3045 1235 3257 1294 putans,
3292 1236 3351 1279 ut
3398 1243 3511 1278 am-

1952 1314 2253 1381 piissimam
2278 1315 2556 1370 civitatem
2588 1318 2731 1385 patri
2765 1317 2953 1369 liceret
2979 1319 3283 1385 acquirere,
3315 1334 3511 1371 conce-

1952 1406 2029 1458 dit
2078 1408 2283 1474 omnia,
2341 1421 2510 1476 seque
2560 1406 2665 1460 illis
2706 1406 3041 1476 gratiﬁcandi
3094 1408 3509 1477 cupidissimum

1954 1496 2213 1550 ostendit.
2250 1497 2467 1566 Legatis
2504 1497 2950 1552 Thessalonicam
2988 1501 3224 1552 reversis
3251 1516 3373 1553 cum
3416 1501 3512 1554 he-

1956 1586 2165 1641 neﬁciis
2222 1588 2552 1656 impetratis,
2609 1596 2718 1641 tota
2778 1590 2909 1642 urbs
2961 1590 3272 1657 imperatori
3331 1594 3513 1645 omnia

1956 1677 2128 1731 fausta
2197 1693 2259 1732 ac
2319 1677 2493 1733 felicia
2548 1680 2907 1748 comprecari,
2978 1696 3210 1750 cumque
3273 1683 3515 1735 omnium

1958 1768 2157 1839 linguis
2208 1770 2259 1821 in
2293 1773 2488 1824 malum
2535 1769 2700 1832 ferre,
2762 1770 3070 1839 militesque
3116 1782 3170 1825 et
3205 1772 3294 1824 alii
3328 1788 3519 1825 omnes

1957 1860 2231 1912 concessis
2268 1858 2568 1914 honoribus
2595 1861 2833 1914 contenti
2878 1875 3020 1916 esse.
3068 1858 3228 1915 Solus
3276 1863 3520 1916 Andreas

1960 1947 2289 2017 Palmologus
2320 1950 2454 2003 alios
2485 1951 2588 2004 sibi
2625 1951 2899 2019 praelatos,
2928 1952 3129 2020 quibus
3167 1954 3288 2020 jure
3325 1954 3521 2021 praefe-

1965 2040 2168 2091 rendus
2225 2039 2435 2103 luisset,
2488 2040 2713 2093 moleste
2750 2042 3077 2109 patiebatur,
3135 2045 3341 2111 totique
3387 2060 3522 2098 con-

1964 2128 2147 2180 ventui
2177 2128 2231 2181 in
2258 2128 2464 2184 aedibus
2493 2130 2804 2197 Apocauchi
2833 2145 2889 2183 se
2918 2132 3249 2199 opponebat,
3271 2135 3523 2201 natisque

1958 2219 2270 2285 discordiis,
2310 2220 2507 2273 indicta
2558 2220 2733 2274 salute
2766 2221 3112 2276 abscedebat.
3155 2222 3291 2276 Tum
3340 2226 3520 2279 caeteri

1961 2311 2195 2366 fremere
2242 2320 2476 2375 tantum,
2507 2321 2564 2366 et
2614 2313 2746 2366 nihil
2795 2313 2937 2381 quod
2972 2314 3203 2369 oﬁicium
3243 2317 3523 2385 poscebat,

1964 2402 2162 2457 facere.
2196 2400 2418 2457 Timens
2451 2413 2631 2456 autem
2662 2401 3019 2475 Palmologus,
3051 2420 3116 2459 ne
3151 2407 3365 2461 illorum
3398 2424 3426 2461 a
3467 2426 3525 2463 sc

1963 2493 2327 2563 discrepantia
2375 2495 2570 2547 malam
2627 2494 2726 2549 sibi
2772 2503 3003 2549 mortem
3049 2497 3291 2562 all'crt'ct,
3342 2503 3525 2555 statim

1964 2592 2174 2651 portam
2203 2570 2395 2637 versus
2430 2600 2602 2647 mare,
2645 2593 2703 2638 ut
2737 2586 2973 2653 aliquam
3025 2589 3326 2642 custodiam
3361 2605 3529 2645 occu-

1969 2675 2162 2742 pavit:
2199 2674 2405 2728 circum
2475 2691 2636 2744 quam
2696 2677 2942 2731 habitant
2998 2694 3190 2733 omnes
3240 2681 3528 2747 classiarii,

1967 2759 2199 2834 quoru'm
2238 2779 2431 2835 magna
2467 2776 2551 2819 est
2613 2775 2667 2819 et
2710 2766 2776 2821 ad
2810 2770 3199 2824 trucidationes
3250 2772 3533 2829 obeundas

1968 2855 2111 2910 haud
2152 2856 2378 2927 impigra
2421 2857 2733 2912 multitudo.
2768 2861 2967 2914 Adhaec
3010 2864 3193 2930 gravis
3238 2876 3531 2920 armatura:

1966 2962 2177 3011 omnes,
2228 2956 2483 3017 tanquam
2533 2951 2700 3004 robur
2751 2953 2984 3020 populi:
3019 2955 3182 3023 677
3219 2957 3306 3008 cui
3359 2956 3532 3013 ferme

1968 3035 2025 3089 in
2054 3037 2268 3091 cunctis
2288 3037 2652 3093 seditionibus
2679 3047 2945 3108 praeeunt,
2974 3040 3231 3095 alacriter
3254 3047 3531 3111 sequenti,

299 3143 490 3213 ὥσπερ
520 3143 580 3194 τὸ
604 3144 897 3212 κράτιστόν
926 3145 1034 3196 εἰσι
1063 3143 1156 3196 τοῦ
1196 3144 1393 3214 δήμουο
1440 3148 1534 3199 καὶ
1571 3147 1754 3217 σχεδὸν
1805 3136 1859 3202 ἐν

1971 3140 2081 3196 quo
2128 3126 2231 3196 ipsi
2286 3127 2564 3182 duxerint.
2617 3130 2830 3184 Habent
2882 3146 3011 3186 vero
3048 3147 3208 3186 suum
3250 3138 3529 3204 propriqu

294 3240 414 3298 ταῖς
448 3236 673 3289 στάσεσι
733 3236 934 3299 πάσαις
988 3235 1145 3287 αὐτοὶ
1210 3236 1303 3289 τοῦ
1366 3237 1563 3300 παντὸς
1622 3237 1861 3308 πλήθους

270 3309 618 3394 ’ἐξηγοῦνται
649 3327 946 3395 προθύμως
978 3318 1277 3395 ἑπομένου,
1372 3328 1436 3379 ἂν
1458 3329 1664 3395 ἄγωσιν
1686 3330 1858 3384 αὐτοί.

300 3423 524 3489 Ἔχουσι
572 3420 629 3472 δὲ
673 3420 767 3471 καὶ
800 3419 1114 3482 ἰδιάζουσαν
1140 3420 1317 3490 ἀρχὴν
1370 3420 1523 3472 αὐτοὶ¹
1578 3422 1730 3490 παρὰ
1766 3421 1863 3486 τὴν

293 3515 391 3583 τῆς
420 3513 585 3583 ἄλλης
614 3513 845 3580 πόλεως,
867 3506 939 3566 ὧν
973 3515 1179 3576 ἐκεῖνος
1213 3510 1330 3565 τότε
1358 3509 1514 3583 ἦρχε.
1543 3515 1643 3566 Διά
1694 3532 1750 3566 τε
1771 3511 1862 3567 οῦν

296 3607 355 3658 τὸ
379 3606 588 3675 ἄρχειν,
617 3605 712 3657 καὶ
741 3604 838 3671 τὴν
894 3603 1062 3673 ἀλλην
1120 3602 1354 3665 εὔνοιαν,
1417 3606 1485 3673 ἣν
1542 3600 1687 3674 εἶχον
1729 3607 1862 3675 πρὸς

296 3698 485 3760 αὐτὸν,
544 3696 843 3764 προθύμως
891 3696 1028 3765 ὑπὲρ
1096 3695 1306 3746 ἐκείνου
1378 3695 1747 3764 ἀνελάμϐανον
1795 3699 1863 3749 τά

294 3788 457 3850 ὅπλα,
508 3788 603 3838 καὶ
641 3782 1079 3856 ’ἁνύεσθαιῆσαν
1114 3786 1325 3854 ἕτοιμοι
1367 3786 1530 3840 παντί
1574 3805 1651 3854 τις)
1686 3789 1865 3841 ἐπιόν-

301 3899 377 3933 τι.
416 3879 687 3941 Κωκαλὰς
736 3880 791 3931 δὲ
830 3878 938 3931 οὐδ’
988 3878 1149 3941 αὐτὸς
1206 3878 1303 3948 μὲν
1353 3880 1646 3949 ἡσυχάζειν
1678 3882 1865 3948 ἐγίνω-

300 3989 427 4023 σιεν
458 3974 513 4022 ἐν
541 3973 652 4034 τοῖς
685 3970 971 4038 παροῦσιν,
995 3972 1131 4024 ἀλλὰ
1167 3973 1292 4041 περῖ
1318 3972 1414 4041 τῆς
1452 3973 1621 4043 ἀρχῆς
1640 3974 1865 4026 ἐπεϐού-

297 4062 448 4113 λευεν
476 4061 820 4130 Ἀποκαύχῳο
859 4062 1058 4130 μᾶλλον
1086 4063 1192 4131 γὰρ
1225 4064 1401 4133 ἑαυτῴ
1430 4065 1461 4134 ἢ
1486 4064 1680 4133 ἐκείνῳ
1726 4063 1863 4135 ᾤετο

298 4158 621 4224 προσήκειν.
672 4155 923 4221 Ἐλεγετο
955 4155 1011 4206 δὲ
1045 4155 1139 4208 καὶ
1191 4156 1619 4208 ὑπωπτευκέναι
1677 4158 1866 4228 ἠδικῆ-

299 4248 423 4300 σθαι
452 4249 581 4316 παρ’
618 4246 827 4298 ἐκείνου
872 4246 1005 4315 πρὲις
1061 4246 1152 4298 τὸν
1206 4249 1405 4315 γάμον,
1433 4249 1501 4298 δι’
1543 4250 1579 4300 ἃ
1616 4250 1865 4302 ἐϐούλετο

302 4342 351 4390 εἰ
382 4339 600 4391 δύναιτο
659 4340 1018 4409 διαφθεῐρειν.
1060 4339 1314 4408 Φανερῶς
1367 4341 1464 4408 μὲν
1514 4341 1605 4394 οῦν
1661 4345 1865 4405 ἐκεῖνος

298 4431 400 4481 οὐκ
434 4430 751 4481 ἀνθίστασοι
769 4449 784 4480 ι
804 4431 1000 4493 ἐδόκει,
1022 4430 1157 4481 ἀλλὰ
1186 4421 1503 4498 πρεσϐεύων
1530 4434 1662 4502 παρ’
1680 4434 1867 4485 ἑκατέ-

302 4540 409 4590 ροις
443 4524 532 4575 ἐπὶ
563 4522 638 4589 τῷ
661 4523 939 4580 διαλύειν,⁸
963 4525 1164 4591 μᾶλλ-ιν
1197 4528 1489 4596 συνέκρουε
1542 4530 1635 4578 καὶ
1676 4526 1863 4595 παρὼο

301 4616 422 4677 ξυνε
453 4615 544 4664 τὸν
606 4614 857 4681 πόλεμον.
908 4614 1266 4683 ιίαλαιολόγος
1322 4619 1376 4669 δὲ
1405 4622 1527 4680 τοὺς
1584 4620 1864 4684 Ζηλωτὰς,

297 4710 414 4758 ὅσοι
448 4712 571 4776 περὶ
602 4707 842 4759 θεσσαλο
880 4708 1001 4777 ἱκην
1052 4706 1192 4778 ἦσαν
1226 4712 1573 4779 μετεκαλείτο
1602 4729 1611 4740 ·
1655 4711 1785 4765 ἔνιοι
1810 4713 1868 4765 δὲ

308 4802 402 4851 καὶ
425 4803 943 4868 κατακρυπτόμενοι
970 4805 1026 4853 ἐν
1057 4802 1291 4867 ἀδύτοις,
1322 4805 1577 4871 ἐξαίφνης
1640 4805 1868 4872 ἀνεφαί-

303 4912 472 4955 νοντο,
518 4896 608 4944 καὶ
651 4893 871 4963 65mm,-
931 4894 1075 4955 ἄπας
1109 4894 1496 4964 ἐξεκυμαίνετο
1546 4896 1636 4948 ὑπ’
1668 4896 1867 4960 αὐτῶν,

303 4990 398 5038 καὶ
416 4988 563 5054 δῆλοι
593 4982 732 5055 ἦσαν
768 4986 923 5048 αὖθις
958 4989 1297 5055 χωρήσαντες
1320 4988 1411 5039 ἐπὶ
1438 4991 1561 5051 τοὺς
1591 4992 1864 5058 ἀρίστους.

312 5078 371 5131 Ὀ
416 5080 583 5148 μέγας
615 5078 670 5130 δὲ
724 5080 1125 5147 πριμμικήριος
1172 5080 1444 5147 μετὰτῶν
1485 5080 1661 5133 ἄλλων
1719 5081 1869 5133 πολιο

301 5169 409 5219 τῶν
440 5170 530 5218 καὶ
567 5168 664 5235 τῆς
705 5168 963 5235 στρατιᾶς
999 5168 1137 5238 ὑπὲρ
1192 5168 1546 5231 ὀκτακοσίους
1596 5171 1749 5233 ὄντες
1794 5172 1870 5233 ὡς

302 5260 541 5326 ἐλέγετο,
597 5258 744 5309 δεινά
814 5259 1118 5324 ἐποιοῦντο,
1176 5263 1225 5311 εἰ
1290 5262 1656 5327 Παλαιολόγου
1703 5262 1865 5330 μόνου

302 5354 443 5421 μετὰ
476 5353 582 5403 τῶν
600 5351 1070 5419 παραθαλασσίων
1105 5351 1153 5421 (ό
1181 5352 1288 5422 γὰρ
1316 5354 1473 5415 ἄλλος
1515 5353 1684 5422 δῆμος
1723 5355 1869 5407 οὐδέ-

303 5462 392 5495 τ.ω
417 5443 718 5512 οὐδετέροις
752 5441 1007 5510 καθαρῶς
1034 5444 1407 5514 προσέκειτο),
1444 5446 1688 5498 τοσοῦτοι
1715 5447 1867 5509 ὄντες

301 5533 611 5602 ἠττι,θεῖεν·
647 5535 796 5603 ὅμως
821 5534 1160 5602 Ἀπόκαυχος
1184 5536 1284 5587 ούκ
1312 5535 1500 5606 ἠμέλει
1529 5536 1619 5588 τοῦ
1657 5537 1731 5606 μὴ
1764 5556 1871 5606 χω-

300 5632 418 5699 ρεῖν
446 5630 582 5697 πρὸς
621 5629 721 5689 τὰς
762 5628 1088 5697 συμϐάσεις,
1136 5629 1273 5681 ἀλλὰ
1315 5629 1451 5698 πρὸς
1491 5630 1581 5682 τὸν
1633 5631 1871 5684 Παλαιο-

299 5719 459 5785 λόγον
529 5719 744 5787 ἔπεμπε
798 5719 890 5769 τὸν
945 5719 1312 5789 Κοτεανίτζην
1370 5719 1712 5789 πρεσϐευτὴν
1770 5723 1871 5790 τῆς

300 5805 563 5882 στρατιᾶς
598 5810 726 5863 ὄντα
752 5812 1013 5881 ἡγεμόνα,
1054 5811 1428 5881 διαλεξόμενον
1464 5814 1593 5883 περὶ
1618 5814 1864 5883 εἰρήνης.

1964 3219 2361 3290 magistratum,
2388 3220 2475 3274 cui
2523 3231 2655 3276 tunc
2698 3223 3027 3294 Palazologus
3076 3237 3328 3296 praeerat.
3362 3229 3530 3295 Quam

1967 3310 2037 3363 ob
2084 3310 2333 3373 "causam,
2386 3319 2441 3364 ct
2488 3312 2613 3380 quia
2664 3316 2955 3383 caeteroqui
3010 3316 3157 3370 illum
3214 3319 3529 3391 diligebant,

1968 3400 2206 3470 prompti
2242 3416 2339 3470 pro
2371 3416 2436 3456 eo
2468 3418 2615 3456 arma
2653 3406 3031 3473 capessebant,
3064 3417 3118 3462 et
3143 3411 3369 3464 cuilibet
3399 3427 3535 3466 con-

1970 3502 2049 3544 tra
2101 3506 2160 3546 se
2209 3489 2409 3545 ferenti
2466 3495 2717 3547 resistere
2762 3496 2935 3565 parati
2985 3508 3161 3553 erant.
3206 3502 3431 3557 Cocalas
3479 3504 3531 3557 in

1967 3583 2219 3652 praesenti
2254 3597 2358 3636 nec
2405 3583 2508 3638 sibi
2546 3586 2716 3639 otium
2752 3588 3039 3656 agendum,
3082 3592 3177 3645 sed
3235 3593 3303 3647 de
3347 3597 3536 3663 pracfe-

1968 3682 2119 3726 ctura
2168 3674 2514 3739 Apocaucho,
2562 3676 2732 3743 quam‘
2781 3663 2906 3743 sibi,
2954 3694 3058 3733 non
3105 3682 3181 3736 illi
3238 3687 3535 3741 convenire

1968 3766 2314 3834 opinabatur,
2375 3768 2741 3823 insidiandum
2798 3771 2969 3826 duxit.
3019 3774 3308 3832 Dicebatur
3369 3782 3532 3835 etiam

1971 3858 2306 3927 suspicatum
2339 3874 2483 3923 esse,
2516 3859 2621 3913 sibi
2668 3863 2735 3914 ah
2775 3878 2841 3917 co
2872 3863 3067 3919 iactam
3118 3867 3372 3937 iniuriam
3407 3889 3534 3942 pro-

1892 3958 1899 3965 '
1970 3957 2091 4016 pter
2122 3952 2360 4019 nuptias.
2413 3952 2776 4016 Quamobrem
2811 3956 3065 4011 occidere
3119 3959 3395 4015 hominem
3447 3981 3536 4018 cu-

1970 4039 2172 4109 piebat,
2203 4041 2245 4094 si
2290 4052 2492 4111 posset.
2530 4043 2888 4112 Apocauchus
2938 4048 3103 4118 igitur
3145 4064 3334 4120 aperto
3370 4056 3535 4108 Marti-

1972 4130 2332 4185 resistendum
2391 4147 2497 4186 non
2553 4119 2916 4202 existimans,
2987 4141 3052 4193 ad
3119 4151 3412 4212 utrumque
3471 4147 3538 4200 de

1971 4222 2368 4291 compositione
2418 4224 2705 4287 mittendo.
2745 4228 2951 4282 bellum
3009 4234 3178 4304 magis
3223 4236 3457 4292 irritavit
3488 4253 3541 4293 et

1973 4313 2237 4370 incendit.
2288 4313 2617 4388 Palmologus
2666 4320 2897 4389 Zelotas,
2944 4334 3208 4393 quotquot
3244 4328 3530 4383 Thcssalo-

1974 4404 2111 4458 nicaa
2159 4416 2333 4469 erant,
2368 4409 2543 4478 coegit
2571 4426 2585 4461 :
2612 4412 2855 4464 nonnulli
2900 4410 3063 4468 etiam
3105 4415 3159 4470 in
3204 4419 3381 4487 adytis
3411 4426 3537 4472 alm-

1896 4484 2199 4557 Dconditi,
2273 4508 2493 4563 repente
2553 4502 2912 4569 prodierunt,
2972 4520 3000 4557 a
3054 4484 3541 4580 quibuspnpnlns

1970 4584 2153 4637 omnis
2187 4583 2361 4638 instar
2390 4585 2653 4643 ﬂuctuum
2702 4601 2786 4644 est
2833 4599 3174 4663 concitatus;
3213 4610 3267 4651 et
3303 4618 3538 4670 appar-r-

1973 4677 2063 4730 hat
2092 4692 2188 4731 eos
2232 4694 2447 4733 rursum
2480 4682 2534 4734 in
2563 4684 2857 4751 optimates
2887 4688 3081 4742 ituros.
3128 4692 3348 4762 Magnus
3378 4715 3541 4763 porro

1974 4785 2319 4854 primicerius
2367 4796 2420 4842 et
2466 4790 2556 4842 alii
2610 4790 2777 4881 cives,
2818 4803 2869 4847 et
2919 4799 3231 4864 praesidium
3287 4806 3538 4871 (qurum

1973 4879 2215 4931 omnium
2265 4895 2527 4935 numerus
2573 4883 2637 4936 ad
2692 4879 3204 4953 Octingentesitmtm
3253 4901 3541 4962 pttlulrutttt'

1973 4971 2297 5039 ascendere)
2344 4987 2444 5041 pro
2499 4974 2721 5045 indigno
2770 4979 3061 5045 habebant,
3092 4985 3190 5037 sia
3242 4985 3541 5062 Ρηιιυοιωευ

1974 5059 2088 5113 solo
2118 5075 2242 5113 cum
2284 5062 2571 5118 maritimis
2618 5080 2716 5119 seu
2765 5068 3061 5125 classiariis
3099 5076 3353 5145 (populus
3394 5059 3537 5136 enim

1972 5146 2209 5201 nondum
2243 5149 2485 5205 alterutri
2519 5155 2659 5221 parti
2690 5156 2893 5226 liquido
2924 5162 3257 5234 adﬁciebat)
3292 5168 3387 5237 ipsi
3430 5180 3537 5225 tam

1973 5238 2127 5293 multi
2173 5240 2543 5298 vincerentur.
2599 5246 2802 5302 Tamen
2856 5254 3219 5320 Apocaurhus
3262 5272 3538 5326 pactorum

1973 5335 2114 5391 haud
2157 5336 2458 5407 negligens,
2511 5338 2847 5395 Theanitzen
2884 5346 3122 5411 praesidii
3166 5348 3356 5403 ducem
3393 5356 3563 5424 pacis

1971 5432 2326 5487 conﬁciendae
2366 5433 2633 5487 mittebat.
2668 5436 2839 5499 Quem
2881 5439 3193 5509 priusquam
3230 5446 3538 5503 orationem

1936 5516 2271 5608 ‘inciperet,
2314 5538 2539 5605 Zelotze,
2595 5540 2815 5609 quibus.
2856 5559 2956 5612 pax
3009 5562 3195 5616 parum
3255 5552 3542 5607 videbatur

1973 5630 2300 5693 conducere,
2354 5629 2646 5694 irruentes,
2699 5633 2893 5702 gladiis
2948 5648 3003 5691 et
3050 5640 3221 5695 hastis
3259 5646 3541 5713 appetiie-
3614 5675 3617 5678 ν

1975 5734 2103 5778 runt
2131 5764 2144 5787 ,
2204 5723 2511 5793 multosque
2560 5725 2702 5780 ictus
2758 5727 3109 5785 incusserunt
3148 5750 3160 5786 :
3196 5746 3543 5803 prosternere

1976 5825 2176 5881 tamen,
2222 5816 2366 5869 intus
2399 5814 2619 5871 thorace
2652 5817 2829 5874 ferreo
2862 5824 3155 5892 munitum,
3209 5843 3312 5880 non
3349 5842 3542 5899 potue-
